4092 6142
351 374 471 455 899

1076 372 1182 447 AD
1226 376 1655 449 EPIASTULAS
1697 392 1761 449 s.
1812 366 2113 451 IGNATll
2159 382 2586 453 GENUINAS'
2616 366 3049 453 APP’ENDIX.

3654 392 3771 456 900

348 522 609 582 tendatis
641 537 774 576 vero
806 519 1150 593 apostolicae
1182 518 1494 587 doctrinm,
1529 524 1588 575 et
1615 520 1730 593 legi
1752 536 1821 575 ac
1868 537 1989 592 pro-

2117 523 2196 591 τῷ
2218 521 2352 595 (49)·
2383 519 2675 596 προσέχειν
2710 518 2768 576 δὲ
2796 524 2866 594 τῇ
2918 526 3026 576 τῶν
3059 519 3388 578 ἀποστόλων
3422 520 3655 600 διδαχῇ,
3683 526 3773 582 καὶ

352 615 547 688 phetis
577 611 870 667 credatis:
916 609 1214 681 abjiciatis
1247 610 1803 685 omnem‘gentilem
1837 615 1896 664 et
1914 610 2010 664 Ju-

2115 610 2274 683 νόμῳ
2330 610 2424 664 καὶ
2479 613 2790 687 προφήταις
2877 602 3170 667 πιστεύειν·
3240 617 3411 668 πᾶσαν
3470 611 3777 686 Ἰουδαῖκὴν

352 704 587 759 daicum
618 718 883 756 errorem
920 717 932 754 :
969 706 1027 755 et
1056 717 1165 756 nec
1201 700 1646 755 multitudinem
1670 699 1989 755 introduca

2117 700 2206 754 καὶ
2239 697 2576 771 Ἑλληνικήν
2610 701 2908 777 ἀπορῥῖᾠαι
2945 699 3179 773 πλάνην⁶
3211 703 3303 758 καὶ
3362 706 3503 777 μήτε
3558 703 3773 774 πλῆθος

352 793 427 847 tis
458 792 705 846 deorum
741 809 755 856 ;
784 806 895 845 nec
922 794 1212 862 praetextu
1232 790 1414 845 unius
1432 791 1558 856 Dei,
1591 790 1819 863 negetis
1840 790 2005 844 Chri.

352 886 532 937 stum.
638 946 654 961 ,

424 971 492 1027 II.
526 971 754 1040 Moyses
784 969 946 1025 enim
1005 969 1107 1024 Dei
1164 968 1425 1024 famulus
1484 968 1698 1037 ﬁdelis,
1757 968 2009 1027 dicens:

350 1059 673 1115 «Dominus
697 1060 848 1114 Deus
869 1058 1321 1117 tuus.Dominus
1339 1073 1492 1112 unus
1507 1062 1596 1112 est
1615 1056 1664 1090 ’9
1688 1062 1803 1124 ;»et
1822 1074 2010 1112 unum

348 1151 663 1220 solumque
718 1148 1052 1221 przedicans
1110 1149 1296 1203 Deum
1330 1163 1343 1214 ;
1379 1147 1666 1202 continuo
1699 1148 2008 1202 confessus

348 1245 438 1294 est
467 1240 641 1293 etiam
681 1239 995 1293 Dominum
1048 1242 1346 1302 nostrum,
1379 1237 1583 1291 dicens
1612 1254 1624 1290 ε
1658 1259 1686 1286 ‹‹
1722 1237 2008 1291 Dominus

347 1329 501 1401 pluit
533 1344 713 1399 super
770 1328 1087 1383 Sodomam
1141 1332 1199 1381 et
1230 1327 1617 1381 Gomorrham
1666 1343 1701 1381 a
1758 1326 2007 1381 Domino

346 1415 543 1488 ignem
574 1423 633 1473 et
654 1417 906 1488 sulphur
932 1415 1000 1471 3°.
1038 1437 1065 1465 »
1094 1418 1173 1470 Ac
1197 1432 1404 1471 rursus
1430 1432 1442 1469 :
1470 1437 1498 1465 «
1526 1417 1596 1469 Et
1634 1414 1783 1469 dixit
1812 1416 2005 1470 Deus:

346 1508 654 1564 Faciamus
676 1507 982 1561 hominem
1006 1505 1078 1560 ad
1100 1504 1422 1576 imaginem
1449 1509 1725 1572 nostram,
1746 1508 1805 1558 et
1829 1504 1904 1558 ad
1926 1504 2002 1557 si-

344 1598 747 1653 militudinem
776 1612 787 1650 :
809 1601 869 1650 et
885 1594 1025 1650 fecit
1043 1596 1197 1649 Deus
1221 1595 1526 1649 hominem
1551 1611 1565 1660 ;
1592 1592 1666 1648 ad
1685 1593 2006 1666 imaginem

345 1688 448 1742 Dei
476 1686 616 1741 fecit
647 1684 813 1739 illum
844 1682 911 1738 ³⁸.
973 1705 1001 1733 ››
1061 1670 1284 1739 Deinde
1318 1688 1520 1738 autem
1546 1700 1560 1737 :
1587 1704 1614 1733 «
1648 1681 1712 1737 In
1745 1683 2004 1754 imagine

347 1776 450 1830 Dei
485 1774 624 1830 fecit
643 1774 970 1830 hominem.
1005 1793 1034 1823 n
1061 1776 1126 1827 Et
1158 1772 1317 1843 quod
1347 1773 1582 1826 futurus
1614 1777 1773 1826 esset
1802 1773 2000 1839 homo,

342 1864 578 1934 inquit:
614 1887 640 1912 «ι
678 1863 1035 1933 Prophetam
1080 1861 1248 1915 vobis
1278 1860 1590 1916 suscitabit
1613 1860 1897 1916 Dominus
1928 1860 2000 1916 de
2029 1901 2076 1966 Β

340 1952 625 2008 fratribus
650 1951 881 2019 vestris,
916 1955 1197 2021 tanquam
1231 1966 1325 2005 me
1350 1949 1418 2005 ³⁵.
1452 1971 1479 1999 »

411 2041 509 2096 ΙΙΙ.
543 2039 855 2111 Prophetas
874 2043 1097 2107 autem,
1129 2036 1396 2094 dicentes
1427 2054 1498 2093 ex
1536 2053 1793 2110 persona
1832 2040 1937 2094 Dei
1978 2055 1993 2095 :

348 2152 376 2184 ι
407 2132 523 2204 Ego
553 2132 705 2186 Deus
735 2129 983 2201 primus,
1018 2135 1077 2183 et
1108 2146 1212 2201 ego
1244 2134 1378 2201 post
1406 2129 1554 2197 haac,
1586 2134 1646 2184 et
1666 2134 1880 2201 praeter
1902 2146 1995 2185 me

345 2212 467 2278 non
502 2228 591 2276 est
619 2221 773 2275 Deus
831 2219 932 2287 3‘,»
960 2219 1033 2274 de
1091 2221 1263 2275 Patre
1312 2219 1758 2287 aniversorum;
1792 2220 1999 2276 dicunt

341 2328 577 2385 quoque
618 2311 689 2365 de
724 2309 974 2365 Domino
1020 2315 1223 2365 nostro
1276 2309 1414 2364 Jesu
1471 2306 1736 2366 Christo:
1797 2310 1994 2378 Filius,

340 2402 640 2473 inquiunt,
663 2421 693 2450 α
720 2400 892 2456 datus
925 2404 1014 2455 est
1044 2399 1238 2467 nobis,
1272 2398 1443 2472 cujus
1474 2399 1792 2472 imperium
1819 2417 1998 2472 super

335 2492 653 2546 humerum
682 2490 809 2561 ejus
841 2489 1131 2561 desuper;
1169 2494 1227 2545 et
1279 2489 1587 2545 vocabitur
1614 2506 1835 2545 nomen
1866 2491 1997 2561 ejus

339 2581 536 2653 magni
569 2579 805 2634 consilii
834 2579 1105 2650 Angelus,
1141 2578 1531 2646 admirabilis,
1597 2579 1995 2649 consiliarius,

336 2666 990 2740 Deus,t‘ortis,potens39
1023 2684 1036 2735 ;
1066 2690 1090 2716 ιι
1117 2668 1189 2723 de
1216 2667 1376 2723 illius
1398 2685 1536 2723 vero
1559 2668 1994 2726 incarnatione:

334 2782 362 2811 «
400 2761 546 2813 Ecce
580 2759 751 2832 Virgo
786 2759 846 2813 in
877 2764 1047 2814 utero
1079 2757 1395 2829 concipiet,
1427 2763 1486 2813 et
1532 2756 1725 2831 pariet
1754 2759 1945 2815 filium
1982 2776 1995 2826 ;

337 2854 396 2905 et
424 2849 716 2904 vocabunt
747 2864 968 2904 nomen
1020 2848 1148 2919 ejus
1180 2840 1530 2903 Emmanuel
1556 2846 1606 2882 '9
1640 2866 1654 2915 ;
1689 2868 1715 2900 υ
1750 2849 1893 2905 item
1925 2850 1996 2906 de

335 2937 609 3008 passione
645 2955 657 2992 :
693 2963 721 2986 ι(
756 2939 1058 3009 Tanquam
1081 2936 1203 2992 ovis
1254 2937 1326 2992 ad
1380 2936 1742 2992 occisionem
1788 2938 1998 2994 ductus

334 3033 443 3091 est,
478 3033 536 3082 et
569 3028 722 3082 sicut
749 3043 935 3099 agnus
961 3043 1162 3082 coram
1216 3026 1503 3082 tondente
1563 3044 1626 3083 se
1674 3033 1874 3083 mutus
1903 3028 1949 3064 ⁴⁰
1981 3046 1995 3084 :

335 3122 395 3171 et
425 3132 531 3189 ego
563 3118 732 3187 quasi
763 3133 949 3187 agnus
979 3116 1271 3171 innocens
1304 3115 1517 3172 ductus
1549 3115 1624 3171 ad
1684 3116 1996 3172 immolan-

331 3205 474 3263 dum
506 3207 573 3260 ".
603 3228 630 3255 ››

393 3386 637 3441 IV.Tum
662 3382 1543 3455 evangelista:.dicentes.unum
1563 3385 1798 3439 Patrem
1811 3384 1987 3440 solum

319 3491 509 3531 verum
528 3476 697 3528 Deum
722 3473 766 3507 ⁶²
792 3490 807 3538 ;
833 3473 1012 3528 etiam
1038 3490 1169 3543 qum
1222 3472 1453 3527 Domini
1483 3472 1669 3527 nostri
1695 3478 1834 3528 sunt
1864 3490 1984 3528 non

321 3562 971 3637 praatermiserunt,sed
993 3562 1364 3632 scripserunt
1390 3578 1403 3615 :
1429 3562 1522 3615 «In
1546 3562 1840 3633 principio
1861 3568 1987 3617 erat

322 3654 606 3721 Verbum,
641 3658 698 3708 et
727 3652 978 3707 Verbum
1028 3657 1156 3706 erat
1180 3650 1338 3721 apud
1360 3651 1568 3720 Deum,
1602 3655 1660 3705 et
1683 3652 1836 3706 Deus
1859 3657 1987 3707 erat

318 3744 595 3800 Verbum.
627 3742 747 3799 Hoc
769 3746 896 3797 erat
945 3741 1007 3795 in
1031 3739 1330 3812 principio
1354 3737 1509 3810 apud
1538 3744 1740 3795 Deum.
1774 3740 1987 3796 Omnia

319 3834 642 3905 peripsum
670 3833 823 3887 facta
844 3837 1001 3894 sunt,
1037 3834 1095 3884 et
1115 3830 1243 3884 sine
1266 3829 1394 3900 ipso
1423 3828 1652 3884 factum
1699 3834 1790 3884 est
1834 3828 1985 3883 nihil

322 3922 477 3992 quod
502 3922 723 3977 factum
758 3926 848 3974 est
869 3919 932 3972 ⁸³.
970 3940 999 3968 ››
1030 3920 1099 3973 Et
1129 3919 1202 3973 de
1233 3918 1642 3974 incarnatione
1680 3934 1693 3972 :
1726 3919 1982 3989 Verbum,

317 4009 533 4081 inquit,
564 4026 694 4066 caro
761 4013 972 4078 factum
1010 4013 1107 4075 est,
1167 4014 1216 4063 et
1273 4007 1544 4062 habitavit
1594 4007 1655 4062 in
1713 4006 1981 4075 nobis“;

2117 791 2251 844 θεῶν
2278 787 2602 865 ἐπεισάγειν,
2638 792 2777 864 μήτε
2804 792 2896 845 τὸν
2958 792 3191 866 Χριστὸν
3251 792 3526 867 ἀρνεῖσθαι
3559 794 3771 875 προφά-

2119 897 2198 933 σει
2223 882 2319 933 τοῦ
2350 880 2469 944 ἑνὸς
2506 885 2661 937 Θεοῦ.

2189 970 2263 1025 ΙΙ.
2298 969 2540 1038 Μωϋσῆς
2569 990 2629 1025 τε
2654 971 2758 1046 γὰρ
2789 972 2816 1026 ὁ
2848 971 3038 1033 πιστὸς
3071 971 3319 1046 θεράπων
3373 976 3475 1026 τοῦ
3507 976 3664 1046 Θεοῦ,
3699 972 3780 1029 εἱ·-

2114 1059 2255 1112 πών·
2291 1060 2489 1133 Κύριος
2520 1060 2546 1114 ὁ
2581 1058 2711 1121 Θεός
2741 1081 2859 1125 σου,
2921 1059 3121 1134 Κύριος
3182 1063 3262 1123 εἷς
3323 1060 3433 1118 ἐστι
3495 1065 3633 1139 (50),
3685 1064 3779 1119 καὶ

2112 1147 2203 1203 τὸν
2231 1144 2323 1203 ἕνα
2351 1147 2441 1203 καὶ
2476 1150 2639 1222 μόνον
2673 1149 2909 1223 imp-3E1;
2965 1151 3116 1222 Θεὸν,
3159 1140 3525 1228 ὡμολόγησεν
3575 1152 3778 1216 εὐθέως

2112 1235 2201 1289 καὶ
2252 1235 2343 1290 τὸν
2405 1236 2605 1311 Κύριον
2665 1239 2848 1307 ἡμῶν,
2906 1235 3100 1313 λέγων’
3160 1239 3357 1316 Κύριος
3415 1235 3623 1315 ἔϐρεξεν
3682 1239 3777 1296 ἐπὶ

2112 1321 2338 1397 Σόδομα
2366 1323 2455 1378 καὶ
2515 1325 2772 1400 Γόμορρκ
2829 1327 2976 1401 παρὰ
3034 1327 3232 1401 Κυρίου
3291 1332 3399 1403 πῦρ
3458 1329 3547 1384 καὶ
3602 1330 3774 1384 θεῖονο

2112 1412 2214 1469 Καὶ
2262 1412 2447 1468 πάλιν·
2508 1415 2661 1488 [Καὶ]
2693 1414 2836 1471 εἶπεν
2896 1415 2923 1470 ὁ
2963 1416 3093 1477 Θεὸς
3150 1419 3219 1484 ³³,
3283 1420 3614 1491 Ποιήσωμεν
3672 1416 3777 1473 ἅν-

2114 1513 2331 1577 θρωπον
2358 1506 2471 1557 κατ’
2507 1502 2689 1558 εἰκόνα
2736 1506 3004 1580 ἡμετέραν
3063 1507 3129 1542 ⁸³⁷
3176 1508 3309 1582 (51),
3368 1507 3458 1562 καὶ
3515 1508 3777 1580 ἒποίησεν

2114 1593 2141 1646 ὁ
2200 1591 2330 1655 Θεὸς
2387 1592 2479 1648 τὸν
2534 1591 2839 1668 ἄνθρωπον
2900 1595 3020 1650 κατ’
3072 1594 3255 1651 εἰκόνα
3312 1601 3446 1652 Θεοῦ
3514 1597 3783 1669 ἐποίησεν

2112 1682 2296 1738 αὐτόν.
2366 1683 2468 1740 Καὶ
2541 1684 2686 1753 ἑξῆςο
2745 1687 2831 1740 Ἐν
2928 1684 3095 1740 εἰκόνι
3155 1690 3290 1742 Θεοῦ
3379 1686 3603 1759 ἐποίησε
3673 1689 3775 1745 τὸν

2110 1772 2412 1846 ἄνθρωπον.
2494 1772 2599 1829 Καὶ
2684 1774 2769 1830 ὅτι
2853 1776 3135 1850 γενήσεται
3220 1774 3531 1851 ἄνθρωπος,
3610 1779 3776 1855 φησί’

2110 1862 2405 1934 Προφήτην
2454 1861 2579 1934 ὑμῖν
2639 1861 2928 1934 ἀναστήσει
2988 1864 3189 1939 Κύριος
3241 1865 3289 1902 ³⁴
3374 1869 3484 1939 (52)
3541 1863 3603 1922 ἐκ
3658 1871 3780 1922 τῶν

2107 1947 2355 2029 ἀδελφῶν
2389 1950 2566 2023 ὑμῶν,
2607 1951 2682 2015 ὡς
2698 1948 2836 2027 ἐμέ.

2180 2042 2276 2097 IIl.
2310 2042 2373 2094 Οἱ
2404 2037 2462 2096 δὶ
2483 2048 2790 2121 προφῆται,
2822 2042 3069 2106 εἰπόντες
3102 2043 3181 2108 ὡς
3229 2044 3289 2100 ἐκ
3315 2045 3613 2119 προσώπου
3668 2049 3774 2101 τοῦ

2108 2133 2262 2188 Θεοῦ.
2296 2129 2438 2204 Ἐγὼ
2469 2131 2598 2193 Θεὸς
2630 2136 2870 2206 πρῶτος,
2930 2134 3021 2188 καὶ
3076 2131 3187 2211 ἐγὼ
3246 2135 3395 2207 μετὰ,
3441 2138 3630 2204 ταῦτα,
3676 2134 3773 2192 καὶ

2107 2218 2255 2290 πλὴν
2283 2218 2420 2293 ἐμοῦ
2451 2219 2554 2274 οὐκ
2592 2215 2702 2275 ἔστι
2735 2222 2865 2284 Θεὸς
2914 2224 3048 2297 (53),
3105 2223 3229 2297 περὶ
3287 2220 3383 2278 τοῦ
3416 2225 3623 2299 Πατρὸς
3656 2228 3772 2280 τῶν

2109 2306 2273 2363 ὅλων·
2336 2307 2557 2384 λέγουσι
2613 2310 2703 2364 καὶ
2760 2310 2884 2386 περί
2932 2315 3030 2366 τοῦ
3082 2312 3281 2387 Κυρίου
3357 2315 3521 2387 ἡμῶν
3581 2315 3765 2385 Ἰησοῦ

2109 2403 2368 2475 Χριστοῦ·
2401 2399 2550 2472 Υἱὸς,
2578 2400 2733 2476 φασὶν
2768 2400 2815 2437 ⁸⁷
2848 2404 2980 2474 (54),
3011 2398 3171 2474 ἐδόοη
3206 2404 3368 2475 ἡμῖν,
3397 2402 3459 2457 οὗ
3515 2404 3550 2473 ἡ
3609 2403 3758 2482 ἀρχή

2111 2488 2198 2543 ἐπὶ
2228 2493 2326 2544 τοῦ
2356 2487 2514 2562 ὤμου
2553 2489 2721 2545 αὐτοῦ
2774 2491 2884 2565 (55)
2953 2489 3094 2547 ἐστιν
3163 2489 3383 2550 ἄνωθενο
3443 2499 3535 2550 καί
3577 2494 3766 2551 καλεῖ-

2109 2599 2198 2634 ται
2262 2580 2325 2634 τὸ
2383 2573 2559 2653 ὄνομα
2614 2580 2781 2635 αὐτοῦ
2858 2579 3107 2658 μεγάλης
3194 2581 3405 2659 βουλῆς
3471 2585 3765 2661 Ἄγγελος,

2110 2670 2443 2742 θαυμαστὸς,
2519 2664 2854 2744 σύμϐουλος,
2950 2671 3103 2741 Θεὸς,
3190 2671 3442 2749 ἰσχυρὸς,
3519 2673 3761 2746 ἐξουσια-

2113 2761 2261 2830 στής’
2295 2759 2387 2814 καὶ
2439 2756 2562 2835 περὶ
2618 2766 2719 2828 τῆς
2777 2758 3239 2835 ἐνανθρωπήσεως
3300 2763 3488 2820 αὐτοῦ.
3524 2761 3665 2823 Ἰδοὺ
3726 2767 3760 2836 ἡ

2113 2846 2381 2918 Παρθένος
2460 2845 2511 2900 ἐν
2590 2847 2784 2921 γαστρὶ
2878 2845 3138 2921 λήψεται,
3194 2849 3283 2903 καὶ
3343 2847 3544 2919 τέξεται
3619 2852 3758 2922 υἱὸν,

2112 2936 2199 2990 καὶ
2276 2930 2590 3003 καλέσουσι,
2691 2936 2754 2988 τὸ
2855 2934 3031 3007 ὄνομα
3134 2934 3320 3005 αὐτοῦ,
3393 2930 3754 3011 Ἐμμανουήλ

2112 3027 2200 3081 καὶ
2261 3025 2385 3096 περὶ
2463 3029 2560 3079 τοῦ
2615 3025 2838 3085 πάθους·
2894 3024 2982 3084 Ὠς
3036 3020 3311 3097 πρόϐατον
3369 3023 3456 3080 ὲπί
3542 3029 3753 3102 σφαγὴν

2111 3112 2287 3188 ἤχθη,
2345 3110 2435 3166 καὶ
2485 3111 2561 3172 ὡς
2618 3110 2786 3183 ἀμνὸς
2842 3108 3078 3164 ἐναντίον
3130 3113 3228 3164 τοῦ
3257 3110 3536 3185 κείραντος
3596 3112 3753 3167 αὐτὸν

2113 3198 2344 3274 ἄφωνος·
2415 3198 2569 3271 κάγὼ
2645 3199 2718 3259 ὡς
2800 3197 2982 3271 ἀρνίον
3069 3199 3265 3252 ἄκακον
3341 3198 3602 3273 ἀγόμενον
3660 3204 3757 3256 τοῦ

2019 3278 2060 3343 C
2101 3290 2341 3352 θύεσθαι.

2175 3381 2259 3434 lV.
2295 3373 2363 3433 Οἳ
2393 3396 2451 3430 τε
2482 3373 3261 3453 εὐαγγελισταῖ.εἰπάντες,τὸν
3290 3375 3386 3434 ἕνα
3415 3378 3626 3453 Πατέρα
3658 3379 3760 3452 μό.

2093 3487 2180 3522 νον
2212 3465 2472 3535 ἀληθινὸν
2502 3465 2654 3521 Θεόν·
2706 3464 2796 3519 καὶ
2854 3467 2921 3518 τὰ
2990 3466 3128 3537 μετὰ
3182 3466 3277 3521 τὸν
3334 3466 3539 3540 Κύριον
3595 3469 3755 3540 ἡμῶν

2094 3557 2155 3611 οὗ
2186 3554 2516 3631 παρέλιπον,
2566 3552 2693 3609 ἀλλ’
2752 3548 2988 3629 ἔγραψαν
3050 3558 3185 3625 (56)’
3247 3556 3334 3611 Ἐν
3395 3555 3548 3632 ἀρχῇ
3605 3556 3674 3624 ἧν
3729 3558 3759 3612 ὁ

2094 3642 2416 3720 Λόγος,καῖ
2471 3643 2499 3698 ὁ
2559 3641 2731 3717 Λόγος
2789 3645 2854 3712 ἦν
2915 3645 3052 3718 πρὸς
3109 3644 3198 3698 τὸν
3254 3645 3408 3715 Θεὸν,
3470 3646 3557 3699 καὶ
3628 3646 3758 3709 Θεὸς

2092 3735 2159 3804 ἦν
2214 3734 2242 3788 ὁ
2302 3731 2497 3806 Λόγος.
2553 3731 2727 3793 Οὗτος
2784 3731 2850 3801 ἧν
2931 3731 2983 3787 ἐν
3047 3731 3196 3808 ἀρχῇ
3255 3733 3393 3807 πρὸς
3457 3734 3546 3788 τὸν
3605 3734 3756 3792 Θεόν.

2094 3822 2277 3880 Πάντα
2307 3818 2375 3877 δι’
2426 3822 2594 3876 αὐτοῦ
2656 3819 2886 3896 ἐγένετο,
2935 3822 3025 3876 καὶ
3085 3821 3265 3897 χωρὶς
3321 3821 3490 3877 αὐτοῦ
3546 3820 3754 3898 ἐγένετο

2094 3910 2218 3969 οὗδέ
2249 3910 2302 3966 ἔν
2334 3911 2365 3967 ’ὁ
2391 3911 2581 3986 γὲγονε
2609 3912 2747 3984 (57).
2782 3909 2880 3964 Καὶ
2919 3912 3040 3985 περὶ
3099 3917 3199 3979 τῆς
3253 3908 3741 3986 ἐνανορωπήσεωςσ

2091 4004 2154 4060 Ὀ
2211 4000 2412 4077 Λόγος,
2473 3998 2631 4077 φησὶ,
2690 4000 2815 4073 σὰρξ
2872 3999 3105 4075 ἐγένετο,
3189 3992 3280 4055 καὶ
3338 3997 3641 4070 ἐσκήνωσεν
3694 4000 3747 4054 ἐν

390 4123 437 4161 ²⁰
464 4126 634 4180 Deut.
668 4141 738 4181 v1.
772 4127 806 4178 4
837 4141 972 4180 cum
1003 4127 1175 4179 Marc.
1212 4140 1314 4184 xu.
1343 4126 1431 4177 20.
1465 4124 1512 4158 3°
1542 4124 1683 4179 Gen.
1722 4140 1836 4179 xix.
1871 4125 1958 4177 24.

2112 4137 2200 4176 ns.
2236 4117 2449 4192 Κύριος.
2482 4115 2531 4152 ³³
2563 4116 2698 4173 add.
2753 4117 2842 4170 καὶ
2871 4117 2990 4180 καθ’
3022 4116 3309 4192 ὁμοίωσιν,
3334 4118 3383 4153 ³³
3414 4120 3557 4177 Gen.
3585 4137 3623 4185 ι,
3655 4122 3751 4185 26,

318 4200 384 4252 27
421 4215 434 4264 ;
465 4199 609 4269 Gen,
640 4214 692 4258 ν,
731 4201 752 4249 1
791 4203 848 4251 et
878 4212 956 4263 ιχ,
990 4198 1043 4252 6.
1066 4196 1119 4269 fi
1144 4194 1225 4269 al.
1262 4192 1455 4269 Κύριος
1489 4194 1516 4248 ὁ
1550 4193 1701 4269 Θεόςᾼ.
1735 4196 1781 4230 ³⁸
1806 4196 1989 4269 Deut._

2112 4210 2167 4257 ιι,
2200 4195 2264 4246 lii
2297 4191 2585 4269 cum'Act.
2622 4206 2703 4269 ιιι,
2737 4192 2805 4243 22
2837 4196 2918 4269 et
2936 4192 3155 4269 vin-37.
3186 4191 3233 4225 ³⁸
3288 4191 3663 4269 Ιεᾶηιιιιι-ιςηϐ.
3696 4191 3744 4226 ³⁷

326 4269 400 4324 al.
423 4260 831 4343 enalv._f”_lsa.
863 4260 951 4343 Ix,
977 4266 1109 4343 6.3}
1142 4268 1233 4323 lsa
1258 4260 1367 4343 vn,
1399 4269 1497 4343 l4;
1532 4267 1730 4322 Matth.
1765 4284 1802 4335 ι,
1826 4269 1914 4324 23.
1954 4266 1989 4301 ³ο

2112 4290 2139 4320 ι.
2175 4280 2289 4325 LIII.
2323 4267 2354 4316 7
2384 4276 2521 4319 cum
2553 4263 2679 4317 Act.
2709 4278 2830 4328 νιιι,
2857 4264 2943 4317 32.
2968 4260 3011 4296 ⁴¹
3040 4262 3254 4319 Jerem.
3281 4276 3363 4331 χι,
3395 4267 3480 4321 19.
3516 4264 3750 4318 "Joan.

317 4338 458 4407 xvn',
492 4341 576 4395 13.
608 4339 655 4374 ⁴³
683 4341 894 4407 ιοίιιι.ι,
930 4338 1047 4393 1.“
1073 4341 1239 4394 Joan.
1274 4354 1316 4408 ι,
1351 4340 1436 4394 1ι1.

321 4464 521 4520 clesiaa
553 4465 942 4520 Antiochense
974 4463 1409 4531 reddita,cu_ius
1436 4464 1529 4519 hic
1552 4464 1707 4519 facta
1728 4464 1975 4525 mentio,
2016 4467 2060 4531 Ι)
2092 4459 2377 4516 Basilium
2410 4474 2483 4532 Iv,
2516 4458 2719 4512 Contra
2750 4456 3093 4532 Eunomium.
3130 4460 3486 4532 Agnoscitur
3509 4475 3748 4531 quoque

317 4536 748 4616 videndapota
769 4536 831 4616 in
849 4557 877 4585 ‹‹
910 4536 1091 4616 Epist.
1115 4535 1188 4616 ad
1210 4535 1975 4616 I_’hil_ade_lphenos.»Ussen.

393 4608 507 4679 (49)
544 4610 653 4660 Τῶν
710 4606 1049 4676 πειθομένων
1100 4606 1271 4679 αὐτῷ.
1331 4606 1635 4678 Anglican.
1672 4628 1700 4656 «
1730 4623 1968 4678 persua-

322 4678 527 4735 sorum
560 4680 633 4734 ab
656 4679 804 4748 ipso.
842 4700 868 4727 υ
895 4678 1279 4749 Vet.vulgat.«
1313 4678 1975 4747 consentientiumeisp»

324 4749 542 4818 αὐταῖς,
578 4750 905 4806 haeresibus
936 4750 1061 4805 scil.
1099 4750 1175 4804 In.

398 4825 507 4893 (50)
540 4819 740 4893 Κύριος
789 4821 871 4885 εἷς
918 4818 1049 4875 ἐστι.
1112 4822 1239 4876 Vet.
1297 4820 1508 4893 vulgat.
1540 4843 1569 4871 «
1622 4823 1777 4877 Deus
1821 4838 1974 4878 unus

322 4901 431 4954 est.
457 4892 497 4944 ri
517 4901 583 4951 ut
607 4895 668 4951 in
690 4896 863 4950 Marc.
891 4908 989 4965 ιιι,
1021 4894 1111 4965 29.
1169 4892 1362 4949 Nostri
1418 4894 1760 4965 interpretis
1790 4909 1975 4948 unum

317 4967 621 5096 fxemplar
657 4966 800 5041 legit
857 4987 887 5017 ι(
948 4963 1257 5029 Dominus,
1289 4988 1312 5017 ι
1377 4963 1629 5020 alterum
1663 4987 1691 5016 ‹‹
1733 4965 1907 5022 Deus.
1943 4988 1974 5017 »

346 5058 401 5096 ι).

346 5058 401 5099 D.

387 5114 506 5183 (51)
538 5111 662 5167 Κατ’
694 5108 879 5165 ετκὸνα
908 5107 1201 5181 ἡμετέραν.
1228 5109 1354 5163 Vet.
1386 5107 1666 5183 vulgat}
1721 5108 1794 5165 ad
1827 5109 1976 5165 ima-

318 5180 517 5256 ginem
541 5191 598 5239 et
626 5180 1093 5240 similitudinem
1118 5185 1404 5236 nostram.
1433 5202 1460 5228 »
1486 5180 1791 5256 Anglican.
1813 5203 1866 5256 με,
1883 5198 1973 5237 se-

322 5252 579 5330 cundum
615 5256 1235 5330 imaginemnostram
1257 5258 1318 5309 et
1345 5252 1670 5309 secundum
1692 5252 1973 5309 similitu-

318 5328 539 5384 dinem.
576 5351 605 5379 »
646 5331 725 5385 In.

314 5470 336 5522 1
385 5402 497 5471 (52)
525 5399 747 5472 Κύριος.
784 5398 982 5456 Codex
1012 5397 1392 5454 Florentinus
1429 5414 1442 5451 :
1479 5394 1675 5470 Κύριος
1735 5395 1763 5450 ὁ
1821 5395 1971 5455 Θεός.

341 5486 392 5522 n.

341 5486 392 5525 D.

387 5542 498 5614 (53)
529 5539 698 5614 ΔἘγὼ
750 5540 881 5614 Θεὸς
917 5541 1171 5614 πρῶτος,
1249 5538 1341 5593 καὶ
1398 5539 1506 5614 ἑγὼ
1583 5538 1718 5614 μετὰ
1752 5541 1971 5614 fututa,

311 5609 405 5664 καὶ
434 5606 583 5678 πλὴν
613 5606 751 5681 ἐμοῦ
782 5612 885 5666 οὐκ
914 5606 1028 5667 ἔστι
1060 5606 1208 5672 Θεός.
1262 5613 1368 5667 lsa.
1430 5606 1593 5678 iuv,‘
1637 5613 1691 5666 6.
1751 5610 1972 5667 Eodem

312 5682 491 5739 modo
506 5683 762 5740 citatum
793 5684 981 5740 babes
1006 5685 1286 5752 Recogm't.
1317 5700 1399 5750 ιιι,
1425 5687 1478 5751 6,
1517 5690 1578 5739 et
1625 5683 1688 5739 in
1736 5684 1963 5753 Βατισοὶ

311 5754 462 5811 tione
496 5753 631 5823 ﬁdei
664 5755 895 5810 Iustino
924 5754 1162 5822 Martyri
1190 5754 1497 5825 attributa,
1548 5770 1783 5811 necnon
1812 5752 1971 5827 apud

2092 4533 2353 4604 primum
2387 4529 2515 4604 Θεός
2576 4545 2628 4604 a_
2659 4546 2796 4604 _ver_o
2846 4530 3077 4585 Justino
3136 4529 3207 4585 in'
3249 4529 3749 4604 Cohortatione‘ad

2091 4600 2428 4675 Graecosaab
2462 4600 2710 4675 Eusebio
2744 4601 2925 4670 Pra’p.
2975 4617 3165 4675 evang.
3204 4619 3261 4666 ιι,
3299 4605 3361 4659 13
3392 4612 3451 4658 et
3478 4603 3552 4658 ab
3605 4603 3740 4675 Epi-

2090 4675 2308 4745 phanio
2341 4672 2553 4745 baaresi
2585 4675 2673 4739 62,
2707 4688 2832 4743 cap.
2867 4676 2919 4729 2.
2953 4673 3109 4743 apud
3140 4691 3318 4744 quem
3350 4682 3571 4741 tamen,
3607 4672 3739 4745 cap.

2088 4744 2119 4801 7
2154 4744 2425 4815 ejusdem
2454 4744 2599 4799 haer.
2631 4749 2692 4799 et
2732 4745 2871 4798 hmr.
2904 4745 2995 4813 64,
3054 4761 3180 4816 cap.
3244 4749 3299 4813 9,
3361 4744 3743 4817 nequaquam

2088 4819 2264 4873 leges.
2298 4818 2428 4872 Cor.

2298 4835 2497 4962 ξῖξίν.
2530 4886 2616 4962 Ita
2643 4887 2990 4962 Augustam,
3025 4887 3123 4962 ubi
3167 4874 3654 4962 Nydpruccianus
3678 4893 3741 4944 et

2086 4958 2463 5034 Florentinus
2489 4958 2683 5034 codex
2711 4958 2909 5018 habet.
2955 4958 3143 5034 φησίν,
3204 4958 3260 5016 et
3296 4958 3524 5018 'noster
3562 4961 3743 5018 inter-

2085 5050 2221 5107 pres
2250 5055 2278 5081 ι(
2314 5030 2453 5107 ait.»
2489 5026 2773 5107 Vulgatus
2795 5046 2932 5087 vero
2967 5026 3451 5107 ’παραφραπικῶς
3474 5049 3547 5107 :_«
3601 5049 3735 5089 rurc

2087 5103 2219 5162 sum
2244 5103 2543 5177 prophetas
2592 5103 3107 5177 proclamaverunt
3141 5103 3331 5177 {vel
3390 5127 3419 5154 κ
3452 5104 3739 5177 clamne.

2084 5175 2283 5244 runt,»
2312 5182 2379 5231 ut
2408 5178 2498 5230 est
2523 5175 2583 5229 in
2609 5190 2726 5244 gms.
2765 5176 3098 5244 Petaviano)
3131 5196 3160 5225 «
3191 5175 3513 5233 dicentes.»
3539 5175 3734 5232 Usen.

2155 5242 2267 5320 (55)
2299 5245 2421 5320 Ἐπὶ
2450 5248 2548 5320 τοῦ
2579 5242 2735 5317 ὤμου
2765 5243 2953 5301 αὐτοῦ.
3005 5242 3183 5302 Abest
3228 5247 3300 5304 ab
3349 5252 3602 5319 utroque
3631 5263 3735 5303 ve-

2084 5327 2208 5377 tere
2239 5318 2442 5389 Latino
2474 5319 2818 5389 interprete.
2853 5321 2931 5374 ln.

2154 5395 2265 5462 (56)
2296 5386 2475 5456 Ἀλλ’,
2522 5382 2777 5463 ἔγρᾶψαν.
2842 5392 2963 5445 Vet.
3022 5390 3238 5459 vulgat.
3300 5412 3327 5441 ‹‹
3389 5390 3493 5446 sed
3539 5390 3740 5463 potius

2083 5462 2818 5537 perscripserulit._n__vel«
2851 5468 3054 5518 exacte
3087 5463 3512 5534 scripserunt,»
3544 5468 3609 5517 ut
3632 5462 3736 5519 Ja-

2083 5534 2267 5593 cobus
2294 5534 2482 5590 Faber
2511 5534 2716 5590 edidit.
2749 5535 2830 5589 In.

2157 5606 2353 5679 (57)”0
2411 5603 2619 5678 γέγονε.
2672 5605 2851 5662 Abest
2909 5604 2983 5663 ab
3013 5612 3266 5678 utroque
3297 5610 3494 5663 vetere
3527 5605 3735 5661 Latino

2084 5681 2434 5750 interprete.
2470 5680 2547 5733 ln.
