4092 6142
387 315 507 376 943

1111 317 1215 376 Αι)
1260 317 1689 379 EPISTOLAS
1734 322 1799 380 s.
1847 322 2142 382 IGNATII
2185 324 2604 386 GENUINAS
2649 327 3071 391 APPENDIX.
3174 312 3177 315 ’

3686 337 3804 399 944

389 449 597 506 fideles
628 448 2039 520 omniumoperumpietatisministra.Humilibus
2070 461 2116 527 Α
2155 461 2342 523 ratur,
2374 456 2436 513 in
2465 459 2646 515 Maria
2671 466 2858 515 matre
2890 463 3003 535 (94)
3031 465 3192 536 Jesu,
3224 445 3519 524 humanas
3576 476 3803 529 naturae

389 540 632 610 quidem
665 543 755 595 est
783 538 1012 605 devota,
1036 545 1094 593 et
1123 538 1349 594 devotis
1373 539 1639 595 devotius
1661 541 2038 597 humiliatur:

387 634 445 683 et
467 628 685 683 mirum
707 627 750 664 ²¹
779 628 888 699 (91)
909 627 982 683 ab
1000 626 1279 683 omnibus
1300 629 1744 699 magniﬁcatur:
1769 647 1903 687 cum
1920 631 2032 703 (92)

383 734 418 774 a
461 717 680 774 Scribis
695 723 752 773 et
766 717 1077 773 Pharisaei-.5
1097 718 1147 772 ei
1173 717 1840 776 detrahaturﬁricterea
1860 722 2032 776 multi

382 807 574 864 multa
596 808 709 881 (93)
731 807 845 863 alia
874 806 1045 863 nobis
1090 807 1362 863 referunt
1392 808 1464 864 de
1523 809 1771 878 eadem;
1837 816 2034 867 tamen

381 898 664 953 omnibus
685 914 792 969 per
812 897 1013 953 omnia
1034 914 1155 953 non
1184 898 1473 953 audemus
1492 898 1669 954 ﬁdem
1704 901 2031 957 concedere

380 1004 491 1043 nec
526 986 632 1043 tibi
654 987 895 1044 referre.
928 986 1062 1055 Sed,
1096 987 1248 1043 sicut
1268 988 1440 1043 nobis
1471 1004 1505 1045 a
1535 988 1652 1044 fide
1673 988 1866 1061 dignis
1895 1008 2030 1046 nar-

2151 550 2365 601 natura
2394 549 2724 604 sanctitatis
2753 551 3033 623 angelicae
3066 555 3343 612 sociatur.
3391 559 3461 613 Et
3491 558 3618 615 haec
3662 561 3805 617 talia

2142 636 2548 693 excitaverunt
2606 639 2831 696 viscera
2878 643 2992 714 (95)
3024 650 3266 713 nostra;
3300 652 3357 701 et
3387 654 3605 721 cogunt
3634 650 3798 707 valde

2143 723 2484 781 desiderare
2515 734 2820 800 aspectum
2872 731 3052 804 hujus
3099 733 3171 805 [si
3202 734 3289 789 fas
3322 736 3399 792 sit
3429 737 3538 793 fari
3564 738 3611 772 ²²
3639 740 3748 800 (96)
3776 740 3793 812 ]

2143 814 2397 870 omlestis
2455 818 2562 887 (97)
2596 818 2870 891 prodigii,
2923 827 2981 875 et
3039 824 3423 881 sacratissimi
3480 828 3595 899 (98)
3632 846 3795 884 mon-

2145 905 2249 959 stri
2282 907 2413 977 (99).
2447 909 2527 963 Tu
2560 915 2758 964 autem
2791 910 3061 984 diligenti
3103 915 3279 971 modo
3328 916 3609 989 disponas
3663 937 3799 976 cum

2143 993 2440 1051 desiderio
2473 1003 2676 1053 nostro
2709 1001 2805 1071 (1),
2835 1006 2893 1055 et
2926 1002 3140 1060 valeas.
3172 1006 3359 1060 Amen
3391 1008 3487 1079 (2).

1704 1361 1871 1456 AD
1933 1362 2487 1459 EUMDEM.

591 1611 794 1667 Joanni
815 1615 1004 1665 sancto
1033 1610 1260 1677 seniori,
1291 1626 1418 1667 suus
1443 1610 1517 1682 (3)
1538 1613 1806 1681 Ignatius.

451 1791 510 1847 Si
541 1790 770 1846 licitum
797 1793 885 1844 est
935 1788 1080 1844 mihi
1123 1788 1278 1859 apud
1333 1795 1412 1857 te,
1471 1789 1545 1845 ad
1607 1791 2026 1864 Hierosolyma:

380 1884 580 1953 partes
610 1878 741 1935 volo
772 1877 1113 1944 ascendere,
1137 1883 1194 1933 et
1225 1877 1420 1933 videre
1453 1878 1660 1935 ﬁdeles
1682 1881 1757 1952 (4)
1793 1889 2029 1938 sanctos

380 1970 482 2041 qui
515 1968 594 2024 ibi
620 1973 795 2035 sunt;
832 1968 1130 2040 principue
1188 1968 1431 2023 Mariam
1485 1975 1734 2025 matrem
1766 1972 1838 2043 (5)
1865 1973 2024 2041 Jesu,

380 2077 560 2133 quam
587 2059 794 2116 dicunt
811 2060 1100 2116 universis
1131 2059 1565 2129 admirandam,
1590 2067 1647 2116 et
1664 2064 1893 2118 cunctis
1927 2064 2032 2119 de-

380 2149 970 2214 siderabilem.Quem
994 2147 1156 2204 enim
1174 2147 1250 2220 (6)
1270 2164 1388 2203 non
1402 2148 1655 2206 delectet
1679 2152 1874 2209 videre
1901 2170 2029 2208 eam

383 2244 440 2293 et
469 2237 714 2309 alloqui,
748 2254 879 2309 quas
910 2252 1112 2292 verum
1143 2238 1328 2292 Deum
1362 2236 1432 2293 de
1473 2254 1534 2294 se
1566 2238 1645 2310 (7)
1695 2244 1945 2313 peperit,
1981 2243 2028 2297 si

381 2331 600 2383 nostra
646 2326 723 2380 sit
752 2325 891 2380 fidei
921 2329 980 2381 et
1008 2325 1313 2397 religionis
1347 2327 1571 2383 amicus
1598 2328 1626 2382 ?
1655 2329 1941 2384 Similiter
1972 2336 2031 2386 et

2133 1615 2302 1671 illum
2339 1617 2729 1674 venerabilem
2761 1620 3063 1691 Iacobum,
3089 1623 3187 1694 qui
3220 1626 3794 1698 cognominaturlu-

2141 1711 2301 1771 slus;
2338 1725 2514 1779 quem
2544 1709 2813 1765 referunt
2850 1710 3079 1767 Christo
3133 1714 3270 1768 Jesu
3304 1716 3377 1787 (8)
3410 1716 3786 1777 simillimum

2139 1794 2289 1851 facie
2314 1796 2412 1869 (9),
2447 1797 2563 1852 vita
2594 1803 2651 1853 et
2694 1799 2871 1855 modo
2928 1804 3413 1872 conversationis,
3466 1822 3534 1862 ac
3563 1808 3608 1862 si
3644 1809 3796 1880 ejus-

2142 1884 2276 1939 dem
2318 1886 2469 1942 uteri
2501 1886 2684 1942 frater
2714 1893 2872 1943 esset
2917 1891 3228 1962 gemellus.
3290 1895 3474 1959 Quem
3507 1896 3711 1953 dicunt
3742 1897 3794 1953 si

2140 1976 2361 2047 videro,
2390 1977 2555 2033 video
2580 1983 2637 2031 et
2668 1978 2857 2050 ipsum
2877 1981 2989 2050 (10)
3019 1983 3219 2037 Jesum
3241 1985 3569 2041 secundum
3591 1991 3793 2047 omnia

2141 2066 2406 2135 corporis
2440 2067 2567 2137 ejus
2594 2065 2974 2123 lineamenta.
3008 2071 3303 2127 Praeterea
3332 2080 3576 2130 caeteros
3618 2094 3791 2135 sauc-

2142 2159 2231 2208 tos
2264 2159 2323 2207 et
2348 2161 2600 2211 sanctas.
2636 2157 2779 2225 Heu,
2831 2159 2971 2228 quid
3018 2177 3218 2214 moror
3248 2160 3275 2216 ?
3322 2163 3466 2233 quid
3521 2165 3794 2224 detineor

2142 2242 2298 2312 (tt)?
2330 2244 2484 2297 Bone
2545 2253 2892 2316 praeceptor,
2956 2264 3274 2319 properare
3321 2267 3413 2307 me
3464 2252 3698 2324 jubeas,
3737 2262 3795 2312 et

2145 2331 2343 2387 valeas
2375 2333 2507 2404 (12).
2555 2336 2745 2390 Amen
2770 2336 2905 2407 (13).

1293 2716 1455 2808 AD
1527 2715 1620 2808 S.
1693 2714 2176 2810 MARIAM
2242 2717 2890 2812 VIRGINEM.

1336 2914 1630 2970 MATREM
1688 2914 1937 2970 DOMINI
1992 2915 2244 2973 NOSTRI
2299 2917 2459 2973 JESU
2520 2918 2811 2972 CHRISTI.

602 3118 941 3187 Christiferae
971 3117 1078 3189 (14)
1114 3118 1327 3182 Μανίω,
1356 3132 1482 3173 suus
1511 3118 1783 3187 Ignatius.

441 3211 525 3265 Me
558 3208 923 3279 neOphytum
956 3206 1092 3277 (15),
1123 3206 1484 3276 Joannisque
1520 3207 1603 3260 tui
1634 3207 2016 3278 discipulum,

368 3297 703 3353 confortare
730 3300 789 3349 et
816 3292 1113 3348 consolari
1146 3293 1453 3350 debueras.
1479 3296 1558 3349 De
1580 3297 1715 3349 Jesu
1741 3296 1897 3349 enim
1921 3301 2018 3348 tuo

371 3383 608 3458 percepi
641 3388 792 3437 mira
821 3385 935 3448 (16)
966 3381 1147 3449 dictu,
1172 3388 1231 3436 et
1261 3384 1623 3453 stupefactus
1654 3399 1784 3436 sum
1815 3400 1885 3436 ex
1916 3398 2016 3435 au-

370 3473 518 3530 ditu.
553 3482 597 3528 A
633 3476 689 3527 te
716 3475 937 3537 autem,
977 3486 1107 3541 quae
1138 3486 1374 3541 semper
1403 3471 1453 3525 ei
1486 3470 1645 3525 fuisti
1703 3469 2016 3524 familiaris

442 3628 485 3665 ²¹
517 3629 597 3699 al,
627 3627 847 3685 mirum
878 3627 942 3681 in
973 3624 1236 3682 modum.
1315 3625 1361 3659 ²²
1392 3626 1467 3680 al.
1503 3629 1592 3679 est
1631 3625 1730 3681 ita.

444 3784 553 3851 (91)
586 3782 799 3837 Mirum.
828 3782 933 3837 Ms.
968 3778 1233 3835 Lincoln.
1266 3800 1293 3830 «
1327 3778 1545 3834 mirum
1586 3779 1648 3835 in
1695 3777 1961 3835 modum.
1987 3797 2013 3829 ι

378 3854 577 3910 Ussza.

448 3924 559 3993 (92)
593 3925 744 3977 Cum.
776 3923 854 3977 In.
891 3939 1000 3978 ms.
1032 3943 1060 3972 ‹‹
1093 3927 1477 3993 cumtamen.
1510 3942 1538 3971 ››
1572 3922 1708 3977 ΙΒιι),

449 3990 561 4064 (93⁷)
594 3995 791 4049 Multa.
822 3993 901 4048 ld.
935 4011 1046 4048 ms.
1080 4001 1140 4048 et
1169 3990 1308 4048 edit.
1372 3993 1556 4048 Paris.
1618 4014 1644 4041 «
1686 3991 1874 4047 multa
1913 4009 2023 4047 no-

375 4064 492 4120 bis.
527 4063 551 4117 .’
587 4067 688 4120 Ms.
722 4065 965 4121 Maadal.
1004 4088 1031 4114 α
1064 4064 1249 4121 multa
1279 4063 1413 4119 alia.
1451 4087 1479 4112 »
1514 4065 1645 4118 law.

446 4135 560 4262 (9)4)
592 4138 781 4191 Matre.
820 4134 1080 4192 Habetur
1103 4136 1159 4191 in
1193 4135 1332 4189 edit.
1358 4134 1631 4190 Halloixii
1662 4139 1721 4189 et
1748 4152 1858 4190 ms.
1894 4134 2025 4189 Lin-

446 4236 447 4250 ι
525 4250 536 4262 .
575 4208 747 4262 Deest
778 4207 837 4261 in
868 4207 1023 4262 aliis.
1072 4209 1204 4262 lem.

377 4207 536 4263 eoln.
575 4208 747 4263 Deest
778 4207 837 4261 in
868 4207 1023 4263 aliis.
1072 4209 1204 4263 lem.

450 4277 562 4349 (95)
604 4280 839 4333 Viscera.
874 4281 975 4333 Ms.
1010 4278 1275 4333 Lincoln.
1310 4300 1337 4327 «
1366 4277 1562 4335 corda.
1598 4299 1623 4326 »
1649 4275 1802 4332 Edit.
1834 4276 2022 4343 Paris,

375 4365 689 4421 perperam
721 4372 748 4397 ιι
783 4349 844 4403 in
873 4358 1095 4405 sancta.
1133 4373 1158 4397 »ι
1187 4350 1319 4421 Isin.

375 4418 396 4421 “
449 4419 561 4489 (95)
590 4419 651 4473 Si
679 4423 766 4488 fas
796 4421 867 4474 sit
903 4421 1039 4488 fari.
1094 4421 1193 4475 Ms.
1252 4419 1515 4475 Linwln.
1568 4444 1595 4470 «
1632 4419 1679 4475 si
1711 4419 1797 4476 fas
1824 4425 1912 4474 est
1945 4418 2025 4473 ita

374 4489 507 4543 fari.
546 4511 573 4537 »ι
604 4491 736 4543 lam.

399 4506 507 4544 ari.
546 4511 573 4537 η
604 4506 736 4544 lBlD.

447 4528 838 4629 (δῆέῶῖέὲίίε.
876 4562 1047 4615 Deest
1078 4560 1139 4615 in
1187 4578 1294 4616 ms.
1332 4561 1594 4617 Lincoln.
1648 4567 1707 4616 et
1737 4560 1877 4617 edit.
1912 4563 2018 4616 Pa-
2057 4528 2103 4592 Β

374 4630 479 4685 ris.
513 4632 654 4686 lmo.

447 4703 556 4769 (98)
589 4703 981 4757 Sacratissimi.
1013 4702 1078 4756 In
1111 4701 1242 4757 iisd.
1278 4726 1303 4751 ‹‹
1341 4702 1719 4759 sanctissimi.
1748 4725 1776 4751 ››
1811 4702 1944 4757 lem.

444 4774 558 4838 (99)
588 4775 839 4827 Monstri.
882 4773 1013 4827 Edit
1066 4774 1270 4829 Colon.
1324 4790 1419 4831 an.
1486 4778 1618 4829 1557
1652 4780 1712 4829 et
1741 4774 2019 4829 llalloixii

374 4866 403 4894 α
439 4844 781 4900 spectaculi.
820 4867 840 4895 ι
871 4846 1005 4899 lem.

444 4914 520 4983 (1)
559 4915 688 4972 Cum
721 4914 1229 4987 desiderioinostro.
1262 4916 1412 4971 Ibid.
1450 4938 1473 4968 α
1508 4932 1685 4987 super
1724 4914 2018 4971 desiderio

374 4992 594 5040 nostro.
624 5010 644 5035 ι
685 4988 785 5041 Ms.
822 4986 1087 5041 Lincoln.
1112 5009 1137 5033 ιι
1163 5003 1297 5041 cum
1329 4986 1620 5043 desiderio
1645 5004 1796 5041 meo.
1835 4987 2015 5041 »ἰδίη

471 5058 525 5127 2)
557 5062 753 5114 Amen.
784 5058 911 5112 Non
944 5057 1197 5111 habetur
1225 5058 1286 5112 in
1320 5075 1408 5112 ms
1466 5058 1725 5114 Lincoln.
1763 5057 1907 5111 Ibid.

471 5133 524 5193 3)
554 5129 715 5184 Suus.
751 5130 875 5183 Non
908 5128 1159 5184 habetur
1190 5128 1247 5182 in
1280 5129 1418 5184 edit.
1452 5130 1654 5185 Colon.
1708 5146 1848 5184 ann.
1884 5131 2017 5183 1557

374 5203 433 5252 et
459 5200 522 5253 P.
556 5199 806 5254 Halloix.
850 5200 986 5255 lB'n.

442 5271 517 5338 (4)
548 5271 779 5327 Fideles.
814 5272 988 5326 Deest
1016 5270 1078 5325 in
1126 5287 1235 5326 ms.
1274 5271 1562 5340 Lincoln,
1596 5270 1926 5343 Cantabrig.
1962 5275 2021 5326 et

372 5338 730 5396 Montacutii.
779 5343 915 5397 IBID.

371 5410 520 5528 ll“(3)
551 5414 799 5468 Matrem.
833 5417 918 5468 ita
948 5428 1059 5469 ms.
1095 5412 1339 5469 Lincoln
1395 5414 1569 5469 Deest
1626 5412 1686 5468 in
1741 5411 2013 5483 reliquis.

399 5493 507 5531 BlD.

441 5546 521 5614 (6)
550 5551 733 5605 Enim.
765 5553 898 5607 Edit
949 5554 1133 5608 Paris.
1169 5571 1265 5608 an.
1290 5570 1385 5608 an.
1421 5558 1554 5609 1495
1587 5582 1604 5601 ι
1639 5571 1793 5609 vero.
1829 5576 1848 5600 -
1882 5557 2015 5609 13m.

440 5619 518 5694 (7)
548 5618 623 5671 De
650 5635 721 5673 se.
760 5623 909 5694 Edit.
969 5623 1157 5678 Paris.
1218 5640 1356 5679 cum
1415 5642 1525 5681 ms.
1587 5624 1923 5694 Cantabr-ig.
1960 5630 2019 5679 et

371 5681 684 5743 Montacut.
719 5713 746 5740 ‹‹
780 5692 1051 5748 deorum.
1086 5716 1114 5743 ››
1146 5695 1279 5749 lem.

440 5756 515 5824 (8)
546 5757 758 5816 Christo
809 5763 956 5817 Jesu.
1018 5765 1121 5828 Ms,
1188 5764 1521 5837 Cantabrig.
1580 5768 2013 5825 et'blontacut.

2066 3120 2108 3185 C
2139 3125 2189 3172 et
2223 3117 2540 3188 conjuncta
2572 3117 2704 3188 (17),
2734 3122 2791 3171 et
2822 3122 3181 3171 secretorum
3231 3116 3358 3187 ejus
3386 3119 3643 3184 conscia,
3676 3118 3780 3172 de-

2134 3207 2325 3260 sidero
2360 3222 2427 3259 ex
2450 3205 2647 3259 animo
2680 3205 2792 3273 (l8)
2812 3204 2939 3259 ﬁeri
2968 3204 3185 3258 certior
3203 3203 3273 3258 de
3297 3203 3535 3259 auditis.
3560 3207 3778 3279 Scripsi

2131 3295 2234 3348 tibi
2261 3296 2439 3349 etiam
2472 3294 2613 3348 alias
2645 3296 2778 3361 (19),
2814 3299 2871 3347 et
2903 3293 3092 3363 rogavi
3127 3293 3198 3348 de
3248 3294 3497 3351 eisdem.
3534 3295 3781 3364 Valeas;

2131 3389 2189 3434 et
2221 3381 2505 3451 Neophyti
2539 3381 2651 3451 (20)
2688 3381 2789 3450 qui
2822 3397 3055 3435 mecum
3090 3390 3252 3444 sunt,
3314 3399 3387 3437 ex
3418 3388 3476 3438 te
3503 3390 3563 3439 et
3594 3403 3697 3456 per
3727 3393 3782 3441 te

2127 3475 2187 3524 et
2217 3469 2277 3523 iu
2310 3473 2364 3523 te
2396 3468 2826 3523 confortentur.
2865 3471 3052 3523 Amen
3085 3473 3223 3541 (2t).

2137 3797 2159 3827 ι
2196 3779 2441 3832 Domino
2473 3777 2725 3833 Christo.
2761 3799 2788 3828 η
2835 3776 2973 3834 lem.

2208 3852 2384 3905 Facie.
2419 3851 2591 3904 Deest
2622 3849 2681 3904 in
2713 3850 2852 3904 edit.
2888 3847 3071 3905 Paris.
3104 3849 3239 3903 IBID.

2205 3920 2313 3993 (10)
2345 3923 2409 3976 Et
2440 3923 2636 3991 ipsum.
2672 3919 3018 3993 Conjunctio
3077 3936 3197 3974 non
3242 3918 3496 3975 habetur
3524 3921 3586 3976 in
3635 3921 3778 3991 edit,

2205 3937 2313 3993 (ιυ)
2345 3937 2409 3976 ιιι
2440 3937 2636 3991 ipsum.
2672 3937 3018 4047 uonéuncuo
3077 3937 3197 3974 non
3245 3937 3496 3975 nanetur
3524 3938 3586 3976 in
3635 3937 3777 3991 emt,

2131 3993 2315 4047 Paris.
2352 3994 2727 4064 Minimeque
2819 3991 2977 4046 olon.
3034 4007 3130 4048 an.
3195 3993 3351 4059 1557,
3413 4010 3605 4064 neque
3664 4010 3777 4048 ms.

2133 4063 2466 4134 Cantabr-ig.
2502 4069 2557 4117 et
2587 4065 2902 4118 Montacut.
2934 4064 3072 4118 Imn.

2206 4134 2317 4205 (1|)
2348 4132 2494 4200 Ου’ἰά
2517 4134 2763 4189 ἀσιὶηευν
2785 4140 2812 4188 1’
2836 4136 2919 4188 lta
2953 4151 3061 4187 ms.
3093 4132 3413 4205 Magdalen.
3454 4139 3512 4187 et
3549 4134 3610 4189 P.
3644 4135 3779 4191 Hal-

2134 4206 2249 4260 loix
2280 4204 2541 4275 {reliqui
2576 4222 2588 4258 :
2629 4230 2652 4259 ι
2687 4223 2781 4261 cui
2820 4205 3132 4260 detineor‘.’
3160 4227 3187 4253 »
3220 4204 3355 4260 lnzn.

2206 4280 2319 4345 (l2)
2350 4279 2421 4331 Et
2462 4277 2658 4332 valeas.
2699 4299 2726 4327 α
2785 4278 2848 4332 In
2882 4275 3131 4343 Christo,
3165 4298 3191 4325 ››
3260 4275 3498 4331 additur
3547 4276 3609 4332 in
3666 4293 3777 4333 ms.

2135 4346 2395 4403 Lincoln.
2430 4348 2544 4403 lum

2208 4421 2315 4487 (13)
2347 4421 2532 4474 Amen.
2566 4420 2692 4474 Non
2722 4418 3052 4474 habeturin
3077 4417 3216 4473 edit.
3252 4417 3450 4473 Colon.
3487 4434 3583 4474 an.
3620 4422 3775 4475 1557.

2133 4490 2270 4544 lum.

2208 4561 2318 4632 (14)
2353 4560 2714 4633 Christifci'ae.
2753 4559 3333 4633 \‘idsl’rolegomen1
3358 4576 3488 4633 cap.
3528 4563 3608 4633 19.
3643 4561 3774 4617 ΙΒιυ.

2203 4630 2314 4699 (15)
2344 4634 2427 4687 Mc
2472 4632 2827 4701 necphylum.
2867 4630 2987 4685 Vid.
3046 4630 3380 4702 Christoph.
3430 4630 3514 4687 de
3571 4632 3771 4688 Castro

2132 4705 2340 4758 Histor.
2378 4703 2643 4772 Dciparar,
2677 4719 2803 4772 cap.
2853 4704 2941 4756 23.
2976 4703 3106 4758 IBID.

2197 4776 2310 4839 (16)
2343 4776 2487 4828 Mira
2542 4773 2692 4828 Edit.
2726 4772 2930 4829 Colon.
2959 4789 3053 4828 an.
3094 4776 3227 4827 1557
3275 4777 3334 4829 et
3363 4774 3595 4843 Bivarii,
3635 4792 3655 4820 ι
3683 4775 3772 4829 ἰιι⁸

2128 4861 2396 4900 numera.
2432 4845 2566 4899 lem.

2201 4918 2307 4985 (17)
2337 4916 2651 4971 Familiarit
2684 4921 2734 4969 et
2766 4917 3079 4986 conjuncta.
3114 4915 3467 4987 Conjunctio
3518 4915 3682 4971 deest
3714 4917 3772 4971 in

2130 4987 2269 5043 edit.
2304 4986 2507 5041 Colon.
2569 5003 2665 5041 an.
2706 4988 2837 5040 1536
2870 4994 2925 5041 et
2967 4989 3118 5043 1557.
3166 4986 3401 5043 incdit.
3462 4987 3644 5042 Paris.
3679 5004 3773 5042 an.

2134 5060 2266 5112 1195
2325 5066 2384 5113 et
2432 5074 2541 5113 ms.
2606 5057 2895 5124 Lincoln.,
2950 5056 3280 5129 Cantabrig.
3343 5062 3402 5113 et
3463 5061 3771 5114 Montacet.

2129 5152 2155 5180 (ι
2192 5130 2543 5185 familiarius
2583 5129 2923 5201 conjuncta.
2960 5151 2987 5179 »
3016 5129 3152 5201 imp.

2200 5203 2314 5270 (18)
2346 5204 2429 5255 Ea:
2458 5202 2661 5255 animo.
2698 5199 2799 5255 Ms.
2830 5199 3165 5269 Cantabrig.
3200 5202 3259 5254 et
3296 5201 3610 5255 Montacut.
3647 5223 3674 5250 «
3708 5217 3776 5254 ex

2129 5289 2289 5328 nunc
2333 5294 2360 5322 ››
2394 5271 2653 5327 Bivarius
2685 5273 2766 5342 (in
2798 5272 2995 5329 Dextri
3021 5270 3275 5327 Chronic
3319 5288 3416 5328 an.
3454 5271 3576 5344 116)
3604 5294 3631 5322 ‹‹
3657 5289 3777 5330 om-

2130 5344 2293 5399 nino.
2328 5366 2357 5394 »
2390 5345 2527 5399 Ιυιι).

2199 5416 2312 5486 (19)
2343 5417 2526 5486 Etiam
2551 5415 2719 5486 alias.)
2744 5412 2897 5469 Edit.
2955 5414 3205 5486 Paris._«
3241 5416 3300 5469 et
3331 5412 3716 5486 etiamialias,
3751 5434 3776 5461 ιν

2128 5486 2239 5560 vel,
2273 5483 2303 5536 (ἑ
2345 5485 2580 5560 aliisin
2609 5491 2679 5560 ut
2708 5485 2768 5560 i_n
2801 5503 2912 5541 ms.
2947 5483 3301 5560 Magdalen.,
3333 5484 3696 5560 Cantabrig,
3725 5489 3780 5540 et

2128 5502 2239 5551 vel,
2273 5510 2299 5536 ‹‹
2345 5502 2514 5541 alllS'
2551 5507 2580 5534 »
2613 5502 2679 5541 ut
2708 5502 2768 5540 in
2801 5503 2912 5541 ms.
2947 5502 3035 5541 tua
3077 5502 3183 5541 Gali

2128 5558 2442 5637 Montacut.
2474 5528 2587 5637 \fidp
2605 5557 3016 5637 Prgl‘egomen.
3039 5502 3183 5637 gnto.

2201 5632 2307 5695 (20,
2344 5629 2633 5701 Ncophyji.
2678 5628 2831 5701 Edit.
2870 5630 3057 5701 Paris.
3091 5652 3118 5678 ‹‹
3148 5628 3235 5683 tui
3260 5629 3563 5701 neophyti,
3594 5650 3622 5679 ››
3645 5629 3772 5685 Iam.

2198 5701 2519 5775 (21)_Ar_nen_
2553 5699 2679 5755 Non
2739 5699 2991 5756 habetur
3046 5700 3107 5755 in
3168 5716 3277 5757 ms.
3339 5699 3664 5775 Magdalen.
3722 5702 3774 5754 et

2127 5771 2461 5841 Cantabrig.
2498 5771 2631 5825 lBlD.
