  <div class='ocr_page' id='page_1' title='image "/cluster/home/n/w/nwhite01/storage/ocr_20150623/5/mdp.39015015401063/489.png"; bbox 0 0 4092 6142; ppageno 0'>
   <div class='ocr_carea' id='block_1_1' title="bbox 306 294 418 357">
    <p class='ocr_par' dir='ltr' id='par_1_1' title="bbox 306 294 418 357">
     <span class='ocr_line' id='line_1_1' title="bbox 306 294 418 357; baseline 0.018 -2"><span class='ocrx_word' id='word_1_1' title='bbox 306 294 418 357; x_wconf 73' lang='grc'>951</span> 
     </span>
    </p>
   </div>
   <div class='ocr_carea' id='block_1_2' title="bbox 1027 300 2984 367">
    <p class='ocr_par' dir='ltr' id='par_1_2' title="bbox 1027 300 2984 367">
     <span class='ocr_line' id='line_1_2' title="bbox 1027 300 2984 367; baseline -0.001 -3"><span class='ocrx_word' id='word_1_2' title='bbox 1027 302 1131 365; x_wconf 78' lang='lat' dir='ltr'>AD</span> <span class='ocrx_word' id='word_1_3' title='bbox 1176 304 1611 367; x_wconf 80' lang='lat' dir='ltr'>EPISTOLAS</span> <span class='ocrx_word' id='word_1_4' title='bbox 1659 309 1723 367; x_wconf 79' lang='lat' dir='ltr'>S.</span> <span class='ocrx_word' id='word_1_5' title='bbox 1771 305 2075 367; x_wconf 81' lang='lat' dir='ltr'>IGNATII</span> <span class='ocrx_word' id='word_1_6' title='bbox 2121 302 2513 366; x_wconf 83' lang='lat' dir='ltr'>GENUINAS</span> <span class='ocrx_word' id='word_1_7' title='bbox 2556 300 2984 363; x_wconf 76' lang='lat' dir='ltr'>APPENDIX.</span> 
     </span>
    </p>
   </div>
   <div class='ocr_carea' id='block_1_3' title="bbox 3607 302 3736 366">
    <p class='ocr_par' dir='ltr' id='par_1_3' title="bbox 3607 302 3736 366">
     <span class='ocr_line' id='line_1_3' title="bbox 3607 302 3736 366; baseline 0.008 -2"><span class='ocrx_word' id='word_1_8' title='bbox 3607 302 3736 366; x_wconf 65' lang='lat'>95!</span> 
     </span>
    </p>
   </div>
   <div class='ocr_carea' id='block_1_4' title="bbox 303 425 1961 508">
    <p class='ocr_par' dir='ltr' id='par_1_4' title="bbox 303 426 1952 506">
     <span class='ocr_line' id='line_1_4' title="bbox 303 426 1952 506; baseline 0.007 -25"><span class='ocrx_word' id='word_1_9' title='bbox 303 426 566 499; x_wconf 81' lang='lat' dir='ltr'>Patrem,</span> <span class='ocrx_word' id='word_1_10' title='bbox 600 434 657 485; x_wconf 90' lang='lat' dir='ltr'>et</span> <span class='ocrx_word' id='word_1_11' title='bbox 684 431 1118 503; x_wconf 70' lang='lat' dir='ltr'>presbyterium</span> <span class='ocrx_word' id='word_1_12' title='bbox 1150 439 1215 489; x_wconf 91' lang='lat' dir='ltr'>ut</span> <span class='ocrx_word' id='word_1_13' title='bbox 1271 437 1610 506; x_wconf 87' lang='lat' dir='ltr'>apostolos;</span> <span class='ocrx_word' id='word_1_14' title='bbox 1672 438 1952 492; x_wconf 88' lang='lat' dir='ltr'>diaconos</span> 
     </span>
    </p>
   </div>
   <div class='ocr_carea' id='block_1_5' title="bbox 2083 425 3729 508">
    <p class='ocr_par' dir='ltr' id='par_1_5' title="bbox 2083 425 3729 506">
     <span class='ocr_line' id='line_1_5' title="bbox 2083 425 3729 506; baseline -0.003 -19"><span class='ocrx_word' id='word_1_15' title='bbox 2083 433 2191 494; x_wconf 72' lang='grc' dir='ltr'>ῖτὸς</span> <span class='ocrx_word' id='word_1_16' title='bbox 2248 430 2328 504; x_wconf 78' lang='grc' dir='ltr'>τῷ</span> <span class='ocrx_word' id='word_1_17' title='bbox 2383 431 2575 506; x_wconf 84' lang='grc' dir='ltr'>Πατρὶ,</span> <span class='ocrx_word' id='word_1_18' title='bbox 2631 430 2839 504; x_wconf 81' lang='grc' dir='ltr'>καὶτῷ</span> <span class='ocrx_word' id='word_1_19' title='bbox 2894 425 3270 505; x_wconf 76' lang='grc' dir='ltr'>πρεσϐυτερίῳ</span> <span class='ocrx_word' id='word_1_20' title='bbox 3315 432 3390 493; x_wconf 85' lang='grc' dir='ltr'>ὡς</span> <span class='ocrx_word' id='word_1_21' title='bbox 3429 437 3549 494; x_wconf 85' lang='grc' dir='ltr'>τοῖς</span> <span class='ocrx_word' id='word_1_22' title='bbox 3582 430 3729 488; x_wconf 78' lang='grc' dir='ltr'>ἀπο.</span> 
     </span>
    </p>
   </div>
   <div class='ocr_carea' id='block_1_6' title="bbox 309 520 1961 597">
    <p class='ocr_par' dir='ltr' id='par_1_6' title="bbox 309 520 1961 597">
     <span class='ocr_line' id='line_1_6' title="bbox 309 520 1961 597; baseline 0.005 -26"><span class='ocrx_word' id='word_1_23' title='bbox 309 522 511 573; x_wconf 88' lang='lat' dir='ltr'>autem</span> <span class='ocrx_word' id='word_1_24' title='bbox 542 524 606 574; x_wconf 91' lang='lat' dir='ltr'>ut</span> <span class='ocrx_word' id='word_1_25' title='bbox 637 520 740 574; x_wconf 88' lang='lat' dir='ltr'>Dei</span> <span class='ocrx_word' id='word_1_26' title='bbox 771 521 1141 579; x_wconf 88' lang='lat' dir='ltr'>mandatum.</span> <span class='ocrx_word' id='word_1_27' title='bbox 1174 526 1354 579; x_wconf 87' lang='lat' dir='ltr'>Nemo</span> <span class='ocrx_word' id='word_1_28' title='bbox 1388 526 1517 580; x_wconf 87' lang='lat' dir='ltr'>sine</span> <span class='ocrx_word' id='word_1_29' title='bbox 1549 527 1826 597; x_wconf 90' lang='lat' dir='ltr'>episc0po</span> <span class='ocrx_word' id='word_1_30' title='bbox 1857 526 1961 581; x_wconf 88' lang='lat' dir='ltr'>ali-</span> 
     </span>
    </p>
   </div>
   <div class='ocr_carea' id='block_1_7' title="bbox 310 607 1961 686">
    <p class='ocr_par' dir='ltr' id='par_1_7' title="bbox 310 607 1961 686">
     <span class='ocr_line' id='line_1_7' title="bbox 310 607 1961 686; baseline 0.004 -25"><span class='ocrx_word' id='word_1_31' title='bbox 310 607 454 676; x_wconf 87' lang='lat' dir='ltr'>quid</span> <span class='ocrx_word' id='word_1_32' title='bbox 486 614 620 679; x_wconf 89' lang='lat' dir='ltr'>agat</span> <span class='ocrx_word' id='word_1_33' title='bbox 650 626 857 667; x_wconf 79' lang='lat' dir='ltr'>eorum</span> <span class='ocrx_word' id='word_1_34' title='bbox 889 628 1019 681; x_wconf 68' lang='lat' dir='ltr'>qua:</span> <span class='ocrx_word' id='word_1_35' title='bbox 1064 612 1138 667; x_wconf 87' lang='lat' dir='ltr'>ad</span> <span class='ocrx_word' id='word_1_36' title='bbox 1187 613 1507 671; x_wconf 89' lang='lat' dir='ltr'>Ecclesiam</span> <span class='ocrx_word' id='word_1_37' title='bbox 1541 621 1828 686; x_wconf 79' lang='lat' dir='ltr'>spectant.</span> <span class='ocrx_word' id='word_1_38' title='bbox 1856 614 1961 669; x_wconf 86' lang='lat' dir='ltr'>Illa</span> 
     </span>
    </p>
   </div>
   <div class='ocr_carea' id='block_1_8' title="bbox 305 695 1956 777">
    <p class='ocr_par' dir='ltr' id='par_1_8' title="bbox 305 695 1956 777">
     <span class='ocr_line' id='line_1_8' title="bbox 305 695 1956 777; baseline 0.006 -29"><span class='ocrx_word' id='word_1_39' title='bbox 305 695 664 752; x_wconf 87' lang='lat' dir='ltr'>eucharistia</span> <span class='ocrx_word' id='word_1_40' title='bbox 698 699 870 755; x_wconf 80' lang='lat' dir='ltr'>ﬁrma</span> <span class='ocrx_word' id='word_1_41' title='bbox 919 708 1253 771; x_wconf 90' lang='lat' dir='ltr'>censeatur,</span> <span class='ocrx_word' id='word_1_42' title='bbox 1286 721 1417 774; x_wconf 73' lang='lat' dir='ltr'>quaa</span> <span class='ocrx_word' id='word_1_43' title='bbox 1457 705 1528 760; x_wconf 90' lang='lat' dir='ltr'>ab</span> <span class='ocrx_word' id='word_1_44' title='bbox 1561 706 1839 777; x_wconf 91' lang='lat' dir='ltr'>episcopo</span> <span class='ocrx_word' id='word_1_45' title='bbox 1872 705 1956 771; x_wconf 81' lang='lat' dir='ltr'>ﬁt,</span> 
     </span>
    </p>
   </div>
   <div class='ocr_carea' id='block_1_9' title="bbox 304 786 1957 865">
    <p class='ocr_par' dir='ltr' id='par_1_9' title="bbox 304 786 1957 865">
     <span class='ocr_line' id='line_1_9' title="bbox 304 786 1957 865; baseline 0.007 -28"><span class='ocrx_word' id='word_1_46' title='bbox 304 788 406 838; x_wconf 87' lang='lat' dir='ltr'>aut</span> <span class='ocrx_word' id='word_1_47' title='bbox 436 786 528 840; x_wconf 91' lang='lat' dir='ltr'>cui</span> <span class='ocrx_word' id='word_1_48' title='bbox 561 786 688 857; x_wconf 87' lang='lat' dir='ltr'>ipse</span> <span class='ocrx_word' id='word_1_49' title='bbox 719 789 1081 859; x_wconf 82' lang='lat' dir='ltr'>permiserit.</span> <span class='ocrx_word' id='word_1_50' title='bbox 1116 791 1221 846; x_wconf 87' lang='lat' dir='ltr'>Ubi</span> <span class='ocrx_word' id='word_1_51' title='bbox 1253 794 1596 864; x_wconf 79' lang='lat' dir='ltr'>apparuerit</span> <span class='ocrx_word' id='word_1_52' title='bbox 1622 794 1957 865; x_wconf 89' lang='lat' dir='ltr'>episcopus,</span> 
     </span>
    </p>
   </div>
   <div class='ocr_carea' id='block_1_10' title="bbox 303 871 1961 951">
    <p class='ocr_par' dir='ltr' id='par_1_10' title="bbox 303 871 1961 951">
     <span class='ocr_line' id='line_1_10' title="bbox 303 871 1961 951; baseline 0.006 -24"><span class='ocrx_word' id='word_1_53' title='bbox 303 871 422 927; x_wconf 89' lang='lat' dir='ltr'>illic</span> <span class='ocrx_word' id='word_1_54' title='bbox 454 874 771 931; x_wconf 85' lang='lat' dir='ltr'>multitudo</span> <span class='ocrx_word' id='word_1_55' title='bbox 822 878 930 945; x_wconf 87' lang='lat' dir='ltr'>sit;</span> <span class='ocrx_word' id='word_1_56' title='bbox 983 880 1485 951; x_wconf 83' lang='lat' dir='ltr'>quemadmodum</span> <span class='ocrx_word' id='word_1_57' title='bbox 1519 883 1616 938; x_wconf 92' lang='lat' dir='ltr'>ubi</span> <span class='ocrx_word' id='word_1_58' title='bbox 1667 888 1757 938; x_wconf 89' lang='lat' dir='ltr'>est</span> <span class='ocrx_word' id='word_1_59' title='bbox 1792 884 1961 937; x_wconf 86' lang='lat' dir='ltr'>Jesus</span> 
     </span>
    </p>
   </div>
   <div class='ocr_carea' id='block_1_11' title="bbox 303 962 1960 1031">
    <p class='ocr_par' dir='ltr' id='par_1_11' title="bbox 303 962 1960 1031">
     <span class='ocr_line' id='line_1_11' title="bbox 303 962 1960 1031; baseline 0.007 -16"><span class='ocrx_word' id='word_1_60' title='bbox 303 962 590 1031; x_wconf 79' lang='lat' dir='ltr'>Christus,</span> <span class='ocrx_word' id='word_1_61' title='bbox 613 965 734 1019; x_wconf 75' lang='lat' dir='ltr'>illic</span> <span class='ocrx_word' id='word_1_62' title='bbox 758 973 846 1021; x_wconf 88' lang='lat' dir='ltr'>est</span> <span class='ocrx_word' id='word_1_63' title='bbox 880 969 1141 1025; x_wconf 82' lang='lat' dir='ltr'>Ecclesia</span> <span class='ocrx_word' id='word_1_64' title='bbox 1171 970 1477 1029; x_wconf 85' lang='lat' dir='ltr'>catholica.</span> <span class='ocrx_word' id='word_1_65' title='bbox 1505 975 1631 1027; x_wconf 73' lang='lat' dir='ltr'>Non</span> <span class='ocrx_word' id='word_1_66' title='bbox 1662 972 1803 1027; x_wconf 88' lang='lat' dir='ltr'>licet</span> <span class='ocrx_word' id='word_1_67' title='bbox 1834 973 1960 1027; x_wconf 89' lang='lat' dir='ltr'>sine</span> 
     </span>
    </p>
   </div>
   <div class='ocr_carea' id='block_1_12' title="bbox 305 1052 1957 1136">
    <p class='ocr_par' dir='ltr' id='par_1_12' title="bbox 305 1052 1957 1136">
     <span class='ocr_line' id='line_1_12' title="bbox 305 1052 1957 1136; baseline 0.007 -30"><span class='ocrx_word' id='word_1_68' title='bbox 305 1052 602 1124; x_wconf 90' lang='lat' dir='ltr'>episcopo,</span> <span class='ocrx_word' id='word_1_69' title='bbox 662 1072 853 1126; x_wconf 86' lang='lat' dir='ltr'>neque</span> <span class='ocrx_word' id='word_1_70' title='bbox 905 1057 1219 1129; x_wconf 84' lang='lat' dir='ltr'>baptizare,</span> <span class='ocrx_word' id='word_1_71' title='bbox 1255 1078 1447 1132; x_wconf 89' lang='lat' dir='ltr'>neque</span> <span class='ocrx_word' id='word_1_72' title='bbox 1479 1079 1695 1136; x_wconf 85' lang='lat' dir='ltr'>agapas</span> <span class='ocrx_word' id='word_1_73' title='bbox 1722 1063 1914 1117; x_wconf 82' lang='lat' dir='ltr'>facere</span> <span class='ocrx_word' id='word_1_74' title='bbox 1944 1080 1957 1131; x_wconf 89' lang='lat'><strong>;</strong></span> 
     </span>
    </p>
   </div>
   <div class='ocr_carea' id='block_1_13' title="bbox 306 1141 1961 1218">
    <p class='ocr_par' dir='ltr' id='par_1_13' title="bbox 306 1141 1961 1218">
     <span class='ocr_line' id='line_1_13' title="bbox 306 1141 1961 1218; baseline 0.006 -23"><span class='ocrx_word' id='word_1_75' title='bbox 306 1141 410 1196; x_wconf 89' lang='lat' dir='ltr'>sed</span> <span class='ocrx_word' id='word_1_76' title='bbox 442 1142 596 1213; x_wconf 88' lang='lat' dir='ltr'>quod</span> <span class='ocrx_word' id='word_1_77' title='bbox 632 1144 731 1200; x_wconf 88' lang='lat' dir='ltr'>ille</span> <span class='ocrx_word' id='word_1_78' title='bbox 764 1147 1120 1218; x_wconf 83' lang='lat' dir='ltr'>probaverit,</span> <span class='ocrx_word' id='word_1_79' title='bbox 1180 1151 1290 1205; x_wconf 89' lang='lat' dir='ltr'>hoc</span> <span class='ocrx_word' id='word_1_80' title='bbox 1338 1153 1474 1206; x_wconf 85' lang='lat' dir='ltr'>Jesu</span> <span class='ocrx_word' id='word_1_81' title='bbox 1531 1152 1762 1206; x_wconf 84' lang='lat' dir='ltr'>Christo</span> <span class='ocrx_word' id='word_1_82' title='bbox 1798 1168 1961 1206; x_wconf 90' lang='lat' dir='ltr'>com-</span> 
     </span>
    </p>
   </div>
   <div class='ocr_carea' id='block_1_14' title="bbox 305 1230 1961 1311">
    <p class='ocr_par' dir='ltr' id='par_1_14' title="bbox 305 1230 1961 1311">
     <span class='ocr_line' id='line_1_14' title="bbox 305 1230 1961 1311; baseline 0.007 -27"><span class='ocrx_word' id='word_1_83' title='bbox 305 1230 589 1301; x_wconf 86' lang='lat' dir='ltr'>placitum</span> <span class='ocrx_word' id='word_1_84' title='bbox 620 1241 726 1303; x_wconf 86' lang='lat' dir='ltr'>est,</span> <span class='ocrx_word' id='word_1_85' title='bbox 761 1241 825 1290; x_wconf 92' lang='lat' dir='ltr'>ut</span> <span class='ocrx_word' id='word_1_86' title='bbox 862 1242 1053 1293; x_wconf 89' lang='lat' dir='ltr'>tutum</span> <span class='ocrx_word' id='word_1_87' title='bbox 1104 1242 1461 1310; x_wconf 73' lang='lat' dir='ltr'>ﬁrmumque</span> <span class='ocrx_word' id='word_1_88' title='bbox 1493 1241 1569 1295; x_wconf 88' lang='lat' dir='ltr'>sit</span> <span class='ocrx_word' id='word_1_89' title='bbox 1598 1258 1773 1296; x_wconf 91' lang='lat' dir='ltr'>omne</span> <span class='ocrx_word' id='word_1_90' title='bbox 1804 1240 1961 1311; x_wconf 89' lang='lat' dir='ltr'>quod</span> 
     </span>
    </p>
   </div>
   <div class='ocr_carea' id='block_1_15' title="bbox 305 1320 1959 1402">
    <p class='ocr_par' dir='ltr' id='par_1_15' title="bbox 305 1320 1959 1402">
     <span class='ocr_line' id='line_1_15' title="bbox 305 1320 1959 1402; baseline 0.005 -27"><span class='ocrx_word' id='word_1_91' title='bbox 305 1320 518 1391; x_wconf 86' lang='lat' dir='ltr'>agitur.</span> <span class='ocrx_word' id='word_1_92' title='bbox 548 1323 626 1377; x_wconf 91' lang='lat' dir='ltr'>De</span> <span class='ocrx_word' id='word_1_93' title='bbox 658 1330 871 1381; x_wconf 62' lang='lat' dir='ltr'>caetero</span> <span class='ocrx_word' id='word_1_94' title='bbox 894 1344 1126 1397; x_wconf 65' lang='lat' dir='ltr'>aequum</span> <span class='ocrx_word' id='word_1_95' title='bbox 1154 1335 1243 1384; x_wconf 89' lang='lat' dir='ltr'>est</span> <span class='ocrx_word' id='word_1_96' title='bbox 1263 1336 1327 1384; x_wconf 90' lang='lat' dir='ltr'>ut</span> <span class='ocrx_word' id='word_1_97' title='bbox 1350 1330 1959 1402; x_wconf 87' lang='lat' dir='ltr'>evigilemus,quando</span> 
     </span>
    </p>
   </div>
   <div class='ocr_carea' id='block_1_16' title="bbox 304 1413 1961 1491">
    <p class='ocr_par' dir='ltr' id='par_1_16' title="bbox 304 1413 1961 1491">
     <span class='ocr_line' id='line_1_16' title="bbox 304 1413 1961 1491; baseline 0.007 -29"><span class='ocrx_word' id='word_1_98' title='bbox 304 1415 538 1482; x_wconf 86' lang='lat' dir='ltr'>tempus</span> <span class='ocrx_word' id='word_1_99' title='bbox 570 1413 883 1485; x_wconf 87' lang='lat' dir='ltr'>habemus,</span> <span class='ocrx_word' id='word_1_100' title='bbox 909 1421 975 1470; x_wconf 92' lang='lat' dir='ltr'>ut</span> <span class='ocrx_word' id='word_1_101' title='bbox 1004 1434 1113 1472; x_wconf 92' lang='lat' dir='ltr'>nos</span> <span class='ocrx_word' id='word_1_102' title='bbox 1134 1419 1236 1473; x_wconf 91' lang='lat' dir='ltr'>Dei</span> <span class='ocrx_word' id='word_1_103' title='bbox 1261 1436 1438 1474; x_wconf 89' lang='lat' dir='ltr'>causa</span> <span class='ocrx_word' id='word_1_104' title='bbox 1469 1421 1770 1491; x_wconf 74' lang='lat' dir='ltr'>pceniteat.</span> <span class='ocrx_word' id='word_1_105' title='bbox 1797 1419 1961 1490; x_wconf 91' lang='lat' dir='ltr'>Opti-</span> 
     </span>
    </p>
   </div>
   <div class='ocr_carea' id='block_1_17' title="bbox 304 1502 1960 1579">
    <p class='ocr_par' dir='ltr' id='par_1_17' title="bbox 304 1502 1960 1579">
     <span class='ocr_line' id='line_1_17' title="bbox 304 1502 1960 1579; baseline 0.007 -27"><span class='ocrx_word' id='word_1_106' title='bbox 304 1515 470 1554; x_wconf 87' lang='lat' dir='ltr'>mum</span> <span class='ocrx_word' id='word_1_107' title='bbox 500 1505 608 1569; x_wconf 92' lang='lat' dir='ltr'>est,</span> <span class='ocrx_word' id='word_1_108' title='bbox 645 1502 829 1557; x_wconf 90' lang='lat' dir='ltr'>Deum</span> <span class='ocrx_word' id='word_1_109' title='bbox 877 1509 1053 1574; x_wconf 87' lang='lat' dir='ltr'>atque</span> <span class='ocrx_word' id='word_1_110' title='bbox 1101 1507 1445 1579; x_wconf 88' lang='lat' dir='ltr'>episcopum</span> <span class='ocrx_word' id='word_1_111' title='bbox 1477 1525 1674 1563; x_wconf 92' lang='lat' dir='ltr'>nosse.</span> <span class='ocrx_word' id='word_1_112' title='bbox 1713 1509 1820 1572; x_wconf 88' lang='lat' dir='ltr'>Qui</span> <span class='ocrx_word' id='word_1_113' title='bbox 1854 1508 1960 1563; x_wconf 87' lang='lat' dir='ltr'>ho-</span> 
     </span>
    </p>
   </div>
   <div class='ocr_carea' id='block_1_18' title="bbox 301 1590 1963 1669">
    <p class='ocr_par' dir='ltr' id='par_1_18' title="bbox 301 1590 1963 1669">
     <span class='ocr_line' id='line_1_18' title="bbox 301 1590 1963 1669; baseline 0.005 -27"><span class='ocrx_word' id='word_1_114' title='bbox 301 1593 473 1643; x_wconf 87' lang='lat' dir='ltr'>norat</span> <span class='ocrx_word' id='word_1_115' title='bbox 506 1590 872 1662; x_wconf 84' lang='lat' dir='ltr'>episcopum,</span> <span class='ocrx_word' id='word_1_116' title='bbox 897 1611 929 1647; x_wconf 86' lang='lat' dir='ltr'>a</span> <span class='ocrx_word' id='word_1_117' title='bbox 960 1596 1075 1649; x_wconf 91' lang='lat' dir='ltr'>Deo</span> <span class='ocrx_word' id='word_1_118' title='bbox 1098 1596 1425 1652; x_wconf 83' lang='lat' dir='ltr'>honoratur</span> <span class='ocrx_word' id='word_1_119' title='bbox 1449 1615 1461 1663; x_wconf 86' lang='lat'><strong>;</strong></span> <span class='ocrx_word' id='word_1_120' title='bbox 1497 1599 1596 1669; x_wconf 89' lang='lat' dir='ltr'>qui</span> <span class='ocrx_word' id='word_1_121' title='bbox 1623 1598 1681 1652; x_wconf 92' lang='lat' dir='ltr'>in</span> <span class='ocrx_word' id='word_1_122' title='bbox 1699 1598 1819 1653; x_wconf 89' lang='lat' dir='ltr'>scio</span> <span class='ocrx_word' id='word_1_123' title='bbox 1845 1598 1963 1669; x_wconf 91' lang='lat' dir='ltr'>epi-</span> 
     </span>
    </p>
   </div>
   <div class='ocr_carea' id='block_1_19' title="bbox 310 1682 1963 1760">
    <p class='ocr_par' dir='ltr' id='par_1_19' title="bbox 310 1682 1963 1760">
     <span class='ocr_line' id='line_1_19' title="bbox 310 1682 1963 1760; baseline 0.005 -24"><span class='ocrx_word' id='word_1_124' title='bbox 310 1698 491 1752; x_wconf 90' lang='lat' dir='ltr'>scopo</span> <span class='ocrx_word' id='word_1_125' title='bbox 522 1682 748 1754; x_wconf 91' lang='lat' dir='ltr'>aliquid</span> <span class='ocrx_word' id='word_1_126' title='bbox 781 1684 918 1757; x_wconf 80' lang='lat' dir='ltr'>agit,</span> <span class='ocrx_word' id='word_1_127' title='bbox 954 1686 1276 1742; x_wconf 87' lang='lat' dir='ltr'>hicdiaboli</span> <span class='ocrx_word' id='word_1_128' title='bbox 1310 1688 1504 1745; x_wconf 89' lang='lat' dir='ltr'>cultor</span> <span class='ocrx_word' id='word_1_129' title='bbox 1536 1695 1645 1745; x_wconf 91' lang='lat' dir='ltr'>est.</span> <span class='ocrx_word' id='word_1_130' title='bbox 1678 1690 1808 1760; x_wconf 85' lang='lat' dir='ltr'>Epis</span> <span class='ocrx_word' id='word_1_131' title='bbox 1840 1689 1963 1746; x_wconf 88' lang='lat' dir='ltr'>t.ad</span> 
     </span>
    </p>
   </div>
   <div class='ocr_carea' id='block_1_20' title="bbox 310 1771 968 1845">
    <p class='ocr_par' dir='ltr' id='par_1_20' title="bbox 310 1771 968 1845">
     <span class='ocr_line' id='line_1_20' title="bbox 310 1771 968 1845; baseline 0.006 -19"><span class='ocrx_word' id='word_1_132' title='bbox 310 1771 544 1842; x_wconf 82' lang='lat' dir='ltr'>Smyrn.</span> <span class='ocrx_word' id='word_1_133' title='bbox 578 1790 739 1845; x_wconf 84' lang='lat' dir='ltr'>capp.</span> <span class='ocrx_word' id='word_1_134' title='bbox 773 1777 805 1829; x_wconf 89' lang='lat'>8</span> <span class='ocrx_word' id='word_1_135' title='bbox 835 1784 885 1830; x_wconf 83' lang='lat' dir='ltr'>et</span> <span class='ocrx_word' id='word_1_136' title='bbox 916 1780 968 1831; x_wconf 79' lang='lat'>9.</span> 
     </span>
    </p>
   </div>
   <div class='ocr_carea' id='block_1_21' title="bbox 2069 516 3729 594">
    <p class='ocr_par' dir='ltr' id='par_1_21' title="bbox 2069 516 3729 594">
     <span class='ocr_line' id='line_1_21' title="bbox 2069 516 3729 594; baseline 0.001 -19"><span class='ocrx_word' id='word_1_137' title='bbox 2069 519 2312 581; x_wconf 79' lang='grc' dir='ltr'>στόλοις”</span> <span class='ocrx_word' id='word_1_138' title='bbox 2378 521 2505 582; x_wconf 74' lang='grc' dir='ltr'>τοὺς</span> <span class='ocrx_word' id='word_1_139' title='bbox 2563 516 2620 574; x_wconf 78' lang='grc' dir='ltr'>δὲ</span> <span class='ocrx_word' id='word_1_140' title='bbox 2677 517 2964 582; x_wconf 83' lang='grc' dir='ltr'>διακόνους</span> <span class='ocrx_word' id='word_1_141' title='bbox 3018 522 3328 594; x_wconf 78' lang='grc' dir='ltr'>ἐντρέπεσθε</span> <span class='ocrx_word' id='word_1_142' title='bbox 3373 521 3448 585; x_wconf 83' lang='grc' dir='ltr'>ὡς</span> <span class='ocrx_word' id='word_1_143' title='bbox 3478 524 3615 577; x_wconf 93' lang='grc' dir='ltr'>Θεοῦ</span> <span class='ocrx_word' id='word_1_144' title='bbox 3644 520 3729 576; x_wconf 75' lang='grc' dir='ltr'>ἐν·</span> 
     </span>
    </p>
   </div>
   <div class='ocr_carea' id='block_1_22' title="bbox 2066 606 3722 684">
    <p class='ocr_par' dir='ltr' id='par_1_22' title="bbox 2066 606 3722 684">
     <span class='ocr_line' id='line_1_22' title="bbox 2066 606 3722 684; baseline 0 -19"><span class='ocrx_word' id='word_1_145' title='bbox 2066 607 2257 680; x_wconf 76' lang='grc' dir='ltr'>τολήν.</span> <span class='ocrx_word' id='word_1_146' title='bbox 2317 606 2528 679; x_wconf 80' lang='grc' dir='ltr'>Μηδεὶς</span> <span class='ocrx_word' id='word_1_147' title='bbox 2588 608 2764 683; x_wconf 86' lang='grc' dir='ltr'>χωρὶς</span> <span class='ocrx_word' id='word_1_148' title='bbox 2820 608 3121 664; x_wconf 81' lang='grc' dir='ltr'>ἐπισκόπου</span> <span class='ocrx_word' id='word_1_149' title='bbox 3176 629 3227 662; x_wconf 91' lang='grc' dir='ltr'>τι</span> <span class='ocrx_word' id='word_1_150' title='bbox 3277 609 3560 684; x_wconf 79' lang='grc' dir='ltr'>πρασσέτω</span> <span class='ocrx_word' id='word_1_151' title='bbox 3609 615 3722 665; x_wconf 80' lang='grc' dir='ltr'>τῶν</span> 
     </span>
    </p>
   </div>
   <div class='ocr_carea' id='block_1_23' title="bbox 2068 692 3723 775">
    <p class='ocr_par' dir='ltr' id='par_1_23' title="bbox 2068 692 3723 775">
     <span class='ocr_line' id='line_1_23' title="bbox 2068 692 3723 775; baseline -0.001 -20"><span class='ocrx_word' id='word_1_152' title='bbox 2068 699 2378 771; x_wconf 74' lang='grc' dir='ltr'>ἀνηκόντων</span> <span class='ocrx_word' id='word_1_153' title='bbox 2412 697 2463 752; x_wconf 88' lang='grc' dir='ltr'>ἐν</span> <span class='ocrx_word' id='word_1_154' title='bbox 2511 696 2828 769; x_wconf 77' lang='grc' dir='ltr'>Ἐκκλησῖᾳ.</span> <span class='ocrx_word' id='word_1_155' title='bbox 2869 692 3074 753; x_wconf 75' lang='grc' dir='ltr'>Βεϐαία</span> <span class='ocrx_word' id='word_1_156' title='bbox 3135 697 3452 773; x_wconf 78' lang='grc' dir='ltr'>εὐχαριστία</span> <span class='ocrx_word' id='word_1_157' title='bbox 3482 697 3723 775; x_wconf 77' lang='grc' dir='ltr'>ἡγείσθω</span> 
     </span>
    </p>
   </div>
   <div class='ocr_carea' id='block_1_24' title="bbox 2068 784 3719 861">
    <p class='ocr_par' dir='ltr' id='par_1_24' title="bbox 2068 784 3719 861">
     <span class='ocr_line' id='line_1_24' title="bbox 2068 784 3719 861; baseline 0.001 -18"><span class='ocrx_word' id='word_1_158' title='bbox 2068 792 2103 858; x_wconf 73' lang='grc' dir='ltr'>ἡ</span> <span class='ocrx_word' id='word_1_159' title='bbox 2143 788 2240 843; x_wconf 83' lang='grc' dir='ltr'>τοῦ</span> <span class='ocrx_word' id='word_1_160' title='bbox 2289 787 2588 843; x_wconf 81' lang='grc' dir='ltr'>ἐπισκόπου</span> <span class='ocrx_word' id='word_1_161' title='bbox 2633 784 2787 853; x_wconf 75' lang='grc' dir='ltr'>οὖσα,</span> <span class='ocrx_word' id='word_1_162' title='bbox 2851 789 2885 856; x_wconf 78' lang='grc' dir='ltr'><strong>ἢ</strong></span> <span class='ocrx_word' id='word_1_163' title='bbox 2954 786 3001 858; x_wconf 83' lang='grc' dir='ltr'>ᾧ</span> <span class='ocrx_word' id='word_1_164' title='bbox 3058 785 3145 841; x_wconf 84' lang='grc' dir='ltr'>ἐάν</span> <span class='ocrx_word' id='word_1_165' title='bbox 3212 786 3374 849; x_wconf 84' lang='grc' dir='ltr'>αὐτὸς</span> <span class='ocrx_word' id='word_1_166' title='bbox 3434 786 3719 861; x_wconf 76' lang='grc' dir='ltr'>ἐπιτρέψῃ.</span> 
     </span>
    </p>
   </div>
   <div class='ocr_carea' id='block_1_25' title="bbox 2068 873 3727 955">
    <p class='ocr_par' dir='ltr' id='par_1_25' title="bbox 2068 873 3727 955">
     <span class='ocr_line' id='line_1_25' title="bbox 2068 873 3727 955; baseline -0.004 -20"><span class='ocrx_word' id='word_1_167' title='bbox 2068 879 2242 935; x_wconf 87' lang='grc' dir='ltr'>Ὅπου</span> <span class='ocrx_word' id='word_1_168' title='bbox 2274 876 2336 932; x_wconf 78' lang='grc' dir='ltr'>ἄν</span> <span class='ocrx_word' id='word_1_169' title='bbox 2369 879 2511 955; x_wconf 80' lang='grc' dir='ltr'>φανῇ</span> <span class='ocrx_word' id='word_1_170' title='bbox 2562 878 2589 931; x_wconf 85' lang='grc' dir='ltr'><strong>ὁ</strong></span> <span class='ocrx_word' id='word_1_171' title='bbox 2637 874 2957 945; x_wconf 79' lang='grc' dir='ltr'>ἐπίσκοπος,</span> <span class='ocrx_word' id='word_1_172' title='bbox 2992 874 3109 930; x_wconf 79' lang='grc' dir='ltr'>ἐκεῖ</span> <span class='ocrx_word' id='word_1_173' title='bbox 3154 876 3216 930; x_wconf 88' lang='grc' dir='ltr'>τὸ</span> <span class='ocrx_word' id='word_1_174' title='bbox 3266 873 3500 943; x_wconf 80' lang='grc' dir='ltr'>πλῆθος·</span> <span class='ocrx_word' id='word_1_175' title='bbox 3537 877 3727 949; x_wconf 83' lang='grc' dir='ltr'>ὥσπερ</span> 
     </span>
    </p>
   </div>
   <div class='ocr_carea' id='block_1_26' title="bbox 2070 963 3727 1040">
    <p class='ocr_par' dir='ltr' id='par_1_26' title="bbox 2070 963 3727 1040">
     <span class='ocr_line' id='line_1_26' title="bbox 2070 963 3727 1040; baseline -0.002 -18"><span class='ocrx_word' id='word_1_176' title='bbox 2070 966 2206 1022; x_wconf 73' lang='grc' dir='ltr'>ὅπου</span> <span class='ocrx_word' id='word_1_177' title='bbox 2241 965 2327 1021; x_wconf 74' lang='grc' dir='ltr'>ἐάν</span> <span class='ocrx_word' id='word_1_178' title='bbox 2356 965 2392 1040; x_wconf 73' lang='grc' dir='ltr'>ᾖ</span> <span class='ocrx_word' id='word_1_179' title='bbox 2426 967 2634 1036; x_wconf 78' lang='grc' dir='ltr'>Ἰησοῦς</span> <span class='ocrx_word' id='word_1_180' title='bbox 2670 966 2928 1040; x_wconf 80' lang='grc' dir='ltr'>Χριστὸς,</span> <span class='ocrx_word' id='word_1_181' title='bbox 2968 964 3078 1018; x_wconf 83' lang='grc' dir='ltr'>ἐκεῖ</span> <span class='ocrx_word' id='word_1_182' title='bbox 3108 966 3142 1033; x_wconf 80' lang='grc' dir='ltr'><strong>ἡ</strong></span> <span class='ocrx_word' id='word_1_183' title='bbox 3173 963 3447 1031; x_wconf 84' lang='grc' dir='ltr'>καθολική</span> <span class='ocrx_word' id='word_1_184' title='bbox 3480 963 3727 1034; x_wconf 80' lang='grc' dir='ltr'>Ἐκκλη-</span> 
     </span>
    </p>
   </div>
   <div class='ocr_carea' id='block_1_27' title="bbox 2069 1049 3728 1130">
    <p class='ocr_par' dir='ltr' id='par_1_27' title="bbox 2069 1049 3728 1130">
     <span class='ocr_line' id='line_1_27' title="bbox 2069 1049 3728 1130; baseline -0.002 -19"><span class='ocrx_word' id='word_1_185' title='bbox 2069 1056 2177 1113; x_wconf 78' lang='grc' dir='ltr'>σέα.</span> <span class='ocrx_word' id='word_1_186' title='bbox 2228 1055 2343 1112; x_wconf 81' lang='grc' dir='ltr'>Οὐκ</span> <span class='ocrx_word' id='word_1_187' title='bbox 2398 1054 2510 1125; x_wconf 80' lang='grc' dir='ltr'>ἐξόν</span> <span class='ocrx_word' id='word_1_188' title='bbox 2570 1053 2680 1109; x_wconf 82' lang='grc' dir='ltr'>ἐστι</span> <span class='ocrx_word' id='word_1_189' title='bbox 2742 1052 2917 1130; x_wconf 74' lang='grc' dir='ltr'>χωρές</span> <span class='ocrx_word' id='word_1_190' title='bbox 2974 1052 3295 1117; x_wconf 78' lang='grc' dir='ltr'>ἐπισκόπου.</span> <span class='ocrx_word' id='word_1_191' title='bbox 3356 1049 3480 1108; x_wconf 81' lang='grc' dir='ltr'>οῦτε</span> <span class='ocrx_word' id='word_1_192' title='bbox 3529 1052 3728 1128; x_wconf 79' lang='grc' dir='ltr'>βαπτί-</span> 
     </span>
    </p>
   </div>
   <div class='ocr_carea' id='block_1_28' title="bbox 2072 1142 3727 1221">
    <p class='ocr_par' dir='ltr' id='par_1_28' title="bbox 2072 1142 3727 1221">
     <span class='ocr_line' id='line_1_28' title="bbox 2072 1142 3727 1221; baseline -0.002 -19"><span class='ocrx_word' id='word_1_193' title='bbox 2072 1155 2200 1219; x_wconf 80' lang='grc' dir='ltr'>ζειν,</span> <span class='ocrx_word' id='word_1_194' title='bbox 2256 1144 2379 1201; x_wconf 69' lang='grc' dir='ltr'>οὔτε</span> <span class='ocrx_word' id='word_1_195' title='bbox 2434 1147 2640 1221; x_wconf 79' lang='grc' dir='ltr'>ἀγάπας</span> <span class='ocrx_word' id='word_1_196' title='bbox 2692 1151 2890 1213; x_wconf 80' lang='grc' dir='ltr'>ποιεῖν,</span> <span class='ocrx_word' id='word_1_197' title='bbox 2941 1144 3070 1200; x_wconf 83' lang='grc' dir='ltr'>ἀλλ’</span> <span class='ocrx_word' id='word_1_198' title='bbox 3101 1145 3130 1198; x_wconf 82' lang='grc' dir='ltr'>ὅ</span> <span class='ocrx_word' id='word_1_199' title='bbox 3170 1145 3258 1198; x_wconf 76' lang='grc' dir='ltr'>ἐὰν</span> <span class='ocrx_word' id='word_1_200' title='bbox 3304 1144 3510 1206; x_wconf 80' lang='grc' dir='ltr'>ἐκεῖνος</span> <span class='ocrx_word' id='word_1_201' title='bbox 3567 1142 3727 1198; x_wconf 81' lang='grc' dir='ltr'>δοκι-</span> 
     </span>
    </p>
   </div>
   <div class='ocr_carea' id='block_1_29' title="bbox 2074 1232 3727 1311">
    <p class='ocr_par' dir='ltr' id='par_1_29' title="bbox 2074 1232 3727 1311">
     <span class='ocr_line' id='line_1_29' title="bbox 2074 1232 3727 1311; baseline -0.003 -19"><span class='ocrx_word' id='word_1_202' title='bbox 2074 1238 2242 1311; x_wconf 64' lang='grc' dir='ltr'>μάσῃ,</span> <span class='ocrx_word' id='word_1_203' title='bbox 2291 1241 2455 1291; x_wconf 87' lang='grc' dir='ltr'>τοῦτο</span> <span class='ocrx_word' id='word_1_204' title='bbox 2504 1234 2595 1290; x_wconf 79' lang='grc' dir='ltr'>καὶ</span> <span class='ocrx_word' id='word_1_205' title='bbox 2642 1239 2722 1307; x_wconf 80' lang='grc' dir='ltr'>τῷ</span> <span class='ocrx_word' id='word_1_206' title='bbox 2773 1236 2954 1305; x_wconf 74' lang='grc' dir='ltr'>Ἰησοῦ</span> <span class='ocrx_word' id='word_1_207' title='bbox 3010 1238 3237 1309; x_wconf 82' lang='grc' dir='ltr'>Χριστῷ</span> <span class='ocrx_word' id='word_1_208' title='bbox 3278 1232 3584 1307; x_wconf 72' lang='grc' dir='ltr'>εὐάρεστον,</span> <span class='ocrx_word' id='word_1_209' title='bbox 3632 1233 3727 1287; x_wconf 74' lang='grc' dir='ltr'>’ἱνα</span> 
     </span>
    </p>
   </div>
   <div class='ocr_carea' id='block_1_30' title="bbox 2071 1319 3721 1402">
    <p class='ocr_par' dir='ltr' id='par_1_30' title="bbox 2071 1319 3721 1402">
     <span class='ocr_line' id='line_1_30' title="bbox 2071 1319 3721 1402; baseline -0.004 -19"><span class='ocrx_word' id='word_1_210' title='bbox 2071 1327 2309 1402; x_wconf 64' lang='grc' dir='ltr'>ἀσφαλὲς</span> <span class='ocrx_word' id='word_1_211' title='bbox 2357 1328 2394 1396; x_wconf 71' lang='grc' dir='ltr'>ᾖ</span> <span class='ocrx_word' id='word_1_212' title='bbox 2440 1326 2527 1380; x_wconf 84' lang='grc' dir='ltr'>καὶ</span> <span class='ocrx_word' id='word_1_213' title='bbox 2594 1319 2811 1401; x_wconf 74' lang='grc' dir='ltr'>βέϐαιον</span> <span class='ocrx_word' id='word_1_214' title='bbox 2870 1329 2973 1381; x_wconf 82' lang='grc' dir='ltr'>πᾶν</span> <span class='ocrx_word' id='word_1_215' title='bbox 3027 1323 3058 1378; x_wconf 77' lang='grc' dir='ltr'>ὅ</span> <span class='ocrx_word' id='word_1_216' title='bbox 3115 1324 3433 1400; x_wconf 72' lang='grc' dir='ltr'>πράσσεται.</span> <span class='ocrx_word' id='word_1_217' title='bbox 3477 1320 3721 1393; x_wconf 81' lang='grc' dir='ltr'>Εῦλογόν</span> 
     </span>
    </p>
   </div>
   <div class='ocr_carea' id='block_1_31' title="bbox 2070 1406 3726 1487">
    <p class='ocr_par' dir='ltr' id='par_1_31' title="bbox 2070 1406 3726 1487">
     <span class='ocr_line' id='line_1_31' title="bbox 2070 1406 3726 1487; baseline -0.004 -15"><span class='ocrx_word' id='word_1_218' title='bbox 2070 1419 2180 1472; x_wconf 80' lang='grc' dir='ltr'>ἐστι</span> <span class='ocrx_word' id='word_1_219' title='bbox 2214 1416 2406 1472; x_wconf 87' lang='grc' dir='ltr'>λοιπὸν</span> <span class='ocrx_word' id='word_1_220' title='bbox 2463 1415 2727 1487; x_wconf 76' lang='grc' dir='ltr'>ἀνανῆψαι</span> <span class='ocrx_word' id='word_1_221' title='bbox 2788 1415 2961 1487; x_wconf 74' lang='grc' dir='ltr'>ἡμᾶς,</span> <span class='ocrx_word' id='word_1_222' title='bbox 3020 1412 3094 1475; x_wconf 84' lang='grc' dir='ltr'>ὡς</span> <span class='ocrx_word' id='word_1_223' title='bbox 3153 1414 3342 1487; x_wconf 85' lang='grc' dir='ltr'>καιρὸν</span> <span class='ocrx_word' id='word_1_224' title='bbox 3398 1406 3601 1487; x_wconf 79' lang='grc' dir='ltr'>ἔχομεν</span> <span class='ocrx_word' id='word_1_225' title='bbox 3645 1411 3726 1474; x_wconf 80' lang='grc' dir='ltr'>εἰς</span> 
     </span>
    </p>
   </div>
   <div class='ocr_carea' id='block_1_32' title="bbox 2073 1500 3722 1580">
    <p class='ocr_par' dir='ltr' id='par_1_32' title="bbox 2073 1500 3722 1580">
     <span class='ocr_line' id='line_1_32' title="bbox 2073 1500 3722 1580; baseline -0.004 -17"><span class='ocrx_word' id='word_1_226' title='bbox 2073 1508 2199 1563; x_wconf 86' lang='grc' dir='ltr'>Θεὸν</span> <span class='ocrx_word' id='word_1_227' title='bbox 2260 1509 2561 1580; x_wconf 83' lang='grc' dir='ltr'>μετανοεῖν.</span> <span class='ocrx_word' id='word_1_228' title='bbox 2621 1502 2821 1565; x_wconf 79' lang='grc' dir='ltr'>Καλῶς</span> <span class='ocrx_word' id='word_1_229' title='bbox 2884 1500 3005 1578; x_wconf 82' lang='grc' dir='ltr'>ἔχει</span> <span class='ocrx_word' id='word_1_230' title='bbox 3088 1502 3216 1558; x_wconf 85' lang='grc' dir='ltr'>Θεὸν</span> <span class='ocrx_word' id='word_1_231' title='bbox 3276 1503 3368 1558; x_wconf 84' lang='grc' dir='ltr'>καὶ</span> <span class='ocrx_word' id='word_1_232' title='bbox 3425 1501 3722 1558; x_wconf 81' lang='grc' dir='ltr'>ἐπίσκοπον</span> 
     </span>
    </p>
   </div>
   <div class='ocr_carea' id='block_1_33' title="bbox 2074 1590 3720 1667">
    <p class='ocr_par' dir='ltr' id='par_1_33' title="bbox 2074 1590 3720 1667">
     <span class='ocr_line' id='line_1_33' title="bbox 2074 1590 3720 1667; baseline -0.004 -14"><span class='ocrx_word' id='word_1_233' title='bbox 2074 1594 2289 1653; x_wconf 67' lang='grc' dir='ltr'>εἰδέναι.</span> <span class='ocrx_word' id='word_1_234' title='bbox 2352 1599 2408 1648; x_wconf 91' lang='grc' dir='ltr'>Ὁ</span> <span class='ocrx_word' id='word_1_235' title='bbox 2466 1597 2641 1667; x_wconf 80' lang='grc' dir='ltr'>τιμῶν</span> <span class='ocrx_word' id='word_1_236' title='bbox 2690 1592 3001 1660; x_wconf 83' lang='grc' dir='ltr'>ἐπίσκοπον,</span> <span class='ocrx_word' id='word_1_237' title='bbox 3059 1592 3161 1648; x_wconf 85' lang='grc' dir='ltr'>ὑπὸ</span> <span class='ocrx_word' id='word_1_238' title='bbox 3221 1595 3356 1647; x_wconf 90' lang='grc' dir='ltr'>Θεοῦ</span> <span class='ocrx_word' id='word_1_239' title='bbox 3411 1590 3720 1665; x_wconf 72' lang='grc' dir='ltr'>τετίμηταισ</span> 
     </span>
    </p>
   </div>
   <div class='ocr_carea' id='block_1_34' title="bbox 2072 1675 3722 1760">
    <p class='ocr_par' dir='ltr' id='par_1_34' title="bbox 2072 1675 3722 1760">
     <span class='ocr_line' id='line_1_34' title="bbox 2072 1675 3722 1760; baseline -0.002 -20"><span class='ocrx_word' id='word_1_240' title='bbox 2072 1687 2100 1740; x_wconf 85' lang='grc' dir='ltr'>ὁ</span> <span class='ocrx_word' id='word_1_241' title='bbox 2132 1684 2306 1760; x_wconf 80' lang='grc' dir='ltr'>λάθρα</span> <span class='ocrx_word' id='word_1_242' title='bbox 2371 1681 2670 1739; x_wconf 79' lang='grc' dir='ltr'>ἐπισκόπου</span> <span class='ocrx_word' id='word_1_243' title='bbox 2731 1703 2783 1737; x_wconf 87' lang='grc' dir='ltr'>τι</span> <span class='ocrx_word' id='word_1_244' title='bbox 2849 1682 3129 1757; x_wconf 78' lang='grc' dir='ltr'>πράσσων,</span> <span class='ocrx_word' id='word_1_245' title='bbox 3199 1681 3278 1753; x_wconf 82' lang='grc' dir='ltr'>τῷ</span> <span class='ocrx_word' id='word_1_246' title='bbox 3346 1675 3591 1753; x_wconf 74' lang='grc' dir='ltr'>διαϐόλῳ</span> <span class='ocrx_word' id='word_1_247' title='bbox 3620 1680 3722 1737; x_wconf 86' lang='grc' dir='ltr'>λα-</span> 
     </span>
    </p>
   </div>
   <div class='ocr_carea' id='block_1_35' title="bbox 1989 1764 2265 1852">
    <p class='ocr_par' dir='ltr' id='par_1_35' title="bbox 1989 1764 2265 1852">
     <span class='ocr_line' id='line_1_35' title="bbox 1989 1764 2265 1852; baseline 0.011 -24"><span class='ocrx_word' id='word_1_248' title='bbox 1989 1764 2037 1828; x_wconf 79' lang='grc' dir='ltr'><strong>Β</strong></span> <span class='ocrx_word' id='word_1_249' title='bbox 2064 1777 2265 1852; x_wconf 73' lang='grc' dir='ltr'>τρεόει.</span> 
     </span>
    </p>
   </div>
   <div class='ocr_carea' id='block_1_36' title="bbox 386 1862 3723 1945">
    <p class='ocr_par' dir='ltr' id='par_1_36' title="bbox 386 1862 3723 1945">
     <span class='ocr_line' id='line_1_36' title="bbox 386 1862 3723 1945; baseline 0 -29"><span class='ocrx_word' id='word_1_250' title='bbox 386 1862 624 1945; x_wconf 38' lang='lat' dir='ltr'>Ibidem.</span> <span class='ocrx_word' id='word_1_251' title='bbox 648 1880 777 1945; x_wconf 80' lang='lat' dir='ltr'>pag.</span> <span class='ocrx_word' id='word_1_252' title='bbox 812 1869 937 1936; x_wconf 78' lang='grc'>514,</span> <span class='ocrx_word' id='word_1_253' title='bbox 970 1866 1177 1924; x_wconf 84' lang='lat' dir='ltr'>eadem</span> <span class='ocrx_word' id='word_1_254' title='bbox 1210 1874 1530 1924; x_wconf 86' lang='lat' dir='ltr'>occurrunt</span> <span class='ocrx_word' id='word_1_255' title='bbox 1558 1869 1619 1923; x_wconf 91' lang='lat' dir='ltr'>in</span> <span class='ocrx_word' id='word_1_256' title='bbox 1646 1869 1906 1924; x_wconf 82' lang='lat' dir='ltr'>Paratlet.</span> <span class='ocrx_word' id='word_1_257' title='bbox 1938 1871 2141 1937; x_wconf 61' lang='lat' dir='ltr'>Vatia,</span> <span class='ocrx_word' id='word_1_258' title='bbox 2164 1865 2380 1923; x_wconf 84' lang='lat' dir='ltr'>alicubi</span> <span class='ocrx_word' id='word_1_259' title='bbox 2416 1870 2613 1922; x_wconf 87' lang='lat' dir='ltr'>tamen</span> <span class='ocrx_word' id='word_1_260' title='bbox 2638 1864 2869 1921; x_wconf 86' lang='lat' dir='ltr'>diversa</span> <span class='ocrx_word' id='word_1_261' title='bbox 2899 1863 3174 1922; x_wconf 85' lang='lat' dir='ltr'>nonnihil</span> <span class='ocrx_word' id='word_1_262' title='bbox 3204 1880 3239 1920; x_wconf 82' lang='grc' dir='ltr'>θ.</span> <span class='ocrx_word' id='word_1_263' title='bbox 3266 1862 3723 1935; x_wconf 79' lang='lat' dir='ltr'>Rupefucaldinis</span> 
     </span>
    </p>
   </div>
   <div class='ocr_carea' id='block_1_37' title="bbox 313 1932 767 2008">
    <p class='ocr_par' dir='ltr' id='par_1_37' title="bbox 313 1932 767 2008">
     <span class='ocr_line' id='line_1_37' title="bbox 313 1932 767 2008; baseline 0.007 -19"><span class='ocrx_word' id='word_1_264' title='bbox 313 1932 408 1989; x_wconf 90' lang='lat' dir='ltr'>hic</span> <span class='ocrx_word' id='word_1_265' title='bbox 437 1932 767 2008; x_wconf 76' lang='lat' dir='ltr'>descriptis.</span> 
     </span>
    </p>
   </div>
   <div class='ocr_carea' id='block_1_38' title="bbox 1411 2102 2613 2173">
    <p class='ocr_par' dir='ltr' id='par_1_38' title="bbox 1411 2102 2613 2173">
     <span class='ocr_line' id='line_1_38' title="bbox 1411 2102 2613 2173; baseline -0.001 -16"><span class='ocrx_word' id='word_1_266' title='bbox 1411 2105 1543 2159; x_wconf 81' lang='lat' dir='ltr'>IDEM</span> <span class='ocrx_word' id='word_1_267' title='bbox 1572 2103 1733 2172; x_wconf 75' lang='lat' dir='ltr'>ibid.,</span> <span class='ocrx_word' id='word_1_268' title='bbox 1762 2103 1871 2157; x_wconf 84' lang='lat' dir='ltr'>litt.</span> <span class='ocrx_word' id='word_1_269' title='bbox 1905 2119 1957 2171; x_wconf 90' lang='grc' dir='ltr'>α,</span> <span class='ocrx_word' id='word_1_270' title='bbox 1992 2103 2080 2157; x_wconf 85' lang='lat' dir='ltr'>tit.</span> <span class='ocrx_word' id='word_1_271' title='bbox 2126 2117 2187 2168; x_wconf 83' lang='grc' dir='ltr'>ιι,</span> <span class='ocrx_word' id='word_1_272' title='bbox 2223 2118 2361 2173; x_wconf 86' lang='lat' dir='ltr'>pag.</span> <span class='ocrx_word' id='word_1_273' title='bbox 2394 2103 2519 2171; x_wconf 68' lang='lat'>747,</span> <span class='ocrx_word' id='word_1_274' title='bbox 2552 2102 2613 2156; x_wconf 85' lang='lat' dir='ltr'>C.</span> 
     </span>
    </p>
   </div>
   <div class='ocr_carea' id='block_1_39' title="bbox 903 2226 1364 2283">
    <p class='ocr_par' dir='ltr' id='par_1_39' title="bbox 903 2226 1364 2283">
     <span class='ocr_line' id='line_1_39' title="bbox 903 2226 1364 2283; baseline 0.004 -2"><span class='ocrx_word' id='word_1_275' title='bbox 903 2226 1094 2281; x_wconf 80' lang='lat' dir='ltr'>Sancti</span> <span class='ocrx_word' id='word_1_276' title='bbox 1132 2227 1364 2283; x_wconf 62' lang='lat' dir='ltr'>Icmrn.</span> 
     </span>
    </p>
   </div>
   <div class='ocr_carea' id='block_1_40' title="bbox 378 2330 1962 2405">
    <p class='ocr_par' dir='ltr' id='par_1_40' title="bbox 378 2330 1962 2405">
     <span class='ocr_line' id='line_1_40' title="bbox 378 2330 1962 2405; baseline 0.002 -20"><span class='ocrx_word' id='word_1_277' title='bbox 378 2331 484 2394; x_wconf 84' lang='lat' dir='ltr'>Qui</span> <span class='ocrx_word' id='word_1_278' title='bbox 517 2330 762 2402; x_wconf 84' lang='lat' dir='ltr'>perfecti</span> <span class='ocrx_word' id='word_1_279' title='bbox 797 2332 956 2401; x_wconf 90' lang='lat' dir='ltr'>estis,</span> <span class='ocrx_word' id='word_1_280' title='bbox 990 2334 1248 2403; x_wconf 88' lang='lat' dir='ltr'>perfecta</span> <span class='ocrx_word' id='word_1_281' title='bbox 1282 2333 1491 2405; x_wconf 90' lang='lat' dir='ltr'>sapite.</span> <span class='ocrx_word' id='word_1_282' title='bbox 1525 2334 1647 2390; x_wconf 90' lang='lat' dir='ltr'>[llis</span> <span class='ocrx_word' id='word_1_283' title='bbox 1675 2335 1834 2390; x_wconf 91' lang='lat' dir='ltr'>enim</span> <span class='ocrx_word' id='word_1_284' title='bbox 1863 2335 1962 2405; x_wconf 90' lang='lat' dir='ltr'>qui</span> 
     </span>
    </p>
   </div>
   <div class='ocr_carea' id='block_1_41' title="bbox 303 2419 1963 2496">
    <p class='ocr_par' dir='ltr' id='par_1_41' title="bbox 303 2419 1963 2496">
     <span class='ocr_line' id='line_1_41' title="bbox 303 2419 1963 2496; baseline 0.004 -23"><span class='ocrx_word' id='word_1_285' title='bbox 303 2419 456 2474; x_wconf 87' lang='lat' dir='ltr'>bene</span> <span class='ocrx_word' id='word_1_286' title='bbox 487 2436 658 2492; x_wconf 89' lang='lat' dir='ltr'>agere</span> <span class='ocrx_word' id='word_1_287' title='bbox 690 2421 915 2493; x_wconf 84' lang='lat' dir='ltr'>volunt,</span> <span class='ocrx_word' id='word_1_288' title='bbox 967 2425 1117 2479; x_wconf 89' lang='lat' dir='ltr'>Deus</span> <span class='ocrx_word' id='word_1_289' title='bbox 1176 2423 1248 2479; x_wconf 86' lang='lat' dir='ltr'>ad</span> <span class='ocrx_word' id='word_1_290' title='bbox 1308 2423 1572 2481; x_wconf 90' lang='lat' dir='ltr'>dandum</span> <span class='ocrx_word' id='word_1_291' title='bbox 1606 2432 1822 2496; x_wconf 70' lang='lat' dir='ltr'>praesto</span> <span class='ocrx_word' id='word_1_292' title='bbox 1852 2430 1963 2480; x_wconf 89' lang='lat' dir='ltr'>est.</span> 
     </span>
    </p>
   </div>
   <div class='ocr_carea' id='block_1_42' title="bbox 306 2508 946 2581">
    <p class='ocr_par' dir='ltr' id='par_1_42' title="bbox 306 2508 946 2581">
     <span class='ocr_line' id='line_1_42' title="bbox 306 2508 946 2581; baseline 0.008 -19"><span class='ocrx_word' id='word_1_293' title='bbox 306 2509 397 2563; x_wconf 79' lang='lat' dir='ltr'>Ad</span> <span class='ocrx_word' id='word_1_294' title='bbox 427 2508 666 2580; x_wconf 91' lang='lat' dir='ltr'>Smyrn.</span> <span class='ocrx_word' id='word_1_295' title='bbox 701 2527 823 2581; x_wconf 83' lang='lat' dir='ltr'>cap.</span> <span class='ocrx_word' id='word_1_296' title='bbox 860 2513 946 2568; x_wconf 85' lang='grc'>11.</span> 
     </span>
    </p>
   </div>
   <div class='ocr_carea' id='block_1_43' title="bbox 2532 2221 3256 2298">
    <p class='ocr_par' dir='ltr' id='par_1_43' title="bbox 2532 2221 3256 2298">
     <span class='ocr_line' id='line_1_43' title="bbox 2532 2221 3256 2298; baseline 0.001 -17"><span class='ocrx_word' id='word_1_297' title='bbox 2532 2227 2641 2281; x_wconf 88' lang='grc' dir='ltr'>Τοῦ</span> <span class='ocrx_word' id='word_1_298' title='bbox 2690 2221 2846 2298; x_wconf 74' lang='grc' dir='ltr'>ἁγίου</span> <span class='ocrx_word' id='word_1_299' title='bbox 2883 2224 3256 2283; x_wconf 80' lang='grc' dir='ltr'>ἸΓΝΑΤΙΟΥ.</span> 
     </span>
    </p>
   </div>
   <div class='ocr_carea' id='block_1_44' title="bbox 2145 2329 3721 2412">
    <p class='ocr_par' dir='ltr' id='par_1_44' title="bbox 2145 2329 3721 2412">
     <span class='ocr_line' id='line_1_44' title="bbox 2145 2329 3721 2412; baseline -0.003 -23"><span class='ocrx_word' id='word_1_300' title='bbox 2145 2331 2361 2389; x_wconf 84' lang='grc' dir='ltr'>Τέλειοι</span> <span class='ocrx_word' id='word_1_301' title='bbox 2403 2330 2572 2403; x_wconf 82' lang='grc' dir='ltr'>ὄντες,</span> <span class='ocrx_word' id='word_1_302' title='bbox 2623 2330 2806 2387; x_wconf 74' lang='grc' dir='ltr'>τέλεια</span> <span class='ocrx_word' id='word_1_303' title='bbox 2853 2337 3119 2412; x_wconf 75' lang='grc' dir='ltr'>φρονεῖτε.</span> <span class='ocrx_word' id='word_1_304' title='bbox 3173 2333 3401 2387; x_wconf 68' lang='grc' dir='ltr'>Θέλουσι</span> <span class='ocrx_word' id='word_1_305' title='bbox 3449 2329 3553 2407; x_wconf 74' lang='grc' dir='ltr'>γὰρ</span> <span class='ocrx_word' id='word_1_306' title='bbox 3582 2331 3721 2404; x_wconf 74' lang='grc' dir='ltr'>ἡμῖν</span> 
     </span>
    </p>
   </div>
   <div class='ocr_carea' id='block_1_45' title="bbox 2075 2418 3358 2497">
    <p class='ocr_par' dir='ltr' id='par_1_45' title="bbox 2075 2418 3358 2497">
     <span class='ocr_line' id='line_1_45' title="bbox 2075 2418 3358 2497; baseline 0.002 -20"><span class='ocrx_word' id='word_1_307' title='bbox 2075 2420 2133 2477; x_wconf 75' lang='grc' dir='ltr'>εὖ</span> <span class='ocrx_word' id='word_1_308' title='bbox 2163 2421 2435 2497; x_wconf 87' lang='grc' dir='ltr'>πράττειν,</span> <span class='ocrx_word' id='word_1_309' title='bbox 2469 2422 2598 2483; x_wconf 87' lang='grc' dir='ltr'>Θεὸς</span> <span class='ocrx_word' id='word_1_310' title='bbox 2626 2418 2850 2495; x_wconf 69' lang='grc' dir='ltr'>ἕτοιμος</span> <span class='ocrx_word' id='word_1_311' title='bbox 2882 2422 2958 2486; x_wconf 75' lang='grc' dir='ltr'>εἷς</span> <span class='ocrx_word' id='word_1_312' title='bbox 2985 2421 3047 2476; x_wconf 90' lang='grc' dir='ltr'>τὸ</span> <span class='ocrx_word' id='word_1_313' title='bbox 3078 2420 3358 2497; x_wconf 70' lang='grc' dir='ltr'>παρεχειν.</span> 
     </span>
    </p>
   </div>
   <div class='ocr_carea' id='block_1_46' title="bbox 838 2627 3199 2704">
    <p class='ocr_par' dir='ltr' id='par_1_46' title="bbox 838 2627 3199 2704">
     <span class='ocr_line' id='line_1_46' title="bbox 838 2627 3199 2704; baseline 0 -21"><span class='ocrx_word' id='word_1_314' title='bbox 838 2627 1065 2687; x_wconf 88' lang='lat' dir='ltr'>Ibidem</span> <span class='ocrx_word' id='word_1_315' title='bbox 1097 2648 1227 2704; x_wconf 89' lang='lat' dir='ltr'>pag.</span> <span class='ocrx_word' id='word_1_316' title='bbox 1262 2634 1386 2704; x_wconf 78' lang='grc'>314,</span> <span class='ocrx_word' id='word_1_317' title='bbox 1418 2631 1697 2688; x_wconf 85' lang='lat' dir='ltr'>Parallela</span> <span class='ocrx_word' id='word_1_318' title='bbox 1728 2631 1905 2688; x_wconf 83' lang='lat' dir='ltr'>Valic.</span> <span class='ocrx_word' id='word_1_319' title='bbox 1943 2629 2224 2685; x_wconf 83' lang='lat' dir='ltr'>exhibent</span> <span class='ocrx_word' id='word_1_320' title='bbox 2256 2632 2486 2686; x_wconf 89' lang='lat' dir='ltr'>tantum</span> <span class='ocrx_word' id='word_1_321' title='bbox 2515 2628 2811 2701; x_wconf 86' lang='lat' dir='ltr'>posterius</span> <span class='ocrx_word' id='word_1_322' title='bbox 2842 2628 3199 2686; x_wconf 90' lang='lat' dir='ltr'>membrum.</span> 
     </span>
    </p>
   </div>
   <div class='ocr_carea' id='block_1_47' title="bbox 1386 2756 2653 2829">
    <p class='ocr_par' dir='ltr' id='par_1_47' title="bbox 1386 2756 2653 2829">
     <span class='ocr_line' id='line_1_47' title="bbox 1386 2756 2653 2829; baseline -0.002 -15"><span class='ocrx_word' id='word_1_323' title='bbox 1386 2759 1520 2814; x_wconf 73' lang='lat' dir='ltr'>low</span> <span class='ocrx_word' id='word_1_324' title='bbox 1551 2759 1714 2829; x_wconf 73' lang='lat' dir='ltr'>ibid.,</span> <span class='ocrx_word' id='word_1_325' title='bbox 1749 2759 1853 2813; x_wconf 53' lang='lat' dir='ltr'>lz‘tt.</span> <span class='ocrx_word' id='word_1_326' title='bbox 1901 2775 1946 2825; x_wconf 89' lang='grc' dir='ltr'>ε,</span> <span class='ocrx_word' id='word_1_327' title='bbox 1980 2756 2067 2814; x_wconf 77' lang='lat' dir='ltr'>tit.</span> <span class='ocrx_word' id='word_1_328' title='bbox 2106 2773 2398 2827; x_wconf 81' lang='lat' dir='ltr'>xvn,pag.</span> <span class='ocrx_word' id='word_1_329' title='bbox 2432 2759 2556 2825; x_wconf 80' lang='grc'>515,</span> <span class='ocrx_word' id='word_1_330' title='bbox 2589 2760 2653 2812; x_wconf 88' lang='grc' dir='ltr'>Α.</span> 
     </span>
    </p>
   </div>
   <div class='ocr_carea' id='block_1_48' title="bbox 526 2871 1742 2945">
    <p class='ocr_par' dir='ltr' id='par_1_48' title="bbox 526 2871 1742 2945">
     <span class='ocr_line' id='line_1_48' title="bbox 526 2871 1742 2945; baseline 0.004 -21"><span class='ocrx_word' id='word_1_331' title='bbox 526 2871 781 2939; x_wconf 78' lang='lat' dir='ltr'>Ejusdem</span> <span class='ocrx_word' id='word_1_332' title='bbox 820 2874 845 2924; x_wconf 75' lang='grc' dir='ltr'><em>Ι</em></span> <span class='ocrx_word' id='word_1_333' title='bbox 874 2875 1005 2943; x_wconf 83' lang='lat' dir='ltr'>pist.</span> <span class='ocrx_word' id='word_1_334' title='bbox 1033 2876 1106 2929; x_wconf 82' lang='lat' dir='ltr'>ad</span> <span class='ocrx_word' id='word_1_335' title='bbox 1128 2876 1502 2931; x_wconf 67' lang='lat' dir='ltr'>Pom’cmruu</span> <span class='ocrx_word' id='word_1_336' title='bbox 1526 2877 1742 2945; x_wconf 82' lang='lat' dir='ltr'>Smyrn.</span> 
     </span>
    </p>
   </div>
   <div class='ocr_carea' id='block_1_49' title="bbox 381 2977 1961 3052">
    <p class='ocr_par' dir='ltr' id='par_1_49' title="bbox 381 2977 1961 3052">
     <span class='ocr_line' id='line_1_49' title="bbox 381 2977 1961 3052; baseline 0.004 -21"><span class='ocrx_word' id='word_1_337' title='bbox 381 2977 598 3033; x_wconf 89' lang='lat' dir='ltr'>Omnes</span> <span class='ocrx_word' id='word_1_338' title='bbox 620 2984 921 3052; x_wconf 86' lang='lat' dir='ltr'>supporta,</span> <span class='ocrx_word' id='word_1_339' title='bbox 943 2982 1237 3052; x_wconf 86' lang='lat' dir='ltr'>quomodo</span> <span class='ocrx_word' id='word_1_340' title='bbox 1258 2989 1309 3037; x_wconf 86' lang='lat' dir='ltr'>et</span> <span class='ocrx_word' id='word_1_341' title='bbox 1339 2989 1390 3038; x_wconf 86' lang='lat' dir='ltr'>te</span> <span class='ocrx_word' id='word_1_342' title='bbox 1413 2983 1718 3039; x_wconf 88' lang='lat' dir='ltr'>Dominus.</span> <span class='ocrx_word' id='word_1_343' title='bbox 1744 2984 1961 3038; x_wconf 88' lang='lat' dir='ltr'>Omnes</span> 
     </span>
    </p>
   </div>
   <div class='ocr_carea' id='block_1_50' title="bbox 308 3067 1957 3129">
    <p class='ocr_par' dir='ltr' id='par_1_50' title="bbox 308 3067 1957 3129">
     <span class='ocr_line' id='line_1_50' title="bbox 308 3067 1957 3129; baseline 0.005 -10"><span class='ocrx_word' id='word_1_344' title='bbox 308 3067 491 3121; x_wconf 85' lang='lat' dir='ltr'>suﬂ&#39;er</span> <span class='ocrx_word' id='word_1_345' title='bbox 533 3069 593 3121; x_wconf 90' lang='lat' dir='ltr'>in</span> <span class='ocrx_word' id='word_1_346' title='bbox 654 3068 1010 3126; x_wconf 88' lang='lat' dir='ltr'>dilectione:</span> <span class='ocrx_word' id='word_1_347' title='bbox 1064 3072 1433 3128; x_wconf 87' lang='lat' dir='ltr'>orationibus</span> <span class='ocrx_word' id='word_1_348' title='bbox 1489 3073 1746 3129; x_wconf 90' lang='lat' dir='ltr'>assiduis</span> <span class='ocrx_word' id='word_1_349' title='bbox 1798 3089 1957 3128; x_wconf 87' lang='lat' dir='ltr'>vaca.</span> 
     </span>
    </p>
   </div>
   <div class='ocr_carea' id='block_1_51' title="bbox 305 3155 1957 3234">
    <p class='ocr_par' dir='ltr' id='par_1_51' title="bbox 305 3155 1957 3234">
     <span class='ocr_line' id='line_1_51' title="bbox 305 3155 1957 3234; baseline 0.004 -25"><span class='ocrx_word' id='word_1_350' title='bbox 305 3155 676 3226; x_wconf 83' lang='lat' dir='ltr'>Ampliorem</span> <span class='ocrx_word' id='word_1_351' title='bbox 710 3174 888 3229; x_wconf 89' lang='lat' dir='ltr'>quam</span> <span class='ocrx_word' id='word_1_352' title='bbox 932 3160 1152 3216; x_wconf 84' lang='lat' dir='ltr'>habeas</span> <span class='ocrx_word' id='word_1_353' title='bbox 1212 3162 1670 3233; x_wconf 84' lang='lat' dir='ltr'>intelligentiam</span> <span class='ocrx_word' id='word_1_354' title='bbox 1703 3161 1957 3234; x_wconf 92' lang='lat' dir='ltr'>postula.</span> 
     </span>
    </p>
   </div>
   <div class='ocr_carea' id='block_1_52' title="bbox 306 3243 1956 3322">
    <p class='ocr_par' dir='ltr' id='par_1_52' title="bbox 306 3243 1956 3322">
     <span class='ocr_line' id='line_1_52' title="bbox 306 3243 1956 3322; baseline 0.006 -26"><span class='ocrx_word' id='word_1_355' title='bbox 306 3243 515 3315; x_wconf 87' lang='lat' dir='ltr'>Vigila,</span> <span class='ocrx_word' id='word_1_356' title='bbox 541 3246 776 3303; x_wconf 90' lang='lat' dir='ltr'>oculum</span> <span class='ocrx_word' id='word_1_357' title='bbox 798 3266 920 3305; x_wconf 89' lang='lat' dir='ltr'>non</span> <span class='ocrx_word' id='word_1_358' title='bbox 952 3250 1344 3306; x_wconf 83' lang='lat' dir='ltr'>dormientem</span> <span class='ocrx_word' id='word_1_359' title='bbox 1380 3251 1710 3322; x_wconf 89' lang='lat' dir='ltr'>possidens.</span> <span class='ocrx_word' id='word_1_360' title='bbox 1738 3253 1828 3307; x_wconf 89' lang='lat' dir='ltr'>Ad</span> <span class='ocrx_word' id='word_1_361' title='bbox 1846 3254 1956 3306; x_wconf 91' lang='lat' dir='ltr'>Po-</span> 
     </span>
    </p>
   </div>
   <div class='ocr_carea' id='block_1_53' title="bbox 301 3331 768 3406">
    <p class='ocr_par' dir='ltr' id='par_1_53' title="bbox 301 3331 768 3406">
     <span class='ocr_line' id='line_1_53' title="bbox 301 3331 768 3406; baseline 0.013 -19"><span class='ocrx_word' id='word_1_362' title='bbox 301 3331 523 3405; x_wconf 84' lang='lat' dir='ltr'>lycarp.</span> <span class='ocrx_word' id='word_1_363' title='bbox 561 3351 682 3406; x_wconf 85' lang='lat' dir='ltr'>cap.</span> <span class='ocrx_word' id='word_1_364' title='bbox 719 3337 768 3394; x_wconf 92' lang='grc'>1.</span> 
     </span>
    </p>
   </div>
   <div class='ocr_carea' id='block_1_54' title="bbox 991 3538 1267 3608">
    <p class='ocr_par' dir='ltr' id='par_1_54' title="bbox 991 3538 1267 3608">
     <span class='ocr_line' id='line_1_54' title="bbox 991 3538 1267 3608; baseline 0.004 -15"><span class='ocrx_word' id='word_1_365' title='bbox 991 3538 1241 3608; x_wconf 82' lang='lat' dir='ltr'>Ejusdem</span> <span class='ocrx_word' id='word_1_366' title='bbox 1252 3579 1267 3595; x_wconf 95' lang='lat'>.</span> 
     </span>
    </p>
   </div>
   <div class='ocr_carea' id='block_1_55' title="bbox 378 3652 1960 3727">
    <p class='ocr_par' dir='ltr' id='par_1_55' title="bbox 378 3652 1960 3727">
     <span class='ocr_line' id='line_1_55' title="bbox 378 3652 1960 3727; baseline -0.003 -16"><span class='ocrx_word' id='word_1_367' title='bbox 378 3652 657 3711; x_wconf 88' lang='lat' dir='ltr'>Omnium</span> <span class='ocrx_word' id='word_1_368' title='bbox 724 3654 1103 3727; x_wconf 82' lang='lat' dir='ltr'>aegritudines</span> <span class='ocrx_word' id='word_1_369' title='bbox 1170 3660 1361 3726; x_wconf 87' lang='lat' dir='ltr'>porta,</span> <span class='ocrx_word' id='word_1_370' title='bbox 1420 3653 1597 3709; x_wconf 81' lang='lat' dir='ltr'>veluti</span> <span class='ocrx_word' id='word_1_371' title='bbox 1662 3653 1960 3725; x_wconf 87' lang='lat' dir='ltr'>perfectus</span> 
     </span>
    </p>
   </div>
   <div class='ocr_carea' id='block_1_56' title="bbox 307 3742 1960 3812">
    <p class='ocr_par' dir='ltr' id='par_1_56' title="bbox 307 3742 1960 3812">
     <span class='ocr_line' id='line_1_56' title="bbox 307 3742 1960 3812; baseline -0.001 -14"><span class='ocrx_word' id='word_1_372' title='bbox 307 3743 548 3799; x_wconf 90' lang='lat' dir='ltr'>athleta.</span> <span class='ocrx_word' id='word_1_373' title='bbox 581 3742 684 3797; x_wconf 84' lang='lat' dir='ltr'>Ubi</span> <span class='ocrx_word' id='word_1_374' title='bbox 717 3742 908 3812; x_wconf 87' lang='lat' dir='ltr'>major</span> <span class='ocrx_word' id='word_1_375' title='bbox 953 3743 1134 3797; x_wconf 84' lang='lat' dir='ltr'>fuerit</span> <span class='ocrx_word' id='word_1_376' title='bbox 1171 3743 1357 3810; x_wconf 87' lang='lat' dir='ltr'>labor,</span> <span class='ocrx_word' id='word_1_377' title='bbox 1409 3743 1487 3797; x_wconf 91' lang='lat' dir='ltr'>ibi</span> <span class='ocrx_word' id='word_1_378' title='bbox 1541 3748 1595 3797; x_wconf 84' lang='lat' dir='ltr'>et</span> <span class='ocrx_word' id='word_1_379' title='bbox 1649 3742 1838 3811; x_wconf 85' lang='lat' dir='ltr'>majus</span> <span class='ocrx_word' id='word_1_380' title='bbox 1868 3742 1960 3796; x_wconf 90' lang='lat' dir='ltr'>lu-</span> 
     </span>
    </p>
   </div>
   <div class='ocr_carea' id='block_1_57' title="bbox 309 3831 1960 3903">
    <p class='ocr_par' dir='ltr' id='par_1_57' title="bbox 309 3831 1960 3903">
     <span class='ocr_line' id='line_1_57' title="bbox 309 3831 1960 3903; baseline -0.001 -16"><span class='ocrx_word' id='word_1_381' title='bbox 309 3850 475 3887; x_wconf 89' lang='lat' dir='ltr'>crum</span> <span class='ocrx_word' id='word_1_382' title='bbox 507 3838 616 3888; x_wconf 89' lang='lat' dir='ltr'>est.</span> <span class='ocrx_word' id='word_1_383' title='bbox 654 3834 847 3887; x_wconf 90' lang='lat' dir='ltr'>Bonos</span> <span class='ocrx_word' id='word_1_384' title='bbox 878 3832 1205 3903; x_wconf 87' lang='lat' dir='ltr'>discipulos</span> <span class='ocrx_word' id='word_1_385' title='bbox 1239 3833 1286 3888; x_wconf 90' lang='lat' dir='ltr'>si</span> <span class='ocrx_word' id='word_1_386' title='bbox 1320 3832 1550 3903; x_wconf 84' lang='lat' dir='ltr'>diligas,</span> <span class='ocrx_word' id='word_1_387' title='bbox 1582 3848 1703 3887; x_wconf 91' lang='lat' dir='ltr'>non</span> <span class='ocrx_word' id='word_1_388' title='bbox 1735 3838 1825 3886; x_wconf 90' lang='lat' dir='ltr'>est</span> <span class='ocrx_word' id='word_1_389' title='bbox 1854 3831 1960 3886; x_wconf 89' lang='lat' dir='ltr'>tibi</span> 
     </span>
    </p>
   </div>
   <div class='ocr_carea' id='block_1_58' title="bbox 308 3920 1961 3993">
    <p class='ocr_par' dir='ltr' id='par_1_58' title="bbox 308 3920 1961 3993">
     <span class='ocr_line' id='line_1_58' title="bbox 308 3920 1961 3993; baseline 0.001 -18"><span class='ocrx_word' id='word_1_390' title='bbox 308 3922 533 3993; x_wconf 86' lang='lat' dir='ltr'>gratia:</span> <span class='ocrx_word' id='word_1_391' title='bbox 587 3922 775 3992; x_wconf 83' lang='lat' dir='ltr'>magis</span> <span class='ocrx_word' id='word_1_392' title='bbox 825 3922 916 3976; x_wconf 80' lang='lat' dir='ltr'>fac</span> <span class='ocrx_word' id='word_1_393' title='bbox 964 3927 1029 3975; x_wconf 86' lang='lat' dir='ltr'>ut</span> <span class='ocrx_word' id='word_1_394' title='bbox 1080 3921 1554 3977; x_wconf 87' lang='lat' dir='ltr'>contumaciores</span> <span class='ocrx_word' id='word_1_395' title='bbox 1606 3922 1669 3975; x_wconf 88' lang='lat' dir='ltr'>in</span> <span class='ocrx_word' id='word_1_396' title='bbox 1716 3920 1961 3977; x_wconf 86' lang='lat' dir='ltr'>lenitate</span> 
     </span>
    </p>
   </div>
   <div class='ocr_carea' id='block_1_59' title="bbox 307 4010 1961 4081">
    <p class='ocr_par' dir='ltr' id='par_1_59' title="bbox 307 4010 1961 4081">
     <span class='ocr_line' id='line_1_59' title="bbox 307 4010 1961 4081; baseline 0.001 -16"><span class='ocrx_word' id='word_1_397' title='bbox 307 4010 609 4081; x_wconf 74' lang='lat' dir='ltr'>subjicias.</span> <span class='ocrx_word' id='word_1_398' title='bbox 642 4012 771 4064; x_wconf 83' lang='lat' dir='ltr'>Non</span> <span class='ocrx_word' id='word_1_399' title='bbox 799 4027 975 4065; x_wconf 89' lang='lat' dir='ltr'>omne</span> <span class='ocrx_word' id='word_1_400' title='bbox 1001 4010 1223 4065; x_wconf 85' lang='lat' dir='ltr'>‘vulnus</span> <span class='ocrx_word' id='word_1_401' title='bbox 1256 4010 1462 4065; x_wconf 90' lang='lat' dir='ltr'>eodem</span> <span class='ocrx_word' id='word_1_402' title='bbox 1504 4010 1826 4081; x_wconf 87' lang='lat' dir='ltr'>emplastro</span> <span class='ocrx_word' id='word_1_403' title='bbox 1859 4028 1961 4066; x_wconf 90' lang='lat' dir='ltr'>cu-</span> 
     </span>
    </p>
   </div>
   <div class='ocr_carea' id='block_1_60' title="bbox 304 4099 1966 4171">
    <p class='ocr_par' dir='ltr' id='par_1_60' title="bbox 304 4099 1966 4171">
     <span class='ocr_line' id='line_1_60' title="bbox 304 4099 1966 4171; baseline 0.002 -18"><span class='ocrx_word' id='word_1_404' title='bbox 304 4106 490 4155; x_wconf 89' lang='lat' dir='ltr'>ratur.</span> <span class='ocrx_word' id='word_1_405' title='bbox 549 4099 874 4155; x_wconf 82' lang='lat' dir='ltr'>Acredines</span> <span class='ocrx_word' id='word_1_406' title='bbox 930 4099 1373 4170; x_wconf 85' lang='lat' dir='ltr'>perfusionibus</span> <span class='ocrx_word' id='word_1_407' title='bbox 1430 4100 1589 4155; x_wconf 84' lang='lat' dir='ltr'>seda.</span> <span class='ocrx_word' id='word_1_408' title='bbox 1642 4100 1966 4171; x_wconf 88' lang='lat' dir='ltr'>Propterea</span> 
     </span>
    </p>
   </div>
   <div class='ocr_carea' id='block_1_61' title="bbox 307 4189 1965 4261">
    <p class='ocr_par' dir='ltr' id='par_1_61' title="bbox 307 4189 1965 4261">
     <span class='ocr_line' id='line_1_61' title="bbox 307 4189 1965 4261; baseline 0 -16"><span class='ocrx_word' id='word_1_409' title='bbox 307 4205 484 4245; x_wconf 86' lang='lat' dir='ltr'>carne</span> <span class='ocrx_word' id='word_1_410' title='bbox 518 4190 695 4245; x_wconf 89' lang='lat' dir='ltr'>simul</span> <span class='ocrx_word' id='word_1_411' title='bbox 726 4194 783 4244; x_wconf 89' lang='lat' dir='ltr'>et</span> <span class='ocrx_word' id='word_1_412' title='bbox 814 4189 1028 4260; x_wconf 88' lang='lat' dir='ltr'>spiritu</span> <span class='ocrx_word' id='word_1_413' title='bbox 1058 4195 1318 4256; x_wconf 85' lang='lat' dir='ltr'>constas,</span> <span class='ocrx_word' id='word_1_414' title='bbox 1351 4194 1415 4244; x_wconf 92' lang='lat' dir='ltr'>ut</span> <span class='ocrx_word' id='word_1_415' title='bbox 1457 4206 1588 4260; x_wconf 73' lang='lat' dir='ltr'>quaa</span> <span class='ocrx_word' id='word_1_416' title='bbox 1619 4189 1965 4261; x_wconf 90' lang='lat' dir='ltr'>conspectui</span> 
     </span>
    </p>
   </div>
   <div class='ocr_carea' id='block_1_62' title="bbox 308 4277 1964 4351">
    <p class='ocr_par' dir='ltr' id='par_1_62' title="bbox 308 4277 1964 4351">
     <span class='ocr_line' id='line_1_62' title="bbox 308 4277 1964 4351; baseline 0 -17"><span class='ocrx_word' id='word_1_417' title='bbox 308 4284 408 4335; x_wconf 92' lang='lat' dir='ltr'>tuo</span> <span class='ocrx_word' id='word_1_418' title='bbox 441 4278 760 4335; x_wconf 83' lang='lat' dir='ltr'>manifesta</span> <span class='ocrx_word' id='word_1_419' title='bbox 786 4283 945 4347; x_wconf 89' lang='lat' dir='ltr'>sunt,</span> <span class='ocrx_word' id='word_1_420' title='bbox 993 4277 1212 4334; x_wconf 91' lang='lat' dir='ltr'>blande</span> <span class='ocrx_word' id='word_1_421' title='bbox 1271 4279 1567 4351; x_wconf 82' lang='lat' dir='ltr'>corrigas;</span> <span class='ocrx_word' id='word_1_422' title='bbox 1600 4295 1733 4350; x_wconf 68' lang='lat' dir='ltr'>quae</span> <span class='ocrx_word' id='word_1_423' title='bbox 1764 4284 1964 4334; x_wconf 89' lang='lat' dir='ltr'>autem</span> 
     </span>
    </p>
   </div>
   <div class='ocr_carea' id='block_1_63' title="bbox 309 4367 1968 4440">
    <p class='ocr_par' dir='ltr' id='par_1_63' title="bbox 309 4367 1968 4440">
     <span class='ocr_line' id='line_1_63' title="bbox 309 4367 1968 4440; baseline -0.001 -17"><span class='ocrx_word' id='word_1_424' title='bbox 309 4373 613 4439; x_wconf 90' lang='lat' dir='ltr'>aspectum</span> <span class='ocrx_word' id='word_1_425' title='bbox 640 4373 808 4422; x_wconf 90' lang='lat' dir='ltr'>tuum</span> <span class='ocrx_word' id='word_1_426' title='bbox 839 4367 1092 4440; x_wconf 87' lang='lat' dir='ltr'>fugiunt,</span> <span class='ocrx_word' id='word_1_427' title='bbox 1117 4372 1251 4438; x_wconf 89' lang='lat' dir='ltr'>pete</span> <span class='ocrx_word' id='word_1_428' title='bbox 1276 4373 1341 4422; x_wconf 88' lang='lat' dir='ltr'>ut</span> <span class='ocrx_word' id='word_1_429' title='bbox 1372 4367 1479 4423; x_wconf 92' lang='lat' dir='ltr'>tibi</span> <span class='ocrx_word' id='word_1_430' title='bbox 1507 4373 1871 4435; x_wconf 71' lang='lat' dir='ltr'>retegantur,</span> <span class='ocrx_word' id='word_1_431' title='bbox 1901 4372 1968 4423; x_wconf 91' lang='lat' dir='ltr'>ut</span> 
     </span>
    </p>
   </div>
   <div class='ocr_carea' id='block_1_64' title="bbox 309 4455 1749 4529">
    <p class='ocr_par' dir='ltr' id='par_1_64' title="bbox 309 4455 1749 4529">
     <span class='ocr_line' id='line_1_64' title="bbox 309 4455 1749 4529; baseline 0.003 -19"><span class='ocrx_word' id='word_1_432' title='bbox 309 4457 372 4512; x_wconf 91' lang='lat' dir='ltr'>in</span> <span class='ocrx_word' id='word_1_433' title='bbox 403 4457 570 4518; x_wconf 88' lang='lat' dir='ltr'>nullo</span> <span class='ocrx_word' id='word_1_434' title='bbox 603 4455 868 4513; x_wconf 82' lang='lat' dir='ltr'>deﬁcias.</span> <span class='ocrx_word' id='word_1_435' title='bbox 904 4458 984 4511; x_wconf 83' lang='lat' dir='ltr'>Ad</span> <span class='ocrx_word' id='word_1_436' title='bbox 1010 4455 1319 4529; x_wconf 83' lang='lat' dir='ltr'>Polycarp.</span> <span class='ocrx_word' id='word_1_437' title='bbox 1352 4473 1514 4527; x_wconf 85' lang='lat' dir='ltr'>capp.</span> <span class='ocrx_word' id='word_1_438' title='bbox 1550 4457 1576 4511; x_wconf 81' lang='grc'><strong>1</strong></span> <span class='ocrx_word' id='word_1_439' title='bbox 1612 4462 1663 4512; x_wconf 80' lang='lat' dir='ltr'>et</span> <span class='ocrx_word' id='word_1_440' title='bbox 1694 4459 1749 4515; x_wconf 87' lang='lat'>2.</span> 
     </span>
    </p>
   </div>
   <div class='ocr_carea' id='block_1_65' title="bbox 2218 2868 3573 2948">
    <p class='ocr_par' dir='ltr' id='par_1_65' title="bbox 2218 2868 3573 2948">
     <span class='ocr_line' id='line_1_65' title="bbox 2218 2868 3573 2948; baseline -0.004 -19"><span class='ocrx_word' id='word_1_441' title='bbox 2218 2876 2326 2929; x_wconf 83' lang='grc' dir='ltr'>Τοῦ</span> <span class='ocrx_word' id='word_1_442' title='bbox 2377 2872 2542 2929; x_wconf 80' lang='grc' dir='ltr'>αὐτοῦ</span> <span class='ocrx_word' id='word_1_443' title='bbox 2600 2873 2733 2948; x_wconf 88' lang='grc' dir='ltr'>πρὸς</span> <span class='ocrx_word' id='word_1_444' title='bbox 2788 2871 3250 2929; x_wconf 77' lang='grc' dir='ltr'>ΙΙΟΛΥΚΔΡΠΟΝ</span> <span class='ocrx_word' id='word_1_445' title='bbox 3298 2868 3573 2943; x_wconf 71' lang='grc' dir='ltr'>Σμύρνης.</span> 
     </span>
    </p>
   </div>
   <div class='ocr_carea' id='block_1_66' title="bbox 2144 2975 3717 3054">
    <p class='ocr_par' dir='ltr' id='par_1_66' title="bbox 2144 2975 3717 3054">
     <span class='ocr_line' id='line_1_66' title="bbox 2144 2975 3717 3054; baseline -0.005 -18"><span class='ocrx_word' id='word_1_446' title='bbox 2144 2981 2355 3041; x_wconf 81' lang='grc' dir='ltr'>Πάντας</span> <span class='ocrx_word' id='word_1_447' title='bbox 2412 2979 2661 3054; x_wconf 78' lang='grc' dir='ltr'>βάσταζε,</span> <span class='ocrx_word' id='word_1_448' title='bbox 2730 2980 2804 3041; x_wconf 84' lang='grc' dir='ltr'>ὡς</span> <span class='ocrx_word' id='word_1_449' title='bbox 2871 2978 2959 3033; x_wconf 85' lang='grc' dir='ltr'>καὶ</span> <span class='ocrx_word' id='word_1_450' title='bbox 3024 2997 3081 3031; x_wconf 94' lang='grc' dir='ltr'>σε</span> <span class='ocrx_word' id='word_1_451' title='bbox 3147 2977 3175 3030; x_wconf 82' lang='grc' dir='ltr'><strong>ὁ</strong></span> <span class='ocrx_word' id='word_1_452' title='bbox 3236 2976 3456 3048; x_wconf 82' lang='grc' dir='ltr'>Κύριος.</span> <span class='ocrx_word' id='word_1_453' title='bbox 3497 2975 3717 3029; x_wconf 79' lang='grc' dir='ltr'>Πάντων</span> 
     </span>
    </p>
   </div>
   <div class='ocr_carea' id='block_1_67' title="bbox 2072 3060 3717 3145">
    <p class='ocr_par' dir='ltr' id='par_1_67' title="bbox 2072 3060 3717 3145">
     <span class='ocr_line' id='line_1_67' title="bbox 2072 3060 3717 3145; baseline -0.005 -21"><span class='ocrx_word' id='word_1_454' title='bbox 2072 3069 2271 3145; x_wconf 76' lang='grc' dir='ltr'>ἀνέχου</span> <span class='ocrx_word' id='word_1_455' title='bbox 2298 3068 2351 3124; x_wconf 85' lang='grc' dir='ltr'>ἐν</span> <span class='ocrx_word' id='word_1_456' title='bbox 2382 3069 2579 3142; x_wconf 70' lang='grc' dir='ltr'>ἀσάπῃο</span> <span class='ocrx_word' id='word_1_457' title='bbox 2638 3073 2974 3142; x_wconf 81' lang='grc' dir='ltr'>προσευχαῖς</span> <span class='ocrx_word' id='word_1_458' title='bbox 3032 3064 3269 3139; x_wconf 82' lang='grc' dir='ltr'>σχόλαζε</span> <span class='ocrx_word' id='word_1_459' title='bbox 3321 3060 3717 3125; x_wconf 76' lang='grc' dir='ltr'>ἀδιαλείπτοις.</span> 
     </span>
    </p>
   </div>
   <div class='ocr_carea' id='block_1_68' title="bbox 2072 3150 3720 3229">
    <p class='ocr_par' dir='ltr' id='par_1_68' title="bbox 2072 3150 3720 3229">
     <span class='ocr_line' id='line_1_68' title="bbox 2072 3150 3720 3229; baseline -0.006 -15"><span class='ocrx_word' id='word_1_460' title='bbox 2072 3160 2242 3215; x_wconf 73' lang='grc' dir='ltr'>Αἰτοῦ</span> <span class='ocrx_word' id='word_1_461' title='bbox 2293 3159 2501 3212; x_wconf 68' lang='grc' dir='ltr'>σύνεσιν</span> <span class='ocrx_word' id='word_1_462' title='bbox 2555 3155 2785 3212; x_wconf 78' lang='grc' dir='ltr'>πλείονα</span> <span class='ocrx_word' id='word_1_463' title='bbox 2826 3155 2890 3229; x_wconf 70' lang='grc' dir='ltr'>ᾖς</span> <span class='ocrx_word' id='word_1_464' title='bbox 2940 3152 3107 3228; x_wconf 81' lang='grc' dir='ltr'>ἔχεις.</span> <span class='ocrx_word' id='word_1_465' title='bbox 3163 3151 3451 3228; x_wconf 78' lang='grc' dir='ltr'>Γρηγόρει,</span> <span class='ocrx_word' id='word_1_466' title='bbox 3481 3150 3720 3224; x_wconf 82' lang='grc' dir='ltr'>ἀκοίμη-</span> 
     </span>
    </p>
   </div>
   <div class='ocr_carea' id='block_1_69' title="bbox 2068 3242 2741 3318">
    <p class='ocr_par' dir='ltr' id='par_1_69' title="bbox 2068 3242 2741 3318">
     <span class='ocr_line' id='line_1_69' title="bbox 2068 3242 2741 3318; baseline -0.007 -16"><span class='ocrx_word' id='word_1_467' title='bbox 2068 3268 2162 3302; x_wconf 90' lang='grc' dir='ltr'>τον</span> <span class='ocrx_word' id='word_1_468' title='bbox 2205 3242 2360 3318; x_wconf 80' lang='grc' dir='ltr'>ὅμμα</span> <span class='ocrx_word' id='word_1_469' title='bbox 2391 3266 2552 3312; x_wconf 85' lang='grc' dir='ltr'>κεκτη</span> <span class='ocrx_word' id='word_1_470' title='bbox 2563 3244 2741 3316; x_wconf 76' lang='grc' dir='ltr'>μένος.</span> 
     </span>
    </p>
   </div>
   <div class='ocr_carea' id='block_1_70' title="bbox 2717 3536 3049 3593">
    <p class='ocr_par' dir='ltr' id='par_1_70' title="bbox 2717 3536 3049 3593">
     <span class='ocr_line' id='line_1_70' title="bbox 2717 3536 3049 3593; baseline 0.006 -2"><span class='ocrx_word' id='word_1_471' title='bbox 2717 3536 2831 3591; x_wconf 84' lang='grc' dir='ltr'>Τοῦ</span> <span class='ocrx_word' id='word_1_472' title='bbox 2860 3537 3049 3593; x_wconf 81' lang='grc' dir='ltr'>αὐτοῦ.</span> 
     </span>
    </p>
   </div>
   <div class='ocr_carea' id='block_1_71' title="bbox 2143 3655 3712 3733">
    <p class='ocr_par' dir='ltr' id='par_1_71' title="bbox 2143 3655 3712 3733">
     <span class='ocr_line' id='line_1_71' title="bbox 2143 3655 3712 3733; baseline 0.004 -22"><span class='ocrx_word' id='word_1_473' title='bbox 2143 3655 2360 3711; x_wconf 78' lang='grc' dir='ltr'>Πάντων</span> <span class='ocrx_word' id='word_1_474' title='bbox 2393 3656 2490 3718; x_wconf 83' lang='grc' dir='ltr'>τὰς</span> <span class='ocrx_word' id='word_1_475' title='bbox 2528 3656 2721 3719; x_wconf 89' lang='grc' dir='ltr'>νόσους</span> <span class='ocrx_word' id='word_1_476' title='bbox 2777 3659 3027 3733; x_wconf 83' lang='grc' dir='ltr'>βάσταζε.</span> <span class='ocrx_word' id='word_1_477' title='bbox 3082 3659 3158 3722; x_wconf 84' lang='grc' dir='ltr'>ὡς</span> <span class='ocrx_word' id='word_1_478' title='bbox 3207 3657 3415 3722; x_wconf 84' lang='grc' dir='ltr'>τὲλειος</span> <span class='ocrx_word' id='word_1_479' title='bbox 3448 3658 3712 3729; x_wconf 71' lang='grc' dir='ltr'>ἀθλητής.</span> 
     </span>
    </p>
   </div>
   <div class='ocr_carea' id='block_1_72' title="bbox 2069 3744 3718 3823">
    <p class='ocr_par' dir='ltr' id='par_1_72' title="bbox 2069 3744 3718 3823">
     <span class='ocr_line' id='line_1_72' title="bbox 2069 3744 3718 3823; baseline 0.001 -24"><span class='ocrx_word' id='word_1_480' title='bbox 2069 3749 2242 3799; x_wconf 82' lang='grc' dir='ltr'>Ὅπου</span> <span class='ocrx_word' id='word_1_481' title='bbox 2273 3744 2480 3800; x_wconf 82' lang='grc' dir='ltr'>πλείων</span> <span class='ocrx_word' id='word_1_482' title='bbox 2507 3745 2704 3818; x_wconf 80' lang='grc' dir='ltr'>κόπος,</span> <span class='ocrx_word' id='word_1_483' title='bbox 2761 3746 2906 3803; x_wconf 70' lang='grc' dir='ltr'>πολὺ</span> <span class='ocrx_word' id='word_1_484' title='bbox 2958 3744 3167 3823; x_wconf 82' lang='grc' dir='ltr'>κέρδος.</span> <span class='ocrx_word' id='word_1_485' title='bbox 3231 3746 3439 3810; x_wconf 73' lang='grc' dir='ltr'>Κάλοὸς</span> <span class='ocrx_word' id='word_1_486' title='bbox 3473 3748 3718 3822; x_wconf 77' lang='grc' dir='ltr'>μαθητὰς</span> 
     </span>
    </p>
   </div>
   <div class='ocr_carea' id='block_1_73' title="bbox 2073 3834 3715 3915">
    <p class='ocr_par' dir='ltr' id='par_1_73' title="bbox 2073 3834 3715 3915">
     <span class='ocr_line' id='line_1_73' title="bbox 2073 3834 3715 3915; baseline 0 -23"><span class='ocrx_word' id='word_1_487' title='bbox 2073 3836 2161 3892; x_wconf 74' lang='grc' dir='ltr'>ἐὰν</span> <span class='ocrx_word' id='word_1_488' title='bbox 2194 3837 2385 3915; x_wconf 74' lang='grc' dir='ltr'>φιλῇς,</span> <span class='ocrx_word' id='word_1_489' title='bbox 2437 3836 2600 3913; x_wconf 87' lang='grc' dir='ltr'>χάρις</span> <span class='ocrx_word' id='word_1_490' title='bbox 2642 3859 2727 3893; x_wconf 74' lang='grc' dir='ltr'>σοι</span> <span class='ocrx_word' id='word_1_491' title='bbox 2778 3838 2879 3894; x_wconf 77' lang='grc' dir='ltr'>οὐκ</span> <span class='ocrx_word' id='word_1_492' title='bbox 2926 3834 3096 3895; x_wconf 80' lang='grc' dir='ltr'>ἔσται’</span> <span class='ocrx_word' id='word_1_493' title='bbox 3156 3840 3369 3915; x_wconf 75' lang='grc' dir='ltr'>μᾶλλον</span> <span class='ocrx_word' id='word_1_494' title='bbox 3400 3838 3526 3902; x_wconf 74' lang='grc' dir='ltr'>τοὺς</span> <span class='ocrx_word' id='word_1_495' title='bbox 3557 3838 3715 3893; x_wconf 81' lang='grc' dir='ltr'>άπει-</span> 
     </span>
    </p>
   </div>
   <div class='ocr_carea' id='block_1_74' title="bbox 2074 3925 3721 4002">
    <p class='ocr_par' dir='ltr' id='par_1_74' title="bbox 2074 3925 3721 4002">
     <span class='ocr_line' id='line_1_74' title="bbox 2074 3925 3721 4002; baseline 0 -21"><span class='ocrx_word' id='word_1_496' title='bbox 2074 3927 2354 4001; x_wconf 80' lang='grc' dir='ltr'>θεστὲρους</span> <span class='ocrx_word' id='word_1_497' title='bbox 2411 3925 2462 3981; x_wconf 83' lang='grc' dir='ltr'>ἐν</span> <span class='ocrx_word' id='word_1_498' title='bbox 2524 3929 2794 4002; x_wconf 77' lang='grc' dir='ltr'>πραότητι</span> <span class='ocrx_word' id='word_1_499' title='bbox 2875 3928 3157 3987; x_wconf 81' lang='grc' dir='ltr'>ὑπότασσε.</span> <span class='ocrx_word' id='word_1_500' title='bbox 3216 3929 3294 3987; x_wconf 77' lang='grc' dir='ltr'>Οὐ</span> <span class='ocrx_word' id='word_1_501' title='bbox 3346 3934 3448 3983; x_wconf 79' lang='grc' dir='ltr'>πᾶν</span> <span class='ocrx_word' id='word_1_502' title='bbox 3504 3930 3721 4002; x_wconf 88' lang='grc' dir='ltr'>τραῦμα</span> 
     </span>
    </p>
   </div>
   <div class='ocr_carea' id='block_1_75' title="bbox 2071 4014 3727 4093">
    <p class='ocr_par' dir='ltr' id='par_1_75' title="bbox 2071 4014 3727 4093">
     <span class='ocr_line' id='line_1_75' title="bbox 2071 4014 3727 4093; baseline 0.001 -23"><span class='ocrx_word' id='word_1_503' title='bbox 2071 4019 2141 4089; x_wconf 79' lang='grc' dir='ltr'>τῇ</span> <span class='ocrx_word' id='word_1_504' title='bbox 2210 4016 2346 4090; x_wconf 78' lang='grc' dir='ltr'>αὐτῇ</span> <span class='ocrx_word' id='word_1_505' title='bbox 2423 4014 2759 4091; x_wconf 81' lang='grc' dir='ltr'>ἐμπλάστρῳ</span> <span class='ocrx_word' id='word_1_506' title='bbox 2836 4018 3202 4093; x_wconf 75' lang='grc' dir='ltr'>θεραπεύεται.</span> <span class='ocrx_word' id='word_1_507' title='bbox 3278 4016 3422 4079; x_wconf 79' lang='grc' dir='ltr'>Τοὺς</span> <span class='ocrx_word' id='word_1_508' title='bbox 3497 4018 3727 4092; x_wconf 79' lang='grc' dir='ltr'>παροξυ-</span> 
     </span>
    </p>
   </div>
   <div class='ocr_carea' id='block_1_76' title="bbox 2074 4099 3726 4182">
    <p class='ocr_par' dir='ltr' id='par_1_76' title="bbox 2074 4099 3726 4182">
     <span class='ocr_line' id='line_1_76' title="bbox 2074 4099 3726 4182; baseline 0.001 -23"><span class='ocrx_word' id='word_1_509' title='bbox 2074 4103 2246 4177; x_wconf 79' lang='grc' dir='ltr'>σμοὺς</span> <span class='ocrx_word' id='word_1_510' title='bbox 2297 4099 2602 4181; x_wconf 79' lang='grc' dir='ltr'>ὲμϐροχαῖς</span> <span class='ocrx_word' id='word_1_511' title='bbox 2655 4110 2812 4163; x_wconf 89' lang='grc' dir='ltr'>παῦε.</span> <span class='ocrx_word' id='word_1_512' title='bbox 2874 4107 2973 4162; x_wconf 81' lang='grc' dir='ltr'>Διὰ</span> <span class='ocrx_word' id='word_1_513' title='bbox 3026 4111 3193 4162; x_wconf 80' lang='grc' dir='ltr'>τοῦτο</span> <span class='ocrx_word' id='word_1_514' title='bbox 3252 4106 3511 4182; x_wconf 88' lang='grc' dir='ltr'>σαρκικὸς</span> <span class='ocrx_word' id='word_1_515' title='bbox 3553 4106 3726 4161; x_wconf 79' lang='grc' dir='ltr'>εἶκαὶ</span> 
     </span>
    </p>
   </div>
   <div class='ocr_carea' id='block_1_77' title="bbox 2073 4191 3727 4271">
    <p class='ocr_par' dir='ltr' id='par_1_77' title="bbox 2073 4191 3727 4271">
     <span class='ocr_line' id='line_1_77' title="bbox 2073 4191 3727 4271; baseline -0.001 -22"><span class='ocrx_word' id='word_1_516' title='bbox 2073 4194 2457 4267; x_wconf 83' lang='grc' dir='ltr'>πνευματικὸς,</span> <span class='ocrx_word' id='word_1_517' title='bbox 2511 4191 2603 4248; x_wconf 71' lang='grc' dir='ltr'>ἵνα</span> <span class='ocrx_word' id='word_1_518' title='bbox 2649 4195 2716 4249; x_wconf 83' lang='grc' dir='ltr'>τὰ</span> <span class='ocrx_word' id='word_1_519' title='bbox 2773 4193 3075 4271; x_wconf 77' lang='grc' dir='ltr'>φαινόμενά</span> <span class='ocrx_word' id='word_1_520' title='bbox 3132 4216 3217 4250; x_wconf 87' lang='grc' dir='ltr'>σοι</span> <span class='ocrx_word' id='word_1_521' title='bbox 3287 4195 3364 4257; x_wconf 77' lang='grc' dir='ltr'>εἰς</span> <span class='ocrx_word' id='word_1_522' title='bbox 3430 4195 3727 4270; x_wconf 90' lang='grc' dir='ltr'>πρόσωπον</span> 
     </span>
    </p>
   </div>
   <div class='ocr_carea' id='block_1_78' title="bbox 2071 4272 3725 4362">
    <p class='ocr_par' dir='ltr' id='par_1_78' title="bbox 2071 4272 3725 4362">
     <span class='ocr_line' id='line_1_78' title="bbox 2071 4272 3725 4362; baseline 0.001 -25"><span class='ocrx_word' id='word_1_523' title='bbox 2071 4283 2401 4357; x_wconf 75' lang='grc' dir='ltr'>κολακεόῃςο</span> <span class='ocrx_word' id='word_1_524' title='bbox 2460 4280 2622 4337; x_wconf 78' lang='grc' dir='ltr'>τὰδὲ</span> <span class='ocrx_word' id='word_1_525' title='bbox 2680 4282 2906 4358; x_wconf 75' lang='grc' dir='ltr'>ἀόρατα,</span> <span class='ocrx_word' id='word_1_526' title='bbox 2963 4282 3098 4341; x_wconf 75' lang='grc' dir='ltr'>α’ίτει</span> <span class='ocrx_word' id='word_1_527' title='bbox 3132 4285 3224 4341; x_wconf 86' lang='grc' dir='ltr'>ἳνα</span> <span class='ocrx_word' id='word_1_528' title='bbox 3281 4305 3367 4339; x_wconf 89' lang='grc' dir='ltr'>σοι</span> <span class='ocrx_word' id='word_1_529' title='bbox 3416 4272 3725 4362; x_wconf 77' lang='grc' dir='ltr'>φανερωθῇ,</span> 
     </span>
    </p>
   </div>
   <div class='ocr_carea' id='block_1_79' title="bbox 2069 4370 2640 4446">
    <p class='ocr_par' dir='ltr' id='par_1_79' title="bbox 2069 4370 2640 4446">
     <span class='ocr_line' id='line_1_79' title="bbox 2069 4370 2640 4446; baseline 0.004 -20"><span class='ocrx_word' id='word_1_530' title='bbox 2069 4373 2161 4427; x_wconf 81' lang='grc' dir='ltr'>ἳνα</span> <span class='ocrx_word' id='word_1_531' title='bbox 2196 4370 2429 4445; x_wconf 83' lang='grc' dir='ltr'>μηδενὸς</span> <span class='ocrx_word' id='word_1_532' title='bbox 2459 4370 2640 4446; x_wconf 83' lang='grc' dir='ltr'>λείπῃ.</span> 
     </span>
    </p>
   </div>
   <div class='ocr_carea' id='block_1_80' title="bbox 1381 4580 2650 4652">
    <p class='ocr_par' dir='ltr' id='par_1_80' title="bbox 1381 4580 2650 4652">
     <span class='ocr_line' id='line_1_80' title="bbox 1381 4580 2650 4652; baseline -0.002 -15"><span class='ocrx_word' id='word_1_533' title='bbox 1381 4584 1513 4638; x_wconf 71' lang='lat' dir='ltr'>Iesu</span> <span class='ocrx_word' id='word_1_534' title='bbox 1543 4582 1705 4650; x_wconf 81' lang='lat' dir='ltr'>ibid.,</span> <span class='ocrx_word' id='word_1_535' title='bbox 1743 4583 1851 4637; x_wconf 79' lang='lat' dir='ltr'>litt.</span> <span class='ocrx_word' id='word_1_536' title='bbox 1884 4601 1937 4652; x_wconf 89' lang='grc' dir='ltr'>υ,</span> <span class='ocrx_word' id='word_1_537' title='bbox 1965 4582 2053 4636; x_wconf 76' lang='lat' dir='ltr'>tit.</span> <span class='ocrx_word' id='word_1_538' title='bbox 2098 4595 2229 4649; x_wconf 80' lang='lat' dir='ltr'>xvn,</span> <span class='ocrx_word' id='word_1_539' title='bbox 2262 4596 2395 4651; x_wconf 85' lang='lat' dir='ltr'>pag.</span> <span class='ocrx_word' id='word_1_540' title='bbox 2432 4581 2555 4636; x_wconf 88' lang='lat'>788.</span> <span class='ocrx_word' id='word_1_541' title='bbox 2588 4580 2650 4635; x_wconf 87' lang='grc' dir='ltr'>Β.</span> 
     </span>
    </p>
   </div>
   <div class='ocr_carea' id='block_1_81' title="bbox 444 4728 1806 4802">
    <p class='ocr_par' dir='ltr' id='par_1_81' title="bbox 444 4728 1806 4802">
     <span class='ocr_line' id='line_1_81' title="bbox 444 4728 1806 4802; baseline -0.007 -9"><span class='ocrx_word' id='word_1_542' title='bbox 444 4732 636 4793; x_wconf 80' lang='lat' dir='ltr'>Sancti</span> <span class='ocrx_word' id='word_1_543' title='bbox 663 4728 898 4802; x_wconf 78' lang='lat' dir='ltr'>IGNATII,</span> <span class='ocrx_word' id='word_1_544' title='bbox 929 4745 996 4787; x_wconf 77' lang='lat' dir='ltr'>ea:</span> <span class='ocrx_word' id='word_1_545' title='bbox 1025 4728 1265 4802; x_wconf 78' lang='lat' dir='ltr'>Epistola</span> <span class='ocrx_word' id='word_1_546' title='bbox 1307 4729 1380 4787; x_wconf 87' lang='lat' dir='ltr'>ad</span> <span class='ocrx_word' id='word_1_547' title='bbox 1416 4729 1806 4787; x_wconf 60' lang='lat' dir='ltr'>Ponrcanrux.</span> 
     </span>
    </p>
   </div>
   <div class='ocr_carea' id='block_1_82' title="bbox 386 4924 1966 5008">
    <p class='ocr_par' dir='ltr' id='par_1_82' title="bbox 386 4924 1966 5008">
     <span class='ocr_line' id='line_1_82' title="bbox 386 4924 1966 5008; baseline -0.006 -14"><span class='ocrx_word' id='word_1_548' title='bbox 386 4938 481 4994; x_wconf 86' lang='lat' dir='ltr'>Sta</span> <span class='ocrx_word' id='word_1_549' title='bbox 505 4935 664 4992; x_wconf 86' lang='lat' dir='ltr'>velut</span> <span class='ocrx_word' id='word_1_550' title='bbox 682 4932 853 4992; x_wconf 91' lang='lat' dir='ltr'>incus</span> <span class='ocrx_word' id='word_1_551' title='bbox 874 4946 1007 5007; x_wconf 71' lang='lat' dir='ltr'>quae</span> <span class='ocrx_word' id='word_1_552' title='bbox 1031 4931 1381 5008; x_wconf 89' lang='lat' dir='ltr'>percutitur.</span> <span class='ocrx_word' id='word_1_553' title='bbox 1406 4928 1598 5005; x_wconf 81' lang='lat' dir='ltr'>Magni</span> <span class='ocrx_word' id='word_1_554' title='bbox 1620 4924 1854 4987; x_wconf 75' lang='lat' dir='ltr'>athletaa</span> <span class='ocrx_word' id='word_1_555' title='bbox 1875 4930 1966 4987; x_wconf 87' lang='lat' dir='ltr'>est</span> 
     </span>
    </p>
   </div>
   <div class='ocr_carea' id='block_1_83' title="bbox 307 5020 1963 5094">
    <p class='ocr_par' dir='ltr' id='par_1_83' title="bbox 307 5020 1963 5094">
     <span class='ocr_line' id='line_1_83' title="bbox 307 5020 1963 5094; baseline -0.005 -12"><span class='ocrx_word' id='word_1_556' title='bbox 307 5026 605 5084; x_wconf 82' lang='lat' dir='ltr'>verberari</span> <span class='ocrx_word' id='word_1_557' title='bbox 637 5032 693 5082; x_wconf 89' lang='lat' dir='ltr'>et</span> <span class='ocrx_word' id='word_1_558' title='bbox 725 5025 978 5082; x_wconf 82' lang='lat' dir='ltr'>vincere.</span> <span class='ocrx_word' id='word_1_559' title='bbox 1000 5024 1253 5081; x_wconf 83' lang='lat' dir='ltr'>Maxime</span> <span class='ocrx_word' id='word_1_560' title='bbox 1276 5028 1474 5079; x_wconf 89' lang='lat' dir='ltr'>autem</span> <span class='ocrx_word' id='word_1_561' title='bbox 1506 5026 1747 5094; x_wconf 88' lang='lat' dir='ltr'>propter</span> <span class='ocrx_word' id='word_1_562' title='bbox 1776 5020 1963 5075; x_wconf 89' lang='lat' dir='ltr'>Deum</span> 
     </span>
    </p>
   </div>
   <div class='ocr_carea' id='block_1_84' title="bbox 1998 4723 3727 4802">
    <p class='ocr_par' dir='ltr' id='par_1_84' title="bbox 1998 4723 3727 4802">
     <span class='ocr_line' id='line_1_84' title="bbox 1998 4723 3727 4802; baseline -0.002 -20"><span class='ocrx_word' id='word_1_563' title='bbox 1998 4730 2049 4796; x_wconf 84' lang='lat' dir='ltr'>D</span> <span class='ocrx_word' id='word_1_564' title='bbox 2082 4724 2195 4782; x_wconf 91' lang='grc' dir='ltr'>Τοῦ</span> <span class='ocrx_word' id='word_1_565' title='bbox 2253 4723 2414 4800; x_wconf 80' lang='grc' dir='ltr'>άγίου</span> <span class='ocrx_word' id='word_1_566' title='bbox 2474 4724 2945 4802; x_wconf 52' lang='lat' dir='ltr'>Il‘NATlOl‘Léx</span> <span class='ocrx_word' id='word_1_567' title='bbox 3024 4746 3125 4802; x_wconf 69' lang='grc' dir='ltr'>της</span> <span class='ocrx_word' id='word_1_568' title='bbox 3179 4725 3316 4802; x_wconf 86' lang='grc' dir='ltr'>πρὸς</span> <span class='ocrx_word' id='word_1_569' title='bbox 3374 4726 3727 4784; x_wconf 82' lang='grc' dir='ltr'>ΠΟΑΥΚΑΡ-</span> 
     </span>
    </p>
   </div>
   <div class='ocr_carea' id='block_1_85' title="bbox 2631 4795 3169 4867">
    <p class='ocr_par' dir='ltr' id='par_1_85' title="bbox 2631 4795 3169 4867">
     <span class='ocr_line' id='line_1_85' title="bbox 2631 4795 3169 4867; baseline 0.002 -14"><span class='ocrx_word' id='word_1_570' title='bbox 2631 4799 2779 4855; x_wconf 85' lang='grc' dir='ltr'>ΙΙΟΝ</span> <span class='ocrx_word' id='word_1_571' title='bbox 2811 4795 3169 4867; x_wconf 75' lang='grc' dir='ltr'>Ἐπιστολῆς.</span> 
     </span>
    </p>
   </div>
   <div class='ocr_carea' id='block_1_86' title="bbox 2144 4921 3724 5000">
    <p class='ocr_par' dir='ltr' id='par_1_86' title="bbox 2144 4921 3724 5000">
     <span class='ocr_line' id='line_1_86' title="bbox 2144 4921 3724 5000; baseline -0.003 -21"><span class='ocrx_word' id='word_1_572' title='bbox 2144 4926 2324 4995; x_wconf 78' lang='grc' dir='ltr'>Στῆκε</span> <span class='ocrx_word' id='word_1_573' title='bbox 2379 4921 2453 4987; x_wconf 79' lang='grc' dir='ltr'>ὡς</span> <span class='ocrx_word' id='word_1_574' title='bbox 2503 4922 2692 4998; x_wconf 82' lang='grc' dir='ltr'>ἄκμων</span> <span class='ocrx_word' id='word_1_575' title='bbox 2750 4926 3108 4999; x_wconf 86' lang='grc' dir='ltr'>τυπτόμενος.</span> <span class='ocrx_word' id='word_1_576' title='bbox 3170 4923 3425 5000; x_wconf 76' lang='grc' dir='ltr'>Μεγάλου</span> <span class='ocrx_word' id='word_1_577' title='bbox 3481 4924 3724 4994; x_wconf 81' lang='grc' dir='ltr'>ἀθλητοῦ</span> 
     </span>
    </p>
   </div>
   <div class='ocr_carea' id='block_1_87' title="bbox 2073 5010 3722 5089">
    <p class='ocr_par' dir='ltr' id='par_1_87' title="bbox 2073 5010 3722 5089">
     <span class='ocr_line' id='line_1_87' title="bbox 2073 5010 3722 5089; baseline -0.003 -20"><span class='ocrx_word' id='word_1_578' title='bbox 2073 5012 2182 5069; x_wconf 76' lang='grc' dir='ltr'>ἐστι</span> <span class='ocrx_word' id='word_1_579' title='bbox 2238 5012 2477 5089; x_wconf 78' lang='grc' dir='ltr'>ὂὲρεσθαι</span> <span class='ocrx_word' id='word_1_580' title='bbox 2528 5014 2619 5069; x_wconf 79' lang='grc' dir='ltr'>καὶ</span> <span class='ocrx_word' id='word_1_581' title='bbox 2678 5018 2855 5086; x_wconf 87' lang='grc' dir='ltr'>νικᾷν.</span> <span class='ocrx_word' id='word_1_582' title='bbox 2910 5014 3168 5072; x_wconf 82' lang='grc' dir='ltr'>Μάλιστα</span> <span class='ocrx_word' id='word_1_583' title='bbox 3223 5010 3283 5068; x_wconf 74' lang='grc' dir='ltr'>δὶ</span> <span class='ocrx_word' id='word_1_584' title='bbox 3337 5010 3518 5068; x_wconf 71' lang='grc' dir='ltr'>ἕνεκεν</span> <span class='ocrx_word' id='word_1_585' title='bbox 3566 5014 3722 5079; x_wconf 80' lang='grc' dir='ltr'>Θεοῦ,</span> 
     </span>
    </p>
   </div>
   <div class='ocr_carea' id='block_1_88' title="bbox 308 5101 1961 5186">
    <p class='ocr_par' dir='ltr' id='par_1_88' title="bbox 308 5108 1961 5186">
     <span class='ocr_line' id='line_1_88' title="bbox 308 5108 1961 5186; baseline -0.005 -13"><span class='ocrx_word' id='word_1_586' title='bbox 308 5119 511 5174; x_wconf 83' lang='lat' dir='ltr'>omnia</span> <span class='ocrx_word' id='word_1_587' title='bbox 540 5133 648 5172; x_wconf 81' lang='lat' dir='ltr'>nos</span> <span class='ocrx_word' id='word_1_588' title='bbox 679 5116 974 5171; x_wconf 90' lang='lat' dir='ltr'>sustinere</span> <span class='ocrx_word' id='word_1_589' title='bbox 1004 5117 1258 5186; x_wconf 87' lang='lat' dir='ltr'>oportet,</span> <span class='ocrx_word' id='word_1_590' title='bbox 1289 5116 1356 5168; x_wconf 89' lang='lat' dir='ltr'>ut</span> <span class='ocrx_word' id='word_1_591' title='bbox 1384 5117 1443 5167; x_wconf 87' lang='lat' dir='ltr'>et</span> <span class='ocrx_word' id='word_1_592' title='bbox 1486 5110 1613 5184; x_wconf 88' lang='lat' dir='ltr'>ipse</span> <span class='ocrx_word' id='word_1_593' title='bbox 1644 5126 1755 5167; x_wconf 90' lang='lat' dir='ltr'>nos</span> <span class='ocrx_word' id='word_1_594' title='bbox 1780 5108 1961 5166; x_wconf 89' lang='lat' dir='ltr'>susti-</span> 
     </span>
    </p>
   </div>
   <div class='ocr_carea' id='block_1_89' title="bbox 2083 5101 3722 5186">
    <p class='ocr_par' dir='ltr' id='par_1_89' title="bbox 2083 5101 3722 5178">
     <span class='ocr_line' id='line_1_89' title="bbox 2083 5101 3722 5178; baseline 0.001 -19"><span class='ocrx_word' id='word_1_595' title='bbox 2083 5104 2244 5159; x_wconf 78' lang='grc' dir='ltr'>πάντα</span> <span class='ocrx_word' id='word_1_596' title='bbox 2291 5105 2438 5177; x_wconf 78' lang='grc' dir='ltr'>ἡμᾶς</span> <span class='ocrx_word' id='word_1_597' title='bbox 2514 5103 2799 5178; x_wconf 67' lang='grc' dir='ltr'>ὑπομένειν</span> <span class='ocrx_word' id='word_1_598' title='bbox 2843 5102 2945 5175; x_wconf 81' lang='grc' dir='ltr'>δεῖ,</span> <span class='ocrx_word' id='word_1_599' title='bbox 3019 5102 3108 5160; x_wconf 78' lang='grc' dir='ltr'>ἳνα</span> <span class='ocrx_word' id='word_1_600' title='bbox 3176 5102 3268 5160; x_wconf 80' lang='grc' dir='ltr'>καὶ</span> <span class='ocrx_word' id='word_1_601' title='bbox 3341 5101 3504 5164; x_wconf 81' lang='grc' dir='ltr'>αὐτὸς</span> <span class='ocrx_word' id='word_1_602' title='bbox 3570 5102 3722 5173; x_wconf 75' lang='grc' dir='ltr'>ἡμᾶς</span> 
     </span>
    </p>
   </div>
   <div class='ocr_carea' id='block_1_90' title="bbox 306 5204 1170 5277">
    <p class='ocr_par' dir='ltr' id='par_1_90' title="bbox 306 5204 1170 5277">
     <span class='ocr_line' id='line_1_90' title="bbox 306 5204 1170 5277; baseline -0.003 -17"><span class='ocrx_word' id='word_1_603' title='bbox 306 5212 463 5264; x_wconf 89' lang='lat' dir='ltr'>neat.</span> <span class='ocrx_word' id='word_1_604' title='bbox 497 5204 585 5260; x_wconf 85' lang='lat' dir='ltr'>Ad</span> <span class='ocrx_word' id='word_1_605' title='bbox 615 5204 925 5277; x_wconf 85' lang='lat' dir='ltr'>Polycarp.</span> <span class='ocrx_word' id='word_1_606' title='bbox 959 5220 1084 5274; x_wconf 91' lang='lat' dir='ltr'>cap.</span> <span class='ocrx_word' id='word_1_607' title='bbox 1116 5205 1170 5257; x_wconf 87' lang='lat'>3.</span> 
     </span>
    </p>
   </div>
   <div class='ocr_carea' id='block_1_91' title="bbox 2070 5194 2361 5268">
    <p class='ocr_par' dir='ltr' id='par_1_91' title="bbox 2070 5194 2361 5268">
     <span class='ocr_line' id='line_1_91' title="bbox 2070 5194 2361 5268; baseline 0.01 -19"><span class='ocrx_word' id='word_1_608' title='bbox 2070 5194 2336 5268; x_wconf 74' lang='grc' dir='ltr'>ὑπομείνῃ</span> <span class='ocrx_word' id='word_1_609' title='bbox 2347 5238 2361 5252; x_wconf 96' lang='grc'>.</span> 
     </span>
    </p>
   </div>
   <div class='ocr_carea' id='block_1_92' title="bbox 1341 5344 2686 5420">
    <p class='ocr_par' dir='ltr' id='par_1_92' title="bbox 1341 5344 2686 5420">
     <span class='ocr_line' id='line_1_92' title="bbox 1341 5344 2686 5420; baseline -0.003 -13"><span class='ocrx_word' id='word_1_610' title='bbox 1341 5352 1475 5407; x_wconf 71' lang='lat' dir='ltr'>IDEM</span> <span class='ocrx_word' id='word_1_611' title='bbox 1502 5350 1665 5420; x_wconf 79' lang='lat' dir='ltr'>ibid.,</span> <span class='ocrx_word' id='word_1_612' title='bbox 1700 5349 1804 5405; x_wconf 78' lang='lat' dir='ltr'>litt.</span> <span class='ocrx_word' id='word_1_613' title='bbox 1842 5344 1893 5420; x_wconf 82' lang='grc' dir='ltr'>δ,</span> <span class='ocrx_word' id='word_1_614' title='bbox 1945 5350 2034 5405; x_wconf 81' lang='lat' dir='ltr'>tit.</span> <span class='ocrx_word' id='word_1_615' title='bbox 2077 5366 2269 5418; x_wconf 79' lang='lat' dir='ltr'><strong>xxxw,</strong></span> <span class='ocrx_word' id='word_1_616' title='bbox 2298 5365 2431 5419; x_wconf 87' lang='lat' dir='ltr'>pag.</span> <span class='ocrx_word' id='word_1_617' title='bbox 2467 5350 2595 5416; x_wconf 91' lang='lat'>778,</span> <span class='ocrx_word' id='word_1_618' title='bbox 2626 5350 2686 5403; x_wconf 79' lang='grc' dir='ltr'>Ο.</span> 
     </span>
    </p>
   </div>
   <div class='ocr_carea' id='block_1_93' title="bbox 447 5529 1828 5601">
    <p class='ocr_par' dir='ltr' id='par_1_93' title="bbox 447 5529 1828 5601">
     <span class='ocr_line' id='line_1_93' title="bbox 447 5529 1828 5601; baseline -0.005 -11"><span class='ocrx_word' id='word_1_619' title='bbox 447 5535 641 5590; x_wconf 79' lang='lat' dir='ltr'>Sancti</span> <span class='ocrx_word' id='word_1_620' title='bbox 678 5535 906 5601; x_wconf 68' lang='lat' dir='ltr'>lorum,</span> <span class='ocrx_word' id='word_1_621' title='bbox 942 5548 1011 5587; x_wconf 78' lang='lat' dir='ltr'>ea:</span> <span class='ocrx_word' id='word_1_622' title='bbox 1043 5529 1296 5601; x_wconf 81' lang='lat' dir='ltr'>Epistola</span> <span class='ocrx_word' id='word_1_623' title='bbox 1334 5530 1406 5585; x_wconf 86' lang='lat' dir='ltr'>ad</span> <span class='ocrx_word' id='word_1_624' title='bbox 1436 5532 1828 5585; x_wconf 62' lang='lat' dir='ltr'>Powcsapuu&#39;</span> 
     </span>
    </p>
   </div>
   <div class='ocr_carea' id='block_1_94' title="bbox 384 5725 1961 5794">
    <p class='ocr_par' dir='ltr' id='par_1_94' title="bbox 384 5725 1961 5794">
     <span class='ocr_line' id='line_1_94' title="bbox 384 5725 1961 5794; baseline -0.006 -3"><span class='ocrx_word' id='word_1_625' title='bbox 384 5729 551 5791; x_wconf 84' lang='lat' dir='ltr'>Servi</span> <span class='ocrx_word' id='word_1_626' title='bbox 584 5746 705 5785; x_wconf 88' lang='lat' dir='ltr'>non</span> <span class='ocrx_word' id='word_1_627' title='bbox 735 5727 1077 5784; x_wconf 86' lang='lat' dir='ltr'>desiderent</span> <span class='ocrx_word' id='word_1_628' title='bbox 1131 5744 1166 5783; x_wconf 89' lang='lat' dir='ltr'>a</span> <span class='ocrx_word' id='word_1_629' title='bbox 1216 5729 1516 5786; x_wconf 88' lang='lat' dir='ltr'>communi</span> <span class='ocrx_word' id='word_1_630' title='bbox 1558 5728 1734 5786; x_wconf 85' lang='lat' dir='ltr'>liberi</span> <span class='ocrx_word' id='word_1_631' title='bbox 1790 5725 1961 5794; x_wconf 69' lang='lat' dir='ltr'>fieri;</span> 
     </span>
    </p>
   </div>
   <div class='ocr_carea' id='block_1_95' title="bbox 2069 5525 3725 5606">
    <p class='ocr_par' dir='ltr' id='par_1_95' title="bbox 2069 5525 3725 5606">
     <span class='ocr_line' id='line_1_95' title="bbox 2069 5525 3725 5606; baseline -0.001 -21"><span class='ocrx_word' id='word_1_632' title='bbox 2069 5528 2181 5585; x_wconf 86' lang='grc' dir='ltr'>Τοῦ</span> <span class='ocrx_word' id='word_1_633' title='bbox 2240 5528 2392 5606; x_wconf 71' lang='grc' dir='ltr'>ἁγίου</span> <span class='ocrx_word' id='word_1_634' title='bbox 2443 5527 2911 5606; x_wconf 28' lang='grc' dir='ltr'>ΙΓΝΑΤΙῼΥηῨέκ</span> <span class='ocrx_word' id='word_1_635' title='bbox 2974 5534 3110 5606; x_wconf 24' lang='grc' dir='ltr'>τῆῇςῴ</span> <span class='ocrx_word' id='word_1_636' title='bbox 3152 5528 3289 5605; x_wconf 87' lang='grc' dir='ltr'>πρὸς</span> <span class='ocrx_word' id='word_1_637' title='bbox 3358 5525 3725 5585; x_wconf 77' lang='grc' dir='ltr'>ΠΟΛΥΚΔΡ-</span> 
     </span>
    </p>
   </div>
   <div class='ocr_carea' id='block_1_96' title="bbox 2629 5600 3160 5671">
    <p class='ocr_par' dir='ltr' id='par_1_96' title="bbox 2629 5600 3160 5671">
     <span class='ocr_line' id='line_1_96' title="bbox 2629 5600 3160 5671; baseline 0.002 -12"><span class='ocrx_word' id='word_1_638' title='bbox 2629 5601 2767 5659; x_wconf 85' lang='grc' dir='ltr'>0οΝ</span> <span class='ocrx_word' id='word_1_639' title='bbox 2806 5600 3160 5671; x_wconf 77' lang='grc' dir='ltr'>Ἐπιστολῆς.</span> 
     </span>
    </p>
   </div>
   <div class='ocr_carea' id='block_1_97' title="bbox 2143 5716 3720 5798">
    <p class='ocr_par' dir='ltr' id='par_1_97' title="bbox 2143 5716 3720 5798">
     <span class='ocr_line' id='line_1_97' title="bbox 2143 5716 3720 5798; baseline -0.002 -22"><span class='ocrx_word' id='word_1_640' title='bbox 2143 5720 2211 5777; x_wconf 76' lang='lat' dir='ltr'>Oi</span> <span class='ocrx_word' id='word_1_641' title='bbox 2277 5716 2468 5778; x_wconf 81' lang='grc' dir='ltr'>δοῦλοι</span> <span class='ocrx_word' id='word_1_642' title='bbox 2536 5722 2613 5794; x_wconf 76' lang='grc' dir='ltr'>μὴ</span> <span class='ocrx_word' id='word_1_643' title='bbox 2681 5718 2951 5798; x_wconf 81' lang='grc' dir='ltr'>ἐράτωσαν</span> <span class='ocrx_word' id='word_1_644' title='bbox 3014 5718 3119 5777; x_wconf 80' lang='grc' dir='ltr'>άπὸ</span> <span class='ocrx_word' id='word_1_645' title='bbox 3169 5723 3357 5780; x_wconf 83' lang='grc' dir='ltr'>κοινοῦ</span> <span class='ocrx_word' id='word_1_646' title='bbox 3396 5717 3720 5797; x_wconf 69' lang='grc' dir='ltr'>ζλευθεροῦ-</span> 
     </span>
    </p>
   </div>
  </div>
