4092 6142
361 350 479 417 933
1607 354 2103 419 FRAGMENTA
2145 354 2297 416 GEN
2310 354 2520 416 UINA.
3656 348 3781 410 95L

367 488 511 554 σθαι,
542 485 671 543 ἀλλ’
698 489 775 552 εἰς
803 484 956 557 δόξαν
986 489 1084 542 τοῦ
1141 485 1274 542 Θεοῦ
1322 485 1388 541 τὸ
1442 482 1636 541 πλεῖον
1685 482 1983 541 δουλευέτω

2162 486 2236 543 ed
2264 486 2339 543 ad
2368 485 2617 559 gloriam
2648 484 2751 540 Dei
2799 483 2986 557 magis
3035 482 3314 550 serviant,
3363 484 3430 537 ut
3480 480 3773 552 potiorem

365 599 480 648 σαν,
512 575 609 632 ’ίνα
663 576 973 653 κρείττονος
1029 574 1339 652 ἐλευθερίας
1395 577 1501 631 ὕπὸ
1558 580 1693 631 Θεοῦ
1744 576 1981 653 τύχωσιν

2152 577 2454 632 ὼθνιαιθω
2511 592 2547 630 a
2605 574 2724 629 Deo
2783 576 3247 644 consequantur.
3315 569 3394 625 Ad
3462 569 3768 642 Polycarp.

2118 682 2241 737 cap.
2275 666 2327 723 4.

1433 847 1564 902 IDEM
1594 843 1754 916 ibid.,
1789 844 1896 903 litt.
1932 862 1977 914 ε,
2010 845 2097 901 tit.
2130 860 2262 911 XLII,
2287 859 2425 915 pag.
2458 846 2588 914 779,
2620 843 2683 896 D.

730 1022 824 1072 Ἐκ
850 1023 953 1086 τῆς
979 1018 1116 1093 πρὸς
1152 1020 1636 1076 ΙΙΟΑΥΚΑΡΙΙΟΝ.

2493 1015 2577 1069 Ea:
2603 1010 2848 1083 Epistola
2877 1009 2947 1065 ad
2976 1011 3370 1064 Powmnrum

434 1124 530 1195 Τῷ
583 1120 865 1196 ἐπισκόπῳ
921 1128 1241 1201 προσέχετε,
1295 1123 1386 1180 ’ἱνα
1440 1124 1530 1179 καὶ
1588 1124 1715 1197 ὑμῖν
1775 1123 1803 1177 ὁ
1860 1122 2012 1184 Θεός.

2196 1123 2481 1195 Episcopo
2514 1119 2820 1187 attendite,
2853 1121 2918 1173 ut
2947 1122 3005 1172 et
3033 1118 3186 1171 Deus
3225 1114 3406 1170 vobis.
3457 1114 3764 1170 Unanimis

365 1211 505 1286 Ἐγὼ
582 1210 885 1287 ἀντίψυχον
974 1218 1082 1268 τῶν
1169 1214 1621 1285 ὑποτασσομένων
1706 1211 1981 1282 ἐπισκὸπῳ

2148 1232 2228 1287 rgo
2262 1230 2393 1269 sum
2421 1229 2555 1268 cum
2586 1212 2658 1266 iis
2688 1209 2788 1281 qui
2823 1206 3072 1279 subjecti
3104 1210 3243 1261 sunt
3282 1204 3595 1276 episcopo,
3629 1220 3764 1275 pre-

358 1293 755 1376 πρεσϐυτερῖῳ,
818 1298 1115 1365 διακόνοις*
1180 1303 1294 1377 μετ’
1348 1301 1526 1358 αὐτῶν
1579 1322 1674 1375 μοι
1721 1300 1784 1356 τὸ
1845 1297 1974 1376 μέρο

2145 1302 2404 1373 ὼγιοτίο,
2446 1300 2746 1358 diaconis:
2780 1315 2913 1354 cum
2945 1297 3035 1352 his
3066 1313 3203 1367 pars
3229 1294 3375 1350 mihi
3410 1294 3487 1350 sit
3516 1293 3578 1349 in
3622 1294 3761 1351 Deo.

357 1388 600 1465 γένοιντο
632 1387 686 1444 ἐν
716 1396 853 1464 Θεῷ.

2122 1393 2211 1447 Ad
2249 1392 2555 1464 Polycarp.
2591 1407 2712 1461 cap.
2749 1392 2800 1443 6.

1427 1565 1559 1619 lusu
1588 1564 1749 1632 ibid.,
1784 1565 1890 1621 litt.
1921 1583 1972 1635 υ,
2007 1566 2099 1621 tit.
2129 1579 2267 1628 xvn,
2294 1578 2425 1634 pag.
2461 1563 2585 1631 788,
2621 1563 2680 1615 Β.

952 1705 1046 1761 Ἐκ
1074 1711 1179 1774 τῆς
1210 1704 1397 1772 αὐτῆς.

2768 1705 2852 1758 Ea:
2881 1703 3085 1759 eadem.

424 1830 840 1904 Μακροθυμεῖτε
896 1831 1014 1903 μετ’
1068 1829 1336 1902 ἀλλήλων
1394 1829 1446 1886 ἐν
1510 1843 1799 1910 πραΰτητι,
1853 1832 1927 1895 ὡς
1969 1833 2040 1910 ὁ.

2182 1831 2434 1887 Patienti
2467 1831 2667 1886 animo
2695 1829 2944 1884 invicem
2967 1845 3070 1883 vos
3095 1828 3244 1883 ferte
3262 1843 3397 1882 cum
3425 1832 3763 1882 mansuetu-

349 1920 477 1982 Θεὸς
513 1903 632 1995 μεθ’
666 1918 818 1993 ὑμῶν
849 1915 938 1974 διὰ
966 1919 1187 1983 παντός.
1553 1903 1563 1910 ’
1713 1903 1718 1904 ν
1782 1903 1789 1907 γ

2070 1916 2072 1955 Ρ
2105 1920 2264 1989 dine,
2297 1921 2382 1976 uti
2417 1921 2571 1976 Deus
2600 1936 2701 1975 vos
2731 1934 2985 1990 semper.
3020 1918 3110 1974 Ad
3138 1916 3443 1988 Polycarp.
3478 1931 3602 1986 cap.
3635 1918 3686 1969 6.

1448 2100 1581 2153 Ion
1607 2094 1767 2164 ibid.,
1797 2094 1905 2150 litt.
1939 2110 2000 2167 χ,
2035 2096 2121 2150 tit.
2155 2109 2229 2165 ιν,
2255 2108 2391 2164 pag.
2426 2093 2551 2159 724,
2580 2093 2644 2148 Ε.

978 2253 1345 2309 ἸΓΝΑΤΙΟΥ.
2802 2250 3034 2305 Icum".

411 2369 729 2443 Χριστιανὸς
784 2368 977 2426 ἑαυτοῦ
1059 2367 1301 2439 ἐξουσίαν
1361 2368 1462 2425 οὐκ
1509 2364 1649 2445 ἔχει,
1719 2366 1868 2426 ἀλλᾶ
1915 2373 1994 2443 τῷ

2174 2375 2544 2432 Christianus
2573 2373 2664 2430 sui
2696 2374 2885 2446 ipsius
2916 2377 3268 2445 potestatem
3282 2388 3403 2428 non
3426 2371 3625 2437 habet,
3645 2372 3749 2428 sed

350 2459 464 2529 Θεῷ
496 2455 781 2531 σχολάζει.

2108 2466 2227 2520 Deo
2257 2468 2441 2520 vacat.
2472 2464 2566 2520 Ad
2596 2463 2903 2534 Polycarp.
2936 2479 3062 2534 cap.
3092 2466 3144 2520 7.

1401 2608 1532 2663 Imm
1560 2605 1726 2675 ibid.,
1752 2607 1861 2663 litt.
1893 2625 1945 2677 α,
1982 2607 2071 2666 tit.
2104 2625 2291 2677 Lxxw,
2310 2625 2447 2680 pag.
2481 2612 2606 2681 772,
2639 2610 2704 2665 D.

351 2771 448 2827 Ἐκ
496 2777 597 2843 τῆς
653 2771 1239 2849 πρὸςῌἘΦΕΣξΙΟΥΣΠ
1297 2770 1633 2849 Ἐπιστολῆς
1687 2778 1785 2829 τοῦ
1840 2773 1964 2846 ἁγίο

2199 2777 2284 2833 Ex
2307 2777 2552 2849 Epistola
2579 2780 2653 2833 ad
2674 2782 2943 2834 Epussms
2971 2779 3151 2833 sancti
3178 2777 3393 2832 larum
3425 2776 3651 2844 Det/eri.

765 2844 1122 2901 ΊΓΝΑΤΙΟΥ
1148 2848 1246 2898 τοῦ
1276 2845 1577 2921 Θεοφόρου.

427 2945 641 3020 Μηδεὶς
680 2948 994 3005 πλανάσοω.
1052 2950 1175 3006 Ἐὰν
1226 2953 1303 3023 μή
1351 2972 1436 3015 τις
1484 2951 1521 3027 ᾖ
1568 2952 1716 3016 ἐντὸς
1762 2956 1859 3008 τοῦ
1906 2954 2000 3007 θυ-

2182 2957 2388 3014 Nullus
2418 2964 2595 3015 erret.
2631 2959 2687 3015 Si
2720 2958 2853 3030 quis
2881 2974 3002 3015 non
3060 2961 3150 3014 est
3190 2957 3349 3013 intra
3392 2956 3599 3018 altare,
3649 2953 3753 3011 Dei

350 3036 691 3113 σιαστηρίου,
734 3039 1035 3113 ὑπερεῖται
1063 3043 1161 3094 τοῦ
1209 3040 1373 3115 ἄρτου
1423 3044 1524 3096 τοῦ
1574 3045 1730 3097 Θεοῦ.
1786 3041 1851 3098 El
1897 3043 1966 3117 γᾶ

2136 3064 2263 3103 iane
2289 3048 2574 3120 privatur.
2609 3048 2665 3103 Si
2724 3048 2885 3104 enim
2934 3048 3112 3104 unius
3160 3052 3220 3104 et
3269 3046 3514 3102 alterius
3564 3043 3752 3100 oratio

352 3125 472 3192 ἰνὸς
508 3127 601 3182 καὶ
664 3124 915 3204 δευτέρου
969 3130 1253 3204 προσευχὴ
1310 3131 1580 3201 τοσαύτην
1639 3131 1801 3207 ἴσχὺν
1859 3131 1968 3209 ἔχει

2142 3143 2342 3193 autum
2372 3138 2608 3192 virtutis
2639 3137 2833 3204 habet,
2889 3144 3111 3210 quanto
3152 3136 3339 3210 magis
3388 3133 3649 3207 episcOpi
3698 3138 3758 3189 et

344 3216 501 3289 πόσῳ
565 3213 782 3290 μᾶλλον
831 3218 867 3288 ἢ
919 3238 979 3273 τε
1031 3222 1130 3273 τοῦ
1197 3218 1497 3274 ἐπισκόπου
1536 3220 1627 3275 καὶ
1678 3224 1857 3291 πάσης
1901 3226 1960 3282 τί

2134 3228 2305 3281 ιῐῐωὶε
2335 3226 2664 3282 Ecclesiae?
2719 3229 2827 3293 Qui
2877 3244 3013 3294 ergo
3060 3227 3239 3283 simul
3286 3242 3407 3281 non
3459 3223 3750 3287 convenit,

344 3305 726 3376 Ἐκκλησίαςς
785 3308 847 3365 '0
903 3307 994 3362 οὗν
1054 3309 1132 3381 μὴ
1211 3308 1510 3383 ἐρχόμενος
1574 3307 1664 3365 ἐπὶ
1721 3311 1784 3366 τὸ
1841 3311 1960 3366 αύτὲ

2137 3315 2207 3369 lic
2229 3317 2356 3387 jam
2384 3316 2673 3388 superbus
2705 3322 2812 3384 est,
2846 3333 2914 3372 ac
2945 3332 3007 3372 se
3038 3317 3231 3389 ipsum
3262 3314 3567 3388 dijudicat.
3599 3311 3753 3367 Scri-

342 3394 499 3456 οὗτος
560 3391 669 3466 ἤδη
732 3395 1084 3471 ὑπερηφανεῖ,
1142 3396 1230 3451 καὶ
1290 3397 1474 3451 ἑαυτὸν
1554 3394 1835 3473 διακρίνει.
1892 3398 1957 3454 Γὲ

2137 3410 2276 3459 itum
2308 3410 2398 3459 est
2425 3404 2624 3459 enim:
2659 3406 2799 3460 Deus
2853 3405 3098 3477 superbis
3147 3405 3371 3461 resistit.
3421 3402 3513 3460 Ad
3559 3399 3753 3473 Ephe-

340 3503 579 3558 γραπται
673 3481 749 3539 δέ’
844 3485 1236 3563 ’Υπερηφάνοις
1303 3485 1331 3540 ὁ
1398 3487 1529 3548 Θεὸς
1594 3487 1956 3543 ἀντιτάσσεται

871 3486 1236 3563 Γπερηςράνοις
1303 3485 1331 3540 ὁ
1398 3487 1529 3548 Θεὸς
1594 3487 1987 3544 ἀντιτάσσεται.
2038 3481 2075 3495 ν
2108 3492 2249 3557 sios,
2280 3509 2400 3564 cap.
2436 3496 2487 3550 5.

1390 3634 1523 3690 lusu
1550 3634 1713 3702 ibid.,
1747 3635 1856 3691 litt.
1887 3652 1932 3704 ε,
1966 3638 2051 3691 tit.
2084 3652 2275 3708 xnvm,
2299 3652 2437 3708 pag.
2465 3640 2589 3707 779,
2624 3638 2688 3692 ι).

881 3763 1023 3838 Πρὸς
1053 3764 1441 3821 ἘΦΕΣΙΟΥΣ.

2718 3772 2802 3827 Ad
2827 3772 3115 3827 Ernesms.

422 3893 829 3969 Σπουδάσωμεν
891 3897 968 3971 μὴ
1059 3897 1463 3963 ἀντιτάσσεσθαι
1541 3899 1620 3972 τῷ
1691 3898 1991 3975 ἒπισκοπῳ,

2175 3904 2425 3976 Operam
2459 3921 2772 3977 ponamus,
2801 3910 2869 3961 ut
2896 3922 3017 3961 non
3048 3905 3322 3977 episcopo
3379 3904 3747 3972 resistamus,

336 3980 432 4038 ’ἱνα
465 3984 613 4058 ὦμεν
646 3988 762 4057 Θεῷ
816 3981 1270 4059 ὕποτασσόμενοι.
1330 3987 1429 4041 Καὶ
1485 3986 1608 4041 ὅσον
1670 3987 1859 4065 βλέπει
1910 4011 1952 4043 τι

2130 3999 2167 4048 ιι
2197 3993 2382 4050 simus
2414 3996 2531 4050 Deo
2564 3995 2837 4066 subjecti.
2882 3995 2953 4049 Et
3003 4011 3120 4066 quo
3169 3994 3356 4066 magis
3404 3994 3746 4065 episcopUm

341 4077 581 4147 σιγῶντα
631 4072 950 4145 ἐπίσκοπον,
1011 4074 1176 4131 πλέον
1238 4075 1395 4131 αὐτὸν
1456 4073 1749 4142 φοϐείσθω.
1811 4079 1953 4134 Πάντ

2130 4089 2393 4139 acentem
2420 4084 2551 4155 quis
2576 4083 2752 4139 videt.
2781 4099 2850 4138 eo
2876 4082 3010 4155 plus
3040 4083 3234 4154 ipsum
3255 4082 3463 4137 timeat
3499 4080 3746 4135 Omnem

334 4164 437 4239 γὰρ
469 4164 526 4221 ὅν
560 4163 765 4239 πέμπει
799 4167 827 4221 ὁ
859 4162 1248 4237 οἰκοδεσπότης
1309 4166 1385 4231 εἷς
1444 4165 1585 4224 ἰδίαν
1646 4168 1950 4242 οἰκονομίαι

2128 4172 2262 4227 rnim
2294 4189 2471 4244 quem
2498 4172 2926 4244 paterfamilias
2947 4171 3021 4228 ad
3046 4188 3214 4227 suam
3237 4170 3744 4243 dispensationem

334 4254 509 4318 οὕτως
549 4252 631 4310 δεῖ
660 4258 806 4329 ἡμᾶς
860 4252 1133 4330 δέχεσθαι,
1192 4255 1268 4319 ὠς
1321 4257 1485 4312 αὐτὸν
1540 4258 1633 4312 τὸν
1681 4256 1950 4331 πέμποντι

2130 4261 2303 4328 nittit,
2339 4262 2422 4316 sic
2453 4278 2561 4316 nos
2593 4265 2825 4333 oportet
2850 4260 3115 4333 recipere
3147 4260 3304 4316 velut
3342 4260 3535 4331 ipsum
3564 4274 3599 4314 a
3631 4273 3746 4328 quo

332 4346 432 4399 Τὸν
464 4348 597 4420 γοῦν
630 4344 950 4417 ἐπίσκοπον,
978 4344 1052 4407 ὡς
1084 4346 1244 4400 αὐτὸν
1303 4345 1397 4401 τὸν
1454 4349 1647 4422 Κύριον
1691 4344 1772 4403 δεῖ
1819 4368 1948 4423 προο

2132 4352 2374 4407 mittitur.
2405 4352 2728 4424 Episcopus
2760 4352 2957 4423 itaque
2990 4352 3174 4426 aspici
3207 4350 3380 4407 debet
3407 4351 3493 4407 uti
3545 4349 3748 4405 Domi-

337 4426 578 4491 ϐλέπειν.

2102 4457 2215 4496 nus
2248 4440 2393 4514 ipse.
2426 4442 2519 4495 Ad
2546 4441 2758 4513 Ephes.
2792 4458 2952 4514 capp.
2987 4444 3017 4496 5
3048 4448 3099 4496 et
3128 4444 3180 4496 6.

402 4572 506 4630 Hic
544 4572 731 4644 locus,
763 4573 1076 4631 nonnullis
1104 4574 1383 4648 demptis,
1416 4573 1663 4648 aliisque
1692 4576 1903 4632 leviter
1929 4576 2278 4647 immutatis,
2309 4575 2570 4634 occurrit
2599 4577 2842 4649 ibidem,
2874 4592 3004 4650 pag.
3038 4580 3163 4648 750,
3195 4578 3263 4635 D.

1389 4722 1522 4778 Imm
1551 4723 1711 4789 ibid.,
1743 4721 1853 4779 litt.
1884 4740 1938 4792 α,
1970 4723 2060 4778 tit.
2089 4738 2273 4793 uxw,
2298 4739 2434 4794 pag.
2462 4725 2585 4790 772,
2617 4722 2678 4778 C.

342 4878 436 4936 Ἐκ
490 4886 591 4951 τῆς
643 4877 793 4956 πρὸςΔ
837 4879 1221 4956 ’.ΕΦΕΣᾸΟΥΣμ
1260 4878 1595 4956 Ἐπιστολῆς
1651 4882 1749 4934 τοῦ
1832 4878 1951 4954 ἁγίο

2037 4884 2064 4948 )
2186 4884 2271 4938 Ba:
2298 4878 2481 4936 sancti
2510 4879 2726 4937 Icum:
2754 4878 2960 4949 Deiferi
2988 4878 3232 4949 Epistola
3261 4879 3335 4935 ad
3361 4880 3653 4936 EPHESIOS.

758 4952 1110 5009 ἸΓΝΑΤΙΟΥ
1130 4954 1228 5006 τοῦ
1258 4952 1554 5028 Θεοφόρου.

403 5077 547 5140 Τοὺς
578 5076 885 5152 μερισμοὺς
921 5074 1164 5154 φεύγετε,
1215 5075 1292 5138 ὠς
1347 5074 1528 5152 ἀρχὴν
1561 5076 1779 5135 ’κακῶν.
1833 5074 1977 5133 Εἰώ-

2162 5078 2366 5152 Fugite
2407 5078 2749 5143 divisiones,
2803 5078 2892 5134 uti
2951 5077 3246 5135 malorum
3290 5075 3480 5132 initia.
3539 5074 3742 5131 Solent

340 5164 457 5229 θασί
480 5185 622 5227 τινες
656 5162 807 5236 δόλῳ
855 5168 1088 5238 πονηρῷ
1138 5163 1201 5220 τὸ
1247 5158 1423 5236 ὄνομα
1470 5166 1714 5240 Χριστοῦ
1760 5162 1956 5244 περιφέ

2120 5169 2277 5240 liqui
2309 5170 2465 5225 malo
2496 5168 2631 5224 dolo
2662 5168 2876 5224 Christi
2908 5185 3129 5224 nomen
3188 5165 3591 5234 circumferre,
3623 5163 3736 5219 alia

340 5274 474 5331 ρειν,
522 5254 669 5310 ἄλλα
716 5254 845 5310 ’τινὰ
898 5254 1226 5327 πράσσοντες
1302 5253 1488 5324 ἀνάξια
1537 5258 1692 5325 Θεοῦ,
1751 5255 1843 5317 οὕς
1900 5252 1954 5310 δε

2118 5260 2361 5329 [υωάειπι
2386 5259 2635 5333 indigna
2682 5261 2802 5317 Deo
2855 5259 3231 5323 iactitantes;
3280 5272 3315 5312 a
3365 5254 3583 5328 quibus
3633 5270 3734 5308 vos

337 5344 478 5418 ὑμᾶς
508 5344 586 5406 ὡς
618 5341 784 5417 θηρία
812 5340 1097 5399 ἐκκλίνειν.
1154 5342 1271 5400 Εἰσί
1317 5343 1423 5418 γὰρ
1474 5344 1626 5405 κύνες
1675 5340 1950 5398 λυσσῶντε

2117 5355 2323 5420 ιροινιεῑ
2350 5356 2635 5422 tanquam
2666 5369 2701 5408 a
2728 5351 2871 5406 feris
2892 5349 3213 5405 declinare.
3246 5347 3394 5402 Sunt
3423 5344 3582 5400 enim
3638 5360 3733 5400 ra-

324 5429 718 5509 λαθρόδηκταιο
757 5430 848 5494 οὕς
879 5427 962 5488 δεῖ
1012 5432 1150 5506 ὑμᾶς
1204 5431 1592 5510 φυλάσσεσθαι,
1648 5427 1805 5495 ὄντας
1850 5430 1940 5488 δυσ

2119 5438 2236 5494 ιὶοεί
2268 5455 2445 5495 canes
2474 5440 2627 5497 clam
2658 5441 2999 5497 mordentes
3026 5456 3039 5493 :
3071 5455 3105 5494 a
3135 5438 3353 5510 quibus
3381 5453 3483 5492 vos
3506 5433 3735 5491 debetis

325 5520 705 5596 θεραπεύτους.

2120 5544 2314 5593 avere,
2345 5544 2454 5585 ceu
2497 5530 2600 5601 qui
2645 5529 2887 5587 difficile
2934 5532 3374 5598 mansuescant.
3404 5527 3499 5582 Ad
3520 5524 3733 5599 Ephes.

2085 5633 2210 5688 cap.
2240 5618 2292 5671 7.

398 5755 487 5815 Ad
514 5754 672 5818 hunc
701 5753 899 5817 locum
926 5752 1010 5814 Cl.
1043 5754 1283 5822 Lucum
1311 5754 1555 5819 adnotat
1584 5755 1783 5818 minus
1811 5760 1993 5825 recte,

2102 5756 2203 5815 rba
2229 5756 2362 5829 ista,
2393 5755 2521 5821 τοὺς
2554 5753 2854 5835 μερισμοῦς
2882 5754 3121 5839 ιρεύγετε,
3162 5757 3237 5819 ὡς
3283 5752 3465 5835 ἀρχὴν
3513 5759 3718 5828 κακῶν,
