4092 6142
294 367 414 432 ουτ

1531 363 2024 430 FRAGMENTA
2067 367 2451 431 GENUINA.

299 506 432 559 Θεοῦ
463 501 529 556 οὗ
577 499 1116 576 κληρονομήσουσιν.
1184 500 1247 558 Εἰ
1309 500 1400 555 οὗν
1462 500 1512 555 οἱ
1576 501 1713 556 κατᾶ
1769 500 1984 574 σάρκα,

2074 516 2186 557 Ἢῐῐι
2217 517 2465 574 regnum
2489 499 2591 556 Dei
2623 516 2742 555 non
2774 497 3249 572 possidebunt.Si
3289 513 3426 572 ergo
3451 498 3552 571 qui
3588 498 3722 556 haec

181 621 197 628 -
294 595 462 648 ταῦτα
492 589 797 666 πάσχοντες
839 589 1203 660 ἀπέθνησκον,
1258 589 1412 662 πόσῳ
1471 587 1684 662 μᾶλλον
1715 586 1803 644 Ξᾶν
1849 587 1950 645 πί-

299 703 413 738 στιν
448 680 501 736 ἐν
535 677 1004 751 κακοόιδασκαλίᾳ
1055 685 1239 758 φθερεῖ
1278 680 1412 753 [leg.
1447 676 1688 755 φθείρῃ],
1721 679 1852 752 ὐπὶρ
1885 677 1952 747 ἦς

295 774 509 841 Ἰησοῦς
572 771 806 845 Χριστὸς
892 769 1260 845 ἐσταυρώθη;
1326 771 1445 824 Ὃτι
1498 769 1656 832 οὗτος
1717 769 1956 844 ῥυπαρὸς

294 861 612 938 γενόμενος,
646 860 724 923 εἰς
751 859 813 915 τὸ
844 863 951 937 πῦρ
981 859 1044 915 τὸ
1103 854 1361 915 ἄσϐεστον
1418 859 1690 935 χωρήσει,
1749 857 1956 932 ὁμοίως

294 951 388 1007 καὶ
423 952 451 1006 ὁ
483 951 704 1006 ἀκονων
736 948 920 1008 αὐτοῦ.

2064 591 2393 647 secundum
2424 601 2666 648 carnem
2687 591 3008 663 patiuntur,
3035 589 3254 644 mortui
3280 594 3455 656 sunt;
3490 596 3713 661 quanto

2065 683 2252 756 magis
2283 684 2330 738 si
2365 683 2542 738 (idem
2574 683 2769 739 aliena
2800 681 3067 737 doctrina
3109 680 3440 748 labefactet,
3472 687 3714 753 propter

2065 788 2244 843 quam
2273 773 2440 828 Jesus
2481 771 2746 826 Christus
2777 770 3090 827 cruciﬁxus
3123 775 3210 826 est
3239 768 3266 824 ‘2
3293 769 3585 835 Quoniam
3617 769 3713 824 hic

2066 866 2371 917 contracta
2401 860 2598 932 sorde,
2653 861 2714 915 in
2768 860 2964 933 ignem
3025 859 3447 916 inexstinctum
3504 857 3710 927 abibit,

2067 949 2573 1022 quemadmodum
2603 951 2658 1007 'ei
2703 950 2805 1022 qui
2825 950 3031 1022 ipsum
3053 948 3342 1006 ausculat.
3377 947 3468 1005 Ad
3493 941 3710 1020 Ephes.

2067 1055 2187 1110 cap.
2208 1041 2302 1098 ’16.

1226 1215 1360 1272 lusu
1390 1213 1551 1287 ibid.,
1581 1214 1689 1271 litt.
1723 1231 1768 1283 e,
1796 1215 1884 1274 tit.
1917 1230 2106 1288 XLVIII,
2129 1234 2269 1289 pag.
2302 1221 2426 1290 779,
2453 1220 2517 1290 E,
2551 1220 2676 1292 780,
2708 1220 2776 1276 A.

659 1405 774 1462 Τοῦ
802 1403 971 1460 αὐτοῦ
1000 1403 1137 1480 πρὸς
1168 1406 1584 1462 ΜΑΓΝΣΙΟΥΣ.

370 1521 466 1585 Εἷς
494 1521 664 1595 τιμὴν
694 1525 834 1578 Θεοῦ
863 1525 962 1578 τοῦ
991 1519 1320 1594 θελήσαντος
1363 1523 1534 1597 ἡμᾶς,
1567 1521 1772 1600 πρέπον
1807 1519 1948 1579 ἐστὶν

303 1610 593 1667 ὑπακούειν
644 1615 726 1684 τῷ
792 1609 1074 1685 ἐπισκόπῳ
1122 1615 1257 1668 κατὰ
1306 1608 1585 1686 μηδεμίαν
1639 1613 1948 1688 ὑποκρισιν.

296 1700 449 1758 Ἐπεὶ
482 1699 612 1776 οὗχὶ
642 1700 736 1756 τὸν
771 1696 1064 1757 ἐπισκόπον
1099 1705 1292 1757 τοῦτον
1321 1701 1414 1757 τὸν
1440 1699 1780 1776 βλεπόμενον
1804 1700 1952 1758 πλα-

293 1793 357 1861 νᾷ
394 1809 505 1858 τις,
535 1788 684 1846 ἀλλᾶ
711 1790 804 1846 τὸν
837 1789 1068 1865 ἀόρατον
1101 1787 1524 1868 παραλογίζεται
1556 1792 1705 1850 Θεόν.
1749 1795 1842 1864 Τῷ
1893 1789 1951 1846 δὲ

292 1878 556 1951 τοιούτῳ,
588 1877 649 1933 οῦ
685 1879 822 1953 πρὸς
855 1878 1026 1955 σάρκα
1057 1879 1084 1933 ὁ
1117 1877 1308 1954 λόγος,
1340 1877 1486 1936 ἀλλά
1514 1879 1652 1954 πρὸς
1699 1880 1828 1935 Θεὸν
1857 1881 1946 1935 τὸν

291 1967 359 2023 τὰ
385 1968 599 2042 κρυπτᾶ
628 1965 830 2026 εἰδότα.
863 1966 1073 2043 Πρέπον
1108 1969 1200 2023 οὗν
1227 1967 1364 2039 ἐστι,
1422 1969 1497 2043 μή
1560 1967 1725 2044 μόνον
1758 1967 1950 2024 καλεῖ-

2517 1410 2776 1480 Ejusdem
2801 1410 2874 1466 ad
2912 1411 3251 1468 MAGNBSIOS.

2134 1525 2201 1580 In
2243 1525 2534 1581 honorem
2583 1525 2685 1582 Dei
2718 1526 2818 1597 qui
2877 1544 2984 1583 nos
3017 1527 3159 1591 vult,
3194 1526 3413 1582 decens
3464 1531 3554 1582 est
3601 1542 3709 1582 nos

2064 1611 2341 1687 episcopo
2387 1615 2517 1670 sine
2557 1614 2960 1672 simultalione
2993 1613 3257 1684 obedire,
3285 1615 3438 1682 Quia
3487 1630 3711 1686 nequa-

2063 1717 2240 1775 quam
2274 1703 2619 1776 episcopum
2650 1703 2808 1760 hunc
2839 1706 2938 1776 qui
2971 1704 3162 1762 oculis
3190 1704 3440 1772 videtur,
3483 1703 3712 1759 seducit

2062 1792 2378 1865 quispiam,
2411 1793 2515 1849 sed
2545 1792 2904 1849 invisibilem
2931 1793 3116 1850 Deum
3140 1785 3344 1850 fallere
3366 1797 3552 1865 putat.
3585 1790 3708 1847 Tali

2061 1887 2258 1938 autem
2293 1883 2435 1951 viro,
2473 1898 2594 1938 non
2654 1882 2728 1939 ad
2784 1895 3024 1939 carnem
3072 1899 3266 1940 sermo
3315 1888 3431 1950 est,
3478 1882 3582 1938 sed
3633 1881 3708 1937 ad

2062 1969 2246 2028 Deum
2280 1973 2380 2043 qui
2414 1972 2647 2028 occulta
2685 1973 2893 2029 cernit.
2927 1968 3213 2040 Quocirca
3240 1979 3708 2031 consentaneum

295 2059 416 2112 σθαι
448 2057 836 2131 Χριστιανοὺς,
869 2055 1017 2114 ἀλλὰ
1057 2057 1146 2113 καὶ
1207 2058 1368 2112 εἶναι’
1429 2055 1615 2134 ὥσπερ
1677 2058 1766 2113 καί
1813 2077 1984 2122 τινες¹

2074 2068 2173 2132 εει,
2196 2067 2261 2117 ut
2283 2079 2404 2118 non
2436 2062 2629 2118 solum
2651 2063 2971 2119 Christiani
2993 2073 3289 2131 vocemur,
3305 2079 3505 2119 verum
3527 2063 3708 2118 etiam

295 2145 595 2203 ἐπίσκοπον
632 2147 728 2220 μὲν
757 2144 1041 2217 καλοῦσιν,
1086 2146 1263 2222 χωρῖς
1293 2145 1348 2202 δὲ
1379 2148 1544 2202 αὐτοῦ
1575 2163 1746 2204 παντα
1778 2149 1948 2224 πράσ-

298 2257 501 2293 σουσιν.
535 2225 603 2294 Οδι
633 2241 874 2292 τοιοῦτοι
927 2236 1026 2292 οὐκ
1055 2233 1430 2308 εὐσυνείδητοί
1492 2259 1585 2310 μοι
1638 2237 1944 2317 φαίνονται,

295 2323 388 2382 διὰ
413 2327 476 2382 τὸ
522 2326 597 2400 μὴ
642 2321 878 2401 βεϐαίως
899 2327 1016 2382 κατ’
1045 2323 1272 2396 ἐντολὴν
1307 2327 1764 2401 συναθροίζεσθαι.

2062 2153 2249 2208 simus
2276 2169 2290 2220 ;
2313 2169 2430 2223 quo
2455 2153 2857 2225 nempemodo
2891 2153 3076 2224 aliqui
3097 2154 3437 2225 episcOpu’m
3470 2151 3710 2224 quidem

2066 2247 2292 2307 vocant,
2330 2248 2545 2297 cuncta
2572 2259 2708 2298 vero
2743 2243 2869 2298 sine
2901 2243 3029 2314 ipso
3062 2248 3368 2315 peragunt.
3410 2242 3577 2298 Tales
3608 2258 3711 2297 au-

2062 2337 2185 2388 tem
2209 2331 2355 2387 mihi
2388 2331 2560 2386 homo
2584 2332 2960 2414 ponscientiaa
2983 2349 3103 2387 non
3122 2347 3250 2387 esse
3272 2331 3714 2404 videntur,quia

2064 2438 2187 2477 non
2221 2420 2473 2475 firmiter
2503 2420 2831 2477 secundum
2885 2420 3228 2477 mandatum
3282 2425 3715 2494 congregantur

2063 2509 2431 2581 AdMagnes.
2472 2524 2635 2580 capp.
2667 2511 2697 2564 3
2728 2514 2778 2564 et
2807 2509 2858 2566 4.

1474 2725 1610 2780 IDEM
1639 2723 1798 2794 ibid.,
1833 2740 1956 2795 cap.
1991 2719 2120 2796 Περὶ
2147 2715 2534 2799 φιλαδελφίας.

389 2887 583 2954 Πάντες
611 2890 910 2965 ὀμοήοειαν
944 2893 1077 2945 Θεοῦ
1109 2885 1393 2960 λαϐόντες,
1424 2888 1716 2962 ἀλλήλους
1771 2888 1952 2966 ἐντρέ-

313 2979 489 3048 πεσθε,
521 2979 607 3034 καὶ
643 2977 838 3054 μηδεὶς
877 2979 1012 3034 κατὰ
1041 2978 1212 3054 σάρκα
1245 2977 1494 3055 βλεπέτω
1547 2981 1640 3036 τὸν
1687 2979 1950 3053 πλησίον,

305 3065 430 3123 ἀλλ’
453 3065 504 3123 ἐν
535 3069 754 3144 Χριστῷ
772 3065 1059 3140 ἀλλήλους
1087 3065 1376 3132 διαπαντὸς
1407 3069 1664 3147 ἀγαπᾶτε.

2135 2892 2353 2948 Omnes
2383 2892 2872 2965 acceptisiisdem
2894 2891 3108 2948 divinis
3140 2891 3426 2961 moribus,
3459 2907 3559 2946 vos
3589 2905 3714 2946 mu-

2063 2986 2164 3036 tuo
2191 2980 2618 3050 revereamini;
2653 2988 2713 3038 et
2741 2999 2917 3040 nemo
2950 2983 3279 3039 secundum
3302 2997 3542 3038 carnem
3576 2996 3711 3052 spe-

2063 3075 2180 3126 ctet
2210 3071 2568 3143 proximum,
2603 3071 2708 3128 sed
2730 3073 2792 3129 in
2818 3073 3048 3130 Christo
3075 3089 3175 3132 vos
3195 3072 3447 3129 invicem
3479 3086 3715 3142 semper

2063 3163 2308 3227 diligite.
2336 3166 2429 3220 Ad
2458 3167 2712 3238 Magnes.
2733 3182 2860 3239 cap.
2893 3169 2947 3224 6.

369 3319 506 3377 Haec
536 3320 747 3378 recitat
767 3321 1106 3378 COTELERIUS
1137 3320 1198 3376 in
1230 3322 1389 3378 nctis
1446 3323 1521 3379 ad
1578 3325 1738 3380 hunc
1793 3323 2012 3390 locum,
2046 3342 2115 3381 ex
2144 3321 2432 3383 Parallelis
2487 3324 2966 3402 Rupefucaldinis,
3002 3333 3142 3388 tunc
3197 3328 3398 3387 adhuc
3446 3323 3710 3396 ineditis,

295 3406 629 3486 descripta;
664 3429 796 3486 quas
829 3416 1028 3470 tamen
1061 3412 1265 3469 omisit
1294 3413 1356 3469 in
1387 3411 1673 3486 prmclara
1703 3427 1809 3472 sua
1837 3413 2099 3471 editione
2121 3414 2201 3472 Cl.
2238 3415 2500 3480 LEQUIEN.

1334 3567 1466 3626 Ionii
1496 3571 1657 3641 ibid.,
1692 3569 1800 3628 litt.
1835 3589 1878 3642 ε,
1911 3569 2001 3630 tit.
2045 3586 2237 3639 xum,
2277 3588 2413 3644 pag.
2449 3576 2573 3648 780,
2604 3576 2672 3632 Α.

892 3727 991 3784 Ἐκ
1017 3731 1120 3798 τῆς
1157 3726 1349 3798 αὐτῆς.

366 3849 550 3922 Μηδὶν
598 3850 734 3907 ἔστω
786 3850 836 3907 ἐν
892 3850 1021 3926 ὗμῖν
1078 3853 1106 3906 ’ὁ
1167 3849 1453 3923 δυνήσεται
1517 3853 1656 3927 ὑμᾶς
1708 3853 1946 3930 μερίσαι,

290 3945 423 4002 ἀλλ’
452 3947 684 4019 ὶνώθητε
712 3951 793 4020 τῷ
825 3946 1106 4021 ἐπισκόπῳ
1154 3948 1245 4002 καὶ
1308 3953 1428 4011 τοῖς
1485 3949 1947 4022 προκαθημένοις,

294 4035 373 4100 εἷς
406 4035 573 4092 τόπον
605 4036 696 4092 καὶ
727 4033 964 4112 διδαχὴν
1021 4036 1343 4115 ἀφθαρσίας.
1393 4042 1599 4112 Ὥσπερ
1656 4037 1748 4093 οὗν
1778 4038 1805 4091 ὁ
1833 4035 1946 4094 Κύ-

293 4146 411 4200 ριος
442 4127 603 4200 ἡμῶν
635 4123 758 4182 ἄνευ
789 4130 887 4182 τοῦ
920 4126 1132 4201 Πατρὸς
1181 4123 1332 4182 οὒδὲν
1389 4123 1664 4198 ἐποίησεν,
1720 4123 1847 4182 οὔτε
1877 4121 1948 4182 δι’

2710 3739 2800 3793 ’Βω
2837 3735 3046 3791 eadem.

2126 3853 2284 3912 Nihil
2315 3857 2392 3912 sit
2423 3857 2483 3914 in
2506 3859 2668 3914 vobis
2700 3857 2858 3930 quod
2879 3874 2980 3914 vos
3010 3856 3352 3930 disjungere
3384 3859 3581 3928 queat,
3601 3853 3705 3912 sed

2059 3947 2421 4019 copulamini
2452 3965 2586 4004 cum
2617 3948 2892 4021 episc0po
2923 3953 2982 4004 et
3009 3948 3082 4003 iis
3105 3947 3206 4018 qui
3238 3945 3576 4019 prmsiden't,
3610 3962 3704 4001 se-

2059 4036 2319 4092 cundum
2338 4055 2610 4094 normam
2629 4043 2686 4093 et
2706 4037 3038 4115 doctrinam
3057 4036 3539 4108 incorruptionis.
3564 4036 3686 4101 Que

2058 4125 2442 4182 madmodum
2460 4127 2636 4200 igitur
2657 4129 2946 4184 Dominus
2977 4132 3180 4183 noster
3202 4126 3352 4182 nihil
3378 4127 3505 4180 sine
3533 4127 3703 4181 Patre

288 4217 504 4287 ἑαυτοῦ,
544 4215 668 4272 οὕτε
708 4213 800 4272 διὰ
828 4219 939 4273 τῶν
969 4215 1322 4290 ἀποστόλων,
1355 4215 1528 4274 οὕτως
1589 4212 1730 4290 μηδὲ
1792 4216 1949 4290 ὑμεῖς

2074 4216 2257 4287 gessit,
2292 4233 2485 4289 neque
2513 4234 2618 4289 per
2645 4217 2932 4290 seipsum,
2965 4232 3161 4290 neque
3220 4233 3327 4288 per
3364 4214 3662 4288 apostolos
3689 4232 3701 4282 ;

287 4305 415 4362 ἄνευ
443 4310 544 4362 τοῦ
575 4304 877 4362 ἐπισκόπου
911 4301 1080 4380 μηδὲν
1113 4304 1399 4379 πράσσετε,
1457 4302 1596 4381 μηδὲ
1644 4305 1943 4382 πειράσητε

289 4393 516 4473 εὔλογόν
547 4415 602 4452 τι
634 4393 910 4474 φαίνεσθαι
944 4391 1055 4468 ἰδίᾳ
1087 4395 1236 4469 ὑμῖν.

2058 4307 2142 4362 sic
2155 4323 2347 4377 neque
2368 4323 2469 4362 vos
2491 4307 2622 4363 sine
2641 4307 2916 4380 episcopo
2932 4306 3370 4379 e’tpreshyteris
3389 4305 3705 4378 quidquam

2057 4396 2279 4469 agatis;
2313 4407 2507 4468 neque
2536 4397 2780 4452 tentetis
2812 4396 3118 4469 quidpiam
3149 4395 3310 4468 quod
3337 4394 3502 4450 vobis
3540 4406 3704 4452 seor-

2057 4487 2171 4542 sim
2195 4497 2438 4558 aequum
2460 4491 2761 4559 appareat.
2793 4487 2875 4542 Ad
2913 4488 3167 4560 Magnes.
3201 4501 3324 4557 cap.
3347 4489 3380 4541 6
3404 4492 3462 4542 et
3484 4489 3538 4542 Ἰ.

1359 4631 1494 4686 Ionii
1523 4630 1687 4702 ibid.,
1728 4630 1842 4688 litt.
1872 4650 1932 4701 π,
1967 4632 2053 4688 ιιι.
2087 4648 2220 4705 xxv,
2244 4649 2380 4705 pag.
2416 4635 2539 4703 785,
2572 4634 2634 4692 C.

510 4790 605 4850 Ἐκ
643 4795 743 4859 τῆς
786 4789 922 4865 πρὸς
951 4789 1416 4865 ἕΛΥΝῌξΙΟΥΣ
1448 4791 1544 4845 τοῦ
1563 4784 1741 4844 ἀὑτοῦ

950 4860 1302 4926 Ἐπιστολῆς.

372 4968 644 5043 Μάθωμεν
705 4965 841 5023 κατὰ
905 4967 1336 5042 Χριστιανισμὸν
1395 4971 1493 5043 ζῇν
1527 5009 1542 5025 .
1603 4969 1788 5031 Ὅστις
1843 4969 1946 5043 γὰρ

300 5056 459 5132 ἄλλῳ
489 5058 716 5132 ὀνόματι
748 5054 996 5113 καλεῖται
1033 5055 1224 5113 πλεῖον
1283 5055 1502 5128 τούτου,
1562 5057 1662 5112 οὑκ
1711 5050 1824 5112 ἔστι
1849 5061 1946 5112 τοῦ

298 5153 452 5207 Θεοῦ.

2307 4794 2393 4849 Ea:
2417 4794 2673 4865 Epistota
2718 4793 2963 4865 ejusdem
3005 4794 3080 4850 ad
3110 4791 3450 4850 MAGNESIOS.

2132 4971 2436 5028 Discamus
2468 4971 2797 5029 secundum
2819 4971 3335 5028 Christianismum
3357 4970 3569 5026 vivere.
3593 4969 3703 5034 Qui

2059 5061 2217 5117 enim
2249 5061 2365 5118 alio
2388 5062 2815 5118 ultranomine
2845 5067 3103 5132 vocatur,
3141 5076 3264 5117 non
3309 5064 3402 5115 est
3455 5058 3580 5114 Dei.
3611 5058 3706 5113 Ad

2058 5153 2318 5226 Magnes.
2351 5169 2473 5226 cap.
2509 5155 2598 5210 10.

1353 5323 1487 5381 IDEM
1517 5324 1640 5382 ibid
1651 5363 1696 5395 .,
1717 5327 1838 5384 tiu.
1869 5344 1915 5398 ι,
1940 5331 2025 5388 tit.
2050 5347 2238 5400 vam,
2258 5348 2396 5403 pag.
2429 5332 2553 5402 780,
2582 5331 2642 5387 Β.

948 5473 1059 5531 Τοῦ
1089 5472 1275 5535 αὐτοῦ.

365 5611 531 5668 Τέκνα
561 5606 744 5689 φωτὸς
773 5603 1058 5676 ἀληθείας,
1101 5607 1320 5686 cpe-Sync
1375 5609 1468 5665 τὸν
1526 5608 1816 5688 μερισμὸν,
1854 5611 1944 5668 καί

297 5700 394 5766 τὰς
435 5690 970 5758 Δδινσικοδιδαισκαλίοιις.
1029 5696 1205 5755 Ὅποῦ
1243 5693 1300 5754 δὲ
1331 5697 1359 5753 ὁ
1391 5700 1602 5774 ποιμήν
1631 5697 1800 5776 ἐστιν,
1833 5698 1948 5757 ἰκεῖ

304 5791 380 5855 ὡς
409 5782 653 5868 πρόϐατα
683 5781 1051 5853 ἀκολουθεῖτε.

2731 5481 3022 5554 Ejusdem.

2127 5613 2259 5670 Filii
2290 5613 2440 5669 lucis
2471 5611 2756 5678 veritatis,
2809 5610 2992 5684 fugite
3025 5611 3380 5668 divisionem
3426 5614 3484 5668 et
3514 5611 3702 5670 malas

2059 5705 2380 5762 doctrinas.
2401 5703 2510 5761 Ubi
2557 5707 2755 5760 autem
2805 5708 2895 5758 est
2949 5708 3174 5777 pastor,
3223 5701 3362 5762 illuc
3417 5707 3705 5779 tanquam

2061 5810 2196 5853 oves
2229 5791 2573 5868 sequimini.
2606 5793 2706 5852 Ad.
2741 5789 3116 5870 Philadelph.
3142 5809 3264 5868 cap.
3296 5796 3349 5851 2.
