4092 6142
378 354 499 419 959

1098 356 1204 416 AD
1249 355 1680 418 EPISTOLAS
1727 357 1794 416 S.
1840 353 2146 416 IGNATII
2192 352 2597 414 GENUINAS
2643 353 3081 415 APPENDIX.

3683 355 3801 417 900

1418 562 1551 617 IDEM
1590 560 1757 626 ibid.,
1786 560 1849 614 lit
1867 565 1907 615 ι.
1940 578 1993 628 α,
2028 561 2114 614 tit.
2148 576 2340 628 LxxVI,
2363 576 2501 630 pag.
2537 560 2662 626 773,
2699 561 2765 614 A.

662 723 749 777 Ea:
777 722 1024 792 Epistola
1065 723 1138 777 ad
1187 725 1744 781 PHILADELPHIENSES.

454 832 495 882 Δ
528 829 704 885 malis
725 830 925 885 herbis
977 829 1292 900 abstinete,
1354 848 1500 901 quas
1545 830 1711 887 Iesus
1769 830 2034 885 Christus

380 934 501 973 non
528 917 686 981 colit,
720 924 1038 990 propterea
1078 918 1236 990 quod
1266 936 1386 975 non
1418 921 1531 990 ipsi
1578 924 1717 975 sunt
1747 919 2033 992 plantatio

376 1008 587 1062 Patris.
624 1011 703 1063 Ne
749 1009 981 1075 erretis,
1037 1009 1248 1064 fratres
1304 1010 1459 1076 mei;
1498 1012 1543 1065 si
1579 1011 1712 1081 quis
1765 1027 1901 1064 eum
1934 1009 2035 1082 qui

380 1098 732 1152 scissionem
772 1098 913 1152 facit
944 1099 1232 1169 sequitur,
1271 1116 1517 1171 regnum
1554 1100 1655 1155 Dei
1688 1098 2035 1154 haereditate

384 1201 506 1240 non
539 1185 887 1256 possidebit.
922 1187 1004 1242 Ad
1033 1186 1321 1242 Philadel.
1359 1205 1481 1259 cap,
1515 1188 1566 1243 3.

2064 729 2116 793 Α

2285 722 2381 777 Ἐκ
2409 727 2510 792 τῆς
2541 722 2679 796 πρὸς
2729 724 3254 781 ΦΙΛΑΔΕΛΦΙΟΥΣ
3303 722 3653 794 Ἐπιστολῆς.

2217 827 2515 902 Ἀπὲιεσθε
2545 832 2652 882 τῶν
2699 831 2879 883 κακῶν
2937 830 3201 904 βοτανῶν,
3258 830 3332 883 ὧν
3391 831 3625 905 Χριστὸς
3682 833 3800 904 Ἰη-

2146 921 2272 978 σοῦς
2304 918 2367 972 οὐ
2397 922 2652 994 γεωργεῖ.
2693 915 2784 972 διὰ
2811 919 2872 972 τὸ
2902 919 2978 992 μή
3022 920 3160 974 εἶναι
3217 919 3413 983 αὐτοὺς
3445 922 3661 998 φυτείαν
3692 926 3797 979 τοῦ

2148 1007 2380 1080 Πατρός.
2408 1009 2495 1075 Μὴ
2525 1005 2817 1078 πλανᾶτοε,
2874 1006 3101 1087 ἀδελφοί
3135 1029 3259 1082 μου·
3320 1008 3367 1065 ε⁹ί
3411 1031 3494 1074 τις
3548 1012 3799 1091 σχίζοντι

2153 1091 2461 1164 ἀκολουθεῖ,
2501 1091 2779 1169 βασιλείαν
2813 1099 2944 1149 Θεοῦ
2977 1095 3040 1149 οὗ
3073 1093 3432 1172 κληρονομεῖ.

1376 1332 1512 1386 IDEM
1532 1331 1694 1397 ibid.,
1726 1331 1834 1385 litt.
1875 1350 1919 1399 ε,
1954 1333 2041 1386 tit.
2076 1346 2273 1398 XLVIII,
2299 1345 2435 1398 pag.
2468 1328 2593 1397 780,
2628 1329 2688 1398 Β,
2721 1327 2780 1383 C.

1058 1465 1317 1526 Eiusdem
1336 1505 1349 1518 .

442 1573 631 1632 Testis
663 1577 862 1630 autem
894 1571 1039 1627 mihi
1061 1577 1171 1643 est,
1204 1572 1266 1627 in
1299 1589 1414 1643 quo
1436 1572 1669 1626 vinctus
1700 1588 1855 1641 sum,
1886 1588 2032 1641 quo-

372 1664 537 1720 niam
569 1680 603 1721 a
625 1679 802 1720 carne
834 1662 1096 1718 humana
1129 1679 1249 1717 non
1308 1662 1573 1734 cognovi.
1611 1663 1863 1733 Spiritus
1893 1678 2031 1717 vero

373 1753 499 1808 haec
528 1751 910 1824 praedicavit:
946 1751 1082 1807 Sine
1116 1753 1391 1824 episcopo
1424 1753 1577 1807 nihil
1605 1751 1838 1807 faciatis
1865 1769 1878 1817 ;
1903 1767 2032 1806 car-

370 1854 509 1893 nem
541 1843 792 1893 vcstram
852 1841 1137 1908 tanquam
1190 1836 1291 1891 Dei
1341 1836 1629 1907 templum
1689 1836 2029 1903 custodite;

375 1926 661 1982 unionem
750 1925 997 1997 diligite,
1056 1924 1374 1980 scissiones
1422 1924 1641 1995 fugite;
1704 1924 2034 1979 imitatores

2792 1465 2900 1517 Τοῦ
2934 1460 3127 1520 αὐτοῦ.

2217 1567 2438 1644 Μάρτυς
2472 1588 2576 1642 μου
2609 1568 2659 1623 ὲν
2693 1566 2739 1640 ᾧ
2770 1565 3015 1642 δέδεμαι,
3046 1567 3131 1624 ὅτι
3161 1568 3269 1625 ἀπὸ
3329 1571 3527 1647 σαρκός
3582 1571 3796 1647 ἀνθρω-

2143 1656 2309 1728 πίνης
2370 1656 2468 1712 οὐκ
2526 1655 2718 1731 ἔγνων.
2783 1659 2860 1714 Τὸ
2941 1654 2998 1713 δὲ
3052 1662 3268 1732 Πνεῦμα
3320 1657 3584 1735 ἐκήρυσσε
3644 1659 3793 1718 τάδε’

2147 1746 2332 1819 Χωρῖς
2365 1745 2664 1801 ἐπισκόπου
2699 1742 2868 1819 μηδὲν
2903 1752 3134 1802 ποιεῖτε*
3167 1750 3267 1819 τὴν
3329 1748 3499 1822 σάρκα
3530 1750 3684 1822 ὑμῶν
3718 1749 3791 1812 ὡς

2143 1835 2264 1888 ναὸν
2296 1838 2429 1888 Θεοῦ
2459 1834 2697 1907 τηρεῖτε·
2756 1838 2855 1906 τήν
2921 1834 3110 1891 ἓνωσιν
3169 1836 3427 1911 ἀγαπᾶτεο
3477 1836 3604 1901 τοὺς
3640 1859 3794 1913 μερι-

2146 1920 2321 1996 σμοὺς
2380 1922 2603 1998 φεύγετε
2636 1943 2649 1955 ’
2729 1924 2969 1996 μιμηταὶ
3025 1924 3237 2002 γίνεσθε
3293 1926 3475 1996 Ἰησοῦ
3530 1927 3799 2004 Χριστοῦ,

376 2020 565 2070 estote
593 2016 732 2069 Jesu
765 2013 1001 2083 Christi,
1034 2013 1191 2068 velut
1220 2020 1278 2070 et
1307 2014 1432 2085 ipse
1464 2013 1675 2070 Patris.
1718 2012 1801 2067 Ad
1828 2011 2022 2067 Phila-

2157 2010 2217 2074 ὗς
2240 2010 2398 2066 αὐτὸς
2423 2015 2520 2066 τοῦ
2554 2012 2762 2087 Ματρὸς
2793 2012 2978 2069 αὐτοῦ.

378 2102 579 2176 delph.
604 2121 727 2174 cap.
764 2106 818 2158 7.

1874 2229 2009 2284 lusu
2039 2228 2204 2297 ibid.,
2235 2228 2297 2283 Β.

1064 2373 1338 2443 Ejusdem.

449 2480 693 2546 Quando
725 2481 977 2552 subjecti
1017 2481 1158 2536 estis
1194 2482 1494 2553 episcopo,
1548 2481 1696 2537 mihi
1724 2481 2030 2551 videmini,

373 2587 498 2626 non
530 2568 859 2625 secundum
898 2571 1202 2626 hominem
1248 2570 1531 2639 viventes,
1565 2570 1668 2626 sed
1701 2572 2029 2627 secundum

373 2658 574 2714 Jesum
595 2659 914 2729 Christum,
948 2659 1048 2730 qui
1083 2658 1273 2714 nostri
1303 2674 1482 2714 causa
1501 2665 1771 2715 mortuus
1804 2664 1911 2717 est.
1944 2660 2027 2715 Ad

376 2746 549 2803 Trall.
593 2764 716 2818 cap.
752 2756 804 2802 2.

2803 2373 2917 2428 Τοῦ
2948 2371 3132 2429 αὐτοῦ.

2213 2478 2375 2534 Ὀταν
2429 2481 2509 2550 τῷ
2588 2475 2872 2551 ἔπισκόπῳ
2932 2478 3314 2551 ὑποτάσσεσθε,
3366 2480 3612 2557 φαίνεσθὲ
3672 2501 3788 2555 μοι,

2143 2569 2208 2623 οὐ
2239 2567 2375 2622 κατὰ
2403 2564 2686 2641 ἄνθρωπον
2744 2573 2956 2640 ζῶντες,
3006 2568 3153 2627 ἀλλὰ
3217 2571 3350 2626 κατὰ
3411 2572 3625 2643 Ἰησοῦν
3654 2573 3791 2649 Χρι-

2139 2658 2285 2730 στὸν,
2313 2657 2406 2712 τὸν
2440 2653 2511 2711 δι’
2542 2659 2689 2731 ἡμᾶς
2718 2656 3080 2715 ἀποθανόντα.

1428 2909 1560 2964 Imm
1589 2909 1750 2977 ibid.,
1785 2911 1867 2965 lit.
1899 2928 1952 2978 α,
1986 2913 2073 2968 tit.
2108 2926 2289 2979 LXXVI,
2318 2927 2455 2981 pag.
2489 2913 2615 2976 772,
2655 2911 2718 2967 E.

768 3071 855 3125 Eu:
885 3069 1132 3140 Epistola
1156 3070 1231 3126 ad
1259 3071 1629 3127 TRALLENSES.

445 3178 657 3233 Hortor
684 3194 809 3247 vos,
838 3193 958 3234 non
987 3195 1114 3251 ego,
1148 3176 1253 3234 sed
1312 3178 1500 3249 gratia
1557 3179 1789 3234 Domini
1835 3181 2020 3235 nostri

370 3268 506 3323 Jesu
537 3267 775 3335 Christi,
829 3267 955 3323 solo
1014 3267 1486 3324 Christianorum
1519 3267 1649 3322 cibo
1681 3268 1788 3336 uti,
1821 3269 1895 3323 ab
1929 3286 2025 3324 ex-

373 3362 580 3412 tranea
608 3373 743 3410 vero
774 3348 958 3412 herba
987 3357 1307 3425 abstinere,
1364 3375 1495 3429 quae
1537 3362 1624 3411 est
1657 3358 1921 3427 hmresis,
1956 3361 2027 3414 Et

371 3461 666 3500 venenum
696 3461 1008 3517 perperam
1031 3445 1360 3518 implicant,
1385 3463 1518 3502 cum
1543 3446 1715 3518 juxta
1736 3452 1911 3518 atque
1943 3447 2026 3503 di-

373 3535 471 3607 gni
505 3538 664 3601 sunt,
695 3533 873 3588 fidem
906 3534 1199 3598 habeant;
1231 3539 1437 3606 utpote
1487 3535 1587 3605 qui
1649 3535 2022 3592 mortiferum

370 3625 760 3697 pharmacum
792 3640 911 3679 una
943 3640 1075 3679 cum
1119 3623 1306 3678 mulso
1359 3623 1696 3695 praabeant;
1730 3625 1888 3696 quod
1921 3627 2021 3698 qui

369 3713 617 3776 nesciat,
669 3713 942 3769 lubenter
989 3712 1222 3785 accipit,
1255 3718 1321 3767 ut
1348 3714 1410 3768 in
1442 3714 1832 3771 delectatione
1864 3716 2023 3771 mala

375 3803 682 3859 moriatur.
718 3803 1120 3858 Observemini
1160 3803 1337 3874 igitur
1364 3819 1398 3857 a
1428 3802 1665 3859 talibus.
1724 3805 1806 3859 Ad
1842 3804 2018 3861 Trall.

366 3908 488 3965 cap.
521 3894 587 3948 6.'

2059 3072 2107 3138 C

2307 3073 2404 3127 Ἑκ
2433 3076 2533 3141 τῆς
2565 3071 2703 3144 πρὸς
2725 3073 3209 3129 ΤΡΑᾹΛΙΔΝΟΥΣ
3243 3065 3592 3137 Ἐπιστολῆς.

2213 3176 2521 3245 [Παρακαλῶ
2551 3176 2714 3248 δμᾶς,
2764 3176 2863 3230 οὐκ
2913 3174 3041 3249 ἐγὼ,
3101 3172 3227 3229 ἀλλ’
3255 3176 3290 3243 ἡ
3323 3172 3486 3248 χάρις
3530 3179 3629 3230 τοῦ
3670 3182 3780 3231 Κυ-

2141 3270 2261 3344 ρίου
2318 3271 2482 3342 ἡμῶν
2540 3270 2719 3339 Ἰησοῦ
2776 3268 3035 3339 Χριστοῦ,
3097 3266 3236 3340 μόνῃ
3285 3269 3355 3339 τῇ
3413 3268 3779 3343 Χριστιανικῇ

2130 3363 2307 3437 τροφῇ
2339 3360 2597 3434 χρῆσθαι,
2631 3354 2929 3428 ἀλλοτρίας
2956 3353 3012 3410 δὲ
3065 3355 3299 3430 βοτάνης
3356 3354 3679 3430 ἀπέχεσθαι,
3711 3359 3782 3428 ἣ-

2130 3469 2216 3511 τις
2248 3445 2388 3504 ἔστίν
2419 3443 2640 3518 αἶ’ρεσις.
2682 3443 2785 3500 Καὶ
2843 3443 3323 3519 παρεμπλέκουσιν
3379 3447 3591 3515 ’[ησοῦν
3643 3447 3778 3522 Χρι-

2129 3538 2255 3593 στὸν
2278 3538 2411 3609 (leg,
2448 3552 2576 3590 cum
2612 3534 2889 3606 interpol.
2919 3534 3011 3587 καὶ
3041 3553 3172 3607 παρ.
3220 3534 3313 3589 τὸν
3366 3534 3470 3605 te»)
3524 3537 3780 3608 καταξιο-

2129 3623 2525 3695 πιστευόμενοι,
2584 3620 2767 3696 ὥσπερ
2826 3622 3125 3695 θανάσιμον
3187 3625 3470 3699 φάρμακον
3533 3621 3776 3689 διδόντες

2134 3714 2249 3787 μετ’
2278 3709 2647 3785 οἰνομέλιτος,
2681 3709 2816 3784 ὅπερ
2845 3710 2874 3764 ὁ
2906 3709 3111 3788 ἁγνῶν,
3156 3710 3333 3781 ἡδέως
3400 3707 3694 3785 λαμϐάνει,
3726 3712 3777 3768 ἐν

2130 3800 2306 3875 ἡδονῇ
2362 3803 2502 3874 κακῇ
2579 3799 2642 3853 τὸ
2700 3799 2987 3864 ἀποθανεῖν
3022 3842 3036 3855 .
3101 3798 3449 3865 Φυλάσσεσθε
3506 3801 3599 3856 οὗν
3657 3804 3786 3865 τοὺς

2131 3890 2438 3952 τοιούτους.

1465 4074 1599 4128 Ionii
1628 4073 1770 4139 ibid,
1805 4070 1923 4129 [ξιτ.
1956 4082 2008 4143 ύ,
2042 4076 2127 4129 tit.
2161 4078 2242 4141 xi,
2267 4090 2407 4145 pag.
2441 4074 2566 4142 702,
2599 4074 2663 4128 E.

1082 4270 1315 4324 IGNATII.

446 4377 628 4431 Nemo
647 4381 906 4432 vestrum
929 4376 1209 4432 adversus
1225 4376 1565 4447 proximum
1579 4376 1901 4448 quidquam
1918 4378 2024 4432 ha-

371 4463 528 4530 beat,
557 4481 633 4520 ne
665 4466 1039 4520 occasionem
1069 4465 1347 4536 gentibus
1378 4465 1529 4520 detis
1553 4481 1663 4531 ;ne
1692 4482 2023 4537 paucorum

372 4552 690 4607 stultorum
718 4552 891 4624 culpa
920 4552 1040 4621 ﬁat,
1070 4558 1138 4607 ut
1184 4553 1502 4608 multitudo
1549 4553 1748 4608 divina
1807 4555 2022 4610 virtute

367 4640 619 4713 pradita
643 4639 980 4697 maledictis
1009 4640 1349 4712 impetatur.
1382 4642 1463 4697 Ad
1482 4642 1660 4697 Trall.
1694 4659 1817 4713 cap.
1853 4644 1907 4698 8.

1401 4784 1538 4839 Inu
1566 4784 1726 4854 ibiut,
1763 4785 1871 4840 ua.
1914 4804 1948 4839 α
1996 4788 2086 4842 tit.

1036 4937 1123 4993 Ea:
1152 4935 1354 4993 eadem.

442 5062 645 5133 Fugite
703 5062 888 5119 malas
916 5062 1293 5135 propagines,
1326 5078 1457 5133 qua;
1489 5062 1862 5119 mortiferum
1892 5063 2019 5118 fru-

371 5159 532 5207 ctum
563 5157 845 5219 generant
872 5168 1084 5221 :quem
1109 5152 1157 5206 si
1187 5156 1383 5224 gustet
1406 5151 1645 5221 aliquis.
1679 5152 1876 5207 statim
1902 5169 2023 5208 mo-

364 5241 536 5295 ritur.
562 5241 665 5295 Isti
715 5242 878 5297 enim
917 5256 1038 5297 non
1097 5245 1237 5295 sunt
1281 5239 1569 5311 plantatio
1630 5240 1905 5311 Spiritus.
1936 5242 2019 5297 Ad

365 5328 547 5383 Trall.
578 5344 700 5399 cap.
747 5334 833 5385 11.

2769 4269 3128 4327 ἸΓΝΑΤΙΟΥ.

2208 4372 2419 4446 Μηδεὶς
2473 4375 2626 4447 ὑμῶν
2677 4376 2816 4430 κατᾶ
2886 4378 2982 4429 τοῦ
3048 4373 3286 4443 πλησίον
3343 4372 3519 4449 ἐχέτω
3570 4394 3642 4429 τι·
3704 4375 3779 4447 μὴ

2133 4464 2385 4541 ἀφορμὰς
2445 4462 2624 4520 δίδοτε
2696 4468 2816 4525 τοῖς
2872 4459 3093 4533 ἔθνεσιν,
3147 4461 3241 4517 ’ίνα
3305 4464 3382 4535 μή
3430 4460 3498 4518 δι’
3556 4462 3783 4538 ὀλίγους

2133 4552 2371 4631 ἄφρονας
2401 4552 2463 4608 τὸ
2502 4547 2674 4608 ἔνθεον
2714 4550 2932 4622 πλῆθος
2967 4552 3385 4629 βλασφημῆται.

2136 4804 2321 4857 LxxVI,
2349 4803 2483 4860 pag.
2517 4787 2641 4856 772,
2674 4786 2736 4841 E.

2729 4936 2827 4992 Ἐκ
2854 4941 2956 5005 τῆς
2989 4934 3179 5006 αὐτῆς.

2209 5063 2445 5139 Φεύγετε
2501 5062 2599 5123 τὰς
2649 5059 2816 5122 κακὰς
2875 5058 3230 5135 παραφυάδας
3263 5103 3278 5127 ,
3355 5060 3453 5124 τὰς
3508 5063 3778 5136 γεννώσας

2132 5153 2341 5225 καρπὸν
2394 5148 2811 5229 θανατηφόρον,
2874 5149 2936 5204 οὗ
3002 5148 3089 5204 ἐὰν
3138 5149 3384 5223 γεύσεταί
3440 5170 3524 5211 τις
3581 5169 3788 5225 παραυ-

2132 5239 2256 5294 τίκα
2311 5240 2664 5307 ἀποθνῖίσκει.
2724 5237 2890 5294 Οὗτοι
2962 5235 3067 5311 γὰρ
3126 5234 3224 5293 οὐκ
3275 5237 3382 5293 εἶσὶ
3439 5237 3633 5318 φυτεία
3689 5239 3787 5292 τοῦ

2130 5326 2464 5401 Πνεύματος.
