4092 6142
382 301 507 364 9'“

459 435 739 493 Sacerdos.
777 433 1019 486 Sursum
1051 428 1250 483 corda.

450 523 708 592 Pupulus.
747 518 1044 580 Habemus
1074 519 1148 579 ad
1194 516 1533 580 Dominum,

450 609 731 665 Sacerdos.
767 608 997 663 Gratias
1027 623 1270 680 agamus
1303 608 1440 661 Deo.

448 699 713 768 Papulas,
747 699 998 770 Dignum
1029 696 1333 770 etjustum
1365 701 1474 752 est.

448 788 708 843 Sacerdos
737 789 1057 842 inclinatus.
1095 787 1242 841 Vere
1274 787 1444 841 decet
1481 783 1586 838 tibi
1618 782 2027 837 adorationem

375 894 511 932 cum
543 877 969 944 honore,laude
1001 883 1060 931 et
1089 877 1462 932 exaltat30ne.
1499 873 1763 929 exhiberi
1795 871 1866 926 ab
1901 887 2022 926 om-

374 967 549 1022 nibus
581 966 871 1022 creaturis
905 965 1020 1020 tuis
1051 965 1466 1028 rationalibus,
1493 961 1786 1032 simulque
1821 961 2022 1032 unige-

375 1057 500 1110 nito
533 1056 684 1110 Filio
717 1061 837 1126 tuo,
872 1061 929 1109 et
961 1055 1202 1126 Spiritui
1237 1059 1335 1108 tuo
1369 1060 1592 1108 sancto.

440 1146 675 1202 Elevans
704 1162 882 1199 vocem
934 1146 1014 1198 Tn
1048 1145 1145 1199 ille
1181 1161 1240 1198 es
1273 1144 1374 1215 qui
1415 1161 1448 1198 a
1503 1140 1850 1198 substantiis
1883 1139 2021 1194 sub-

365 1235 628 1299 limibus,
675 1240 731 1288 et
790 1233 1304 1301 immaterialihus,
1363 1233 1574 1290 decore
1660 1247 1916 1296 summo,
1966 1234 2024 1284 et

369 1323 893 1394 triumphaliterin
941 1323 1212 1390 excelsis,
1241 1322 1574 1385 honoraris.
1627 1319 1889 1381 laudaris
1964 1325 2024 1374 et

367 1413 798 1486 gloriﬁcatione
813 1417 1099 1484 perpetua
1128 1412 1467 1478 celebraris,
1491 1410 1762 1469 cantibus
1787 1409 1950 1480 puris
1964 1414 2021 1462 et

369 1503 614 1564 sanctis,
649 1503 893 1558 citharis
915 1502 1212 1566 suavibus,
1231 1507 1288 1558 et
1312 1500 1620 1570 jucundia,
1650 1498 2024 1556 exeltationh

369 1591 598 1662 busque
627 1598 684 1647 et
707 1593 946 1662 hymnis
975 1591 1455 1662 triumphalibus,
1479 1590 1647 1648 festis
1670 1588 2017 1642 indesinen-

365 1682 543 1744 tibus,
578 1686 638 1736 et
668 1681 916 1736 canticis
958 1698 1076 1736 non
1110 1680 1502 1739 cessantibus.
1537 1695 1644 1750 per
1697 1693 1799 1732 era
1829 1677 2019 1731 incor-

1679 289 1864 358 Ll'l‘U
1875 283 2066 354 RGIA
2111 284 2174 350 S.
2223 288 2544 356 IGNATII.

2069 417 2124 483 Α
2154 417 2518 490 baptismum
2565 429 2734 479 tuum
2768 425 3055 491 divinum,
3085 427 3455 498 sepulturam
3487 433 3653 486 tuam
3678 432 3812 486 vivi-

3695 297 3804 358 9'12

2143 508 2961 586 ficantem,reeurrectionem
2997 521 3158 576 tuam
3187 516 3578 586 Dominicam,
3611 535 3812 576 ascen-

2143 599 2373 654 sionem
2408 608 2566 657 tuem
2594 603 2794 672 gaudii
2828 605 3091 675 plenam,
3155 607 3612 679 sessionemque
3644 614 3806 665 tuam

2137 689 2214 748 ad
2233 689 2536 749 dexteram
2571 691 2902 764 majestatis
2938 695 3038 749 Dei
3074 697 3338 752 etl’atris
3365 697 3610 754 :iteruni
3627 699 3805 754 etiam

2137 775 2456 832 adventum
2489 784 2656 834 tuum
2689 781 3018 838 secundum
3057 784 3410 853 timendum,
3444 791 3504 841 et
3527 788 3804 842 tremoris

2136 865 2375 936 plenum
2406 873 3210 944 commemoramus,quaudo
3243 878 3516 932 exoriens
3531 893 3666 931 cum
3681 878 3802 948 glo-

2133 954 2714 1030 ria,terribiliterque
2737 961 3235 1032 conspiciendum
3261 969 3314 1024 te
3336 965 3614 1038 praebens
3647 966 3805 1021 vivos

2133 1049 2192 1098 et
2220 1051 2485 1100 mortuos
2509 1047 2844 1118 judicabis;
2879 1051 3118 1122 quando
3149 1053 3356 1126 Angeli
3385 1069 3419 1108 a
3477 1055 3804 1126 splendore

2123 1131 2340 1204 judicii
2373 1135 2455 1189 tui
2488 1139 2974 1204 contremiscent,
3007 1146 3066 1196 et
3123 1141 3469 1215 Archangeli
3519 1149 3796 1211 trement,

2128 1222 2458 1282 Potestates
2507 1227 2946 1298 concutientur,
3006 1229 3206 1286 throni
3254 1232 3793 1300 conturbabuntur,

2133 1317 2192 1372 et
2221 1312 2472 1371 Ordines
2491 1315 2761 1376 caelestes
2792 1324 3017 1378 terrore
3039 1319 3650 1393 obstupescenLTunc
3665 1341 3795 1380 om-

2129 1417 2238 1458 nes
2269 1403 2544 1464 homines
2573 1406 2637 1462 in
2669 1407 2876 1466 dolore
2907 1412 3418 1482 stau'tesJudicem
3459 1413 3798 1471 timendum

2142 1497 2204 1550 et
2221 1498 2526 1561 potentem
2545 1498 3142 1566 exspectabunt,tunc
3173 1517 3306 1556 cum
3312 1502 3568 1571 justitiai
3590 1519 3802 1558 conve-

2133 1580 2308 1638 niens
2337 1581 2501 1638 locus
2557 1585 2689 1653 erit,
2749 1589 2936 1658 gratia
2993 1596 3190 1644 autem
3225 1590 3450 1646 nullam
3482 1593 3799 1663 praestabit

2131 1669 2602 1727 misericordiam
2637 1690 2650 1741 ;
2684 1691 2820 1730 cum
2853 1677 3144 1732 carbones
3198 1678 3498 1748 ardentes,
3547 1681 3795 1736 ﬂamma

364 1786 680 1844 Poreamer
705 1771 936 1844 linguas
967 1787 1084 1824 non
1107 1786 1488 1840 carneas’per
1509 1784 1782 1848 Ρι-ωοοηδ
1803 1765 2018 1826 eximia
2050 1780 2094 1851 Β
2127 1757 3568 1851 comburens,gehennainexstinguibilis:quando
3583 1785 3793 1838 preces

365 1859 786 1937 spiritualium.
839 1876 944 1932 per
973 1859 1263 1930 aequalem
1295 1865 1648 1914 concentum
1685 1857 2013 1932 igneorum.

361 1964 468 2020 per
496 1965 673 2023 puras
722 1965 892 2008 voces
926 1949 1301 2014 thronorum,
1357 1965 1464 2022 per
1494 1963 1706 2005 sonum
1739 1963 2018 2024 magnum

362 2036 760 2100 cherubimet
789 2037 1288 2098 sanctiticationes
1311 2037 1660 2108 purissimas
1692 2035 2018 2106 serapbim,

364 2125 465 2195 qui
497 2125 846 2186 terribiliter
876 2127 988 2186 alis
1017 2127 1331 2198 plaudunt,
1352 2127 1740 2196 volentesque
1771 2131 1860 2186 ter
1887 2141 2018 2184 san~

357 2213 644 2282 ctificant,
677 2214 960 2282 clamant,
991 2216 1390 2270 vociferantur
1419 2220 1480 2269 et
1507 2215 1716 2274 dicunt
1747 2232 1762 2273 ξ

429 2303 696 2373 Populus.
725 2305 996 2372 Sanctus,
1027 2305 1294 2370 Sanctus,
1330 2306 1602 2360 Sanctus.

431 2392 696 2448 Sacerdos
723 2393 1039 2450 inclinatus.
1067 2395 1318 2449 Sanctus
1347 2394 1510 2452 enim
1543 2395 1790 2458 es,Deus
1819 2396 2010 2462 Pater,

357 2481 605 2536 Sanctus
629 2482 807 2538 etiam
833 2483 1176 2554 unigenitus
1199 2483 1381 2537 Filius
1394 2481 1808 2538 tuusSanctus
1830 2483 2009 2538 etiam

355 2569 607 2642 Spiritus
635 2576 768 2626 tuus
801 2579 1041 2628 sanctus
1075 2589 1086 2626 :
1125 2573 1225 2645 qui
1256 2573 1486 2628 similes
1508 2572 1847 2628 caelestibus
1905 2590 2012 2645 per

357 2674 622 2714 amorem
659 2665 822 2717 tuum
856 2678 993 2732 erga
1049 2663 1347 2726 homines,
1384 2679 1492 2717 nos
1522 2662 1734 2730 fecisti,
1771 2670 1829 2716 et
1889 2667 2010 2719 tan-

351 2753 553 2822 topere
588 2747 849 2826 dilexisti
883 2767 1011 2814 nos,
1047 2757 1112 2804 ut
1169 2752 1352 2810 etiam
1383 2751 1758 2826 unigenitum
1791 2751 2006 2810 Filium

347 2841 514 2894 tuum
549 2838 651 2894 tibi
682 2840 1250 2902 consubstantialem
1283 2841 1556 2898 mitteres
1616 2841 1689 2898 ad
1748 2842 2004 2902 salutem

345 2932 610 2984 nostram
638 2944 649 2980 :
677 2928 779 2998 qui
809 2929 1154 2986 incarnatus
1176 2934 1286 2994 est,
1319 2929 1786 2997 ineﬁ'abiliter,et
1814 2931 2002 2990 factus

347 3021 438 3071 est
468 3016 665 3084 homo,
701 3018 1000 3088 quomodo
1031 3019 1218 3074 voluit
1244 3025 1306 3076 et
1331 3020 1510 3086 novit,
1537 3026 1595 3074 et
1637 3019 1839 3075 omnia
1870 3036 2002 3090 quia

2133 1846 2518 1923 repellentur,
2554 1855 2610 1902 et
2633 1849 3086 1922 deprecationes
3116 1869 3237 1908 non
3295 1855 3793 1928 accepiabuntur,

2131 1935 2430 1991 orationes
2462 1953 2582 1999 non
2611 1939 2949 2009 audientur,
3006 1947 3065 1997 et
3125 1942 3569 2004 obsecrationes
3593 1947 3794 2020 cujus-

2127 2039 2364 2094 cunque
2397 2026 2797 2102 priecidentur
2828 2045 2844 2086 :
2879 2047 3058 2106 parce
3091 2032 3283 2098 nobis,
3319 2033 3658 2100 Domine,et
3691 2052 3794 2094 ex-

2123 2114 2298 2170 tende
2323 2115 2629 2178 dexteram
2662 2123 2826 2176 tuam
2850 2137 3028 2192 super
3079 2140 3191 2181 nos
3221 2140 3452 2180 omnes.
3487 2127 3567 2179 Ne
3600 2125 3789 2182 intres

2121 2202 2182 2262 iu
2203 2202 2496 2272 judicium
2528 2206 2867 2276 nobiscum,
2907 2226 3028 2266 non
3054 2211 3306 2272 reducas
3338 2213 3398 2272 in
3432 2215 3788 2275 memoriam

2121 2290 2469 2361 iniquitates
2497 2303 2880 2360 neatrasmon
2917 2299 2993 2354 ad
3025 2315 3274 2356 examen
3305 2302 3782 2368 strictum,voces

2118 2397 2228 2438 nos
2259 2387 2320 2436 et
2347 2383 2712 2440 constituas:
2738 2401 2814 2440 ne
2846 2388 3032 2442 simus
3065 2389 3302 2444 exsules
3333 2406 3370 2444 a
3423 2393 3616 2461 gratia
3655 2399 3778 2463 tua,

2116 2487 2309 2542 neque
2341 2473 2522 2528 alieni
2553 2475 2628 2530 ab
2645 2476 2990 2533 heareditate
3004 2484 3107 2534 tua
3123 2497 3134 2534 :
3151 2496 3226 2534 ne
3255 2480 3402 2535 diris
3416 2484 3779 2541 cruciatibus

2117 2561 2443 2628 tradamur,
2477 2581 2598 2619 non
2630 2565 2703 2620 ad
2763 2582 3025 2624 vermem
3056 2569 3368 2625 rodentem
3426 2573 3777 2642 praecordia,

2117 2667 2250 2705 cum
2283 2651 2480 2724 impiis
2513 2655 2797 2715 amandes
2830 2673 2972 2724 nos;
2997 2674 3119 2712 non
3152 2659 3210 2712 in
3248 2665 3413 2732 parte
3446 2677 3652 2716 eorum
3675 2663 3780 2737 qui

2119 2745 2170 2794 te
2203 2741 2630 2801 cruciﬁxerunt
2660 2761 3013 2802 censeamur
3047 2765 3060 2807 :
3093 2764 3214 2808 non
3269 2765 3402 2804 cum
3438 2749 3638 2822 impiis
3659 2759 3778 2806 sta-

2117 2837 2396 2892 tuamur;
2431 2848 2550 2890 non
2586 2833 2905 2905 participes
2938 2835 3282 2908 iniquorum
3315 2839 3502 2896 simus
3529 2857 3679 2896 :non
3713 2842 3774 2896 in

2113 2919 2408 2992 supplicia
2450 2926 2509 2976 et
2538 2921 2827 2982 stridores
2855 2923 3125 2982 dentium
3177 2927 3568 2997 projiciamur
3599 2946 3612 2984 :
3645 2946 3767 2984 non

2109 3007 2364 3078 abneges
2388 3009 2700 3073 nos,veluti
2731 3029 2835 3068 eos
2865 3013 2965 3082 qui
2991 3019 3044 3072 te
3067 3031 3190 3070 non
3223 3023 3505 3074 noverunt
3530 3033 3546 3069 :
3570 3033 3763 3085 neque

346 3109 552 3160 nostra
583 3112 770 3170 erant,
807 3113 1053 3178 excepto
1083 3114 1346 3178 peccato,
1397 3125 1507 3180 pro
1535 3108 1710 3164 nobis
1729 3109 1993 3178 perfecit.
2034 3140 2076 3208 Ο
2110 3096 2326 3208 geldas
2357 3113 2466 3208 1.135
2499 3098 2678 3157 Simul
2701 3101 2986 3208 cumini?
3017 3103 3118 3173 qui
3154 3110 3234 3208 fe.
3259 3121 3383 3208 non.
3403 3104 3760 3160 dilexerunt“

415 3197 460 3247 Ε
469 3195 650 3252 levans
675 3212 880 3252 vocem.
912 3195 1021 3262 Qui
1076 3201 1262 3255 totam
1319 3197 1824 3276 dispensationem
1848 3198 2002 3258 salu-

343 3285 529 3336 tarem
557 3299 660 3360 pro
692 3283 863 3342 nobis
885 3283 1219 3354 perfecit,et
1237 3301 1344 3355 per
1373 3286 1676 3356 passiones
1707 3303 1842 3342 suas
1863 3303 1998 3344 san-

340 3375 485 3430 ctas.
520 3371 807 3427 adventus
839 3371 929 3426 sui
962 3373 1022 3432 in
1055 3390 1254 3438 carne,
1286 3375 1595 3432 veritatem
1627 3375 1998 3436 demonstra-

341 3458 442 3516 vit.
482 3460 550 3515 In
581 3466 752 3516 nocte
782 3462 1086 3520 Paschatis
1135 3463 1199 3518 in
1221 3479 1338 3534 qua
1370 3463 1712 3524 tradebatur
1745 3481 1852 3536 pro
1884 3466 2001 3524 vita

344 3552 400 3608 et
433 3547 622 3610 salute
652 3551 884 3618 mundi,
910 3552 1364 3624 accepitpanem
1387 3551 1449 3606 in
1472 3568 1681 3612 manus
1708 3569 1842 3610 suas
1859 3570 1996 3616 san-

341 3642 484 3701 ctas,
519 3638 908 3698 sanctiﬁcavit
937 3656 1072 3700 eum
1104 3647 1160 3710 1-,
1195 3645 1251 3702 et.
1271 3639 1445 3712 fregit
1475 3645 1503 3707 ’τ
1539 3639 1820 3714 deditque
1854 3643 1996 3708 idi-

337 3726 584 3798 scipulis
616 3727 740 3790 suis
766 3729 1056 3804 apostolis
1117 3729 1364 3798 sanctis,
1421 3729 1626 3794 dicens
1661 3745 1673 3784 :
1705 3731 1994 3803 Accipite,

2115 3188 2328 3240 Verum
2361 3185 2711 3248 illucescere
2764 3189 2934 3243 nobis
2961 3189 3053 3246 fac
3086 3191 3342 3250 salutem
3369 3199 3524 3248 tuam
3551 3209 3564 3257 ;
3588 3211 3767 3264 parce

2109 3272 2281 3327 nobis
2314 3275 2640 3330 secundum
2666 3294 2928 3332 amorem
2957 3285 3122 3334 tuum
3143 3297 3280 3351 erga
3310 3283 3773 3338 homines.Mitte

2107 3361 2278 3416 nobis
2309 3362 2544 3418 divitias
2563 3364 2896 3422 clementiae
2919 3373 3060 3435 tute,
3093 3375 3284 3424 statue
3317 3387 3424 3426 nos
3447 3371 3523 3430 ad
3566 3371 3771 3428 dexte-

2106 3467 2234 3506 ram
2266 3456 2426 3512 tuam
2453 3463 2788 3519 ;memento
2821 3457 3089 3514 omnium
3117 3466 3380 3514 nostrum
3403 3478 3512 3536 per
3531 3464 3771 3518 miseri-

2105 3543 2369 3600 cordiam
2404 3551 2564 3600 tuam
2602 3547 2799 3603 :salva
2821 3565 2930 3606 nos
2969 3551 3292 3605 secundum
3309 3551 3766 3610 multitudinem

2101 3633 2304 3710 gratiae
2338 3639 2474 3704 tuae,
2508 3641 2567 3690 et
2595 3635 2809 3710 adjuva
2837 3655 2946 3694 nos
3005 3656 3109 3712 per
3155 3639 3531 3695 clementiam
3565 3647 3764 3701 tuam.

2099 3723 2368 3798 Adjunge
2392 3742 2506 3782 nos
2526 3727 2690 3800 gregi
2715 3733 2903 3797 tuo,et
2926 3747 3174 3790 numera
3195 3747 3302 3786 nos
3326 3732 3482 3786 inter
3514 3732 3765 3790 ordines

335 3815 490 3870 edite
525 3833 594 3871 ex
625 3833 694 3871 eo
732 3834 744 3871 ε
780 3818 899 3878 Hoc
931 3823 1022 3875 est
1079 3835 1294 3892 corpus
1352 3835 1552 3881 meum
1601 3821 1760 3890 quod
1791 3839 1888 3881 vos
1935 3827 1996 3882 et,
2099 3811 2454 3872 dilectarum
2489 3819 2752 3886 tuorum,
2783 3816 2873 3878 fac
2904 3836 3013 3876 nos
3067 3819 3272 3894 dignos
3303 3837 3487 3894 regno
3515 3827 3640 3890 tuo,
3707 3828 3768 3879 et

332 3904 552 3958 multos
581 3912 876 3976 praeparat
924 3906 998 3960 ad
1057 3907 1472 3964 remissionem
1523 3915 1902 3986 peccatorum
1931 3916 1992 3966 et
2095 3901 2278 3964 induc
2303 3919 2411 3966 nes
2452 3905 2513 3961 in
2546 3905 2876 3969 thalamum
2901 3914 3090 3970 tuum.
3125 3910 3196 3971 Et
3223 3916 3468 3985 propter
3500 3911 3626 3966 haec
3659 3915 3767 3968 Ec-

333 3993 514 4048 vitam
547 3999 857 4055 aeternam.

396 4083 658 4151 Populus.
691 4086 902 4143 Amen.

399 4171 682 4231 Sacerdos.
719 4173 1010 4232 Similiter
1041 4174 1219 4232 etiam
1253 4179 1312 4228 et
1358 4175 1604 4238 calicem
1659 4178 1810 4243 vitae,
1843 4179 1982 4238 vino

327 4263 386 4313 et
415 4275 569 4332 aqua
599 4279 734 4320 cum
769 4263 1108 4323 miscuisset
1135 4267 1196 4338 1L,
1255 4265 1698 4333 sanctilicariti
1735 4283 1890 4333 eum,
1926 4273 1988 4326 et

321 4346 487 4403 dedit
515 4351 553 4416 1-
583 4349 889 4426 discipulis
921 4352 1045 4410 suis
1077 4354 1297 4412 sanctis
1330 4353 1567 4412 dicens:
1597 4357 1979 4434 Accipite,bi—

317 4433 438 4492 bite
473 4451 544 4492 ex
577 4452 643 4491 eo
671 4454 771 4494 vos
803 4456 1008 4498 omnes
1035 4457 1047 4496 :
1082 4443 1186 4500 llic
1216 4448 1304 4500 est
1335 4445 1572 4516 sanguis
1603 4433 1979 4525 meu3,quem

316 4539 424 4595 pro
456 4523 570 4582 vita
603 4525 810 4585 mundi
836 4526 909 4585 d0
943 4546 1072 4599 ego,
1103 4547 1200 4586 vos
1233 4537 1432 4592 autem
1465 4538 1526 4592 et
1570 4533 1792 4594 multos
1819 4523 1968 4614 prae-

315 4616 486 4683 parat
514 4612 586 4672 ad
619 4615 1036 4678 remissionem
1093 4625 1500 4688 peccatorum,
1555 4627 1613 4678 et
1665 4624 1738 4680 ad
1793 4612 1970 4688 vitam

313 4705 625 4762 internum.

2095 3990 2277 4052 clesia
2316 3998 2416 4051 tua
2447 3998 2505 4048 et
2531 4009 2672 4066 grex
2706 4001 2842 4054 tuus
2865 3995 3221 4068 deprecatur
3253 4004 3330 4064 te,
3382 4005 3441 4056 et
3473 4017 3579 4072 per
3611 4005 3668 4055 te
3703 4005 3766 4060 et

2091 4082 2287 4134 tecum
2322 4081 2554 4136 Patrem
2580 4087 2768 4152 tuum,
2802 4083 3004 4140 dicens
3039 4101 3052 4140 :

2157 4221 2419 4291 Populus.
2451 4223 2746 4280 Miserere.

2157 4311 2439 4367 Sacerdos.
2469 4313 2588 4367 Nos
2619 4331 2874 4384 quoque,
2908 4323 3020 4372 etc.

2158 4401 2404 4470 Populus
2449 4403 2524 4455 Te
2564 4402 2712 4474 glori
2721 4404 2990 4459 ﬂeamus.

2001 4505 2046 4568 D
2154 4491 2448 4546 Dicemus.
2483 4491 2668 4556 Quam
2692 4493 2957 4550 timenda
2981 4501 3072 4550 est
3101 4497 3225 4554 haec
3257 4499 3421 4567 hora,
3458 4507 3570 4558 etc.

2146 4580 2414 4634 Sac-entes
2439 4579 2578 4635 dicit
2609 4583 3012 4640 invocationem
3043 4587 3292 4657 Spiritus
3319 4591 3521 4646 sancti.

2143 4721 2417 4776 Miserere
2447 4721 2800 4789 nobis,Deus
2826 4729 3001 4783 Pater
3030 4731 3440 4803 omnipotens,
3474 4740 3536 4793 et
3565 4735 3731 4792 mitte

383 4792 655 4868 Populus,
684 4795 900 4856 Amen.

382 4883 666 4946 Sacerdos,
698 4885 817 4940 Hoc
870 4885 1044 4946 facite
1103 4887 1164 4948 in
1221 4891 1339 4946 mei
1389 4891 1780 4953 memoriam:
1829 4910 1968 4964 quo-

313 4971 663 5052 tiescunque
688 4975 848 5036 enim
882 4975 1314 5036 manducabitis
1341 4995 1556 5049 panem
1580 4980 1738 5039 hunc
1769 4988 1829 5036 et
1858 4999 1959 5038 ca-

309 5059 484 5123 licem
507 5061 664 5124 huno
693 5063 1148 5132 bibetis,mortis
1171 5083 1316 5130 metu
1334 5071 1963 5130 commemorationem

306 5151 512 5222 agetis,
547 5159 606 5207 et
637 5155 1134 5218 resurrectionem
1167 5172 1366 5218 meam
1393 5157 1828 5220 conﬁtebimini
1857 5161 1962 5220 do-

305 5253 416 5293 nec
461 5255 713 5296 veniam.

375 5329 638 5394 Populus.
677 5331 876 5384 Mortis
913 5337 1048 5390 tum.
1083 5339 1194 5388 etc.

369 5413 633 5472 Sacerdos
664 5418 982 5472 inclinatus.
1015 5421 1206 5482 Mente
1265 5421 1443 5496 igitur
1499 5424 1830 5486 recolentes
1890 5443 1959 5481 ea

303 5501 506 5556 omnia
534 5521 666 5574 quin
687 5523 791 5576 pro
823 5508 1081 5574 nobis,et
1113 5518 1354 5587 propter
1383 5531 1494 5570 nos
1523 5515 1955 5586 dispensatorie

301 5603 335 5642 a
354 5594 410 5642 te
444 5592 704 5658 perfecta
734 5594 991 5664 fuerunt,
1026 5598 1394 5666 nativitatem
1415 5609 1576 5662 tuam
1608 5603 1952 5674 salutarem,

2072 4827 2252 4881 super
2281 4827 2390 4865 nos
2414 4810 2700 4880 Spiritum
2749 4819 2914 4871 tuum
2957 4823 3231 4874 sanctum
3276 4821 3379 4893 qui
3418 4824 3629 4884 omnia
3645 4841 3738 4888 re-

2069 4899 2494 4971 plet,Deusque
2519 4905 2608 4956 est
2639 4919 2816 4974 super
2837 4907 3064 4969 omnia.
3084 4907 3308 4981 tibique
3323 4911 3735 4971 consubstan-

2070 4987 2233 5042 tialis
2267 4993 2324 5041 et
2353 4989 2664 5059 unigenito
2689 4991 2834 5050 Filio
2866 4999 2964 5055 tuo
2998 5011 3016 5060 ;.
3055 4997 3158 5068 qui
3199 4999 3363 5056 omni
3395 4999 3548 5058 hora
3579 5000 3738 5062 dona

2069 5076 2412 5144 distribuit;
2440 5077 2763 5150 dividitque
2797 5089 2854 5134 et
2884 5082 2985 5137 dat
3031 5083 3306 5158 singulis,
3359 5094 3540 5157 prout.
3565 5089 3691 5148 vult.
3721 5107 3734 5144 :

2067 5167 2167 5237 qui
2199 5165 2476 5221 onmibus
2506 5185 2768 5238 praesens
2799 5177 3110 5242 est,neque
3135 5174 3268 5236 loco
3296 5177 3744 5238 circumscribi-

2067 5254 2289 5324 tur,qui
2322 5253 2500 5308 vitam
2531 5257 2794 5311 continet
2822 5275 3028 5314 eorum
3063 5261 3160 5334 qui
3193 5262 3414 5332 vivunt,
3451 5270 3508 5324 et
3531 5267 3696 5338 perte
3717 5299 3734 5308 -

2065 5348 2192 5398 ctor
2217 5343 2550 5402 sanctitatis
2571 5351 2916 5406 sanctorum
2947 5355 3042 5406 est.
3071 5366 3084 5406 :
3111 5356 3180 5410 ut
3201 5351 3422 5423 illapsu
3454 5371 3562 5409 suo
3585 5371 3694 5410 san
3719 5389 3731 5396 -

2063 5431 2332 5492 ctiticans
2359 5434 2643 5506 mysteria
2673 5433 3082 5506 haecpurame
3115 5457 3354 5512 quoque
3379 5459 3415 5500 a
3446 5443 3736 5502 sordibus

2061 5521 2348 5582 mundum
2381 5523 2617 5581 efficiat.

2132 5610 2420 5672 Sacerdos.
2452 5612 2676 5674 Exaudi
2707 5629 2824 5682 me,
2856 5615 3124 5678 Domine.
