4092 6142
394 289 515 348 975

468 424 730 495 Populus.
762 423 973 478 Amen.

469 513 727 569 Sacerdos
746 511 1067 565 inclinatus.
1093 509 1659 574 Commemorantes,
1695 508 2047 563 memoriam

398 604 626 675 agimus
657 616 858 655 coram
890 604 968 666 te,
1004 598 1272 667 Domine,
1305 603 1364 653 et
1406 598 1478 653 ad
1525 596 1959 652 obsecrandum
1990 600 2046 650 te

397 690 768 757 adducimus,
798 688 1058 759 primum
1091 686 1332 758 quidem
1390 693 1653 742 sanctam
1698 688 2047 760 genitricem

396 780 501 835 Dei
532 779 794 844 Mariam,
828 782 886 831 et
915 793 1342 848 praecursorem
1369 778 1659 831 Joannem
1702 777 2045 847 Baptistam,

396 869 761 938 Stephanum
790 867 1049 937 primum
1089 866 1507 933 Diaconorum,
1540 872 1598 920 et
1627 871 2046 937 proto-marty—

397 974 545 1025 rem,
579 971 911 1028 agmenque
940 959 1281 1010 sanctorum
1310 955 1761 1026 Prophetarum,
1795 957 2046 1026 Aposto-

393 1045 608 1111 lorum,
661 1046 1003 1114 Martyrum,
1061 1044 1479 1099 Confessorum
1536 1048 1594 1097 et
1653 1043 2042 1114 reliquorum,

397 1153 651 1208 quorum
675 1136 923 1191 nomina
950 1135 1172 1206 scripta
1199 1140 1338 1190 sunt
1368 1135 1428 1189 in
1460 1134 1611 1189 libro
1644 1134 1801 1190 vitae.

470 1235 730 1305 Populus.
761 1235 961 1305 Kyrie,
996 1233 1242 1289 eleison.

464 1325 729 1380 Sacerdos
758 1324 972 1379 elevans
1000 1339 1185 1378 vocem
1236 1325 1307 1378 Ut
1336 1322 2043 1394 deprecationesillorum

397 1418 657 1481 tuorum,
682 1411 911 1482 placide
934 1411 1287 1481 suscipiens,
1311 1410 1609 1465 orationes
1624 1426 1828 1464 eorum
1848 1415 2043 1481 gratas

392 1502 597 1572 pietati
628 1506 744 1554 tuae
773 1504 1064 1570 acceptes.
1096 1500 1212 1554 Nos
1234 1516 1470 1570 quoque
1489 1499 1855 1570 conjunctim
1878 1497 2044 1553 obse-

393 1590 721 1644 crationem
752 1588 1162 1659 imperfectam
1195 1594 1481 1656 nostram,
1514 1605 1716 1643 coram
1758 1592 1811 1641 te
1861 1586 2041 1642 simul

393 1678 776 1745 effundimus,
818 1694 1211 1749 rogamusque
1245 1683 1304 1731 et
1354 1678 1761 1748 deprecamur,
1814 1681 1872 1729 et
1920 1693 2039 1731 non

1679 281 2052 345 LlTURGlA
2095 283 2160 343 S.
2208 280 2533 344 IGNATII.

2076 419 2128 485 Α
2229 418 2489 474 Sacerdos
2518 417 2731 474 elevans
2760 433 2961 473 vocem.
2994 416 3231 473 Placide
3263 421 3323 471 et
3338 414 3658 487 tranquille
3682 431 3818 470 sus-

3699 281 3819 340 970

2155 508 2285 578 cipe
2316 524 2423 578 per
2453 508 2884 579 benignitatem
2917 512 3104 575 tuam,
3155 506 3423 571 Domine,
3478 505 3711 560 animas
3758 509 3820 559 et

2153 596 2397 667 spiritus
2428 614 2731 652 servorum
2762 602 2822 651 et
2867 597 3249 652 adoratorum
3300 601 3544 650 tuorum
3600 594 3701 664 qui
3743 611 3814 647 ex

2154 686 2264 741 hac
2294 688 2573 757 praesenti
2604 689 2723 742 vita
2752 687 2826 742 ad
2851 692 2903 742 te
2924 687 3327 759 migraverunt
3350 703 3362 739 :
3388 686 3649 741 maxime
3672 702 3808 740 vero

2152 775 2395 831 illorum
2427 793 2531 847 pro
2565 777 2781 848 quibus
2822 782 2880 831 et
2927 793 3034 848 per
3081 793 3231 846 quos
3280 775 3641 830 sacriﬁcium
3697 775 3809 829 hoc

2152 864 2417 919 oblatum
2440 870 2498 920 et
2515 866 2845 936 perfectum
2865 867 3269 919 est.Memento
3293 880 3521 931 eorum,
3541 864 3810 934 quietem

2151 951 2273 1006 illis
2300 958 2533 1023 prmsta,
2568 958 2626 1007 et
2655 952 2884 1008 colloca
2913 970 3014 1008 eos
3044 953 3105 1007 in
3136 952 3492 1008 habitaculis
3543 952 3715 1020 lucis,
3750 952 3815 1005 in

2151 1040 2298 1096 locis
2328 1042 2605 1113 spiritum
2661 1042 2996 1112 beatorum,
3056 1043 3117 1096 in
3172 1041 3499 1096 Jerusalem
3558 1041 3812 1108 caelesti,

2151 1129 2211 1183 in
2234 1131 2497 1186 Ecclesia
2518 1131 3050 1204 primogenitorum
3074 1131 3511 1201 descriptorum
3532 1132 3589 1185 in
3620 1130 3814 1201 caelis,

2150 1220 2623 1290 memoriamque
2657 1226 2715 1274 et
2773 1221 3036 1291 quietem
3086 1220 3345 1275 maxime
3392 1220 3652 1286 felicem,
3704 1238 3818 1292 per

2151 1323 2416 1363 amorem
2440 1314 2606 1363 tuum
2631 1325 2767 1380 erga
2780 1309 3055 1363 homines
3075 1314 3363 1380 praestans
3380 1308 3811 1375 illis,Domine,

2150 1397 2407 1452 concede
2429 1397 2548 1452 illis
2572 1399 2750 1453 vitam
2770 1399 2919 1453 senii
2943 1398 3431 1469 expertem,b0na
3452 1415 3569 1453 non
3604 1404 3810 1455 trans-

2149 1485 2371 1551 cuntia,
2404 1490 2462 1541 et
2490 1486 2735 1541 delicias
2776 1488 2955 1542 ﬁnem
3012 1504 3133 1542 non
3192 1487 3496 1541 habentes.
3555 1488 3808 1544 Veniam

2148 1573 2460 1629 obtineant
2490 1592 2596 1646 per
2623 1576 3004 1631 clementiam
3039 1582 3237 1631 tuam:
3272 1577 3533 1647 quietem
3583 1594 3809 1633 conse-

2148 1668 2408 1733 quantur
2438 1681 2545 1735 per
2573 1666 3045 1721 misericordiam
3101 1672 3264 1721 tuam
3292 1683 3304 1719 :
3357 1666 3813 1723 abscondantur

391 1773 619 1822 avertas
642 1767 855 1822 faciem
885 1772 1048 1821 tuam
1070 1766 1310 1830 anobis,
1338 1783 1531 1836 neque
1553 1767 1614 1820 in
1638 1766 1727 1821 ira
1748 1765 2040 1838 elongeris
2070 1786 2116 1851 B
2148 1752 2255 1806 δαὶ)
2288 1752 2397 1807 illis
2427 1755 2631 1851 gratim
2664 1759 2801 1821 tum.
2836 1772 3031 1851 nequ?
3090 1756 3569 1851 εοηάθωῐιίῗηῖυτ
3595 1775 3608 1823 ἓ
3663 1758 3813 1828 (ΞΠίᾶ

394 1873 429 1910 a
458 1856 671 1911 nobis:
705 1872 825 1910 non
857 1855 918 1909 in
946 1856 1145 1910 furore
1179 1861 1276 1910 tuo
1309 1855 1617 1926 disperdas
1655 1872 1790 1922 nos,
1836 1870 2038 1909 verum

392 1946 719 2001 secundum
750 1945 1225 2001 benevolentiam
1254 1950 1414 2000 tuam
1441 1944 1681 2016 posside
1705 1961 1836 2011 nos,
1861 1950 2041 2015 etper

392 2033 817 2089 abundantiam
848 2035 1130 2090 bonitatis
1160 2040 1298 2100 tuas,
1330 2050 1505 2106 parce
1535 2035 1728 2089 nobis.
1758 2034 2039 2089 Illumina

389 2122 612 2178 vultum
644 2128 814 2178 tuum
845 2140 1024 2193 super
1051 2140 1182 2191 nos,
1216 2129 1275 2177 et
1302 2140 1481 2195 super
1509 2139 1749 2178 omnem
1798 2122 2034 2193 plebem

388 2211 751 2267 haereditatis
784 2217 920 2278 tum,
953 2213 1094 2282 quia
1110 2212 1215 2266 tibi
1238 2213 1435 2283 placet
1452 2212 1704 2268 salutem
1729 2217 2034 2284 praestare,

386 2305 446 2354 et
475 2305 576 2355 tua
605 2306 696 2355 est
723 2318 838 2372 pax
870 2306 929 2355 et
958 2301 1119 2357 salus
1145 2318 1157 2355 :
1194 2302 1419 2372 tibique
1447 2302 1698 2374 gloriam
1723 2307 1782 2356 et
1811 2302 2031 2373 gratia-

381 2405 516 2443 rum
546 2390 844 2444 actionem
872 2391 1200 2460 oﬂ'erimus,
1232 2396 1292 2445 et
1322 2391 1626 2463 unigenito
1655 2391 1802 2446 Filio
1837 2397 1957 2446 tuo.

448 2478 714 2550 Populus.
747 2482 960 2535 Amen.

446 2569 708 2624 Sacerdos
738 2569 1056 2625 inclinatus.
1091 2572 1383 2625 Memento
1408 2571 1608 2633 etiam,
1636 2571 1904 2639 Domine,
1928 2572 2030 2626 Pa-

373 2661 531 2711 trum
563 2656 892 2714 electorum
923 2666 981 2713 et
1011 2663 1376 2725 sanctorum,
1438 2660 1936 2728 Patriarcharum,
1970 2666 2029 2714 et

373 2762 582 2802 eorum
605 2748 704 2818 qui
728 2748 1083 2818 interpretes
1104 2754 1163 2803 et
1183 2749 1442 2804 ministri
1465 2749 2027 2820 fueruntmysterio-

370 2851 505 2891 rum
539 2852 844 2893 sacrorum
876 2837 1150 2893 Ecclesiae
1177 2844 1290 2893 tua;
1318 2844 1534 2893 sanctas
1565 2857 1578 2893 :
1606 2841 1860 2894 maxime
1889 2857 2024 2896 vero

370 2926 602 2997 Ignatii,
635 2926 921 2998 Dionysii,
952 2927 1114 2996 Julii,
1147 2928 1478 2997 Athanasii,
1504 2928 2022 3001 Basilii,Gregorii,

370 3014 660 3084 Dioscori,
693 3014 910 3080 Severi,
944 3015 1314 3087 reliquorum
1373 3017 1794 3088 Apostolorum
1825 3024 1882 3072 et
1912 3020 2025 3073 Pa-

373 3108 622 3167 storum,
663 3103 764 3174 qui
797 3103 871 3158 ad
903 3108 959 3159 te
997 3105 1419 3177 migraverunt.

441 3191 704 3262 Populus.
737 3192 933 3263 Kyrie‘
970 3193 1198 3248 eleison

437 3280 706 3336 Sacerdos
735 3281 952 3335 elevans
980 3297 1183 3336 vocem.
1216 3283 1516 3350 Doctores,
1570 3284 1911 3356 EpiscOpos,
1964 3289 2023 3339 et

366 3374 631 3424 rectores
657 3370 858 3425 ovium
880 3371 1546 3446 spiritualium,gregum
1564 3380 1802 3430 tuorum
1822 3391 2020 3430 sacer-

372 3456 664 3513 dotalium
694 3459 949 3530 suscipe,
982 3461 1252 3527 Domine,
1287 3466 1345 3515 et
1374 3479 1475 3517 eos
1509 3464 1611 3533 qui
1645 3480 1779 3519 cum
1797 3464 2021 3519 sancti-

367 3551 487 3602 tate
517 3546 833 3618 primitias,
877 3566 1042 3605 more
1090 3550 1437 3620 apostolico,
1489 3558 1775 3621 ceperunt
1826 3553 2017 3607 haere-

366 3635 567 3691 ditatis
616 3637 897 3708 paciﬁcaa,
958 3638 1334 3711 Theologiam
1384 3639 1611 3695 scilicet
1662 3640 2014 3711 acquisitam

368 3725 655 3797 sanguine
686 3726 930 3782 salutari
961 3728 1176 3783 Christi
1198 3728 1489 3800 unigeniti
1510 3729 1642 3783 Filii
1665 3730 1750 3785 tui
1774 3747 1788 3786 :
1808 3747 2015 3787 eorum

367 3814 469 3883 qui
500 3814 563 3868 in
594 3814 874 3870 Ecclesiis
913 3816 1031 3872 tuis
1062 3817 1283 3872 sanctis
1313 3817 1758 3888 explicaverunt
1798 3820 2011 3888 verbis,

364 3902 615 3974 gloriam
648 3905 1107 3976 magniﬁcentiae
1135 3907 1302 3979 regni
1336 3910 1420 3962 tui
1448 3907 1715 3979 gloriosi,
1748 3914 1807 3964 et
1836 3926 2015 3981 super

363 3991 825 4048 fundamentum
844 3993 979 4048 ﬁdei
994 3995 1437 4051 aadificaverunt
1456 3997 1767 4053 scientiam
1778 3999 2012 4055 univer—

367 4096 494 4137 sam
520 4099 672 4139 verse
702 4084 1033 4156 religionis,
1092 4085 1512 4158 salubremque
1545 4087 1913 4144 doctrinam:
1947 4095 2013 4145 ut

362 4186 469 4241 per
500 4173 963 4229 intercessiones
1004 4189 1207 4231 eorum
1270 4193 1447 4247 puras
1495 4182 1554 4231 et
1595 4179 2010 4249 acceptabiles,

358 4261 628 4325 Domine,
661 4278 785 4317 non
823 4262 1091 4334 reliquas
1144 4281 1250 4319 nos
1309 4265 1611 4336 expositos
1665 4267 1896 4322 insidiis
1955 4273 2015 4322 et

360 4347 650 4417 decipulis
684 4351 903 4405 erroris
923 4352 1307 4408 multiformis
1333 4354 1675 4424 dogmatum
1697 4356 2015 4427 reproban-

356 4434 604 4489 dorum:
638 4452 843 4492 verum
886 4456 993 4510 per
1012 4440 1342 4496 dectrinam
1373 4448 1609 4513 patrum
1638 4443 1880 4500 illorum
1902 4461 2011 4500 no-

354 4528 614 4579 strorum
644 4523 978 4596 beatorum,
1005 4528 1296 4585 conﬁrma
1318 4547 1447 4600 nos,
1480 4538 1539 4587 et
1568 4530 1749 4587 ﬁdem
1769 4532 2006 4589 illorum

348 4611 536 4669 funda
568 4613 630 4669 in
661 4614 856 4682 nobis,
896 4616 1190 4688 bonisque
1231 4636 1435 4676 eorum
1468 4638 1567 4677 eos
1598 4621 1805 4694 dignos
1832 4624 2001 4681 efﬁce

352 4705 412 4756 et
440 4717 576 4756 cum
605 4702 720 4759 illis
749 4703 1077 4763 referemus
1107 4707 1213 4763 tibi
1265 4709 1516 4781 gloriam
1562 4716 1621 4766 et
1675 4713 1999 4782 gratiarum

352 4789 670 4846 actionem.

420 4883 686 4952 Populus.
720 4885 931 4939 Amen.

417 4972 683 5029 Sacerdos
708 4974 1028 5030 inclinatus.
1061 4976 1133 5029 Ut
1162 4976 1343 5031 etiam
1370 4993 1576 5033 eorum
1624 4981 1995 5049 memineris,

346 5061 448 5131 qui
475 5077 545 5117 ex
575 5061 686 5118 hac
711 5063 829 5118 vita
857 5063 932 5118 ad
962 5068 1020 5118 te
1050 5064 1475 5136 migraverunt,
1508 5073 1563 5122 te
1582 5068 1991 5139 deprecamur,

342 5149 612 5220 Domine,
645 5152 1029 5208 Sacerdotum
1061 5158 1120 5208 et
1166 5154 1585 5224 Diaconorum,
1634 5159 1733 5227 qui
1792 5176 1994 5216 coram

339 5239 512 5294 altari
538 5242 1007 5310 tuo,Sacerdotio
1030 5248 1089 5297 et
1110 5244 1437 5301 ministerio
1457 5246 1641 5301 functi
1668 5255 1824 5317 sunt,
1857 5268 1990 5306 cum

336 5329 593 5396 puritate
624 5336 683 5385 et
712 5333 1023 5386 sanctitate
1051 5348 1063 5385 :
1100 5332 1630 5403 Subdiaconorum,
1657 5338 1987 5409 Lectorum,

343 5416 799 5489 Religiosorum,
850 5422 1289 5491 Monachorum,
1340 5431 1400 5479 et
1444 5428 1713 5482 omnium
1756 5445 1985 5498 eorum,

341 5519 493 5570 quos
521 5510 936 5581 unusquisque
963 5511 1163 5565 animo
1200 5528 1307 5568 suo
1339 5512 1627 5586 designat.

408 5592 671 5662 Populus.
708 5597 903 5668 Kyrie,
936 5598 1183 5655 eleison.

2151 1848 2533 1911 speraverunt
2563 1843 2625 1898 in
2666 1848 2744 1910 te,
2806 1851 2863 1898 et
2910 1844 3284 1914 unigenitum
3341 1845 3554 1901 Filium
3610 1851 3809 1914 tuum,

2147 1945 2255 1999 per
2294 1947 2472 2001 quem
2503 1949 2613 1988 nos
2671 1949 2908 2003 quoque
2958 1950 3267 2005 speramus
3325 1922 3808 1991 misericordiam

2147 2021 2455 2090 consequi,
2490 2027 2601 2076 etc.

2216 2108 2478 2178 Populus.
2511 2111 2782 2176 Quietem
2813 2118 3046 2183 praesta.

2213 2206 2473 2262 Sacerdos
2529 2209 2852 2265 inclinatus.
2916 2212 3115 2279 Parce,
3176 2212 3424 2267 Domine
3500 2215 3675 2279 Deus,
3739 2219 3800 2268 et

2143 2293 2375 2349 dimitte
2405 2313 2613 2352 omnes
2644 2299 2993 2369 iniquitates
3022 2306 3276 2367 nostras,
3312 2307 3371 2355 et
3398 2302 3665 2369 illorum,
3698 2321 3798 2358 ne-

2142 2399 2255 2453 que
2278 2385 2410 2439 illas
2430 2385 2855 2459 imputes,quia
2871 2406 2992 2444 non
3011 2389 3374 2460 justiﬁcatur
3389 2392 3450 2445 in
3467 2398 3795 2464 conspectu

2142 2476 2241 2526 tuo
2263 2475 2456 2529 omnis
2482 2476 2704 2539 vivens,
2727 2493 2919 2548 neque
2938 2479 3093 2533 ullus
3113 2484 3203 2533 est
3225 2496 3407 2550 purus
3439 2497 3474 2535 a
3495 2481 3792 2549 sordibus,

2139 2566 2200 2614 et
2227 2562 2474 2618 maculis
2505 2566 2753 2635 peccati,
2787 2566 2900 2620 nisi
2926 2567 3287 2633 tu,Domine.
3313 2568 3709 2625 Obsecramus
3741 2575 3800 2625 et

2138 2649 2531 2720 deprecamur
2551 2654 2832 2725 abyssum
2856 2654 3432 2726 imperscrutabilem
3463 2658 3795 2715 clementiae

2135 2744 2273 2807 tuae,
2307 2746 2374 2795 ut
2404 2742 2577 2797 nobis
2610 2744 2893 2811 inﬁrmis,
2929 2750 2986 2799 et
3015 2745 3088 2800 ad
3116 2751 3426 2817 peccatum
3458 2751 3791 2819 propensis,

2134 2828 2367 2884 veniam
2394 2832 2688 2888 concedas
2721 2851 2828 2905 per
2857 2835 3333 2891 misericordiam
3383 2826 3566 2906 tuam,
3599 2856 3793 2910 neque

2134 2916 2398 2974 dimittas
2429 2937 2538 2975 nos
2564 2921 2628 2976 in
2677 2923 2954 2978 manibus
2986 2940 3021 2978 a
3050 2924 3270 2994 quibus
3318 2926 3682 2997 abripiamur
3728 2929 3787 2984 in

2133 3022 2395 3063 errorem
2416 3010 2946 3082 perniciosum.qui
2966 3030 3072 3068 nos
3086 3013 3162 3068 ad
3183 3014 3486 3070 interitum
3505 3016 3775 3070 deducat.

2049 3141 2092 3207 Ο
2132 3096 2244 3151 Sed
2274 3099 2532 3154 concede
2566 3104 2631 3155 ut
2656 3100 2999 3172 gradiamur
3032 3102 3094 3157 in
3124 3104 3234 3158 viis
3262 3104 3773 3171 tuis,etfaciamus

2130 3187 2496 3243 voluntatem
2526 3193 2711 3257 tuam,
2746 3190 3239 3263 inveniamusque
3284 3193 3771 3262 misericordiam,

2127 3274 2305 3329 ﬁnem
2341 3277 2749 3347 tranquillum,
2786 3279 3188 3352 ﬁduciamque
3209 3282 3317 3337 tibi
3341 3283 3698 3354 placentem,
3721 3290 3783 3339 et

2126 3364 2578 3420 consistentiam
2611 3366 2834 3438 absque
2868 3369 3218 3426 confusione
3252 3389 3453 3427 coram
3484 3374 3631 3428 solio
3662 3379 3785 3428 ter-

2124 3452 2285 3506 ribili
2317 3456 2611 3526 unigeniti
2633 3456 2765 3511 Filii
2791 3458 2896 3525 tui,
2921 3463 2986 3513 ut
3008 3459 3071 3514 in
3088 3460 3221 3525 hoc,
3246 3462 3400 3516 sicut
3430 3467 3489 3516 et
3513 3464 3577 3516 in
3601 3466 3791 3519 omni-

2122 3540 2255 3606 bus,
2287 3542 2651 3614 gloriﬁcetur
2681 3550 2741 3599 et
2796 3546 3075 3602 laudetur
3127 3565 3347 3603 nomen
3397 3555 3567 3604 tuum
3616 3552 3792 3608 valde

2124 3629 2545 3688 honorandum
2568 3639 2625 3689 et
2645 3635 3052 3703 benedictum,
3083 3638 3375 3708 simulque
3404 3639 3641 3693 Domini
3672 3657 3790 3695 no-

2123 3722 2229 3777 stri
2259 3725 2398 3779 Jesu
2429 3724 2647 3780 Christi
2682 3730 2742 3780 et
2771 3726 3024 3798 Spiritus
3056 3728 3137 3783 tui
3170 3729 3380 3796 sancti,
3410 3745 3595 3799 nunc,
3631 3736 3750 3789 etc.

2192 3814 2457 3881 Populus.
2491 3814 2583 3868 Ut.

2196 3901 2481 3958 Sacerdos.
2515 3904 2656 3959 Pax.

2189 3991 2454 4060 Populus.
2493 3993 2567 4046 Ut
2594 4008 2729 4047 cum
2762 3994 2975 4065 spiritu
3013 4002 3132 4052 tuo.

2191 4080 2475 4134 Sacerdos.
2507 4080 2911 4138 Misericordia
2940 4085 3065 4151 Dei,
3108 4090 3222 4141 etc.

2194 4168 2450 4238 Populus.
2478 4169 2548 4223 Et
2577 4185 2711 4224 cum
2744 4172 2963 4242 spiritu
2988 4178 3109 4228 tuo.

2193 4257 2462 4312 Diaconus
2519 4258 2656 4314 dicit
2713 4259 3074 4317 Catholicam.
3131 4262 3396 4320 Sacerdos
3449 4268 3668 4335 frangit
3722 4274 3777 4321 et

2118 4347 2301 4415 signat
2322 4346 2599 4401 Oblatam.

2191 4436 2483 4491 Diaconus.
2520 4438 2799 4509 Angelus.

2188 4524 2448 4581 Sacerdos
2477 4526 2617 4581 dicit
2648 4528 2961 4586 Orationem
2991 4540 3118 4588 ante
3146 4534 3321 4590 Pater
3351 4540 3575 4591 noster.

2186 4625 2332 4679 Vere
2364 4624 2522 4679 enim
2555 4630 2614 4680 et
2641 4626 2863 4699 absque
2897 4630 3101 4699 dubio,
3134 4637 3197 4687 tu
3229 4651 3292 4689 es
3322 4636 3499 4691 Pater
3529 4642 3766 4692 sanctus

2112 4713 2243 4768 Filii
2275 4714 2484 4782 sancti,
2518 4715 2621 4784 qui
2655 4718 2969 4775 sanctitate
3000 4722 3248 4791 aequalis
3279 4730 3370 4779 est
3391 4741 3526 4779 cum
3547 4725 3767 4796 Spiritu

2113 4806 2354 4857 sancto:
2389 4802 2490 4872 qui
2519 4802 2782 4872 perfecte
2813 4811 2873 4860 et
2900 4823 3037 4862 cum
3086 4826 3322 4866 summa
3366 4817 3661 4883 potestate
3703 4813 3766 4867 in

2112 4891 2331 4946 sanctis
2358 4891 2707 4963 requiescis,
2740 4900 2799 4949 et
2828 4903 3113 4969 perpetuo
3146 4901 3650 4957 sanctiﬁcationes
3675 4918 3769 4957 eo-

2109 4997 2242 5036 rum
2273 4980 2376 5051 qui
2406 4984 2463 5035 te
2491 4982 2866 5040 sanctiﬁcant
2913 4988 3186 5059 suscipis.
3219 4990 3303 5045 Tu
3328 5006 3392 5045 es
3421 4990 3555 5045 fons
3602 4991 3769 5047 inco-

2108 5069 2419 5136 lumitatis,
2453 5074 2512 5124 et
2538 5071 2701 5143 origo
2732 5074 3114 5145 auxiliorum,
3148 5083 3209 5133 tu
3241 5094 3305 5134 es
3331 5081 3567 5151 genitor
3588 5082 3767 5135 mise-

2105 5159 2400 5230 ricordiae,
2435 5165 2494 5214 et
2522 5166 2692 5231 pater
2746 5163 3103 5237 clementiae,
3155 5168 3493 5238 miserator,
3542 5169 3765 5236 fautor,

2105 5250 2344 5321 adjutor
2371 5254 2431 5303 et
2460 5249 2799 5319 auxiliator,
2832 5270 3035 5311 curam
3060 5257 3288 5313 habens
3320 5274 3675 5330 pauperum,
3708 5266 3773 5315 et

2104 5339 2395 5412 refugium
2425 5338 2807 5411 afﬁictorum,
2840 5360 3039 5401 comes
3071 5347 3303 5403 itineris
3329 5349 3769 5421 navigantium,

2102 5436 2307 5501 portus
2337 5431 2397 5481 et
2425 5428 2663 5496 requies
2700 5428 3090 5501 jactatorum,
3141 5436 3437 5507 refugium
3488 5443 3772 5507 peccato-

2105 5534 2272 5572 rum:
2307 5515 2576 5571 medicus
2608 5517 2807 5575 bonus
2855 5521 3271 5580 inﬁrmorum:
3321 5525 3423 5595 qui
3468 5542 3635 5581 amas
3690 5528 3775 5582 la-

2102 5622 2334 5679 crymas
2367 5605 2803 5678 penitentiam,
2837 5614 3195 5672 emundator
3226 5614 3519 5681 sordium,
3558 5615 3620 5670 in
3646 5617 3773 5673 illis
