4092 6142
330 389 449 450 977

1614 391 1994 453 LITURGIA
2037 392 2102 454 S.
2150 393 2472 455 IGNATII.

3636 398 3755 460 978

329 524 432 595 qui
464 524 761 595 inquinati
796 529 954 594 sunt,
1010 525 1257 598 largitor
1308 527 1622 594 donorum,
1664 528 1977 583 thesaurus
2006 532 2060 596 Α
2161 529 2440 585 Sacerdos.
2488 531 2651 585 Juste
2686 536 2742 585 et
2795 531 3125 588 secundum
3156 533 3488 603 veritatem,
3540 533 3740 590 valde-

331 613 696 670 divitiarum.
730 615 812 669 Tu
843 615 916 670 ab
949 616 1144 684 initio,
1181 616 1253 671 ab
1305 621 1552 681 aeterno,
1599 633 1634 672 a
1694 617 1910 672 saeculo
1939 622 1997 671 et

328 708 889 775 perpetuo,sanctus
922 720 1006 773 es,
1038 704 1370 776 plenusque
1403 706 1737 772 sanctitate,
1768 705 1990 760 sancti-

333 794 544 848 ﬁcator
572 798 632 847 et
670 792 965 864 perfector
992 799 1355 861 sanctorum,
1390 800 1449 849 et
1478 810 1587 850 nos
1615 792 1988 866 gloriﬁcatio-

330 898 493 948 nem,
526 882 1003 952 hymnorumque
1034 883 1512 938 decantationem
1543 883 1850 937 offerimus
1882 882 1986 937 tibi

331 988 465 1026 eam
497 971 689 1042 ipsam
725 989 903 1042 quam
944 988 977 1026 a
1007 972 1150 1027 Filio
1184 978 1388 1027 sancto
1422 978 1542 1041 tuo,
1597 971 1739 1026 Filio
1772 977 1872 1026 tuo
1905 971 1989 1026 di-

328 1060 485 1116 lecto
525 1068 795 1115 amanter
842 1061 1203 1115 didicimus:
1265 1060 1644 1132 petimusque
1693 1065 1760 1114 ut
1815 1059 1986 1115 nobis

328 1150 605 1205 omnibus
638 1155 904 1221 praestes.
936 1155 1002 1205 ut
1032 1150 1208 1205 corde
1239 1149 1530 1220 puro,sed
1552 1148 1832 1204 ardenter
1852 1165 1987 1203 suc-

326 1256 506 1294 censo
539 1256 645 1309 per
672 1239 857 1293 zelum
888 1238 1270 1305 laudabilem,
1304 1239 1602 1294 orationes
1632 1244 1692 1292 et
1712 1237 1988 1309 depreca-

323 1329 518 1382 tiones
550 1333 782 1383 nostras
816 1344 1015 1383 coram
1038 1333 1093 1382 te
1124 1327 1508 1395 eﬂ‘undendo,
1537 1344 1672 1383 cum
1691 1327 1982 1382 mentium

323 1417 1127 1483 illuminatione,animorum
1150 1416 1982 1489 castimonia,linguarumque

322 1507 673 1577 triumphali
698 1507 1060 1573 laudatione,
1085 1507 1414 1562 clamemus
1443 1508 1518 1563 ad
1550 1513 1629 1576 te,
1661 1524 1899 1562 oremus
1924 1511 1983 1562 et

324 1597 614 1664 dicamus,
646 1598 820 1651 Pater
853 1601 1056 1651 noster
1087 1597 1185 1667 qui
1221 1613 1284 1651 es
1315 1598 1377 1651 in
1400 1597 1583 1652 ccelis.

392 1687 657 1758 Populus.
694 1686 1109 1742 Sanctiﬁcetur
1138 1703 1357 1742 nomen
1396 1692 1586 1742 tuum.

394 1777 658 1831 Sacerdos
698 1775 913 1830 elevans
970 1792 1171 1830 vocem.
1218 1777 1320 1842 Ne,
1366 1776 1634 1840 Domine,
1668 1777 1978 1847 permittas

2103 633 2217 687 que
2275 619 2732 687 rationabiliter,
2774 620 3069 676 debentur
3118 621 3575 695 magniﬁcentia;
3632 627 3749 678 tua)

2100 706 2308 762 laudes
2337 724 2544 764 omnes
2566 707 2994 775 indesinentes,
3026 710 3231 782 hymni
3251 715 3309 766 et
3324 712 3751 767 exsultationes

2098 796 2663 868 triumphales,quia
2682 814 2791 853 nos
2808 798 2997 853 fecisti
3012 798 3219 870 dignos
3240 816 3346 871 per
3366 800 3750 856 clementiam

2102 889 2261 940 tuam
2293 885 2446 940 dono
2465 886 2577 941 hoc
2598 886 2775 949 bono,
2803 891 2861 941 et
2875 887 3120 954 caelesti,
3154 888 3423 943 alimenti
3455 889 3634 959 hujus
3664 890 3751 944 in-

2097 974 2531 1046 corruptibilis:
2564 992 2962 1048 rogamusque
2985 993 3250 1033 amorem
3286 982 3450 1033 tuum
3477 995 3615 1047 erga
3643 979 3748 1033 ho-

2095 1063 2289 1118 mines
2319 1064 2703 1133 inelfabilem,
2727 1070 2794 1120 ut
2849 1082 2968 1120 non
3026 1072 3332 1122 convertas
3365 1066 3516 1121 festa
3544 1073 3749 1122 nostra

2095 1152 2156 1206 in
2189 1152 2435 1219 luctum,
2456 1170 2648 1223 neque
2670 1153 2903 1209 cantica
2933 1160 3138 1210 nostra
3154 1156 3214 1210 in
3238 1155 3747 1228 ejulatum,neque

2094 1240 2341 1313 dejicias
2364 1243 2558 1313 capita
2588 1248 2791 1298 nostra
2815 1245 3257 1314 coramjudicio
3279 1262 3292 1299 :
3316 1262 3508 1317 neque
3533 1246 3743 1301 erube-

2093 1346 2327 1386 scamus
2357 1330 2415 1385 in
2449 1331 2544 1386 die
2574 1332 2985 1401 novissimo,in
3017 1349 3133 1403 quo
3166 1334 3576 1404 unusquisque
3601 1351 3743 1389 con-

2092 1438 2297 1495 gruam
2332 1424 2875 1479 remunerationem
2929 1424 3180 1495 accipiet
3212 1442 3224 1490 ;
3271 1442 3402 1480 cum
3444 1427 3650 1497 Angeli
3682 1427 3744 1480 in

2092 1511 2305 1565 timore
2336 1511 2684 1573 consistent,
2719 1517 2777 1566 et
2806 1512 3146 1579 unigenitus
3178 1504 3360 1566 Filius
3418 1518 3553 1567 tuus
3589 1512 3743 1584 judi-

2090 1599 2266 1655 cabit.
2324 1600 2435 1655 Sed
2491 1600 2996 1671 quemadmodum
3025 1616 3254 1655 summe
3286 1602 3733 1657 misericordem

2090 1703 2228 1760 erga
2243 1704 2351 1743 nos
2364 1693 2420 1743 te
2434 1688 2774 1757 exhibuisti,
2797 1705 2972 1759 parce
2994 1689 3472 1759 pusillanimitati
3500 1695 3738 1759 nostra),

2089 1777 2374 1832 miserere
2400 1777 2766 1833 inﬁrmitatis
2808 1784 3037 1833 naturas
3069 1782 3305 1843 nostras,
3343 1795 3464 1833 non
3495 1779 3556 1834 in
3580 1778 3739 1850 judi-

323 1883 432 1921 nos
454 1864 667 1937 jactari
699 1864 1107 1920 vexationibus
1138 1863 1476 1931 mundanis,
1504 1864 1622 1919 sive
1641 1864 1975 1932 diabolicis,
2011 1890 2055 1954 Β
2088 1865 2268 1933 cium,
2318 1871 2420 1920 aut
2467 1867 3027 1922 condemnationem
3086 1872 3370 1938 reputans
3424 1867 3596 1922 nobis
3624 1868 3737 1921 hoc

319 1957 479 2011 ultra
509 1956 567 2010 id
598 1954 752 2026 quod
786 1971 1120 2026 possumus.
1146 1955 1227 2008 ita
1256 1959 1322 2008 ut
1361 1955 1603 2009 omnino
1636 1954 1700 2009 in
1728 1953 1977 2008 inﬁrmi-

320 2052 461 2110 tate,
491 2043 839 2115 aegritudine
900 2048 958 2097 et
987 2043 1388 2097 contractione
1423 2042 1616 2097 cordis
1646 2042 1852 2109 simus,
1914 2047 1972 2096 et

318 2152 352 2190 a
382 2134 711 2190 domestica
753 2132 1161 2187 familiaritate
1194 2137 1295 2187 tua
1325 2132 1505 2186 alieni
1540 2131 1892 2200 efﬁciamur,
1927 2132 1976 2186 si

319 2224 505 2279 nostri
538 2239 742 2278 curam
783 2239 903 2276 non
933 2221 1233 2277 habueris.
1280 2223 1360 2276 Ne
1390 2220 1471 2275 sis
1528 2221 1975 2289 immisericors,

317 2312 790 2382 Domine,neque
816 2316 1043 2365 avertas
1065 2310 1278 2365 faciem
1306 2314 1467 2365 tuam
1499 2326 1534 2364 a
1563 2310 1756 2377 nobis,
1782 2326 1976 2381 neque

316 2402 524 2474 procul
570 2401 753 2456 facias
784 2399 1008 2455 auxilia
1040 2405 1172 2466 tua;
1200 2399 1303 2454 sed
1334 2398 1530 2470 aspice
1556 2415 1685 2468 nos,
1718 2404 1776 2454 et
1806 2399 1974 2454 mitte

316 2492 564 2564 gratiam
599 2496 759 2545 tuam
793 2489 867 2544 ad
897 2494 1167 2543 nostrum
1191 2487 1545 2543 subsidium.
1583 2486 1666 2542 Ab
1699 2487 1973 2541 omnibus

318 2580 669 2637 criminibus
697 2579 886 2634 libera
904 2595 1032 2646 nos,
1053 2593 1247 2647 neque
1279 2577 1528 2631 inducas
1560 2592 1667 2630 nos
1698 2576 1758 2629 in
1790 2581 1974 2630 tenta-

317 2672 562 2737 tionem,
589 2669 729 2740 quia
761 2668 866 2723 tibi
900 2672 989 2722 est
1045 2670 1335 2738 potestas,
1369 2670 1428 2720 et
1457 2664 1773 2735 imperium
1806 2670 1971 2719 mter-

317 2775 482 2827 num,
510 2763 568 2814 et
598 2758 701 2813 tibi
734 2757 984 2829 gloriam
1024 2761 1082 2810 et
1112 2755 1436 2827 gratiarum
1490 2753 1788 2809 actionem
1823 2753 1969 2807 refe-

320 2849 527 2903 rimus.

388 2937 643 3008 Populus.
685 2941 895 2992 Amen.

383 3026 663 3082 Sacerdos.
700 3028 839 3080 Pax.

382 3117 671 3170 Diaconus.
705 3117 855 3168 Ante
886 3113 1325 3183 susceptionem
1359 3111 1782 3182 mysteriorum
1833 3111 1965 3165 isto-

2085 1972 2304 2011 munus
2337 1956 2635 2025 tuum,sed
2667 1956 2740 2011 ad
2773 1956 3169 2020 sanctitatem,
3194 1962 3253 2011 et
3280 1956 3646 2028 vigilantiam
3680 1961 3739 2011 et

2081 2045 2361 2101 viaticum
2392 2045 2602 2100 salutis
2631 2034 2946 2100 nostraa.Et
2975 2049 3032 2100 te
3059 2045 3230 2100 decet
3257 2046 3464 2117 gloria,
3520 2045 3731 2113 honor,

2083 2142 2141 2191 et
2166 2136 2505 2207 imperium,
2540 2134 2838 2206 simulque
2868 2134 3175 2207 unigenito
3207 2134 3352 2190 Filio
3388 2139 3484 2189 tuo
3516 2140 3575 2189 et
3605 2135 3736 2206 Spi-

2082 2226 2222 2280 ritui
2254 2224 2632 2280 sanctissimo
2664 2229 2784 2278 tuo.

2151 2315 2412 2385 Populus.
2445 2314 2653 2368 Amen.

2152 2403 2437 2460 Sacerdos.
2466 2404 2603 2458 Pax.

2153 2492 2417 2563 Populus.
2452 2494 2521 2545 Et
2550 2507 2684 2545 cum
2715 2490 2926 2562 spiritu
2958 2494 3087 2548 tuo.

2150 2583 2441 2637 Diaconus.
2475 2582 2634 2648 Post,
2669 2585 2779 2635 etc.

2153 2672 2415 2742 Populus.
2450 2671 2659 2724 Coram
2686 2675 2762 2726 te.

2152 2762 2413 2818 Sacerdos
2441 2761 2656 2816 elevans
2686 2775 2886 2815 vocem.
2941 2758 3065 2814 Tibi
3099 2759 3201 2830 qui
3241 2760 3478 2832 genitus
3508 2766 3599 2816 est
3654 2760 3726 2817 ab

2083 2857 2405 2915 mterno,ex
2425 2849 2655 2905 lumine
2686 2854 2933 2917 aaterno,
2962 2853 3020 2902 et
3048 2849 3396 2905 incarnatus
3418 2865 3481 2905 es
3501 2849 3723 2921 absque

2078 2940 2200 2996 ulla
2227 2940 2581 3005 mutatione,
2615 2956 2687 2995 ex
2716 2944 2882 2994 utero
2914 2937 3203 3011 virginali,
3227 2939 3445 3012 gratias
3477 2939 3729 3012 agimus,

2076 3035 2135 3084 et
2163 3034 2228 3083 ut
2256 3029 2590 3099 requiescat
2614 3028 2857 3082 dextera
2889 3032 2988 3082 tua
3017 3043 3196 3098 super
3223 3044 3333 3082 nos
3373 3044 3580 3082 omnes
3601 3044 3732 3099 per-

2075 3124 2277 3190 petuo,
2338 3117 2730 3189 postulamus.
2766 3116 3111 3171 Sacerdotes
3159 3116 3365 3171 altaris
3413 3116 3498 3170 tui
3547 3115 3734 3187 gloria

308 3222 439 3260 rum
482 3209 849 3269 Sanctorum.
884 3220 1015 3273 quae
1071 3200 1271 3256 01)ιᾶιᾶ
1302 3205 1461 3265 sunt.
1518 3200 1733 3254 iterum
1766 3216 1964 3254 coram
2006 3228 2049 3294 ρ
2077 3206 2269 3274 afﬁce,
2305 3210 2362 3259 et
2415 3204 2827 3259 ministrantes
2880 3203 2985 3258 tibi
3045 3204 3107 3258 in
3156 3204 3380 3259 honore
3412 3203 3730 3259 constitue.

308 3294 559 3349 Domino
590 3292 961 3348 misericordi
994 3291 1189 3361 capita
1205 3296 1407 3344 nostra
1438 3289 1817 3344 inclinemus.

381 3382 643 3453 Populus.
671 3382 882 3435 Coram
915 3384 994 3447 te,
1017 3378 1287 3433 Domine.

380 3472 645 3528 Sacerdos
689 3470 903 3525 elevans
954 3485 1157 3524 vocem.
1225 3469 1370 3523 Cum
1427 3466 1593 3522 omni
1653 3471 1867 3521 natura
1917 3471 1972 3522 et

309 3567 583 3618 creatura
613 3559 942 3615 cmlestium
974 3564 1031 3613 et
1064 3557 1458 3624 terrestrium,
1493 3572 1624 3627 quas
1650 3562 1703 3610 te
1742 3556 1971 3612 adorat:

315 3652 585 3715 Domine,
617 3656 685 3705 ut
711 3651 912 3705 animo
942 3649 1333 3720 concipimus,
1365 3664 1473 3702 nos
1505 3663 1741 3718 quoque
1768 3647 1972 3702 adora'

316 3741 542 3795 tionem
573 3756 773 3794 veram
804 3756 937 3793 cum
971 3737 1219 3794 cervicis
1241 3736 1600 3791 demissione
1633 3735 1741 3789 tibi
1772 3736 1969 3789 offeri-

312 3845 484 3896 mus;
521 3834 634 3883 eta
669 3844 902 3883 summa
925 3827 1211 3882 charitate
1248 3832 1347 3881 tua
1377 3824 1772 3896 postulamus,
1807 3830 1872 3878 ut
1898 3824 1971 3877 il-

311 3919 571 3973 lumines
603 3918 834 3973 animas
860 3922 1095 3972 nostras
1126 3915 1369 3970 veritate
1431 3919 1548 3968 tua.
1607 3913 1823 3967 Munda
1858 3930 1969 3968 nos

312 4009 572 4079 hyssopo
592 4012 689 4061 tuo
714 4006 1051 4062 :sanctiﬁca
1080 4021 1186 4060 nos
1209 4005 1521 4059 sanctitate
1544 4008 1641 4058 tua
1663 4019 1675 4056 :
1694 4008 1966 4058 converte

310 4113 421 4151 nos
448 4096 523 4150 ad
551 4096 827 4150 timorem
862 4100 1049 4160 tuum,
1075 4093 1306 4164 placeat
1338 4092 1443 4146 tibi
1472 4097 1541 4145 ut
1569 4091 1768 4145 mittas
1798 4091 1969 4146 nobis

310 4185 760 4240 benedictiones
791 4183 1085 4251 tuas,etin
1104 4183 1260 4236 hunc
1286 4181 1527 4237 modum
1551 4186 1725 4251 atque
1753 4180 1969 4236 talibus

311 4275 485 4329 bonis
516 4274 883 4345 locupletans
914 4289 1124 4339 nos,ne
1155 4273 1484 4342 permittas,
1520 4277 1585 4325 ut
1613 4272 1698 4325 rei
1731 4272 1968 4327 acceda-

314 4380 447 4418 mus
491 4364 565 4418 ad
596 4363 1079 4417 communionem
1111 4362 1263 4416 hanc
1292 4360 1581 4415 viviﬁcam
1614 4361 1880 4431 corporis
1912 4367 1970 4415 et

314 4452 624 4525 sanguinis
652 4451 943 4524 unigeniti
974 4450 1103 4505 Filii
1134 4450 1242 4517 tui,
1267 4466 1371 4520 per
1392 4465 1569 4519 quem
1598 4456 1655 4504 et
1685 4466 1819 4504 cum
1851 4467 1966 4521 quo

312 4548 369 4597 te
397 4542 568 4596 decet
594 4540 782 4612 gloria
801 4545 860 4595 et
876 4539 1194 4611 imperium
1208 4553 1343 4592 cum
1367 4538 1588 4608 Spiritu
1611 4544 1710 4593 tuo
1736 4543 1960 4594 sancto.

384 4630 644 4701 Populus.
678 4632 883 4684 Amen.

386 4719 668 4775 Sacerdos.
703 4720 845 4772 Pax.

382 4808 645 4877 Populus.
680 4809 748 4861 Et
779 4823 913 4861 cum
956 4804 1170 4876 spiritu
1203 4809 1323 4858 tuo.

386 4898 667 4952 Sacerdos.
702 4896 788 4951 Sit
817 4893 1174 4961 benedictio,
1210 4899 1320 4947 etc.

388 4985 644 5055 Populus.
670 4986 739 5038 Et
775 5000 929 5050 cum,
964 4988 1074 5036 etc.

388 5077 676 5131 Diaconus.
711 5075 855 5129 Cum
891 5074 1123 5127 timore.

382 5164 668 5221 Sacerdos.
703 5164 920 5218 Sancta
952 5162 1191 5216 sanctis.

388 5254 647 5323 Populus.
683 5253 845 5308 Unus
876 5252 1052 5305 Pater
1080 5255 1341 5305 sanctus.

388 5343 674 5396 Diaconus.
711 5341 944 5395 Stemus
976 5340 1279 5395 decenter.

387 5432 648 5503 Populus.
678 5431 906 5486 Gratias
937 5430 1187 5502 agimus.

2081 3296 2260 3351 Senes
2292 3293 2747 3349 mansuetudine
2797 3309 2945 3349 orna
2974 3298 3033 3349 et
3060 3292 3314 3364 adjuva;
3344 3293 3599 3365 impetus
3623 3294 3732 3364 ju-

2079 3401 2295 3440 venum
2328 3399 2533 3439 coerce
2566 3399 2579 3449 ;
2613 3400 2829 3454 pueros
2850 3382 3037 3438 educa
3064 3383 3128 3437 in
3173 3382 3483 3451 modestia,
3542 3388 3600 3437 et
3659 3382 3733 3437 ad

2079 3488 2379 3528 summum
2401 3471 2667 3527 scientiae
2690 3472 2919 3544 apicem
2947 3469 3732 3542 perducito.Sana,Domine,

2079 3560 2547 3629 inﬁrmos,ablue
2570 3560 2833 3616 maculas
2857 3564 3231 3632 peccatorum
3261 3577 3275 3626 ;
3296 3559 3542 3630 obsigna
3560 3575 3733 3615 cruce

2078 3657 2179 3707 tua
2204 3652 2499 3724 virgines;
2532 3650 2763 3707 custodi
2796 3651 3016 3706 lectum
3049 3650 3499 3720 conjugatorum
3526 3650 3729 3715 ;mitte

2078 3741 2280 3811 egenis
2313 3740 2719 3806 saturitatem;
2770 3744 2895 3794 esto
2930 3739 3331 3810 orphanorum
3364 3743 3621 3806 curator,
3670 3744 3731 3793 et

2075 3829 2439 3884 confortator
2466 3828 2799 3884 viduarum.
2842 3829 3024 3883 Parce
3073 3827 3191 3882 illis
3241 3827 3340 3897 qui
3368 3831 3728 3897 acceperunt

2075 3934 2289 3989 corpus
2322 3924 2486 3973 tuum
2515 3934 2529 3983 ;
2564 3922 2621 3971 et
2649 3933 2753 3972 eos
2773 3916 2874 3987 qui
2897 3916 3177 3971 biberunt
3207 3932 3278 3970 ex
3294 3915 3579 3987 sanguine
3604 3920 3724 3985 tuo,

2074 4008 2333 4080 perfecte
2364 4005 2899 4078 puriﬁca.Benedic
2921 4005 3040 4059 illis
3062 4004 3162 4075 qui
3186 4021 3291 4076 per
3308 4021 3546 4058 crucem
3564 4010 3726 4059 tuam

2074 4096 2323 4151 salutem
2382 4094 2685 4149 consecuti
2746 4098 2885 4148 sunt
2918 4114 2932 4159 ;
2965 4093 3271 4148 sanctiﬁca
3328 4092 3506 4147 etiam
3537 4109 3726 4165 agnos

2074 4183 2266 4256 gregis
2293 4183 2401 4244 tui,
2445 4198 2580 4236 oves
2615 4187 2745 4235 tuas
2792 4179 2984 4235 adduc
3014 4179 3088 4234 ad
3119 4178 3266 4233 ovile
3298 4184 3464 4234 tuum
3499 4195 3512 4233 :
3547 4194 3728 4249 agnos

2073 4279 2203 4328 tuos
2238 4274 2297 4328 in
2331 4271 2619 4328 doctrinis
2651 4271 2768 4325 tuis
2801 4270 3114 4333 conﬁrma,
3148 4286 3637 4341 unumquemque
3668 4269 3730 4324 in

2070 4363 2254 4436 gradu
2290 4366 2348 4416 et
2378 4361 2584 4417 ordine
2608 4377 2713 4415 suo
2730 4359 3033 4431 visita,per
3048 4359 3517 4415 misericordiam
3539 4364 3726 4414 tuam-

2070 4455 2186 4508 Nos
2209 4456 2429 4517 autem,
2465 4451 2731 4516 Domine,
2757 4465 2955 4504 servos
2987 4453 3207 4517 tuos,et
3231 4447 3561 4503 sacerdotio
3589 4447 3724 4503 fun—

2074 4545 2282 4614 gentes
2317 4540 2441 4600 tibi.
2475 4540 2685 4611 dignos
2715 4539 2883 4594 efﬁce
2939 4538 3166 4592 visione
3196 4537 3283 4593 tui
3317 4556 3330 4605 ;
3364 4554 3475 4592 nos
3519 4553 3727 4592 omnes

2074 4629 2266 4685 adduc
2297 4628 2370 4683 ad
2427 4628 2831 4683 habitaculum
2865 4632 3030 4683 tuum
3057 4631 3327 4694 ;mentes
3367 4630 3602 4681 nostras
3633 4625 3730 4680 ﬁr-

2075 4735 2202 4773 mas
2234 4718 2402 4772 efﬁce
2434 4717 2497 4772 in
2528 4716 2846 4771 dilectione
2878 4721 2979 4771 tua
3012 4733 3025 4782 ;
3059 4715 3213 4771 oculi
3272 4717 3458 4770 nostri
3487 4715 3728 4770 videant

2074 4806 2453 4878 majestatem
2467 4805 2795 4861 timendam
2815 4811 2976 4861 tuam
3002 4823 3016 4873 ;
3033 4822 3137 4860 ora
3158 4811 3362 4860 nostra
3382 4805 3727 4875 repleantur

2077 4895 2645 4952 sanctiﬁcationibus
2678 4896 2794 4949 tuis
2824 4911 2837 4962 ;
2868 4893 3028 4948 labia
3058 4898 3280 4959 nostra,
3308 4893 3578 4957 Domine,
3603 4891 3729 4945 lau-

2076 4985 2180 5039 des
2217 4990 2344 5039 tuas
2374 4983 2782 5054 pronuntient,
2813 4983 3120 5052 Patrisque
3179 4980 3263 5034 tui
3312 4978 3609 5033 benedicti
3670 4984 3729 5033 et

2078 5074 2256 5129 beati.
2290 5079 2348 5126 et
2378 5073 2629 5143 Spiritus
2662 5072 2767 5135 tui,
2829 5070 2962 5137 vivi,
3027 5067 3236 5136 sancti,
3294 5066 3641 5122 viviﬁcantis
3674 5071 3733 5122 et

2079 5162 2187 5217 tibi
2214 5159 2759 5216 consubstantialis.

2151 5253 2413 5322 Populus.
2450 5253 2656 5305 Amen.

2155 5341 2447 5395 Diaconus.
2480 5337 2757 5403 Benedic,
2799 5334 3069 5390 Domine.

2154 5431 2436 5486 Sacerdos.
2470 5427 2722 5485 Benedic
2753 5424 3050 5481 omnibus.
