  <div class='ocr_page' id='page_1' title='image "/cluster/home/n/w/nwhite01/storage/ocr_20150623/5/mdp.39015015401063/504.png"; bbox 0 0 4092 6142; ppageno 0'>
   <div class='ocr_carea' id='block_1_1' title="bbox 328 298 1996 367">
    <p class='ocr_par' dir='ltr' id='par_1_1' title="bbox 328 298 1996 367">
     <span class='ocr_line' id='line_1_1' title="bbox 328 298 1996 367; baseline -0.002 0"><span class='ocrx_word' id='word_1_1' title='bbox 328 365 331 367; x_wconf 83' lang='grc'><strong>,</strong></span> <span class='ocrx_word' id='word_1_2' title='bbox 372 298 488 360; x_wconf 67' lang='grc'><strong>⁸81</strong></span> <span class='ocrx_word' id='word_1_3' title='bbox 1844 301 1996 366; x_wconf 77' lang='lat' dir='ltr'><strong>MAI</strong></span> 
     </span>
    </p>
   </div>
   <div class='ocr_carea' id='block_1_2' title="bbox 2109 298 3795 367">
    <p class='ocr_par' dir='ltr' id='par_1_2' title="bbox 2109 301 3795 364">
     <span class='ocr_line' id='line_1_2' title="bbox 2109 301 3795 364; baseline 0 -1"><span class='ocrx_word' id='word_1_4' title='bbox 2109 301 2339 364; x_wconf 61' lang='lat' dir='ltr'><strong>{BIUM</strong></span> <span class='ocrx_word' id='word_1_5' title='bbox 3672 301 3795 363; x_wconf 71' lang='lat'><strong>98!</strong></span> 
     </span>
    </p>
   </div>
   <div class='ocr_carea' id='block_1_3' title="bbox 372 429 1996 511">
    <p class='ocr_par' dir='ltr' id='par_1_3' title="bbox 372 432 1996 511">
     <span class='ocr_line' id='line_1_3' title="bbox 372 432 1996 511; baseline 0.002 -26"><span class='ocrx_word' id='word_1_6' title='bbox 372 433 481 486; x_wconf 89' lang='grc' dir='ltr'><strong>θῶν</strong></span> <span class='ocrx_word' id='word_1_7' title='bbox 512 432 603 486; x_wconf 80' lang='grc' dir='ltr'><strong>καὶ</strong></span> <span class='ocrx_word' id='word_1_8' title='bbox 636 436 821 488; x_wconf 82' lang='grc' dir='ltr'>Δακῶν</span> <span class='ocrx_word' id='word_1_9' title='bbox 853 435 945 489; x_wconf 82' lang='grc' dir='ltr'><strong>καὶ</strong></span> <span class='ocrx_word' id='word_1_10' title='bbox 977 434 1174 510; x_wconf 71' lang='grc' dir='ltr'>ἑτέρων</span> <span class='ocrx_word' id='word_1_11' title='bbox 1202 434 1433 491; x_wconf 85' lang='grc' dir='ltr'>πολλῶν</span> <span class='ocrx_word' id='word_1_12' title='bbox 1487 437 1677 506; x_wconf 85' lang='grc' dir='ltr'>ἐθνων,</span> <span class='ocrx_word' id='word_1_13' title='bbox 1733 437 1822 492; x_wconf 78' lang='grc' dir='ltr'><strong>καὶ</strong></span> <span class='ocrx_word' id='word_1_14' title='bbox 1852 435 1996 511; x_wconf 79' lang='grc' dir='ltr'>νομί</span> 
     </span>
    </p>
   </div>
   <div class='ocr_carea' id='block_1_4' title="bbox 2109 429 3794 511">
    <p class='ocr_par' dir='ltr' id='par_1_4' title="bbox 2133 429 3794 507">
     <span class='ocr_line' id='line_1_4' title="bbox 2133 429 3794 507; baseline -0.002 -16"><span class='ocrx_word' id='word_1_15' title='bbox 2133 439 2433 507; x_wconf 80' lang='lat' dir='ltr'><strong>reportata</strong></span> <span class='ocrx_word' id='word_1_16' title='bbox 2453 432 2664 500; x_wconf 86' lang='lat' dir='ltr'><strong>elatus,</strong></span> <span class='ocrx_word' id='word_1_17' title='bbox 2690 429 2764 485; x_wconf 91' lang='lat' dir='ltr'><strong>ad</strong></span> <span class='ocrx_word' id='word_1_18' title='bbox 2785 429 3216 500; x_wconf 85' lang='lat' dir='ltr'><strong>subjectionem</strong></span> <span class='ocrx_word' id='word_1_19' title='bbox 3250 429 3516 485; x_wconf 90' lang='lat' dir='ltr'><strong>omnium</strong></span> <span class='ocrx_word' id='word_1_20' title='bbox 3551 432 3660 487; x_wconf 89' lang='lat' dir='ltr'><strong>sibi</strong></span> <span class='ocrx_word' id='word_1_21' title='bbox 3683 434 3794 488; x_wconf 85' lang='lat' dir='ltr'><strong>ad-</strong></span> 
     </span>
    </p>
   </div>
   <div class='ocr_carea' id='block_1_5' title="bbox 2128 514 3783 594">
    <p class='ocr_par' dir='ltr' id='par_1_5' title="bbox 2128 514 3783 594">
     <span class='ocr_line' id='line_1_5' title="bbox 2128 514 3783 594; baseline -0.002 -14"><span class='ocrx_word' id='word_1_22' title='bbox 2128 525 2242 579; x_wconf 91' lang='lat' dir='ltr'><strong>huc</strong></span> <span class='ocrx_word' id='word_1_23' title='bbox 2268 514 2434 594; x_wconf 83' lang='lat' dir='ltr'><strong>pium</strong></span> <span class='ocrx_word' id='word_1_24' title='bbox 2465 514 2935 575; x_wconf 81' lang='lat' dir='ltr'><strong>Christianorum</strong></span> <span class='ocrx_word' id='word_1_25' title='bbox 2967 535 3181 590; x_wconf 90' lang='lat' dir='ltr'><strong>corpus</strong></span> <span class='ocrx_word' id='word_1_26' title='bbox 3215 518 3423 573; x_wconf 88' lang='lat' dir='ltr'><strong>deesse</strong></span> <span class='ocrx_word' id='word_1_27' title='bbox 3454 525 3783 593; x_wconf 87' lang='lat' dir='ltr'><strong>ratus,per-</strong></span> 
     </span>
    </p>
   </div>
   <div class='ocr_carea' id='block_1_6' title="bbox 372 517 2022 603">
    <p class='ocr_par' dir='ltr' id='par_1_6' title="bbox 372 517 2022 603">
     <span class='ocr_line' id='line_1_6' title="bbox 372 517 2022 603; baseline 0.003 -28"><span class='ocrx_word' id='word_1_28' title='bbox 372 542 559 585; x_wconf 84' lang='grc' dir='ltr'>σαντος</span> <span class='ocrx_word' id='word_1_29' title='bbox 612 517 691 576; x_wconf 72' lang='grc' dir='ltr'>ἔτι</span> <span class='ocrx_word' id='word_1_30' title='bbox 748 520 956 577; x_wconf 79' lang='grc' dir='ltr'>λείπειν</span> <span class='ocrx_word' id='word_1_31' title='bbox 1016 524 1165 596; x_wconf 78' lang='grc' dir='ltr'>αὐτῷ</span> <span class='ocrx_word' id='word_1_32' title='bbox 1226 527 1358 600; x_wconf 84' lang='grc' dir='ltr'>πρὸς</span> <span class='ocrx_word' id='word_1_33' title='bbox 1416 532 1586 581; x_wconf 78' lang='grc' dir='ltr'>πᾶσαν</span> <span class='ocrx_word' id='word_1_34' title='bbox 1645 524 1925 603; x_wconf 76' lang='grc' dir='ltr'><strong>ὑποταγὴν</strong></span> <span class='ocrx_word' id='word_1_35' title='bbox 1960 517 2022 580; x_wconf 80' lang='grc' dir='ltr'>τὸ</span> 
     </span>
    </p>
   </div>
   <div class='ocr_carea' id='block_1_7' title="bbox 1860 607 3782 681">
    <p class='ocr_par' dir='ltr' id='par_1_7' title="bbox 1860 607 3782 681">
     <span class='ocr_line' id='line_1_7' title="bbox 1860 607 3782 681; baseline -0.001 -12"><span class='ocrx_word' id='word_1_36' title='bbox 1860 609 1883 681; x_wconf 72' lang='grc' dir='ltr'>ἦ</span> <span class='ocrx_word' id='word_1_37' title='bbox 1922 612 2022 681; x_wconf 68' lang='grc' dir='ltr'>τὴν</span> <span class='ocrx_word' id='word_1_38' title='bbox 2130 614 2641 681; x_wconf 79' lang='lat' dir='ltr'><strong>secutionemqua,</strong></span> <span class='ocrx_word' id='word_1_39' title='bbox 2664 610 2779 665; x_wconf 86' lang='lat' dir='ltr'><strong>nisi</strong></span> <span class='ocrx_word' id='word_1_40' title='bbox 2802 609 3142 664; x_wconf 65' lang='lat' dir='ltr'><strong>daemonum</strong></span> <span class='ocrx_word' id='word_1_41' title='bbox 3169 607 3396 665; x_wconf 83' lang='lat' dir='ltr'><strong>cultum</strong></span> <span class='ocrx_word' id='word_1_42' title='bbox 3423 625 3559 665; x_wconf 89' lang='lat' dir='ltr'><strong>cum</strong></span> <span class='ocrx_word' id='word_1_43' title='bbox 3586 613 3782 668; x_wconf 84' lang='lat' dir='ltr'><strong>omni-</strong></span> 
     </span>
    </p>
   </div>
   <div class='ocr_carea' id='block_1_8' title="bbox 367 608 2022 689">
    <p class='ocr_par' dir='ltr' id='par_1_8' title="bbox 367 608 2022 689">
     <span class='ocr_line' id='line_1_8' title="bbox 367 608 2022 689; baseline 0.002 -24"><span class='ocrx_word' id='word_1_44' title='bbox 367 612 475 665; x_wconf 83' lang='grc' dir='ltr'><strong>τῶν</strong></span> <span class='ocrx_word' id='word_1_45' title='bbox 532 612 868 684; x_wconf 72' lang='grc' dir='ltr'>Χριστιανῶν</span> <span class='ocrx_word' id='word_1_46' title='bbox 923 608 1172 677; x_wconf 70' lang='grc' dir='ltr'>θεοσεϐὲς</span> <span class='ocrx_word' id='word_1_47' title='bbox 1221 615 1495 688; x_wconf 73' lang='grc' dir='ltr'>σύστημα,</span> <span class='ocrx_word' id='word_1_48' title='bbox 1552 613 1642 672; x_wconf 79' lang='grc' dir='ltr'><strong>καὶ</strong></span> <span class='ocrx_word' id='word_1_49' title='bbox 1700 617 1747 671; x_wconf 79' lang='grc' dir='ltr'>εἰ</span> <span class='ocrx_word' id='word_1_50' title='bbox 1807 609 1883 689; x_wconf 67' lang='grc' dir='ltr'><strong>μὴ</strong></span> <span class='ocrx_word' id='word_1_51' title='bbox 1922 612 2022 685; x_wconf 68' lang='grc' dir='ltr'>τὴν</span> 
     </span>
    </p>
   </div>
   <div class='ocr_carea' id='block_1_9' title="bbox 368 695 2019 779">
    <p class='ocr_par' dir='ltr' id='par_1_9' title="bbox 368 695 2019 779">
     <span class='ocr_line' id='line_1_9' title="bbox 368 695 2019 779; baseline 0.002 -27"><span class='ocrx_word' id='word_1_52' title='bbox 368 703 473 753; x_wconf 88' lang='grc' dir='ltr'><strong>τῶν</strong></span> <span class='ocrx_word' id='word_1_53' title='bbox 505 697 777 771; x_wconf 76' lang='grc' dir='ltr'>δαιμόνων</span> <span class='ocrx_word' id='word_1_54' title='bbox 828 698 1046 756; x_wconf 71' lang='grc' dir='ltr'>ῐλοιντο</span> <span class='ocrx_word' id='word_1_55' title='bbox 1098 695 1349 779; x_wconf 76' lang='grc' dir='ltr'>λατρείαν</span> <span class='ocrx_word' id='word_1_56' title='bbox 1399 706 1533 778; x_wconf 80' lang='grc' dir='ltr'>μετὰ</span> <span class='ocrx_word' id='word_1_57' title='bbox 1576 710 1789 760; x_wconf 70' lang='grc' dir='ltr'>πάντων</span> <span class='ocrx_word' id='word_1_58' title='bbox 1834 702 2019 759; x_wconf 75' lang='grc' dir='ltr'>ὕπεισ-</span> 
     </span>
    </p>
   </div>
   <div class='ocr_carea' id='block_1_10' title="bbox 371 788 2018 868">
    <p class='ocr_par' dir='ltr' id='par_1_10' title="bbox 371 788 2018 868">
     <span class='ocr_line' id='line_1_10' title="bbox 371 788 2018 868; baseline 0.009 -27"><span class='ocrx_word' id='word_1_59' title='bbox 371 788 503 843; x_wconf 73' lang='grc' dir='ltr'>ιέναι</span> <span class='ocrx_word' id='word_1_60' title='bbox 534 794 642 844; x_wconf 84' lang='grc' dir='ltr'><strong>τῶν</strong></span> <span class='ocrx_word' id='word_1_61' title='bbox 702 788 890 859; x_wconf 76' lang='grc' dir='ltr'>ἐθνῶν,</span> <span class='ocrx_word' id='word_1_62' title='bbox 950 788 1193 868; x_wconf 83' lang='grc' dir='ltr'>διωγμὸν</span> <span class='ocrx_word' id='word_1_63' title='bbox 1250 794 1538 867; x_wconf 69' lang='grc' dir='ltr'>ὑπομένειν</span> <span class='ocrx_word' id='word_1_64' title='bbox 1598 792 2018 864; x_wconf 68' lang='grc' dir='ltr'>ἀπειλήσαντος,</span> 
     </span>
    </p>
   </div>
   <div class='ocr_carea' id='block_1_11' title="bbox 364 877 2018 955">
    <p class='ocr_par' dir='ltr' id='par_1_11' title="bbox 364 877 2018 955">
     <span class='ocr_line' id='line_1_11' title="bbox 364 877 2018 955; baseline 0.004 -23"><span class='ocrx_word' id='word_1_65' title='bbox 364 877 563 941; x_wconf 81' lang='grc' dir='ltr'>πάντας</span> <span class='ocrx_word' id='word_1_66' title='bbox 596 880 710 950; x_wconf 81' lang='lat'><strong>(93)</strong></span> <span class='ocrx_word' id='word_1_67' title='bbox 738 879 867 941; x_wconf 80' lang='grc' dir='ltr'>τοὺς</span> <span class='ocrx_word' id='word_1_68' title='bbox 908 877 1146 946; x_wconf 78' lang='grc' dir='ltr'>εὐσεϐῶς</span> <span class='ocrx_word' id='word_1_69' title='bbox 1176 887 1377 951; x_wconf 82' lang='grc' dir='ltr'>ζῶντας</span> <span class='ocrx_word' id='word_1_70' title='bbox 1435 887 1470 955; x_wconf 72' lang='grc' dir='ltr'><strong>ἢ</strong></span> <span class='ocrx_word' id='word_1_71' title='bbox 1532 884 1675 948; x_wconf 75' lang='grc' dir='ltr'>θύειν</span> <span class='ocrx_word' id='word_1_72' title='bbox 1703 884 1739 954; x_wconf 72' lang='grc' dir='ltr'><strong>ἢ</strong></span> <span class='ocrx_word' id='word_1_73' title='bbox 1764 882 2018 954; x_wconf 76' lang='grc' dir='ltr'><strong>τελευτᾷν</strong></span> 
     </span>
    </p>
   </div>
   <div class='ocr_carea' id='block_1_12' title="bbox 2127 698 3779 774">
    <p class='ocr_par' dir='ltr' id='par_1_12' title="bbox 2127 698 3779 774">
     <span class='ocr_line' id='line_1_12' title="bbox 2127 698 3779 774; baseline -0.001 -16"><span class='ocrx_word' id='word_1_74' title='bbox 2127 705 2237 758; x_wconf 86' lang='lat' dir='ltr'><strong>bus</strong></span> <span class='ocrx_word' id='word_1_75' title='bbox 2261 701 2537 774; x_wconf 74' lang='lat' dir='ltr'><strong>gentibus</strong></span> <span class='ocrx_word' id='word_1_76' title='bbox 2558 699 3080 770; x_wconf 74' lang='lat' dir='ltr'><strong>amplecterentur,</strong></span> <span class='ocrx_word' id='word_1_77' title='bbox 3107 698 3388 765; x_wconf 87' lang='lat' dir='ltr'><strong>minatus,</strong></span> <span class='ocrx_word' id='word_1_78' title='bbox 3409 714 3616 755; x_wconf 86' lang='lat' dir='ltr'><strong>omnes</strong></span> <span class='ocrx_word' id='word_1_79' title='bbox 3638 702 3779 756; x_wconf 57' lang='lat' dir='ltr'><strong>reli¢</strong></span> 
     </span>
    </p>
   </div>
   <div class='ocr_carea' id='block_1_13' title="bbox 2127 784 3773 865">
    <p class='ocr_par' dir='ltr' id='par_1_13' title="bbox 2127 784 3773 865">
     <span class='ocr_line' id='line_1_13' title="bbox 2127 784 3773 865; baseline -0.001 -18"><span class='ocrx_word' id='word_1_80' title='bbox 2127 784 2287 865; x_wconf 78' lang='lat' dir='ltr'><strong>gioso</strong></span> <span class='ocrx_word' id='word_1_81' title='bbox 2317 792 2575 846; x_wconf 69' lang='lat' dir='ltr'><strong>viventes</strong></span> <span class='ocrx_word' id='word_1_82' title='bbox 2628 793 2730 844; x_wconf 82' lang='lat' dir='ltr'><strong>aut</strong></span> <span class='ocrx_word' id='word_1_83' title='bbox 2785 787 3122 843; x_wconf 77' lang='lat' dir='ltr'><strong>sacriﬁcare</strong></span> <span class='ocrx_word' id='word_1_84' title='bbox 3179 792 3281 842; x_wconf 87' lang='lat' dir='ltr'><strong>aut</strong></span> <span class='ocrx_word' id='word_1_85' title='bbox 3323 789 3474 843; x_wconf 91' lang='lat' dir='ltr'><strong>mori</strong></span> <span class='ocrx_word' id='word_1_86' title='bbox 3506 790 3773 861; x_wconf 81' lang='lat' dir='ltr'><strong>cogebat.</strong></span> 
     </span>
    </p>
   </div>
   <div class='ocr_carea' id='block_1_14' title="bbox 2126 874 3775 950">
    <p class='ocr_par' dir='ltr' id='par_1_14' title="bbox 2126 874 3775 950">
     <span class='ocr_line' id='line_1_14' title="bbox 2126 874 3775 950; baseline 0 -15"><span class='ocrx_word' id='word_1_87' title='bbox 2126 882 2270 936; x_wconf 87' lang='lat' dir='ltr'><strong>Tum</strong></span> <span class='ocrx_word' id='word_1_88' title='bbox 2299 892 2433 935; x_wconf 76' lang='lat' dir='ltr'><strong>vero</strong></span> <span class='ocrx_word' id='word_1_89' title='bbox 2462 892 2568 950; x_wconf 89' lang='lat' dir='ltr'><strong>pro</strong></span> <span class='ocrx_word' id='word_1_90' title='bbox 2628 875 2997 932; x_wconf 69' lang='lat' dir='ltr'><strong>Antiochensi</strong></span> <span class='ocrx_word' id='word_1_91' title='bbox 3052 874 3312 931; x_wconf 75' lang='lat' dir='ltr'><strong>Ecclesia</strong></span> <span class='ocrx_word' id='word_1_92' title='bbox 3348 877 3775 947; x_wconf 85' lang='lat' dir='ltr'><strong>pertimescens</strong></span> 
     </span>
    </p>
   </div>
   <div class='ocr_carea' id='block_1_15' title="bbox 363 964 1996 1050">
    <p class='ocr_par' dir='ltr' id='par_1_15' title="bbox 363 966 1996 1050">
     <span class='ocr_line' id='line_1_15' title="bbox 363 966 1996 1050; baseline 0.004 -29"><span class='ocrx_word' id='word_1_93' title='bbox 363 966 787 1041; x_wconf 82' lang='grc' dir='ltr'>κατηνάγκαζεν.</span> <span class='ocrx_word' id='word_1_94' title='bbox 846 969 980 1026; x_wconf 82' lang='grc' dir='ltr'>Τότε</span> <span class='ocrx_word' id='word_1_95' title='bbox 1034 969 1216 1027; x_wconf 77' lang='grc' dir='ltr'>τοίνυν</span> <span class='ocrx_word' id='word_1_96' title='bbox 1276 969 1541 1050; x_wconf 74' lang='grc' dir='ltr'>φοϐηθεὶς</span> <span class='ocrx_word' id='word_1_97' title='bbox 1598 973 1729 1048; x_wconf 76' lang='grc' dir='ltr'>ὑπὲρ</span> <span class='ocrx_word' id='word_1_98' title='bbox 1767 974 1996 1042; x_wconf 69' lang='grc' dir='ltr'>τῆςἈνε</span> 
     </span>
    </p>
   </div>
   <div class='ocr_carea' id='block_1_16' title="bbox 2109 964 3774 1050">
    <p class='ocr_par' dir='ltr' id='par_1_16' title="bbox 2125 964 3774 1041">
     <span class='ocr_line' id='line_1_16' title="bbox 2125 964 3774 1041; baseline -0.001 -17"><span class='ocrx_word' id='word_1_99' title='bbox 2125 980 2450 1041; x_wconf 81' lang='lat' dir='ltr'><strong>generosus</strong></span> <span class='ocrx_word' id='word_1_100' title='bbox 2479 966 2696 1022; x_wconf 75' lang='lat' dir='ltr'><strong>Christi</strong></span> <span class='ocrx_word' id='word_1_101' title='bbox 2721 964 2907 1032; x_wconf 86' lang='lat' dir='ltr'><strong>miles,</strong></span> <span class='ocrx_word' id='word_1_102' title='bbox 2933 969 3142 1035; x_wconf 84' lang='lat' dir='ltr'><strong>sponte</strong></span> <span class='ocrx_word' id='word_1_103' title='bbox 3163 964 3376 1020; x_wconf 89' lang='lat' dir='ltr'><strong>ductus</strong></span> <span class='ocrx_word' id='word_1_104' title='bbox 3407 970 3498 1021; x_wconf 88' lang='lat' dir='ltr'><strong>est</strong></span> <span class='ocrx_word' id='word_1_105' title='bbox 3528 966 3604 1021; x_wconf 87' lang='lat' dir='ltr'><strong>ad</strong></span> <span class='ocrx_word' id='word_1_106' title='bbox 3633 969 3774 1023; x_wconf 85' lang='lat' dir='ltr'><strong>Tra-</strong></span> 
     </span>
    </p>
   </div>
   <div class='ocr_carea' id='block_1_17' title="bbox 361 1052 1996 1138">
    <p class='ocr_par' dir='ltr' id='par_1_17' title="bbox 361 1057 1996 1138">
     <span class='ocr_line' id='line_1_17' title="bbox 361 1057 1996 1138; baseline 0.003 -28"><span class='ocrx_word' id='word_1_107' title='bbox 361 1057 598 1135; x_wconf 72' lang='grc' dir='ltr'>τιοχὲων</span> <span class='ocrx_word' id='word_1_108' title='bbox 631 1057 963 1127; x_wconf 84' lang='grc' dir='ltr'>Ἐκκλησίας</span> <span class='ocrx_word' id='word_1_109' title='bbox 995 1060 1023 1112; x_wconf 76' lang='grc' dir='ltr'>ὁ</span> <span class='ocrx_word' id='word_1_110' title='bbox 1054 1064 1307 1134; x_wconf 77' lang='grc' dir='ltr'><strong>γενναῖος</strong></span> <span class='ocrx_word' id='word_1_111' title='bbox 1352 1065 1449 1117; x_wconf 86' lang='grc' dir='ltr'><strong>τοῦ</strong></span> <span class='ocrx_word' id='word_1_112' title='bbox 1481 1062 1719 1138; x_wconf 77' lang='grc' dir='ltr'><strong>Χριστοῦ</strong></span> <span class='ocrx_word' id='word_1_113' title='bbox 1751 1060 1996 1131; x_wconf 80' lang='grc' dir='ltr'>στρατιώι</span> 
     </span>
    </p>
   </div>
   <div class='ocr_carea' id='block_1_18' title="bbox 2109 1052 3777 1138">
    <p class='ocr_par' dir='ltr' id='par_1_18' title="bbox 2117 1052 3777 1129">
     <span class='ocr_line' id='line_1_18' title="bbox 2117 1052 3777 1129; baseline -0.002 -15"><span class='ocrx_word' id='word_1_114' title='bbox 2117 1059 2352 1129; x_wconf 82' lang='lat' dir='ltr'><strong>janum,</strong></span> <span class='ocrx_word' id='word_1_115' title='bbox 2375 1052 2478 1127; x_wconf 83' lang='lat' dir='ltr'><strong>qui</strong></span> <span class='ocrx_word' id='word_1_116' title='bbox 2502 1070 2570 1111; x_wconf 86' lang='lat' dir='ltr'><strong>eo</strong></span> <span class='ocrx_word' id='word_1_117' title='bbox 2592 1060 2860 1126; x_wconf 82' lang='lat' dir='ltr'><strong>tempore</strong></span> <span class='ocrx_word' id='word_1_118' title='bbox 2880 1054 3206 1110; x_wconf 80' lang='lat' dir='ltr'><strong>Antiochiae</strong></span> <span class='ocrx_word' id='word_1_119' title='bbox 3229 1055 3469 1124; x_wconf 88' lang='lat' dir='ltr'><strong>quidem</strong></span> <span class='ocrx_word' id='word_1_120' title='bbox 3501 1056 3777 1112; x_wconf 40' lang='lat' dir='ltr'><strong>moraba-s</strong></span> 
     </span>
    </p>
   </div>
   <div class='ocr_carea' id='block_1_19' title="bbox 360 1144 2018 1226">
    <p class='ocr_par' dir='ltr' id='par_1_19' title="bbox 360 1144 2018 1226">
     <span class='ocr_line' id='line_1_19' title="bbox 360 1144 2018 1226; baseline 0.002 -26"><span class='ocrx_word' id='word_1_121' title='bbox 360 1165 484 1216; x_wconf 83' lang='grc' dir='ltr'>της,</span> <span class='ocrx_word' id='word_1_122' title='bbox 544 1146 809 1208; x_wconf 72' lang='grc' dir='ltr'>ἑκουσίως</span> <span class='ocrx_word' id='word_1_123' title='bbox 864 1144 1031 1223; x_wconf 69' lang='grc' dir='ltr'>ἤγετο</span> <span class='ocrx_word' id='word_1_124' title='bbox 1091 1151 1227 1219; x_wconf 77' lang='grc' dir='ltr'>πρὸς</span> <span class='ocrx_word' id='word_1_125' title='bbox 1283 1150 1551 1225; x_wconf 76' lang='grc' dir='ltr'>Τραϊανὸν</span> <span class='ocrx_word' id='word_1_126' title='bbox 1594 1153 1727 1224; x_wconf 68' lang='grc'>(94),</span> <span class='ocrx_word' id='word_1_127' title='bbox 1761 1148 2018 1226; x_wconf 75' lang='grc' dir='ltr'>διάγοντα</span> 
     </span>
    </p>
   </div>
   <div class='ocr_carea' id='block_1_20' title="bbox 364 1233 2013 1314">
    <p class='ocr_par' dir='ltr' id='par_1_20' title="bbox 364 1233 2013 1314">
     <span class='ocr_line' id='line_1_20' title="bbox 364 1233 2013 1314; baseline 0.004 -27"><span class='ocrx_word' id='word_1_128' title='bbox 364 1235 458 1307; x_wconf 71' lang='grc' dir='ltr'>μὲν</span> <span class='ocrx_word' id='word_1_129' title='bbox 490 1236 607 1290; x_wconf 81' lang='grc' dir='ltr'>κατ’</span> <span class='ocrx_word' id='word_1_130' title='bbox 665 1233 866 1291; x_wconf 77' lang='grc' dir='ltr'>ἒκεῖνον</span> <span class='ocrx_word' id='word_1_131' title='bbox 925 1238 1017 1292; x_wconf 86' lang='grc' dir='ltr'>τὸν</span> <span class='ocrx_word' id='word_1_132' title='bbox 1072 1239 1259 1312; x_wconf 86' lang='grc' dir='ltr'>καιρὸν</span> <span class='ocrx_word' id='word_1_133' title='bbox 1313 1240 1449 1294; x_wconf 79' lang='grc' dir='ltr'>κατὰ</span> <span class='ocrx_word' id='word_1_134' title='bbox 1496 1241 1596 1310; x_wconf 78' lang='grc' dir='ltr'><strong>τὴν</strong></span> <span class='ocrx_word' id='word_1_135' title='bbox 1650 1241 2013 1314; x_wconf 79' lang='grc' dir='ltr'><strong>Ἀντιόχειαν,</strong></span> 
     </span>
    </p>
   </div>
   <div class='ocr_carea' id='block_1_21' title="bbox 360 1321 2015 1403">
    <p class='ocr_par' dir='ltr' id='par_1_21' title="bbox 360 1321 2015 1403">
     <span class='ocr_line' id='line_1_21' title="bbox 360 1321 2015 1403; baseline 0.004 -26"><span class='ocrx_word' id='word_1_136' title='bbox 360 1321 734 1394; x_wconf 75' lang='grc' dir='ltr'>σπουδάζοντα</span> <span class='ocrx_word' id='word_1_137' title='bbox 788 1322 846 1379; x_wconf 72' lang='grc' dir='ltr'>δὲ</span> <span class='ocrx_word' id='word_1_138' title='bbox 905 1324 992 1381; x_wconf 69' lang='grc' dir='ltr'><strong>ἐπὶ</strong></span> <span class='ocrx_word' id='word_1_139' title='bbox 1051 1327 1336 1402; x_wconf 79' lang='grc' dir='ltr'>Ἀρμενίαν</span> <span class='ocrx_word' id='word_1_140' title='bbox 1390 1330 1478 1384; x_wconf 84' lang='grc' dir='ltr'><strong>καὶ</strong></span> <span class='ocrx_word' id='word_1_141' title='bbox 1542 1328 1804 1403; x_wconf 77' lang='grc' dir='ltr'>Πάρθους.</span> <span class='ocrx_word' id='word_1_142' title='bbox 1836 1329 1924 1390; x_wconf 82' lang='grc' dir='ltr'>Ὦς</span> <span class='ocrx_word' id='word_1_143' title='bbox 1956 1327 2015 1384; x_wconf 73' lang='grc' dir='ltr'>δὲ</span> 
     </span>
    </p>
   </div>
   <div class='ocr_carea' id='block_1_22' title="bbox 356 1411 2012 1500">
    <p class='ocr_par' dir='ltr' id='par_1_22' title="bbox 356 1411 2012 1500">
     <span class='ocr_line' id='line_1_22' title="bbox 356 1411 2012 1500; baseline 0.004 -34"><span class='ocrx_word' id='word_1_144' title='bbox 356 1411 494 1466; x_wconf 80' lang='grc' dir='ltr'>κατᾶ</span> <span class='ocrx_word' id='word_1_145' title='bbox 543 1413 836 1500; x_wconf 75' lang='grc' dir='ltr'>πρόσωπον</span> <span class='ocrx_word' id='word_1_146' title='bbox 897 1412 1024 1486; x_wconf 83' lang='grc' dir='ltr'><strong>ἔστη</strong></span> <span class='ocrx_word' id='word_1_147' title='bbox 1057 1416 1329 1492; x_wconf 77' lang='grc' dir='ltr'>Τραϊανοῦ</span> <span class='ocrx_word' id='word_1_148' title='bbox 1384 1422 1481 1473; x_wconf 85' lang='grc' dir='ltr'><strong>τοῦ</strong></span> <span class='ocrx_word' id='word_1_149' title='bbox 1543 1418 1888 1493; x_wconf 70' lang='grc' dir='ltr'><strong>βασι)έως·‹‹</strong></span> <span class='ocrx_word' id='word_1_150' title='bbox 1919 1420 2012 1482; x_wconf 89' lang='grc' dir='ltr'><strong>Τίς</strong></span> 
     </span>
    </p>
   </div>
   <div class='ocr_carea' id='block_1_23' title="bbox 386 1501 2013 1581">
    <p class='ocr_par' dir='ltr' id='par_1_23' title="bbox 386 1501 2013 1581">
     <span class='ocr_line' id='line_1_23' title="bbox 386 1501 2013 1581; baseline 0.005 -25"><span class='ocrx_word' id='word_1_151' title='bbox 386 1506 430 1569; x_wconf 75' lang='grc' dir='ltr'>ἴ,</span> <span class='ocrx_word' id='word_1_152' title='bbox 485 1501 849 1577; x_wconf 71' lang='grc' dir='ltr'>κακόδαιμον,</span> <span class='ocrx_word' id='word_1_153' title='bbox 906 1504 1003 1567; x_wconf 74' lang='grc' dir='ltr'><strong>τὰς</strong></span> <span class='ocrx_word' id='word_1_154' title='bbox 1050 1506 1320 1581; x_wconf 73' lang='grc' dir='ltr'>ἡμετερας</span> <span class='ocrx_word' id='word_1_155' title='bbox 1352 1504 1692 1577; x_wconf 81' lang='grc' dir='ltr'>’σπουδαζων</span> <span class='ocrx_word' id='word_1_156' title='bbox 1750 1507 2013 1578; x_wconf 74' lang='grc' dir='ltr'>διατάξεις</span> 
     </span>
    </p>
   </div>
   <div class='ocr_carea' id='block_1_24' title="bbox 359 1585 2012 1672">
    <p class='ocr_par' dir='ltr' id='par_1_24' title="bbox 359 1585 2012 1672">
     <span class='ocr_line' id='line_1_24' title="bbox 359 1585 2012 1672; baseline 0.004 -26"><span class='ocrx_word' id='word_1_157' title='bbox 359 1585 726 1665; x_wconf 72' lang='grc' dir='ltr'>ὑπερϐαίνειν,</span> <span class='ocrx_word' id='word_1_158' title='bbox 763 1595 895 1665; x_wconf 73' lang='grc' dir='ltr'>μετὰ</span> <span class='ocrx_word' id='word_1_159' title='bbox 947 1595 1010 1648; x_wconf 82' lang='grc' dir='ltr'>τὸ</span> <span class='ocrx_word' id='word_1_160' title='bbox 1052 1596 1163 1668; x_wconf 79' lang='lat'><strong>(95)</strong></span> <span class='ocrx_word' id='word_1_161' title='bbox 1195 1596 1282 1650; x_wconf 84' lang='grc' dir='ltr'><strong>καὶ</strong></span> <span class='ocrx_word' id='word_1_162' title='bbox 1318 1596 1531 1672; x_wconf 77' lang='grc' dir='ltr'>ἒτέρους</span> <span class='ocrx_word' id='word_1_163' title='bbox 1570 1597 1895 1666; x_wconf 75' lang='grc' dir='ltr'>ἀναπείθειν,</span> <span class='ocrx_word' id='word_1_164' title='bbox 1920 1595 2012 1652; x_wconf 74' lang='grc' dir='ltr'>ἵνα</span> 
     </span>
    </p>
   </div>
   <div class='ocr_carea' id='block_1_25' title="bbox 352 1679 2009 1764">
    <p class='ocr_par' dir='ltr' id='par_1_25' title="bbox 352 1679 2009 1764">
     <span class='ocr_line' id='line_1_25' title="bbox 352 1679 2009 1764; baseline 0.004 -28"><span class='ocrx_word' id='word_1_165' title='bbox 352 1684 535 1743; x_wconf 85' lang='grc' dir='ltr'>κακῶς</span> <span class='ocrx_word' id='word_1_166' title='bbox 566 1679 920 1751; x_wconf 82' lang='grc' dir='ltr'>ἀπολῶνται;</span> <span class='ocrx_word' id='word_1_167' title='bbox 954 1709 982 1735; x_wconf 69' lang='grc' dir='ltr'><strong>›ρ</strong></span> <span class='ocrx_word' id='word_1_168' title='bbox 1017 1685 1273 1760; x_wconf 76' lang='grc' dir='ltr'>Ἰγνάτιος</span> <span class='ocrx_word' id='word_1_169' title='bbox 1314 1685 1483 1741; x_wconf 73' lang='grc' dir='ltr'><strong>ε’ίπεν⁸</strong></span> <span class='ocrx_word' id='word_1_170' title='bbox 1521 1710 1550 1738; x_wconf 86' lang='grc'><strong>‹‹</strong></span> <span class='ocrx_word' id='word_1_171' title='bbox 1583 1686 1777 1749; x_wconf 72' lang='grc' dir='ltr'>Οὐδείς</span> <span class='ocrx_word' id='word_1_172' title='bbox 1808 1687 2009 1764; x_wconf 74' lang='grc' dir='ltr'>Θεοφόι</span> 
     </span>
    </p>
   </div>
   <div class='ocr_carea' id='block_1_26' title="bbox 354 1768 2086 1862">
    <p class='ocr_par' dir='ltr' id='par_1_26' title="bbox 354 1768 2086 1862">
     <span class='ocr_line' id='line_1_26' title="bbox 354 1768 2086 1862; baseline 0.005 -39"><span class='ocrx_word' id='word_1_173' title='bbox 354 1790 447 1844; x_wconf 88' lang='grc' dir='ltr'><strong>ρον</strong></span> <span class='ocrx_word' id='word_1_174' title='bbox 481 1768 750 1824; x_wconf 73' lang='grc' dir='ltr'>ἀποκαλεῖ</span> <span class='ocrx_word' id='word_1_175' title='bbox 777 1768 1171 1843; x_wconf 76' lang='grc' dir='ltr'>κακοδαίμοναδ</span> <span class='ocrx_word' id='word_1_176' title='bbox 1234 1773 1564 1846; x_wconf 67' lang='grc' dir='ltr'>ἀφεστήκασι</span> <span class='ocrx_word' id='word_1_177' title='bbox 1615 1776 1716 1851; x_wconf 71' lang='grc' dir='ltr'><strong>γάρ</strong></span> <span class='ocrx_word' id='word_1_178' title='bbox 1766 1776 1871 1831; x_wconf 77' lang='grc' dir='ltr'>ἀπὸ</span> <span class='ocrx_word' id='word_1_179' title='bbox 1900 1780 2007 1831; x_wconf 83' lang='grc' dir='ltr'><strong>τῶν</strong></span> <span class='ocrx_word' id='word_1_180' title='bbox 2040 1798 2086 1862; x_wconf 82' lang='grc' dir='ltr'><strong>Β</strong></span> 
     </span>
    </p>
   </div>
   <div class='ocr_carea' id='block_1_27' title="bbox 353 1854 2008 1933">
    <p class='ocr_par' dir='ltr' id='par_1_27' title="bbox 353 1854 2008 1933">
     <span class='ocr_line' id='line_1_27' title="bbox 353 1854 2008 1933; baseline 0.006 -23"><span class='ocrx_word' id='word_1_181' title='bbox 353 1854 572 1912; x_wconf 80' lang='grc' dir='ltr'>δούλων</span> <span class='ocrx_word' id='word_1_182' title='bbox 602 1860 699 1912; x_wconf 83' lang='grc' dir='ltr'><strong>τοῦ</strong></span> <span class='ocrx_word' id='word_1_183' title='bbox 730 1861 864 1913; x_wconf 74' lang='grc' dir='ltr'>Θεοῦ</span> <span class='ocrx_word' id='word_1_184' title='bbox 894 1860 960 1914; x_wconf 73' lang='grc' dir='ltr'><strong>τὰ</strong></span> <span class='ocrx_word' id='word_1_185' title='bbox 991 1858 1264 1933; x_wconf 86' lang='grc' dir='ltr'>δαιμόνια.</span> <span class='ocrx_word' id='word_1_186' title='bbox 1303 1863 1361 1919; x_wconf 82' lang='grc' dir='ltr'><strong>Εἰ</strong></span> <span class='ocrx_word' id='word_1_187' title='bbox 1405 1862 1482 1932; x_wconf 69' lang='grc' dir='ltr'>δὲ,</span> <span class='ocrx_word' id='word_1_188' title='bbox 1515 1864 1599 1920; x_wconf 77' lang='grc' dir='ltr'><strong>ὅτι</strong></span> <span class='ocrx_word' id='word_1_189' title='bbox 1628 1864 1845 1927; x_wconf 74' lang='grc' dir='ltr'>τούτοις</span> <span class='ocrx_word' id='word_1_190' title='bbox 1875 1863 2008 1920; x_wconf 75' lang='grc' dir='ltr'>ἔπα-</span> 
     </span>
    </p>
   </div>
   <div class='ocr_carea' id='block_1_28' title="bbox 351 1945 2005 2027">
    <p class='ocr_par' dir='ltr' id='par_1_28' title="bbox 351 1945 2005 2027">
     <span class='ocr_line' id='line_1_28' title="bbox 351 1945 2005 2027; baseline 0.006 -28"><span class='ocrx_word' id='word_1_191' title='bbox 351 1948 498 2020; x_wconf 72' lang='grc' dir='ltr'>χθής</span> <span class='ocrx_word' id='word_1_192' title='bbox 532 1945 669 2019; x_wconf 77' lang='grc' dir='ltr'>εἶμι,</span> <span class='ocrx_word' id='word_1_193' title='bbox 705 1949 817 2021; x_wconf 79' lang='grc' dir='ltr'>[καὶ</span> <span class='ocrx_word' id='word_1_194' title='bbox 852 1952 990 2022; x_wconf 83' lang='lat'><strong>(96)]</strong></span> <span class='ocrx_word' id='word_1_195' title='bbox 1050 1951 1214 2006; x_wconf 80' lang='grc' dir='ltr'>κακόν</span> <span class='ocrx_word' id='word_1_196' title='bbox 1273 1970 1338 2024; x_wconf 84' lang='grc' dir='ltr'><strong>με</strong></span> <span class='ocrx_word' id='word_1_197' title='bbox 1393 1954 1529 2027; x_wconf 81' lang='grc' dir='ltr'>πρὸς</span> <span class='ocrx_word' id='word_1_198' title='bbox 1587 1953 1713 2016; x_wconf 82' lang='grc' dir='ltr'>τοὺς</span> <span class='ocrx_word' id='word_1_199' title='bbox 1743 1951 2005 2027; x_wconf 83' lang='grc' dir='ltr'>δαίμονας</span> 
     </span>
    </p>
   </div>
   <div class='ocr_carea' id='block_1_29' title="bbox 347 2034 2005 2119">
    <p class='ocr_par' dir='ltr' id='par_1_29' title="bbox 347 2034 2005 2119">
     <span class='ocr_line' id='line_1_29' title="bbox 347 2034 2005 2119; baseline 0.005 -29"><span class='ocrx_word' id='word_1_200' title='bbox 347 2034 670 2105; x_wconf 80' lang='grc' dir='ltr'>ἀποκαλεῖς,</span> <span class='ocrx_word' id='word_1_201' title='bbox 728 2040 1112 2115; x_wconf 86' lang='grc' dir='ltr'>συνομολογῶ.</span> <span class='ocrx_word' id='word_1_202' title='bbox 1173 2041 1402 2115; x_wconf 87' lang='grc' dir='ltr'>Χριστὸν</span> <span class='ocrx_word' id='word_1_203' title='bbox 1460 2043 1565 2118; x_wconf 67' lang='grc' dir='ltr'>γᾶρ</span> <span class='ocrx_word' id='word_1_204' title='bbox 1597 2040 1741 2118; x_wconf 75' lang='grc' dir='ltr'><strong>ἔχων</strong></span> <span class='ocrx_word' id='word_1_205' title='bbox 1770 2041 2005 2119; x_wconf 75' lang='grc' dir='ltr'>ἐπουράι-</span> 
     </span>
    </p>
   </div>
   <div class='ocr_carea' id='block_1_30' title="bbox 343 2126 2001 2200">
    <p class='ocr_par' dir='ltr' id='par_1_30' title="bbox 343 2126 2001 2200">
     <span class='ocr_line' id='line_1_30' title="bbox 343 2126 2001 2200; baseline 0.002 -21"><span class='ocrx_word' id='word_1_206' title='bbox 343 2146 458 2180; x_wconf 90' lang='grc' dir='ltr'>νιον</span> <span class='ocrx_word' id='word_1_207' title='bbox 531 2126 780 2200; x_wconf 78' lang='grc' dir='ltr'>βασιλέα,</span> <span class='ocrx_word' id='word_1_208' title='bbox 850 2128 945 2190; x_wconf 84' lang='grc' dir='ltr'><strong>τὰς</strong></span> <span class='ocrx_word' id='word_1_209' title='bbox 1002 2130 1209 2185; x_wconf 73' lang='grc' dir='ltr'>τούτων</span> <span class='ocrx_word' id='word_1_210' title='bbox 1270 2130 1525 2186; x_wconf 67' lang='grc' dir='ltr'>καταλύω</span> <span class='ocrx_word' id='word_1_211' title='bbox 1586 2126 1909 2195; x_wconf 68' lang='grc' dir='ltr'>ἐπιϐουλάς,</span> <span class='ocrx_word' id='word_1_212' title='bbox 1974 2156 2001 2184; x_wconf 83' lang='grc'><strong>››</strong></span> 
     </span>
    </p>
   </div>
   <div class='ocr_carea' id='block_1_31' title="bbox 343 2216 2000 2297">
    <p class='ocr_par' dir='ltr' id='par_1_31' title="bbox 343 2216 2000 2297">
     <span class='ocr_line' id='line_1_31' title="bbox 343 2216 2000 2297; baseline 0.005 -30"><span class='ocrx_word' id='word_1_213' title='bbox 343 2217 609 2288; x_wconf 81' lang='grc' dir='ltr'>Τραϊανὸς</span> <span class='ocrx_word' id='word_1_214' title='bbox 644 2216 811 2271; x_wconf 77' lang='grc' dir='ltr'>εἶπεν·</span> <span class='ocrx_word' id='word_1_215' title='bbox 848 2241 875 2268; x_wconf 86' lang='grc'><strong><em>‹‹</em></strong></span> <span class='ocrx_word' id='word_1_216' title='bbox 910 2219 1013 2273; x_wconf 85' lang='grc' dir='ltr'>Καὶ</span> <span class='ocrx_word' id='word_1_217' title='bbox 1042 2219 1124 2281; x_wconf 89' lang='grc' dir='ltr'><strong>τίς</strong></span> <span class='ocrx_word' id='word_1_218' title='bbox 1155 2219 1264 2275; x_wconf 79' lang='grc' dir='ltr'>ἐστι</span> <span class='ocrx_word' id='word_1_219' title='bbox 1308 2219 1620 2297; x_wconf 68' lang='grc' dir='ltr'>Θεοφόρος;</span> <span class='ocrx_word' id='word_1_220' title='bbox 1669 2244 1697 2273; x_wconf 73' lang='grc' dir='ltr'>ι»</span> <span class='ocrx_word' id='word_1_221' title='bbox 1747 2224 2000 2297; x_wconf 76' lang='grc' dir='ltr'>Ἰγνάτιος</span> 
     </span>
    </p>
   </div>
   <div class='ocr_carea' id='block_1_32' title="bbox 341 2300 2001 2382">
    <p class='ocr_par' dir='ltr' id='par_1_32' title="bbox 341 2300 2001 2382">
     <span class='ocr_line' id='line_1_32' title="bbox 341 2300 2001 2382; baseline 0.005 -27"><span class='ocrx_word' id='word_1_222' title='bbox 341 2300 687 2375; x_wconf 66' lang='grc' dir='ltr'>ἆπεκρίνατσ</span> <span class='ocrx_word' id='word_1_223' title='bbox 726 2305 828 2360; x_wconf 73' lang='grc' dir='ltr'><strong>«Ὀ</strong></span> <span class='ocrx_word' id='word_1_224' title='bbox 860 2306 1090 2378; x_wconf 82' lang='grc' dir='ltr'>Χριστὸν</span> <span class='ocrx_word' id='word_1_225' title='bbox 1124 2304 1267 2381; x_wconf 75' lang='grc' dir='ltr'><strong>ἔχων</strong></span> <span class='ocrx_word' id='word_1_226' title='bbox 1322 2306 1374 2362; x_wconf 85' lang='grc' dir='ltr'>ἐν</span> <span class='ocrx_word' id='word_1_227' title='bbox 1433 2310 1691 2382; x_wconf 70' lang='grc' dir='ltr'>στέρνοις.</span> <span class='ocrx_word' id='word_1_228' title='bbox 1747 2332 1772 2358; x_wconf 85' lang='grc'>››</span> <span class='ocrx_word' id='word_1_229' title='bbox 1803 2313 2001 2381; x_wconf 86' lang='grc' dir='ltr'>Τραϊα-</span> 
     </span>
    </p>
   </div>
   <div class='ocr_carea' id='block_1_33' title="bbox 342 2389 1995 2471">
    <p class='ocr_par' dir='ltr' id='par_1_33' title="bbox 342 2389 1995 2471">
     <span class='ocr_line' id='line_1_33' title="bbox 342 2389 1995 2471; baseline 0.005 -28"><span class='ocrx_word' id='word_1_230' title='bbox 342 2389 436 2453; x_wconf 85' lang='grc' dir='ltr'><strong>νὸς</strong></span> <span class='ocrx_word' id='word_1_231' title='bbox 469 2390 639 2446; x_wconf 71' lang='grc' dir='ltr'>εἶπενο</span> <span class='ocrx_word' id='word_1_232' title='bbox 676 2416 703 2444; x_wconf 91' lang='grc'><strong>‹‹</strong></span> <span class='ocrx_word' id='word_1_233' title='bbox 732 2390 928 2467; x_wconf 76' lang='grc' dir='ltr'>Ἡμεῖς</span> <span class='ocrx_word' id='word_1_234' title='bbox 988 2393 1079 2448; x_wconf 81' lang='grc' dir='ltr'><strong>οῦν</strong></span> <span class='ocrx_word' id='word_1_235' title='bbox 1132 2416 1214 2448; x_wconf 83' lang='grc' dir='ltr'><strong>σοι</strong></span> <span class='ocrx_word' id='word_1_236' title='bbox 1274 2393 1541 2469; x_wconf 87' lang='grc' dir='ltr'>δοκοῦμεν</span> <span class='ocrx_word' id='word_1_237' title='bbox 1597 2397 1733 2451; x_wconf 77' lang='grc' dir='ltr'>κατὰ</span> <span class='ocrx_word' id='word_1_238' title='bbox 1760 2402 1884 2451; x_wconf 90' lang='grc' dir='ltr'>νοῦν</span> <span class='ocrx_word' id='word_1_239' title='bbox 1920 2399 1995 2471; x_wconf 79' lang='grc' dir='ltr'>μή</span> 
     </span>
    </p>
   </div>
   <div class='ocr_carea' id='block_1_34' title="bbox 348 2477 2000 2560">
    <p class='ocr_par' dir='ltr' id='par_1_34' title="bbox 348 2477 2000 2560">
     <span class='ocr_line' id='line_1_34' title="bbox 348 2477 2000 2560; baseline 0.004 -27"><span class='ocrx_word' id='word_1_240' title='bbox 348 2477 493 2554; x_wconf 70' lang='grc' dir='ltr'>ἔχειν</span> <span class='ocrx_word' id='word_1_241' title='bbox 538 2477 714 2545; x_wconf 72' lang='grc' dir='ltr'>θεοὺς,</span> <span class='ocrx_word' id='word_1_242' title='bbox 748 2478 831 2544; x_wconf 72' lang='grc' dir='ltr'>οἷς</span> <span class='ocrx_word' id='word_1_243' title='bbox 888 2482 978 2536; x_wconf 78' lang='grc' dir='ltr'><strong>καὶ</strong></span> <span class='ocrx_word' id='word_1_244' title='bbox 1041 2483 1303 2556; x_wconf 67' lang='grc' dir='ltr'>χρώμεθα</span> <span class='ocrx_word' id='word_1_245' title='bbox 1356 2484 1676 2560; x_wconf 77' lang='grc' dir='ltr'>συμμάχοις</span> <span class='ocrx_word' id='word_1_246' title='bbox 1706 2484 1841 2556; x_wconf 84' lang='grc' dir='ltr'>πρὸς</span> <span class='ocrx_word' id='word_1_247' title='bbox 1872 2484 2000 2550; x_wconf 81' lang='grc' dir='ltr'>τοὺς</span> 
     </span>
    </p>
   </div>
   <div class='ocr_carea' id='block_1_35' title="bbox 341 2564 1998 2647">
    <p class='ocr_par' dir='ltr' id='par_1_35' title="bbox 341 2564 1998 2647">
     <span class='ocr_line' id='line_1_35' title="bbox 341 2564 1998 2647; baseline 0.002 -23"><span class='ocrx_word' id='word_1_248' title='bbox 341 2564 686 2643; x_wconf 75' lang='grc' dir='ltr'>πολεμίουςς</span> <span class='ocrx_word' id='word_1_249' title='bbox 726 2593 753 2621; x_wconf 88' lang='grc'><strong>››</strong></span> <span class='ocrx_word' id='word_1_250' title='bbox 816 2572 1080 2647; x_wconf 74' lang='grc' dir='ltr'>Ἰγνάτιος</span> <span class='ocrx_word' id='word_1_251' title='bbox 1138 2571 1305 2626; x_wconf 69' lang='grc' dir='ltr'>εἶπεν·</span> <span class='ocrx_word' id='word_1_252' title='bbox 1361 2595 1384 2627; x_wconf 76' lang='grc' dir='ltr'><strong>α</strong></span> <span class='ocrx_word' id='word_1_253' title='bbox 1438 2574 1519 2629; x_wconf 84' lang='grc' dir='ltr'><strong>Τὰ</strong></span> <span class='ocrx_word' id='word_1_254' title='bbox 1583 2571 1836 2646; x_wconf 83' lang='grc' dir='ltr'>δαιμόνια</span> <span class='ocrx_word' id='word_1_255' title='bbox 1892 2578 1998 2629; x_wconf 86' lang='grc' dir='ltr'><strong>τῶν</strong></span> 
     </span>
    </p>
   </div>
   <div class='ocr_carea' id='block_1_36' title="bbox 345 2657 1994 2741">
    <p class='ocr_par' dir='ltr' id='par_1_36' title="bbox 345 2657 1994 2741">
     <span class='ocr_line' id='line_1_36' title="bbox 345 2657 1994 2741; baseline 0.004 -29"><span class='ocrx_word' id='word_1_256' title='bbox 345 2657 505 2721; x_wconf 76' lang='grc' dir='ltr'>ἐθνῶν</span> <span class='ocrx_word' id='word_1_257' title='bbox 571 2660 723 2722; x_wconf 71' lang='grc' dir='ltr'>θεοὺς</span> <span class='ocrx_word' id='word_1_258' title='bbox 800 2660 1227 2737; x_wconf 70' lang='grc' dir='ltr'>προσαγορεύεις</span> <span class='ocrx_word' id='word_1_259' title='bbox 1308 2658 1681 2737; x_wconf 82' lang='grc' dir='ltr'>πλανώμενος“</span> <span class='ocrx_word' id='word_1_260' title='bbox 1752 2664 1829 2725; x_wconf 79' lang='grc' dir='ltr'><strong>εἷς</strong></span> <span class='ocrx_word' id='word_1_261' title='bbox 1894 2665 1994 2741; x_wconf 74' lang='grc' dir='ltr'><strong>γάρ</strong></span> 
     </span>
    </p>
   </div>
   <div class='ocr_carea' id='block_1_37' title="bbox 347 2744 1988 2828">
    <p class='ocr_par' dir='ltr' id='par_1_37' title="bbox 347 2744 1988 2828">
     <span class='ocr_line' id='line_1_37' title="bbox 347 2744 1988 2828; baseline 0.005 -27"><span class='ocrx_word' id='word_1_262' title='bbox 347 2744 487 2802; x_wconf 72' lang='grc' dir='ltr'>ἔστιν</span> <span class='ocrx_word' id='word_1_263' title='bbox 537 2750 682 2820; x_wconf 80' lang='grc' dir='ltr'>Θεὸς,</span> <span class='ocrx_word' id='word_1_264' title='bbox 736 2746 762 2803; x_wconf 82' lang='grc' dir='ltr'>ὁ</span> <span class='ocrx_word' id='word_1_265' title='bbox 819 2753 1050 2821; x_wconf 64' lang='grc' dir='ltr'>ποιήσας</span> <span class='ocrx_word' id='word_1_266' title='bbox 1108 2752 1198 2806; x_wconf 82' lang='grc' dir='ltr'>τὸν</span> <span class='ocrx_word' id='word_1_267' title='bbox 1248 2751 1472 2828; x_wconf 77' lang='grc' dir='ltr'>οὐρανὸν</span> <span class='ocrx_word' id='word_1_268' title='bbox 1523 2753 1610 2807; x_wconf 71' lang='grc' dir='ltr'><strong>καὶ</strong></span> <span class='ocrx_word' id='word_1_269' title='bbox 1641 2754 1740 2819; x_wconf 71' lang='grc' dir='ltr'><strong>τήν</strong></span> <span class='ocrx_word' id='word_1_270' title='bbox 1771 2754 1871 2825; x_wconf 79' lang='grc' dir='ltr'><strong>γῆν</strong></span> <span class='ocrx_word' id='word_1_271' title='bbox 1904 2757 1988 2811; x_wconf 71' lang='grc' dir='ltr'>καῖ</span> 
     </span>
    </p>
   </div>
   <div class='ocr_carea' id='block_1_38' title="bbox 348 2835 1993 2918">
    <p class='ocr_par' dir='ltr' id='par_1_38' title="bbox 348 2835 1993 2918">
     <span class='ocr_line' id='line_1_38' title="bbox 348 2835 1993 2918; baseline 0.004 -28"><span class='ocrx_word' id='word_1_272' title='bbox 348 2836 450 2903; x_wconf 77' lang='grc' dir='ltr'><strong>τὴν</strong></span> <span class='ocrx_word' id='word_1_273' title='bbox 481 2835 762 2910; x_wconf 81' lang='grc' dir='ltr'>θάλασσαν,</span> <span class='ocrx_word' id='word_1_274' title='bbox 790 2838 879 2894; x_wconf 79' lang='grc' dir='ltr'>καὶ</span> <span class='ocrx_word' id='word_1_275' title='bbox 931 2840 1105 2895; x_wconf 87' lang='grc' dir='ltr'>πάντα</span> <span class='ocrx_word' id='word_1_276' title='bbox 1159 2841 1225 2895; x_wconf 77' lang='grc' dir='ltr'><strong>τὰ</strong></span> <span class='ocrx_word' id='word_1_277' title='bbox 1284 2839 1337 2895; x_wconf 78' lang='grc' dir='ltr'>ἐν</span> <span class='ocrx_word' id='word_1_278' title='bbox 1395 2841 1601 2904; x_wconf 84' lang='grc' dir='ltr'>αὐτοῖς·</span> <span class='ocrx_word' id='word_1_279' title='bbox 1629 2843 1715 2896; x_wconf 81' lang='grc' dir='ltr'><strong>καὶ</strong></span> <span class='ocrx_word' id='word_1_280' title='bbox 1750 2844 1830 2905; x_wconf 81' lang='grc' dir='ltr'>εἴς</span> <span class='ocrx_word' id='word_1_281' title='bbox 1865 2848 1993 2918; x_wconf 84' lang='grc' dir='ltr'>Χρι-</span> 
     </span>
    </p>
   </div>
   <div class='ocr_carea' id='block_1_39' title="bbox 350 2922 1992 3008">
    <p class='ocr_par' dir='ltr' id='par_1_39' title="bbox 350 2922 1992 3008">
     <span class='ocr_line' id='line_1_39' title="bbox 350 2922 1992 3008; baseline 0.005 -30"><span class='ocrx_word' id='word_1_282' title='bbox 350 2922 473 2988; x_wconf 87' lang='grc' dir='ltr'>στὸς</span> <span class='ocrx_word' id='word_1_283' title='bbox 526 2926 756 2997; x_wconf 70' lang='grc' dir='ltr'>Ἰησοῦς,</span> <span class='ocrx_word' id='word_1_284' title='bbox 790 2930 817 2982; x_wconf 85' lang='grc' dir='ltr'>ὁ</span> <span class='ocrx_word' id='word_1_285' title='bbox 850 2928 972 2991; x_wconf 80' lang='grc' dir='ltr'>Υἱὸς</span> <span class='ocrx_word' id='word_1_286' title='bbox 1030 2933 1127 2984; x_wconf 84' lang='grc' dir='ltr'><strong>τοῦ</strong></span> <span class='ocrx_word' id='word_1_287' title='bbox 1184 2932 1317 2985; x_wconf 80' lang='grc' dir='ltr'>Θεοῦ</span> <span class='ocrx_word' id='word_1_288' title='bbox 1349 2931 1378 2985; x_wconf 89' lang='grc' dir='ltr'>ὁ</span> <span class='ocrx_word' id='word_1_289' title='bbox 1412 2933 1734 3008; x_wconf 70' lang='grc' dir='ltr'>μονογενὴς,</span> <span class='ocrx_word' id='word_1_290' title='bbox 1790 2933 1852 2986; x_wconf 78' lang='grc' dir='ltr'><strong>οὗ</strong></span> <span class='ocrx_word' id='word_1_291' title='bbox 1892 2939 1992 3002; x_wconf 78' lang='grc' dir='ltr'><strong>τῆς</strong></span> 
     </span>
    </p>
   </div>
   <div class='ocr_carea' id='block_1_40' title="bbox 347 3011 1990 3095">
    <p class='ocr_par' dir='ltr' id='par_1_40' title="bbox 347 3011 1990 3095">
     <span class='ocr_line' id='line_1_40' title="bbox 347 3011 1990 3095; baseline 0.005 -28"><span class='ocrx_word' id='word_1_292' title='bbox 347 3011 627 3087; x_wconf 85' lang='grc' dir='ltr'>βασιλείας</span> <span class='ocrx_word' id='word_1_293' title='bbox 659 3015 887 3089; x_wconf 79' lang='grc' dir='ltr'>ὀναίμην</span> <span class='ocrx_word' id='word_1_294' title='bbox 920 3019 931 3073; x_wconf 78' lang='grc' dir='ltr'><strong>ί</strong></span> <span class='ocrx_word' id='word_1_295' title='bbox 967 3041 993 3069; x_wconf 88' lang='grc'><strong>››</strong></span> <span class='ocrx_word' id='word_1_296' title='bbox 1042 3019 1305 3093; x_wconf 78' lang='grc' dir='ltr'>Τραϊανὸς</span> <span class='ocrx_word' id='word_1_297' title='bbox 1339 3019 1508 3074; x_wconf 62' lang='grc' dir='ltr'><strong>εἶπεν⁸</strong></span> <span class='ocrx_word' id='word_1_298' title='bbox 1544 3044 1571 3071; x_wconf 90' lang='grc'><strong>‹‹</strong></span> <span class='ocrx_word' id='word_1_299' title='bbox 1604 3019 1712 3076; x_wconf 87' lang='grc' dir='ltr'><strong>Τὸν</strong></span> <span class='ocrx_word' id='word_1_300' title='bbox 1743 3041 1990 3095; x_wconf 76' lang='grc' dir='ltr'>σταυρω-</span> 
     </span>
    </p>
   </div>
   <div class='ocr_carea' id='block_1_41' title="bbox 342 3101 1986 3186">
    <p class='ocr_par' dir='ltr' id='par_1_41' title="bbox 342 3101 1986 3186">
     <span class='ocr_line' id='line_1_41' title="bbox 342 3101 1986 3186; baseline 0.004 -30"><span class='ocrx_word' id='word_1_301' title='bbox 342 3101 498 3157; x_wconf 83' lang='grc' dir='ltr'>θὲντα</span> <span class='ocrx_word' id='word_1_302' title='bbox 530 3102 706 3179; x_wconf 71' lang='grc' dir='ltr'>λὲγεις</span> <span class='ocrx_word' id='word_1_303' title='bbox 737 3104 823 3159; x_wconf 79' lang='grc' dir='ltr'>ἐπὶ</span> <span class='ocrx_word' id='word_1_304' title='bbox 858 3106 1083 3161; x_wconf 85' lang='grc' dir='ltr'>Ποντίου</span> <span class='ocrx_word' id='word_1_305' title='bbox 1116 3106 1393 3180; x_wconf 78' lang='grc' dir='ltr'>Πιλάτους</span> <span class='ocrx_word' id='word_1_306' title='bbox 1448 3132 1475 3161; x_wconf 90' lang='grc'><strong>››</strong></span> <span class='ocrx_word' id='word_1_307' title='bbox 1528 3109 1790 3186; x_wconf 82' lang='grc' dir='ltr'>Ἰγνάτιος</span> <span class='ocrx_word' id='word_1_308' title='bbox 1818 3106 1986 3165; x_wconf 69' lang='grc' dir='ltr'>εἶπενο</span> 
     </span>
    </p>
   </div>
   <div class='ocr_carea' id='block_1_42' title="bbox 342 3188 1993 3273">
    <p class='ocr_par' dir='ltr' id='par_1_42' title="bbox 342 3188 1993 3273">
     <span class='ocr_line' id='line_1_42' title="bbox 342 3188 1993 3273; baseline 0.006 -30"><span class='ocrx_word' id='word_1_309' title='bbox 342 3214 373 3243; x_wconf 91' lang='grc'><strong>‹‹</strong></span> <span class='ocrx_word' id='word_1_310' title='bbox 400 3188 507 3247; x_wconf 84' lang='grc' dir='ltr'>Τὸν</span> <span class='ocrx_word' id='word_1_311' title='bbox 565 3189 1042 3270; x_wconf 77' lang='grc' dir='ltr'>ἀνασταυρώσαντα</span> <span class='ocrx_word' id='word_1_312' title='bbox 1098 3192 1195 3265; x_wconf 72' lang='grc' dir='ltr'><strong>τῆν</strong></span> <span class='ocrx_word' id='word_1_313' title='bbox 1252 3195 1388 3269; x_wconf 71' lang='grc' dir='ltr'>ἐμὴν</span> <span class='ocrx_word' id='word_1_314' title='bbox 1425 3196 1689 3273; x_wconf 78' lang='grc' dir='ltr'>ἁμαρτίαν</span> <span class='ocrx_word' id='word_1_315' title='bbox 1735 3198 1869 3270; x_wconf 80' lang='grc' dir='ltr'>μετὰ</span> <span class='ocrx_word' id='word_1_316' title='bbox 1896 3202 1993 3255; x_wconf 87' lang='grc' dir='ltr'><strong>τοῦ</strong></span> 
     </span>
    </p>
   </div>
   <div class='ocr_carea' id='block_1_43' title="bbox 336 3278 1995 3360">
    <p class='ocr_par' dir='ltr' id='par_1_43' title="bbox 336 3278 1995 3360">
     <span class='ocr_line' id='line_1_43' title="bbox 336 3278 1995 3360; baseline 0.005 -27"><span class='ocrx_word' id='word_1_317' title='bbox 336 3280 541 3351; x_wconf 68' lang='grc' dir='ltr'>ταύτης</span> <span class='ocrx_word' id='word_1_318' title='bbox 590 3282 828 3357; x_wconf 68' lang='grc' dir='ltr'>εὑρετοῦ,</span> <span class='ocrx_word' id='word_1_319' title='bbox 878 3278 968 3337; x_wconf 73' lang='grc' dir='ltr'><strong>καὶ</strong></span> <span class='ocrx_word' id='word_1_320' title='bbox 1002 3288 1175 3338; x_wconf 72' lang='grc' dir='ltr'>πᾶσαν</span> <span class='ocrx_word' id='word_1_321' title='bbox 1208 3282 1637 3341; x_wconf 72' lang='grc' dir='ltr'>καταδικάσαντα</span> <span class='ocrx_word' id='word_1_322' title='bbox 1670 3282 1995 3360; x_wconf 70' lang='grc' dir='ltr'>δαιμονικὴν</span> 
     </span>
    </p>
   </div>
   <div class='ocr_carea' id='block_1_44' title="bbox 348 3366 1995 3438">
    <p class='ocr_par' dir='ltr' id='par_1_44' title="bbox 348 3366 1995 3438">
     <span class='ocr_line' id='line_1_44' title="bbox 348 3366 1995 3438; baseline 0.005 -16"><span class='ocrx_word' id='word_1_323' title='bbox 348 3367 566 3438; x_wconf 81' lang='grc' dir='ltr'>πλάνην</span> <span class='ocrx_word' id='word_1_324' title='bbox 624 3366 714 3425; x_wconf 73' lang='grc' dir='ltr'><strong>καὶ</strong></span> <span class='ocrx_word' id='word_1_325' title='bbox 781 3369 971 3427; x_wconf 82' lang='grc' dir='ltr'>κακίαν</span> <span class='ocrx_word' id='word_1_326' title='bbox 1041 3371 1145 3426; x_wconf 85' lang='grc' dir='ltr'><strong>ὑπὸ</strong></span> <span class='ocrx_word' id='word_1_327' title='bbox 1201 3375 1329 3436; x_wconf 80' lang='grc' dir='ltr'>τοὺς</span> <span class='ocrx_word' id='word_1_328' title='bbox 1389 3368 1561 3437; x_wconf 85' lang='grc' dir='ltr'>πόδας</span> <span class='ocrx_word' id='word_1_329' title='bbox 1606 3378 1714 3431; x_wconf 83' lang='grc' dir='ltr'><strong>τῶν</strong></span> <span class='ocrx_word' id='word_1_330' title='bbox 1747 3373 1908 3432; x_wconf 78' lang='grc' dir='ltr'>αὐτὸν</span> <span class='ocrx_word' id='word_1_331' title='bbox 1943 3375 1995 3431; x_wconf 79' lang='grc' dir='ltr'>ἐν</span> 
     </span>
    </p>
   </div>
   <div class='ocr_carea' id='block_1_45' title="bbox 342 3456 1994 3537">
    <p class='ocr_par' dir='ltr' id='par_1_45' title="bbox 342 3456 1994 3537">
     <span class='ocr_line' id='line_1_45' title="bbox 342 3456 1994 3537; baseline 0.005 -25"><span class='ocrx_word' id='word_1_332' title='bbox 342 3456 543 3532; x_wconf 76' lang='grc' dir='ltr'>καρδίᾳ</span> <span class='ocrx_word' id='word_1_333' title='bbox 600 3462 931 3537; x_wconf 75' lang='grc' dir='ltr'>φοροῦντων.</span> <span class='ocrx_word' id='word_1_334' title='bbox 967 3484 995 3511; x_wconf 90' lang='grc'>››</span> <span class='ocrx_word' id='word_1_335' title='bbox 1053 3462 1318 3536; x_wconf 78' lang='grc' dir='ltr'>Τραϊανὸς</span> <span class='ocrx_word' id='word_1_336' title='bbox 1378 3464 1546 3519; x_wconf 78' lang='grc' dir='ltr'>εἶπεν·</span> <span class='ocrx_word' id='word_1_337' title='bbox 1607 3489 1635 3517; x_wconf 92' lang='grc'><strong>‹‹</strong></span> <span class='ocrx_word' id='word_1_338' title='bbox 1693 3465 1767 3518; x_wconf 75' lang='grc' dir='ltr'>Σὺ</span> <span class='ocrx_word' id='word_1_339' title='bbox 1817 3458 1909 3519; x_wconf 75' lang='grc' dir='ltr'><strong>οῦν</strong></span> <span class='ocrx_word' id='word_1_340' title='bbox 1943 3462 1994 3521; x_wconf 81' lang='grc' dir='ltr'>ἐν</span> 
     </span>
    </p>
   </div>
   <div class='ocr_carea' id='block_1_46' title="bbox 337 3547 1992 3629">
    <p class='ocr_par' dir='ltr' id='par_1_46' title="bbox 337 3547 1992 3629">
     <span class='ocr_line' id='line_1_46' title="bbox 337 3547 1992 3629; baseline 0.005 -28"><span class='ocrx_word' id='word_1_341' title='bbox 337 3548 519 3617; x_wconf 73' lang='grc' dir='ltr'>ἑαυτῷ</span> <span class='ocrx_word' id='word_1_342' title='bbox 578 3547 758 3623; x_wconf 68' lang='grc' dir='ltr'>φέρεις</span> <span class='ocrx_word' id='word_1_343' title='bbox 815 3548 907 3602; x_wconf 84' lang='grc' dir='ltr'>τὸν</span> <span class='ocrx_word' id='word_1_344' title='bbox 965 3550 1379 3626; x_wconf 72' lang='grc' dir='ltr'>σταυρωθέντας</span> <span class='ocrx_word' id='word_1_345' title='bbox 1446 3576 1475 3603; x_wconf 85' lang='grc'><strong>››</strong></span> <span class='ocrx_word' id='word_1_346' title='bbox 1531 3548 1792 3629; x_wconf 83' lang='grc' dir='ltr'>Ἰγνάτιος</span> <span class='ocrx_word' id='word_1_347' title='bbox 1825 3550 1992 3610; x_wconf 79' lang='grc' dir='ltr'>εἶπεν·</span> 
     </span>
    </p>
   </div>
   <div class='ocr_carea' id='block_1_47' title="bbox 340 3635 1995 3713">
    <p class='ocr_par' dir='ltr' id='par_1_47' title="bbox 340 3635 1995 3713">
     <span class='ocr_line' id='line_1_47' title="bbox 340 3635 1995 3713; baseline 0.007 -25"><span class='ocrx_word' id='word_1_348' title='bbox 340 3659 369 3689; x_wconf 70' lang='grc' dir='ltr'>ι</span> <span class='ocrx_word' id='word_1_349' title='bbox 435 3636 557 3689; x_wconf 82' lang='grc' dir='ltr'>Ναί’</span> <span class='ocrx_word' id='word_1_350' title='bbox 619 3635 915 3712; x_wconf 74' lang='grc' dir='ltr'>γέγραπται</span> <span class='ocrx_word' id='word_1_351' title='bbox 971 3639 1095 3713; x_wconf 75' lang='grc' dir='ltr'>γάρ’</span> <span class='ocrx_word' id='word_1_352' title='bbox 1155 3641 1460 3710; x_wconf 73' lang='grc' dir='ltr'>Ἐνοικήσω</span> <span class='ocrx_word' id='word_1_353' title='bbox 1531 3639 1583 3696; x_wconf 76' lang='grc' dir='ltr'>ἐν</span> <span class='ocrx_word' id='word_1_354' title='bbox 1640 3642 1844 3712; x_wconf 72' lang='grc' dir='ltr'>αὐτοῖς,</span> <span class='ocrx_word' id='word_1_355' title='bbox 1906 3642 1995 3699; x_wconf 75' lang='grc' dir='ltr'>καὶ</span> 
     </span>
    </p>
   </div>
   <div class='ocr_carea' id='block_1_48' title="bbox 334 3723 1994 3807">
    <p class='ocr_par' dir='ltr' id='par_1_48' title="bbox 334 3723 1994 3807">
     <span class='ocr_line' id='line_1_48' title="bbox 334 3723 1994 3807; baseline 0.004 -29"><span class='ocrx_word' id='word_1_356' title='bbox 334 3723 794 3796; x_wconf 77' lang='grc' dir='ltr'>ἐμπεριπατήσω.</span> <span class='ocrx_word' id='word_1_357' title='bbox 850 3749 878 3777; x_wconf 89' lang='grc'><strong>››</strong></span> <span class='ocrx_word' id='word_1_358' title='bbox 939 3727 1201 3801; x_wconf 83' lang='grc' dir='ltr'>Τραϊανὸς</span> <span class='ocrx_word' id='word_1_359' title='bbox 1256 3729 1587 3806; x_wconf 70' lang='grc' dir='ltr'>ἀπεφήνατο·</span> <span class='ocrx_word' id='word_1_360' title='bbox 1651 3754 1680 3782; x_wconf 83' lang='grc' dir='ltr'>(ι</span> <span class='ocrx_word' id='word_1_361' title='bbox 1736 3732 1994 3807; x_wconf 86' lang='grc' dir='ltr'>Ἰγνάτιον</span> 
     </span>
    </p>
   </div>
   <div class='ocr_carea' id='block_1_49' title="bbox 335 3811 1993 3898">
    <p class='ocr_par' dir='ltr' id='par_1_49' title="bbox 335 3811 1993 3898">
     <span class='ocr_line' id='line_1_49' title="bbox 335 3811 1993 3898; baseline 0.005 -32"><span class='ocrx_word' id='word_1_362' title='bbox 335 3811 772 3886; x_wconf 78' lang='grc' dir='ltr'>προσετάξαμεν,</span> <span class='ocrx_word' id='word_1_363' title='bbox 827 3816 917 3869; x_wconf 88' lang='grc' dir='ltr'><strong>τὸν</strong></span> <span class='ocrx_word' id='word_1_364' title='bbox 971 3814 1022 3870; x_wconf 85' lang='grc' dir='ltr'>ἐν</span> <span class='ocrx_word' id='word_1_365' title='bbox 1070 3816 1242 3888; x_wconf 73' lang='grc' dir='ltr'>ἑαυτῷ</span> <span class='ocrx_word' id='word_1_366' title='bbox 1291 3815 1519 3892; x_wconf 68' lang='grc' dir='ltr'>λεγοντα</span> <span class='ocrx_word' id='word_1_367' title='bbox 1558 3818 1862 3898; x_wconf 64' lang='grc' dir='ltr'>περιφέρειν</span> <span class='ocrx_word' id='word_1_368' title='bbox 1902 3814 1993 3875; x_wconf 87' lang='grc' dir='ltr'><strong>τὸν</strong></span> 
     </span>
    </p>
   </div>
   <div class='ocr_carea' id='block_1_50' title="bbox 335 3901 1992 3985">
    <p class='ocr_par' dir='ltr' id='par_1_50' title="bbox 335 3901 1992 3985">
     <span class='ocr_line' id='line_1_50' title="bbox 335 3901 1992 3985; baseline 0.006 -29"><span class='ocrx_word' id='word_1_369' title='bbox 335 3901 769 3977; x_wconf 75' lang='grc' dir='ltr'>ἐσταυρωμένον,</span> <span class='ocrx_word' id='word_1_370' title='bbox 830 3902 1049 3977; x_wconf 67' lang='grc' dir='ltr'>δέσμιον</span> <span class='ocrx_word' id='word_1_371' title='bbox 1117 3906 1219 3961; x_wconf 76' lang='grc' dir='ltr'><strong>ὑπὸ</strong></span> <span class='ocrx_word' id='word_1_372' title='bbox 1296 3914 1639 3979; x_wconf 77' lang='grc' dir='ltr'>στρατιωτῶν</span> <span class='ocrx_word' id='word_1_373' title='bbox 1706 3911 1992 3985; x_wconf 73' lang='grc' dir='ltr'>γενόμενον</span> 
     </span>
    </p>
   </div>
   <div class='ocr_carea' id='block_1_51' title="bbox 341 3988 1994 4075">
    <p class='ocr_par' dir='ltr' id='par_1_51' title="bbox 341 3988 1994 4075">
     <span class='ocr_line' id='line_1_51' title="bbox 341 3988 1994 4075; baseline 0.007 -31"><span class='ocrx_word' id='word_1_374' title='bbox 341 3988 567 4065; x_wconf 76' lang='grc' dir='ltr'>ἄγεσθαι</span> <span class='ocrx_word' id='word_1_375' title='bbox 597 3992 742 4068; x_wconf 66' lang='grc' dir='ltr'>παρὰ</span> <span class='ocrx_word' id='word_1_376' title='bbox 797 3995 896 4062; x_wconf 73' lang='grc' dir='ltr'>τὴν</span> <span class='ocrx_word' id='word_1_377' title='bbox 956 3993 1197 4069; x_wconf 75' lang='grc' dir='ltr'>μεγάλην</span> <span class='ocrx_word' id='word_1_378' title='bbox 1251 3996 1495 4068; x_wconf 80' lang='grc' dir='ltr'>Ῥώμην,</span> <span class='ocrx_word' id='word_1_379' title='bbox 1530 3999 1729 4072; x_wconf 79' lang='grc' dir='ltr'>βρῶμα</span> <span class='ocrx_word' id='word_1_380' title='bbox 1759 4002 1994 4075; x_wconf 72' lang='grc' dir='ltr'>γενησό-</span> 
     </span>
    </p>
   </div>
   <div class='ocr_carea' id='block_1_52' title="bbox 349 4078 1994 4160">
    <p class='ocr_par' dir='ltr' id='par_1_52' title="bbox 349 4078 1994 4160">
     <span class='ocr_line' id='line_1_52' title="bbox 349 4078 1994 4160; baseline 0.007 -27"><span class='ocrx_word' id='word_1_381' title='bbox 349 4092 507 4151; x_wconf 84' lang='grc' dir='ltr'>μενον</span> <span class='ocrx_word' id='word_1_382' title='bbox 537 4082 743 4153; x_wconf 78' lang='grc' dir='ltr'>θηρίων</span> <span class='ocrx_word' id='word_1_383' title='bbox 776 4081 853 4143; x_wconf 79' lang='grc' dir='ltr'><strong>εἰς</strong></span> <span class='ocrx_word' id='word_1_384' title='bbox 882 4080 1069 4158; x_wconf 72' lang='grc' dir='ltr'>τέρψιν</span> <span class='ocrx_word' id='word_1_385' title='bbox 1128 4089 1226 4138; x_wconf 84' lang='grc' dir='ltr'><strong>τοῦ</strong></span> <span class='ocrx_word' id='word_1_386' title='bbox 1285 4078 1466 4157; x_wconf 72' lang='grc' dir='ltr'>δήμου</span> <span class='ocrx_word' id='word_1_387' title='bbox 1496 4088 1630 4160; x_wconf 80' lang='lat'><strong>(97).</strong></span> <span class='ocrx_word' id='word_1_388' title='bbox 1668 4102 1694 4139; x_wconf 61' lang='lat' dir='ltr'><strong>si</strong></span> <span class='ocrx_word' id='word_1_389' title='bbox 1726 4088 1937 4159; x_wconf 77' lang='grc' dir='ltr'>Ταύτης</span> <span class='ocrx_word' id='word_1_390' title='bbox 1967 4092 1994 4145; x_wconf 78' lang='grc' dir='ltr'>ὁ</span> 
     </span>
    </p>
   </div>
   <div class='ocr_carea' id='block_1_53' title="bbox 330 4164 1996 4254">
    <p class='ocr_par' dir='ltr' id='par_1_53' title="bbox 330 4164 1996 4254">
     <span class='ocr_line' id='line_1_53' title="bbox 330 4164 1996 4254; baseline 0.007 -31"><span class='ocrx_word' id='word_1_391' title='bbox 330 4164 491 4254; x_wconf 77' lang='grc' dir='ltr'>ἅγιος</span> <span class='ocrx_word' id='word_1_392' title='bbox 540 4171 746 4244; x_wconf 76' lang='grc' dir='ltr'>μάρτυς</span> <span class='ocrx_word' id='word_1_393' title='bbox 791 4171 1094 4235; x_wconf 74' lang='grc' dir='ltr'>ἐπακούσας</span> <span class='ocrx_word' id='word_1_394' title='bbox 1140 4180 1238 4243; x_wconf 70' lang='grc' dir='ltr'>τῆς</span> <span class='ocrx_word' id='word_1_395' title='bbox 1276 4176 1622 4251; x_wconf 74' lang='grc' dir='ltr'>ἀποφάσεως,</span> <span class='ocrx_word' id='word_1_396' title='bbox 1658 4178 1790 4249; x_wconf 76' lang='grc' dir='ltr'>μετὰ</span> <span class='ocrx_word' id='word_1_397' title='bbox 1822 4185 1996 4254; x_wconf 70' lang='grc' dir='ltr'>χαρᾶς</span> 
     </span>
    </p>
   </div>
   <div class='ocr_carea' id='block_1_54' title="bbox 328 4251 1995 4340">
    <p class='ocr_par' dir='ltr' id='par_1_54' title="bbox 328 4251 1995 4340">
     <span class='ocr_line' id='line_1_54' title="bbox 328 4251 1995 4340; baseline 0.007 -28"><span class='ocrx_word' id='word_1_398' title='bbox 328 4251 584 4328; x_wconf 73' lang='grc' dir='ltr'>ἐϐόησενο</span> <span class='ocrx_word' id='word_1_399' title='bbox 645 4276 672 4310; x_wconf 78' lang='grc' dir='ltr'>(ι</span> <span class='ocrx_word' id='word_1_400' title='bbox 705 4257 1036 4335; x_wconf 76' lang='grc' dir='ltr'>Εὐχαριστῶ</span> <span class='ocrx_word' id='word_1_401' title='bbox 1094 4278 1200 4327; x_wconf 77' lang='grc' dir='ltr'>σοι,</span> <span class='ocrx_word' id='word_1_402' title='bbox 1257 4264 1516 4333; x_wconf 77' lang='grc' dir='ltr'>Δέσποτα,</span> <span class='ocrx_word' id='word_1_403' title='bbox 1579 4265 1663 4320; x_wconf 76' lang='grc' dir='ltr'><strong>ὅτι</strong></span> <span class='ocrx_word' id='word_1_404' title='bbox 1717 4288 1783 4338; x_wconf 87' lang='grc' dir='ltr'><strong>με</strong></span> <span class='ocrx_word' id='word_1_405' title='bbox 1812 4251 1995 4340; x_wconf 73' lang='grc' dir='ltr'>τελείᾳ</span> 
     </span>
    </p>
   </div>
   <div class='ocr_carea' id='block_1_55' title="bbox 328 4347 1994 4431">
    <p class='ocr_par' dir='ltr' id='par_1_55' title="bbox 328 4347 1994 4431">
     <span class='ocr_line' id='line_1_55' title="bbox 328 4347 1994 4431; baseline 0.007 -32"><span class='ocrx_word' id='word_1_406' title='bbox 328 4348 404 4418; x_wconf 78' lang='grc' dir='ltr'><strong>τῇ</strong></span> <span class='ocrx_word' id='word_1_407' title='bbox 437 4347 572 4419; x_wconf 78' lang='grc' dir='ltr'>πρὸς</span> <span class='ocrx_word' id='word_1_408' title='bbox 600 4348 658 4402; x_wconf 75' lang='grc' dir='ltr'>σὲ</span> <span class='ocrx_word' id='word_1_409' title='bbox 688 4349 868 4424; x_wconf 78' lang='grc' dir='ltr'>ἀγάπῃ</span> <span class='ocrx_word' id='word_1_410' title='bbox 923 4355 1151 4425; x_wconf 69' lang='grc' dir='ltr'>τιμῆσαι</span> <span class='ocrx_word' id='word_1_411' title='bbox 1194 4350 1557 4426; x_wconf 72' lang='grc' dir='ltr'>κατηξίωσας,</span> <span class='ocrx_word' id='word_1_412' title='bbox 1591 4360 1669 4428; x_wconf 79' lang='grc' dir='ltr'>τῷ</span> <span class='ocrx_word' id='word_1_413' title='bbox 1700 4356 1994 4431; x_wconf 70' lang='grc' dir='ltr'>ἀποστύλῳ</span> 
     </span>
    </p>
   </div>
   <div class='ocr_carea' id='block_1_56' title="bbox 330 4433 1989 4517">
    <p class='ocr_par' dir='ltr' id='par_1_56' title="bbox 330 4433 1989 4517">
     <span class='ocr_line' id='line_1_56' title="bbox 330 4433 1989 4517; baseline 0.008 -31"><span class='ocrx_word' id='word_1_414' title='bbox 330 4452 435 4487; x_wconf 85' lang='grc' dir='ltr'><strong>σου</strong></span> <span class='ocrx_word' id='word_1_415' title='bbox 464 4433 665 4507; x_wconf 63' lang='grc' dir='ltr'>Παύλῳ</span> <span class='ocrx_word' id='word_1_416' title='bbox 725 4434 948 4511; x_wconf 79' lang='grc' dir='ltr'>δεσμοῖς</span> <span class='ocrx_word' id='word_1_417' title='bbox 1001 4438 1266 4510; x_wconf 66' lang='grc' dir='ltr'>συνδήσας</span> <span class='ocrx_word' id='word_1_418' title='bbox 1332 4440 1601 4517; x_wconf 82' lang='grc' dir='ltr'>σιδηροῖς.</span> <span class='ocrx_word' id='word_1_419' title='bbox 1639 4466 1666 4496; x_wconf 76' lang='lat' dir='ltr'><strong>n</strong></span> <span class='ocrx_word' id='word_1_420' title='bbox 1702 4447 1885 4500; x_wconf 82' lang='grc' dir='ltr'>Ταῦτα</span> <span class='ocrx_word' id='word_1_421' title='bbox 1916 4447 1989 4499; x_wconf 74' lang='lat' dir='ltr'><strong>sl-</strong></span> 
     </span>
    </p>
   </div>
   <div class='ocr_carea' id='block_1_57' title="bbox 2124 1143 3773 1212">
    <p class='ocr_par' dir='ltr' id='par_1_57' title="bbox 2124 1143 3773 1212">
     <span class='ocr_line' id='line_1_57' title="bbox 2124 1143 3773 1212; baseline 0.001 -12"><span class='ocrx_word' id='word_1_422' title='bbox 2124 1153 2239 1212; x_wconf 84' lang='lat' dir='ltr'><strong>tur,</strong></span> <span class='ocrx_word' id='word_1_423' title='bbox 2265 1146 2366 1201; x_wconf 87' lang='lat' dir='ltr'><strong>sed</strong></span> <span class='ocrx_word' id='word_1_424' title='bbox 2391 1150 2599 1201; x_wconf 87' lang='lat' dir='ltr'><strong>contra</strong></span> <span class='ocrx_word' id='word_1_425' title='bbox 2619 1143 2957 1198; x_wconf 89' lang='lat' dir='ltr'><strong>Armeniam</strong></span> <span class='ocrx_word' id='word_1_426' title='bbox 2976 1148 3036 1197; x_wconf 90' lang='lat' dir='ltr'><strong>et</strong></span> <span class='ocrx_word' id='word_1_427' title='bbox 3052 1143 3300 1198; x_wconf 75' lang='lat' dir='ltr'><strong>Parthos</strong></span> <span class='ocrx_word' id='word_1_428' title='bbox 3328 1143 3412 1199; x_wconf 90' lang='lat' dir='ltr'><strong>ire</strong></span> <span class='ocrx_word' id='word_1_429' title='bbox 3433 1144 3773 1202; x_wconf 81' lang='lat' dir='ltr'><strong>festinabat.</strong></span> 
     </span>
    </p>
   </div>
   <div class='ocr_carea' id='block_1_58' title="bbox 2125 1233 3771 1305">
    <p class='ocr_par' dir='ltr' id='par_1_58' title="bbox 2125 1233 3771 1305">
     <span class='ocr_line' id='line_1_58' title="bbox 2125 1233 3771 1305; baseline -0.001 -13"><span class='ocrx_word' id='word_1_430' title='bbox 2125 1238 2196 1292; x_wconf 89' lang='lat' dir='ltr'><strong>Ut</strong></span> <span class='ocrx_word' id='word_1_431' title='bbox 2217 1246 2354 1291; x_wconf 72' lang='lat' dir='ltr'><strong>vero</strong></span> <span class='ocrx_word' id='word_1_432' title='bbox 2387 1236 2448 1290; x_wconf 88' lang='lat' dir='ltr'><strong>in</strong></span> <span class='ocrx_word' id='word_1_433' title='bbox 2479 1238 2800 1305; x_wconf 84' lang='lat' dir='ltr'><strong>conspectu</strong></span> <span class='ocrx_word' id='word_1_434' title='bbox 2856 1233 3090 1304; x_wconf 84' lang='lat' dir='ltr'><strong>Trajani</strong></span> <span class='ocrx_word' id='word_1_435' title='bbox 3152 1233 3529 1304; x_wconf 75' lang='lat' dir='ltr'><strong>imperatoris</strong></span> <span class='ocrx_word' id='word_1_436' title='bbox 3570 1236 3771 1291; x_wconf 89' lang='lat' dir='ltr'><strong>stetit:</strong></span> 
     </span>
    </p>
   </div>
   <div class='ocr_carea' id='block_1_59' title="bbox 2124 1319 3775 1394">
    <p class='ocr_par' dir='ltr' id='par_1_59' title="bbox 2124 1319 3775 1394">
     <span class='ocr_line' id='line_1_59' title="bbox 2124 1319 3775 1394; baseline 0.003 -19"><span class='ocrx_word' id='word_1_437' title='bbox 2124 1348 2152 1376; x_wconf 88' lang='grc'><strong>‹‹</strong></span> <span class='ocrx_word' id='word_1_438' title='bbox 2181 1319 2322 1391; x_wconf 84' lang='lat' dir='ltr'><strong>Quis</strong></span> <span class='ocrx_word' id='word_1_439' title='bbox 2353 1338 2436 1390; x_wconf 86' lang='lat' dir='ltr'><strong>es,</strong></span> <span class='ocrx_word' id='word_1_440' title='bbox 2471 1324 2686 1394; x_wconf 80' lang='lat' dir='ltr'><strong>inquit,</strong></span> <span class='ocrx_word' id='word_1_441' title='bbox 2719 1337 2753 1377; x_wconf 82' lang='grc' dir='ltr'><strong>ο</strong></span> <span class='ocrx_word' id='word_1_442' title='bbox 2784 1321 3179 1390; x_wconf 68' lang='grc' dir='ltr'>οεοοάωωοη,</span> <span class='ocrx_word' id='word_1_443' title='bbox 3212 1322 3313 1392; x_wconf 90' lang='lat' dir='ltr'><strong>qui</strong></span> <span class='ocrx_word' id='word_1_444' title='bbox 3361 1329 3565 1379; x_wconf 83' lang='lat' dir='ltr'><strong>nostra</strong></span> <span class='ocrx_word' id='word_1_445' title='bbox 3606 1340 3775 1379; x_wconf 44' lang='lat' dir='ltr'><strong>mens</strong></span> 
     </span>
    </p>
   </div>
   <div class='ocr_carea' id='block_1_60' title="bbox 2122 1410 3768 1483">
    <p class='ocr_par' dir='ltr' id='par_1_60' title="bbox 2122 1410 3768 1483">
     <span class='ocr_line' id='line_1_60' title="bbox 2122 1410 3768 1483; baseline -0.001 -13"><span class='ocrx_word' id='word_1_446' title='bbox 2122 1416 2260 1470; x_wconf 86' lang='lat' dir='ltr'><strong>data</strong></span> <span class='ocrx_word' id='word_1_447' title='bbox 2290 1412 2622 1483; x_wconf 73' lang='lat' dir='ltr'><strong>transgredi</strong></span> <span class='ocrx_word' id='word_1_448' title='bbox 2655 1412 2920 1478; x_wconf 79' lang='lat' dir='ltr'><strong>eniteris,</strong></span> <span class='ocrx_word' id='word_1_449' title='bbox 2946 1410 3242 1481; x_wconf 74' lang='lat' dir='ltr'><strong>simulque</strong></span> <span class='ocrx_word' id='word_1_450' title='bbox 3273 1411 3408 1466; x_wconf 87' lang='lat' dir='ltr'><strong>aliis</strong></span> <span class='ocrx_word' id='word_1_451' title='bbox 3437 1413 3673 1481; x_wconf 87' lang='lat' dir='ltr'><strong>suades,</strong></span> <span class='ocrx_word' id='word_1_452' title='bbox 3700 1418 3768 1469; x_wconf 88' lang='lat' dir='ltr'><strong>ut</strong></span> 
     </span>
    </p>
   </div>
   <div class='ocr_carea' id='block_1_61' title="bbox 2121 1498 3774 1575">
    <p class='ocr_par' dir='ltr' id='par_1_61' title="bbox 2121 1498 3774 1575">
     <span class='ocr_line' id='line_1_61' title="bbox 2121 1498 3774 1575; baseline -0.002 -16"><span class='ocrx_word' id='word_1_453' title='bbox 2121 1504 2273 1559; x_wconf 88' lang='lat' dir='ltr'><strong>male</strong></span> <span class='ocrx_word' id='word_1_454' title='bbox 2303 1507 2550 1575; x_wconf 85' lang='lat' dir='ltr'><strong>pereant</strong></span> <span class='ocrx_word' id='word_1_455' title='bbox 2571 1501 2599 1555; x_wconf 71' lang='lat'><strong>‘2</strong></span> <span class='ocrx_word' id='word_1_456' title='bbox 2620 1519 2650 1551; x_wconf 72' lang='grc' dir='ltr'>ι»</span> <span class='ocrx_word' id='word_1_457' title='bbox 2681 1501 2938 1572; x_wconf 76' lang='lat' dir='ltr'><strong>:gnatius</strong></span> <span class='ocrx_word' id='word_1_458' title='bbox 2958 1498 3269 1570; x_wconf 74' lang='lat' dir='ltr'><strong>respondit</strong></span> <span class='ocrx_word' id='word_1_459' title='bbox 3290 1516 3302 1552; x_wconf 91' lang='lat'><strong>:</strong></span> <span class='ocrx_word' id='word_1_460' title='bbox 3326 1521 3352 1549; x_wconf 74' lang='grc' dir='ltr'><strong>ιι</strong></span> <span class='ocrx_word' id='word_1_461' title='bbox 3383 1502 3564 1555; x_wconf 85' lang='lat' dir='ltr'><strong>Nemo</strong></span> <span class='ocrx_word' id='word_1_462' title='bbox 3585 1502 3774 1557; x_wconf 84' lang='lat' dir='ltr'><strong>Theo-</strong></span> 
     </span>
    </p>
   </div>
   <div class='ocr_carea' id='block_1_62' title="bbox 2118 1587 3772 1667">
    <p class='ocr_par' dir='ltr' id='par_1_62' title="bbox 2118 1587 3772 1667">
     <span class='ocr_line' id='line_1_62' title="bbox 2118 1587 3772 1667; baseline -0.002 -18"><span class='ocrx_word' id='word_1_463' title='bbox 2118 1596 2374 1667; x_wconf 84' lang='lat' dir='ltr'><strong>phorum</strong></span> <span class='ocrx_word' id='word_1_464' title='bbox 2403 1597 2570 1647; x_wconf 78' lang='lat' dir='ltr'><strong>vocet</strong></span> <span class='ocrx_word' id='word_1_465' title='bbox 2599 1590 3077 1647; x_wconf 81' lang='lat' dir='ltr'><strong>cacodesmonem</strong></span> <span class='ocrx_word' id='word_1_466' title='bbox 3101 1605 3115 1654; x_wconf 85' lang='lat'><strong>;</strong></span> <span class='ocrx_word' id='word_1_467' title='bbox 3163 1587 3582 1645; x_wconf 78' lang='lat' dir='ltr'><strong>abscesserunt</strong></span> <span class='ocrx_word' id='word_1_468' title='bbox 3611 1592 3772 1647; x_wconf 88' lang='lat' dir='ltr'><strong>enim</strong></span> 
     </span>
    </p>
   </div>
   <div class='ocr_carea' id='block_1_63' title="bbox 2120 1678 3770 1747">
    <p class='ocr_par' dir='ltr' id='par_1_63' title="bbox 2120 1678 3770 1747">
     <span class='ocr_line' id='line_1_63' title="bbox 2120 1678 3770 1747; baseline -0.002 -9"><span class='ocrx_word' id='word_1_469' title='bbox 2120 1683 2412 1738; x_wconf 75' lang='lat' dir='ltr'><strong>daemonia</strong></span> <span class='ocrx_word' id='word_1_470' title='bbox 2442 1697 2476 1736; x_wconf 90' lang='lat' dir='ltr'><strong>a</strong></span> <span class='ocrx_word' id='word_1_471' title='bbox 2506 1680 2688 1735; x_wconf 79' lang='lat' dir='ltr'><strong>servis</strong></span> <span class='ocrx_word' id='word_1_472' title='bbox 2714 1679 2842 1734; x_wconf 86' lang='lat' dir='ltr'><strong>Dei.</strong></span> <span class='ocrx_word' id='word_1_473' title='bbox 2876 1679 2979 1733; x_wconf 87' lang='lat' dir='ltr'><strong>Sin</strong></span> <span class='ocrx_word' id='word_1_474' title='bbox 3029 1690 3186 1741; x_wconf 82' lang='lat' dir='ltr'><strong>vero,</strong></span> <span class='ocrx_word' id='word_1_475' title='bbox 3233 1678 3375 1747; x_wconf 88' lang='lat' dir='ltr'><strong>quia</strong></span> <span class='ocrx_word' id='word_1_476' title='bbox 3413 1678 3487 1734; x_wconf 89' lang='lat' dir='ltr'><strong>iis</strong></span> <span class='ocrx_word' id='word_1_477' title='bbox 3517 1678 3770 1735; x_wconf 84' lang='lat' dir='ltr'><strong>infestus</strong></span> 
     </span>
    </p>
   </div>
   <div class='ocr_carea' id='block_1_64' title="bbox 2118 1768 3770 1838">
    <p class='ocr_par' dir='ltr' id='par_1_64' title="bbox 2118 1768 3770 1838">
     <span class='ocr_line' id='line_1_64' title="bbox 2118 1768 3770 1838; baseline -0.003 -10"><span class='ocrx_word' id='word_1_478' title='bbox 2118 1784 2271 1838; x_wconf 78' lang='lat' dir='ltr'><strong>sum,</strong></span> <span class='ocrx_word' id='word_1_479' title='bbox 2305 1786 2398 1825; x_wconf 86' lang='lat' dir='ltr'><strong>me</strong></span> <span class='ocrx_word' id='word_1_480' title='bbox 2432 1771 2611 1825; x_wconf 86' lang='lat' dir='ltr'><strong>etiam</strong></span> <span class='ocrx_word' id='word_1_481' title='bbox 2644 1768 2864 1823; x_wconf 87' lang='lat' dir='ltr'><strong>malum</strong></span> <span class='ocrx_word' id='word_1_482' title='bbox 2896 1768 2958 1821; x_wconf 91' lang='lat' dir='ltr'><strong>in</strong></span> <span class='ocrx_word' id='word_1_483' title='bbox 3006 1768 3309 1821; x_wconf 76' lang='lat' dir='ltr'><strong>dwmonas</strong></span> <span class='ocrx_word' id='word_1_484' title='bbox 3334 1780 3527 1832; x_wconf 85' lang='lat' dir='ltr'><strong>vocas,</strong></span> <span class='ocrx_word' id='word_1_485' title='bbox 3559 1784 3770 1823; x_wconf 81' lang='lat' dir='ltr'><strong>assen-</strong></span> 
     </span>
    </p>
   </div>
   <div class='ocr_carea' id='block_1_65' title="bbox 2117 1853 3766 1926">
    <p class='ocr_par' dir='ltr' id='par_1_65' title="bbox 2117 1853 3766 1926">
     <span class='ocr_line' id='line_1_65' title="bbox 2117 1853 3766 1926; baseline -0.002 -12"><span class='ocrx_word' id='word_1_486' title='bbox 2117 1862 2251 1915; x_wconf 80' lang='lat' dir='ltr'><strong>tior.</strong></span> <span class='ocrx_word' id='word_1_487' title='bbox 2272 1862 2415 1913; x_wconf 73' lang='lat' dir='ltr'><strong>Cum</strong></span> <span class='ocrx_word' id='word_1_488' title='bbox 2439 1858 2600 1912; x_wconf 82' lang='lat' dir='ltr'><strong>enim</strong></span> <span class='ocrx_word' id='word_1_489' title='bbox 2624 1855 2876 1911; x_wconf 75' lang='lat' dir='ltr'><strong>habeam</strong></span> <span class='ocrx_word' id='word_1_490' title='bbox 2902 1853 3201 1910; x_wconf 85' lang='lat' dir='ltr'><strong>Christum</strong></span> <span class='ocrx_word' id='word_1_491' title='bbox 3227 1854 3526 1910; x_wconf 69' lang='lat' dir='ltr'><strong>caelestem</strong></span> <span class='ocrx_word' id='word_1_492' title='bbox 3545 1860 3766 1926; x_wconf 74' lang='lat' dir='ltr'><strong>regem,</strong></span> 
     </span>
    </p>
   </div>
   <div class='ocr_carea' id='block_1_66' title="bbox 2115 1944 3769 2013">
    <p class='ocr_par' dir='ltr' id='par_1_66' title="bbox 2115 1944 3769 2013">
     <span class='ocr_line' id='line_1_66' title="bbox 2115 1944 3769 2013; baseline -0.002 -10"><span class='ocrx_word' id='word_1_493' title='bbox 2115 1947 2365 2004; x_wconf 82' lang='lat' dir='ltr'><strong>insidias</strong></span> <span class='ocrx_word' id='word_1_494' title='bbox 2394 1948 2635 2002; x_wconf 84' lang='lat' dir='ltr'><strong>illorum</strong></span> <span class='ocrx_word' id='word_1_495' title='bbox 2669 1945 2942 2000; x_wconf 77' lang='lat' dir='ltr'><strong>dissolvo.</strong></span> <span class='ocrx_word' id='word_1_496' title='bbox 2976 1967 3003 1994; x_wconf 88' lang='lat'><strong><em>»</em></strong></span> <span class='ocrx_word' id='word_1_497' title='bbox 3060 1946 3136 1998; x_wconf 78' lang='lat' dir='ltr'><strong>At</strong></span> <span class='ocrx_word' id='word_1_498' title='bbox 3189 1944 3512 2013; x_wconf 80' lang='lat' dir='ltr'><strong>Trajanus:</strong></span> <span class='ocrx_word' id='word_1_499' title='bbox 3565 1965 3593 1995; x_wconf 77' lang='grc' dir='ltr'><strong>ιι</strong></span> <span class='ocrx_word' id='word_1_500' title='bbox 3625 1946 3769 2009; x_wconf 85' lang='lat' dir='ltr'><strong>Quis</strong></span> 
     </span>
    </p>
   </div>
   <div class='ocr_carea' id='block_1_67' title="bbox 2116 2033 3765 2107">
    <p class='ocr_par' dir='ltr' id='par_1_67' title="bbox 2116 2033 3765 2107">
     <span class='ocr_line' id='line_1_67' title="bbox 2116 2033 3765 2107; baseline -0.003 -14"><span class='ocrx_word' id='word_1_501' title='bbox 2116 2034 2768 2107; x_wconf 77' lang='lat' dir='ltr'><strong>est,ait,Tbeophorus?</strong></span> <span class='ocrx_word' id='word_1_502' title='bbox 2798 2050 2823 2087; x_wconf 68' lang='grc' dir='ltr'><strong>ι</strong></span> <span class='ocrx_word' id='word_1_503' title='bbox 2852 2033 3113 2106; x_wconf 79' lang='lat' dir='ltr'><strong>Ignatius</strong></span> <span class='ocrx_word' id='word_1_504' title='bbox 3143 2033 3490 2103; x_wconf 77' lang='lat' dir='ltr'><strong>respondit:</strong></span> <span class='ocrx_word' id='word_1_505' title='bbox 3524 2052 3550 2084; x_wconf 81' lang='grc' dir='ltr'><strong>ιι</strong></span> <span class='ocrx_word' id='word_1_506' title='bbox 3581 2034 3765 2105; x_wconf 79' lang='lat' dir='ltr'><strong>ls,qui</strong></span> 
     </span>
    </p>
   </div>
   <div class='ocr_carea' id='block_1_68' title="bbox 2116 2122 3770 2196">
    <p class='ocr_par' dir='ltr' id='par_1_68' title="bbox 2116 2122 3770 2196">
     <span class='ocr_line' id='line_1_68' title="bbox 2116 2122 3770 2196; baseline -0.002 -14"><span class='ocrx_word' id='word_1_507' title='bbox 2116 2128 2296 2183; x_wconf 84' lang='lat' dir='ltr'><strong>habet</strong></span> <span class='ocrx_word' id='word_1_508' title='bbox 2323 2127 2622 2181; x_wconf 83' lang='lat' dir='ltr'><strong>Christum</strong></span> <span class='ocrx_word' id='word_1_509' title='bbox 2649 2125 2712 2180; x_wconf 90' lang='lat' dir='ltr'><strong>in</strong></span> <span class='ocrx_word' id='word_1_510' title='bbox 2734 2129 2992 2196; x_wconf 85' lang='lat' dir='ltr'><strong>pectore.</strong></span> <span class='ocrx_word' id='word_1_511' title='bbox 3020 2144 3047 2172; x_wconf 83' lang='lat'><strong><em>»</em></strong></span> <span class='ocrx_word' id='word_1_512' title='bbox 3076 2125 3221 2176; x_wconf 88' lang='lat' dir='ltr'><strong>Tum</strong></span> <span class='ocrx_word' id='word_1_513' title='bbox 3250 2122 3538 2192; x_wconf 86' lang='lat' dir='ltr'><strong>Trajanus</strong></span> <span class='ocrx_word' id='word_1_514' title='bbox 3564 2139 3577 2176; x_wconf 86' lang='lat'><strong>:</strong></span> <span class='ocrx_word' id='word_1_515' title='bbox 3601 2140 3631 2172; x_wconf 79' lang='grc' dir='ltr'><strong>ιι</strong></span> <span class='ocrx_word' id='word_1_516' title='bbox 3655 2132 3770 2179; x_wconf 67' lang='lat' dir='ltr'><strong>Am</strong></span> 
     </span>
    </p>
   </div>
   <div class='ocr_carea' id='block_1_69' title="bbox 2116 2209 3767 2284">
    <p class='ocr_par' dir='ltr' id='par_1_69' title="bbox 2116 2209 3767 2284">
     <span class='ocr_line' id='line_1_69' title="bbox 2116 2209 3767 2284; baseline -0.004 -11"><span class='ocrx_word' id='word_1_517' title='bbox 2116 2234 2236 2273; x_wconf 89' lang='lat' dir='ltr'><strong>non</strong></span> <span class='ocrx_word' id='word_1_518' title='bbox 2267 2218 2537 2272; x_wconf 86' lang='lat' dir='ltr'><strong>videmur</strong></span> <span class='ocrx_word' id='word_1_519' title='bbox 2566 2213 2694 2281; x_wconf 85' lang='lat' dir='ltr'><strong>tibi,</strong></span> <span class='ocrx_word' id='word_1_520' title='bbox 2728 2212 2941 2284; x_wconf 88' lang='lat' dir='ltr'><strong>inquit,</strong></span> <span class='ocrx_word' id='word_1_521' title='bbox 2977 2216 3033 2265; x_wconf 90' lang='lat' dir='ltr'><strong>et</strong></span> <span class='ocrx_word' id='word_1_522' title='bbox 3075 2227 3185 2264; x_wconf 90' lang='lat' dir='ltr'><strong>nos</strong></span> <span class='ocrx_word' id='word_1_523' title='bbox 3214 2211 3275 2263; x_wconf 88' lang='lat' dir='ltr'><strong>in</strong></span> <span class='ocrx_word' id='word_1_524' title='bbox 3305 2209 3505 2263; x_wconf 88' lang='lat' dir='ltr'><strong>animo</strong></span> <span class='ocrx_word' id='word_1_525' title='bbox 3536 2215 3767 2281; x_wconf 82' lang='lat' dir='ltr'><strong>gestare</strong></span> 
     </span>
    </p>
   </div>
   <div class='ocr_carea' id='block_1_70' title="bbox 2114 2297 3768 2372">
    <p class='ocr_par' dir='ltr' id='par_1_70' title="bbox 2114 2297 3768 2372">
     <span class='ocr_line' id='line_1_70' title="bbox 2114 2297 3768 2372; baseline -0.004 -11"><span class='ocrx_word' id='word_1_526' title='bbox 2114 2307 2256 2360; x_wconf 90' lang='lat' dir='ltr'><strong>deos</strong></span> <span class='ocrx_word' id='word_1_527' title='bbox 2289 2310 2541 2371; x_wconf 90' lang='lat' dir='ltr'><strong>nostros,</strong></span> <span class='ocrx_word' id='word_1_528' title='bbox 2584 2301 2799 2372; x_wconf 89' lang='lat' dir='ltr'><strong>quibus</strong></span> <span class='ocrx_word' id='word_1_529' title='bbox 2854 2301 3135 2355; x_wconf 90' lang='lat' dir='ltr'><strong>adversus</strong></span> <span class='ocrx_word' id='word_1_530' title='bbox 3166 2298 3367 2351; x_wconf 84' lang='lat' dir='ltr'><strong>hostes</strong></span> <span class='ocrx_word' id='word_1_531' title='bbox 3398 2297 3768 2367; x_wconf 76' lang='lat' dir='ltr'><strong>adjutoribus</strong></span> 
     </span>
    </p>
   </div>
   <div class='ocr_carea' id='block_1_71' title="bbox 2113 2386 3761 2466">
    <p class='ocr_par' dir='ltr' id='par_1_71' title="bbox 2113 2386 3761 2466">
     <span class='ocr_line' id='line_1_71' title="bbox 2113 2386 3761 2466; baseline -0.003 -16"><span class='ocrx_word' id='word_1_532' title='bbox 2113 2396 2337 2450; x_wconf 77' lang='lat' dir='ltr'><strong>utimur</strong></span> <span class='ocrx_word' id='word_1_533' title='bbox 2355 2395 2382 2448; x_wconf 82' lang='lat'><strong>?</strong></span> <span class='ocrx_word' id='word_1_534' title='bbox 2405 2416 2432 2444; x_wconf 84' lang='lat'><strong>»</strong></span> <span class='ocrx_word' id='word_1_535' title='bbox 2460 2390 2719 2466; x_wconf 77' lang='lat' dir='ltr'><strong>Ignatius</strong></span> <span class='ocrx_word' id='word_1_536' title='bbox 2746 2390 3087 2464; x_wconf 87' lang='lat' dir='ltr'><strong>respondit:</strong></span> <span class='ocrx_word' id='word_1_537' title='bbox 3115 2414 3141 2440; x_wconf 90' lang='grc'><strong>‹‹</strong></span> <span class='ocrx_word' id='word_1_538' title='bbox 3172 2386 3474 2447; x_wconf 65' lang='lat' dir='ltr'><strong>Haemonia</strong></span> <span class='ocrx_word' id='word_1_539' title='bbox 3495 2390 3761 2463; x_wconf 79' lang='lat' dir='ltr'><strong>gentium</strong></span> 
     </span>
    </p>
   </div>
   <div class='ocr_carea' id='block_1_72' title="bbox 2112 2480 3763 2554">
    <p class='ocr_par' dir='ltr' id='par_1_72' title="bbox 2112 2480 3763 2554">
     <span class='ocr_line' id='line_1_72' title="bbox 2112 2480 3763 2554; baseline -0.001 -15"><span class='ocrx_word' id='word_1_540' title='bbox 2112 2498 2319 2539; x_wconf 86' lang='lat' dir='ltr'><strong>errans</strong></span> <span class='ocrx_word' id='word_1_541' title='bbox 2343 2498 2511 2539; x_wconf 88' lang='lat' dir='ltr'><strong>vocas</strong></span> <span class='ocrx_word' id='word_1_542' title='bbox 2535 2485 2676 2538; x_wconf 84' lang='lat' dir='ltr'><strong>deos</strong></span> <span class='ocrx_word' id='word_1_543' title='bbox 2697 2503 2709 2548; x_wconf 85' lang='lat'><strong>;</strong></span> <span class='ocrx_word' id='word_1_544' title='bbox 2737 2484 2826 2537; x_wconf 88' lang='lat' dir='ltr'><strong>est</strong></span> <span class='ocrx_word' id='word_1_545' title='bbox 2849 2483 3008 2536; x_wconf 90' lang='lat' dir='ltr'><strong>enim</strong></span> <span class='ocrx_word' id='word_1_546' title='bbox 3042 2494 3195 2535; x_wconf 88' lang='lat' dir='ltr'><strong>unus</strong></span> <span class='ocrx_word' id='word_1_547' title='bbox 3227 2480 3400 2549; x_wconf 89' lang='lat' dir='ltr'><strong>Deus,</strong></span> <span class='ocrx_word' id='word_1_548' title='bbox 3426 2482 3526 2554; x_wconf 86' lang='lat' dir='ltr'><strong>qui</strong></span> <span class='ocrx_word' id='word_1_549' title='bbox 3549 2483 3763 2538; x_wconf 68' lang='lat' dir='ltr'><strong>emtum</strong></span> 
     </span>
    </p>
   </div>
   <div class='ocr_carea' id='block_1_73' title="bbox 2113 2568 3759 2640">
    <p class='ocr_par' dir='ltr' id='par_1_73' title="bbox 2113 2568 3759 2640">
     <span class='ocr_line' id='line_1_73' title="bbox 2113 2568 3759 2640; baseline -0.001 -13"><span class='ocrx_word' id='word_1_550' title='bbox 2113 2581 2171 2627; x_wconf 89' lang='lat' dir='ltr'><strong>et</strong></span> <span class='ocrx_word' id='word_1_551' title='bbox 2202 2578 2417 2627; x_wconf 75' lang='lat' dir='ltr'><strong>terram</strong></span> <span class='ocrx_word' id='word_1_552' title='bbox 2446 2578 2505 2627; x_wconf 91' lang='lat' dir='ltr'><strong>et</strong></span> <span class='ocrx_word' id='word_1_553' title='bbox 2535 2578 2785 2627; x_wconf 65' lang='lat' dir='ltr'><strong>marcet</strong></span> <span class='ocrx_word' id='word_1_554' title='bbox 2814 2572 3016 2626; x_wconf 86' lang='lat' dir='ltr'><strong>omnia</strong></span> <span class='ocrx_word' id='word_1_555' title='bbox 3048 2586 3177 2640; x_wconf 80' lang='lat' dir='ltr'><strong>quae</strong></span> <span class='ocrx_word' id='word_1_556' title='bbox 3210 2577 3348 2625; x_wconf 88' lang='lat' dir='ltr'><strong>sunt</strong></span> <span class='ocrx_word' id='word_1_557' title='bbox 3380 2570 3440 2625; x_wconf 90' lang='lat' dir='ltr'><strong>in</strong></span> <span class='ocrx_word' id='word_1_558' title='bbox 3470 2572 3562 2637; x_wconf 88' lang='lat' dir='ltr'><strong>iis,</strong></span> <span class='ocrx_word' id='word_1_559' title='bbox 3584 2568 3759 2636; x_wconf 81' lang='lat' dir='ltr'><strong>fecit;</strong></span> 
     </span>
    </p>
   </div>
   <div class='ocr_carea' id='block_1_74' title="bbox 2113 2654 3763 2731">
    <p class='ocr_par' dir='ltr' id='par_1_74' title="bbox 2113 2654 3763 2731">
     <span class='ocr_line' id='line_1_74' title="bbox 2113 2654 3763 2731; baseline -0.001 -16"><span class='ocrx_word' id='word_1_560' title='bbox 2113 2668 2169 2716; x_wconf 91' lang='lat' dir='ltr'><strong>et</strong></span> <span class='ocrx_word' id='word_1_561' title='bbox 2195 2679 2348 2717; x_wconf 88' lang='lat' dir='ltr'><strong>unus</strong></span> <span class='ocrx_word' id='word_1_562' title='bbox 2373 2662 2638 2716; x_wconf 85' lang='lat' dir='ltr'><strong>Christus</strong></span> <span class='ocrx_word' id='word_1_563' title='bbox 2658 2663 2845 2723; x_wconf 85' lang='lat' dir='ltr'><strong>Jesus,</strong></span> <span class='ocrx_word' id='word_1_564' title='bbox 2871 2654 3053 2714; x_wconf 77' lang='lat' dir='ltr'><strong>Filius</strong></span> <span class='ocrx_word' id='word_1_565' title='bbox 3078 2660 3179 2714; x_wconf 89' lang='lat' dir='ltr'><strong>Dei</strong></span> <span class='ocrx_word' id='word_1_566' title='bbox 3207 2659 3568 2731; x_wconf 80' lang='lat' dir='ltr'><strong>unigenitus,</strong></span> <span class='ocrx_word' id='word_1_567' title='bbox 3594 2662 3763 2729; x_wconf 86' lang='lat' dir='ltr'><strong>cujus</strong></span> 
     </span>
    </p>
   </div>
   <div class='ocr_carea' id='block_1_75' title="bbox 2110 2744 3758 2821">
    <p class='ocr_par' dir='ltr' id='par_1_75' title="bbox 2110 2744 3758 2821">
     <span class='ocr_line' id='line_1_75' title="bbox 2110 2744 3758 2821; baseline -0.002 -16"><span class='ocrx_word' id='word_1_568' title='bbox 2110 2768 2290 2821; x_wconf 58' lang='lat' dir='ltr'><strong>regno</strong></span> <span class='ocrx_word' id='word_1_569' title='bbox 2313 2753 2541 2805; x_wconf 79' lang='lat' dir='ltr'><strong>utinam</strong></span> <span class='ocrx_word' id='word_1_570' title='bbox 2562 2750 2726 2803; x_wconf 83' lang='lat' dir='ltr'><strong>fruar</strong></span> <span class='ocrx_word' id='word_1_571' title='bbox 2750 2749 2762 2803; x_wconf 81' lang='grc' dir='ltr'><strong>ι</strong></span> <span class='ocrx_word' id='word_1_572' title='bbox 2786 2764 2813 2799; x_wconf 71' lang='grc'><strong>››</strong></span> <span class='ocrx_word' id='word_1_573' title='bbox 2837 2749 3123 2819; x_wconf 82' lang='lat' dir='ltr'><strong>Trajanus</strong></span> <span class='ocrx_word' id='word_1_574' title='bbox 3143 2744 3317 2803; x_wconf 83' lang='lat' dir='ltr'><strong>dixit:</strong></span> <span class='ocrx_word' id='word_1_575' title='bbox 3341 2770 3369 2798; x_wconf 82' lang='lat'>«</span> <span class='ocrx_word' id='word_1_576' title='bbox 3390 2746 3561 2804; x_wconf 87' lang='lat' dir='ltr'><strong>Illum</strong></span> <span class='ocrx_word' id='word_1_577' title='bbox 3588 2748 3758 2814; x_wconf 90' lang='lat' dir='ltr'><strong>dicis,</strong></span> 
     </span>
    </p>
   </div>
   <div class='ocr_carea' id='block_1_76' title="bbox 2110 2835 3758 2910">
    <p class='ocr_par' dir='ltr' id='par_1_76' title="bbox 2110 2835 3758 2910">
     <span class='ocr_line' id='line_1_76' title="bbox 2110 2835 3758 2910; baseline -0.001 -17"><span class='ocrx_word' id='word_1_578' title='bbox 2110 2841 2209 2910; x_wconf 86' lang='lat' dir='ltr'><strong>qui</strong></span> <span class='ocrx_word' id='word_1_579' title='bbox 2242 2840 2348 2894; x_wconf 88' lang='lat' dir='ltr'><strong>sub</strong></span> <span class='ocrx_word' id='word_1_580' title='bbox 2382 2838 2588 2893; x_wconf 84' lang='lat' dir='ltr'><strong>Pontio</strong></span> <span class='ocrx_word' id='word_1_581' title='bbox 2649 2838 2836 2893; x_wconf 85' lang='lat' dir='ltr'><strong>Pilato</strong></span> <span class='ocrx_word' id='word_1_582' title='bbox 2896 2835 3211 2893; x_wconf 81' lang='lat' dir='ltr'><strong>cruciﬁxus</strong></span> <span class='ocrx_word' id='word_1_583' title='bbox 3246 2838 3380 2891; x_wconf 80' lang='lat' dir='ltr'><strong>est?</strong></span> <span class='ocrx_word' id='word_1_584' title='bbox 3408 2862 3427 2889; x_wconf 73' lang='grc' dir='ltr'><strong>ι</strong></span> <span class='ocrx_word' id='word_1_585' title='bbox 3492 2837 3758 2909; x_wconf 79' lang='lat' dir='ltr'><strong>Ignatius</strong></span> 
     </span>
    </p>
   </div>
   <div class='ocr_carea' id='block_1_77' title="bbox 2110 2926 3757 3003">
    <p class='ocr_par' dir='ltr' id='par_1_77' title="bbox 2110 2926 3757 3003">
     <span class='ocr_line' id='line_1_77' title="bbox 2110 2926 3757 3003; baseline -0.002 -18"><span class='ocrx_word' id='word_1_586' title='bbox 2110 2930 2447 3003; x_wconf 70' lang='lat' dir='ltr'><strong>respondit:</strong></span> <span class='ocrx_word' id='word_1_587' title='bbox 2476 2952 2503 2979; x_wconf 91' lang='grc'><em>‹‹</em></span> <span class='ocrx_word' id='word_1_588' title='bbox 2526 2930 2695 2994; x_wconf 86' lang='lat' dir='ltr'><strong>Eum,</strong></span> <span class='ocrx_word' id='word_1_589' title='bbox 2720 2928 2820 3000; x_wconf 88' lang='lat' dir='ltr'><strong>qui</strong></span> <span class='ocrx_word' id='word_1_590' title='bbox 2844 2930 2904 2983; x_wconf 92' lang='lat' dir='ltr'><strong>in</strong></span> <span class='ocrx_word' id='word_1_591' title='bbox 2927 2940 3166 2983; x_wconf 86' lang='lat' dir='ltr'><strong>crucem</strong></span> <span class='ocrx_word' id='word_1_592' title='bbox 3187 2926 3425 2982; x_wconf 85' lang='lat' dir='ltr'><strong>sustulit</strong></span> <span class='ocrx_word' id='word_1_593' title='bbox 3448 2934 3757 3000; x_wconf 84' lang='lat' dir='ltr'><strong>peccatum</strong></span> 
     </span>
    </p>
   </div>
   <div class='ocr_carea' id='block_1_78' title="bbox 2107 3016 3756 3090">
    <p class='ocr_par' dir='ltr' id='par_1_78' title="bbox 2107 3016 3756 3090">
     <span class='ocr_line' id='line_1_78' title="bbox 2107 3016 3756 3090; baseline -0.002 -15"><span class='ocrx_word' id='word_1_594' title='bbox 2107 3037 2306 3075; x_wconf 90' lang='lat' dir='ltr'><strong>meum</strong></span> <span class='ocrx_word' id='word_1_595' title='bbox 2339 3035 2474 3075; x_wconf 84' lang='lat' dir='ltr'><strong>cum</strong></span> <span class='ocrx_word' id='word_1_596' title='bbox 2497 3016 2624 3090; x_wconf 85' lang='lat' dir='ltr'><strong>ejus</strong></span> <span class='ocrx_word' id='word_1_597' title='bbox 2647 3019 2974 3079; x_wconf 77' lang='lat' dir='ltr'><strong>inventore,</strong></span> <span class='ocrx_word' id='word_1_598' title='bbox 2999 3022 3059 3071; x_wconf 90' lang='lat' dir='ltr'><strong>et</strong></span> <span class='ocrx_word' id='word_1_599' title='bbox 3079 3028 3313 3072; x_wconf 87' lang='lat' dir='ltr'><strong>omnem</strong></span> <span class='ocrx_word' id='word_1_600' title='bbox 3339 3030 3598 3071; x_wconf 85' lang='lat' dir='ltr'><strong>errorem</strong></span> <span class='ocrx_word' id='word_1_601' title='bbox 3635 3017 3756 3072; x_wconf 68' lang='lat' dir='ltr'><strong>daa-</strong></span> 
     </span>
    </p>
   </div>
   <div class='ocr_carea' id='block_1_79' title="bbox 2062 3104 3758 3179">
    <p class='ocr_par' dir='ltr' id='par_1_79' title="bbox 2062 3104 3758 3179">
     <span class='ocr_line' id='line_1_79' title="bbox 2062 3104 3758 3179; baseline -0.002 -14"><span class='ocrx_word' id='word_1_602' title='bbox 2062 3136 2071 3176; x_wconf 81' lang='lat'><strong>-.</strong></span> <span class='ocrx_word' id='word_1_603' title='bbox 2106 3110 2444 3165; x_wconf 87' lang='lat' dir='ltr'><strong>moniacum</strong></span> <span class='ocrx_word' id='word_1_604' title='bbox 2476 3120 2834 3179; x_wconf 89' lang='lat' dir='ltr'><strong>omnemque</strong></span> <span class='ocrx_word' id='word_1_605' title='bbox 2866 3105 3149 3161; x_wconf 82' lang='lat' dir='ltr'><strong>malitiam</strong></span> <span class='ocrx_word' id='word_1_606' title='bbox 3183 3106 3472 3161; x_wconf 86' lang='lat' dir='ltr'><strong>damnans</strong></span> <span class='ocrx_word' id='word_1_607' title='bbox 3503 3104 3758 3176; x_wconf 84' lang='lat' dir='ltr'><strong>subjecit</strong></span> 
     </span>
    </p>
   </div>
   <div class='ocr_carea' id='block_1_80' title="bbox 2024 3153 2073 3219">
    <p class='ocr_par' dir='ltr' id='par_1_80' title="bbox 2024 3153 2073 3219">
     <span class='ocr_line' id='line_1_80' title="bbox 2024 3153 2073 3219; baseline 0 0"><span class='ocrx_word' id='word_1_608' title='bbox 2024 3153 2073 3219; x_wconf 88' lang='lat' dir='ltr'><strong>C</strong></span> 
     </span>
    </p>
   </div>
   <div class='ocr_carea' id='block_1_81' title="bbox 2103 3194 3758 3271">
    <p class='ocr_par' dir='ltr' id='par_1_81' title="bbox 2103 3194 3758 3271">
     <span class='ocr_line' id='line_1_81' title="bbox 2103 3194 3758 3271; baseline -0.003 -17"><span class='ocrx_word' id='word_1_609' title='bbox 2103 3198 2354 3271; x_wconf 88' lang='lat' dir='ltr'><strong>pedibus</strong></span> <span class='ocrx_word' id='word_1_610' title='bbox 2385 3208 2613 3266; x_wconf 86' lang='lat' dir='ltr'><strong>eorum,</strong></span> <span class='ocrx_word' id='word_1_611' title='bbox 2669 3197 2769 3267; x_wconf 87' lang='lat' dir='ltr'><strong>qui</strong></span> <span class='ocrx_word' id='word_1_612' title='bbox 2828 3198 3022 3267; x_wconf 90' lang='lat' dir='ltr'><strong>ipsum</strong></span> <span class='ocrx_word' id='word_1_613' title='bbox 3066 3196 3129 3250; x_wconf 85' lang='lat' dir='ltr'><strong>in</strong></span> <span class='ocrx_word' id='word_1_614' title='bbox 3161 3194 3334 3251; x_wconf 88' lang='lat' dir='ltr'><strong>corde</strong></span> <span class='ocrx_word' id='word_1_615' title='bbox 3361 3200 3592 3268; x_wconf 77' lang='lat' dir='ltr'><strong>gerunt.</strong></span> <span class='ocrx_word' id='word_1_616' title='bbox 3624 3217 3651 3243; x_wconf 87' lang='grc'><strong>››</strong></span> <span class='ocrx_word' id='word_1_617' title='bbox 3684 3200 3758 3250; x_wconf 85' lang='lat' dir='ltr'><strong>At</strong></span> 
     </span>
    </p>
   </div>
   <div class='ocr_carea' id='block_1_82' title="bbox 2102 3284 3754 3359">
    <p class='ocr_par' dir='ltr' id='par_1_82' title="bbox 2102 3284 3754 3359">
     <span class='ocr_line' id='line_1_82' title="bbox 2102 3284 3754 3359; baseline -0.005 -15"><span class='ocrx_word' id='word_1_618' title='bbox 2102 3286 2428 3359; x_wconf 87' lang='lat' dir='ltr'><strong>Trajanus:</strong></span> <span class='ocrx_word' id='word_1_619' title='bbox 2463 3308 2489 3337; x_wconf 71' lang='grc' dir='ltr'>(ι</span> <span class='ocrx_word' id='word_1_620' title='bbox 2528 3292 2688 3358; x_wconf 75' lang='lat' dir='ltr'><strong>Ergo.</strong></span> <span class='ocrx_word' id='word_1_621' title='bbox 2723 3287 2824 3353; x_wconf 85' lang='lat' dir='ltr'><strong>ait,</strong></span> <span class='ocrx_word' id='word_1_622' title='bbox 2858 3284 3013 3358; x_wconf 83' lang='lat' dir='ltr'><strong>geris</strong></span> <span class='ocrx_word' id='word_1_623' title='bbox 3068 3286 3132 3340; x_wconf 91' lang='lat' dir='ltr'><strong>in</strong></span> <span class='ocrx_word' id='word_1_624' title='bbox 3184 3291 3241 3339; x_wconf 86' lang='lat' dir='ltr'><strong>te</strong></span> <span class='ocrx_word' id='word_1_625' title='bbox 3300 3284 3693 3339; x_wconf 70' lang='lat' dir='ltr'><strong>crucifixum?</strong></span> <span class='ocrx_word' id='word_1_626' title='bbox 3725 3305 3754 3334; x_wconf 84' lang='lat'>»</span> 
     </span>
    </p>
   </div>
   <div class='ocr_carea' id='block_1_83' title="bbox 2105 3370 3759 3450">
    <p class='ocr_par' dir='ltr' id='par_1_83' title="bbox 2105 3370 3759 3450">
     <span class='ocr_line' id='line_1_83' title="bbox 2105 3370 3759 3450; baseline -0.002 -18"><span class='ocrx_word' id='word_1_627' title='bbox 2105 3372 2364 3450; x_wconf 84' lang='lat' dir='ltr'><strong>lgnatius</strong></span> <span class='ocrx_word' id='word_1_628' title='bbox 2390 3370 2730 3448; x_wconf 83' lang='lat' dir='ltr'><strong>respondit:</strong></span> <span class='ocrx_word' id='word_1_629' title='bbox 2758 3392 2782 3417; x_wconf 75' lang='grc' dir='ltr'>«ι</span> <span class='ocrx_word' id='word_1_630' title='bbox 2809 3378 2929 3430; x_wconf 91' lang='lat' dir='ltr'><strong>Imo</strong></span> <span class='ocrx_word' id='word_1_631' title='bbox 2956 3394 2969 3441; x_wconf 90' lang='lat'><strong>;</strong></span> <span class='ocrx_word' id='word_1_632' title='bbox 2995 3370 3281 3446; x_wconf 84' lang='lat' dir='ltr'><strong>scriptum</strong></span> <span class='ocrx_word' id='word_1_633' title='bbox 3307 3375 3463 3429; x_wconf 85' lang='lat' dir='ltr'><strong>enim</strong></span> <span class='ocrx_word' id='word_1_634' title='bbox 3491 3379 3579 3429; x_wconf 84' lang='lat' dir='ltr'><strong>est</strong></span> <span class='ocrx_word' id='word_1_635' title='bbox 3602 3382 3614 3426; x_wconf 71' lang='grc' dir='ltr'>ξ</span> <span class='ocrx_word' id='word_1_636' title='bbox 3648 3374 3759 3429; x_wconf 90' lang='lat' dir='ltr'><strong>Ha-</strong></span> 
     </span>
    </p>
   </div>
   <div class='ocr_carea' id='block_1_84' title="bbox 2105 3465 3755 3534">
    <p class='ocr_par' dir='ltr' id='par_1_84' title="bbox 2105 3465 3755 3534">
     <span class='ocr_line' id='line_1_84' title="bbox 2105 3465 3755 3534; baseline -0.003 -11"><span class='ocrx_word' id='word_1_637' title='bbox 2105 3470 2288 3523; x_wconf 71' lang='grc' dir='ltr'><strong>Μίαὸο</strong></span> <span class='ocrx_word' id='word_1_638' title='bbox 2319 3476 2370 3522; x_wconf 76' lang='lat' dir='ltr'><strong>et</strong></span> <span class='ocrx_word' id='word_1_639' title='bbox 2401 3466 2691 3521; x_wconf 86' lang='lat' dir='ltr'><strong>ambulabo</strong></span> <span class='ocrx_word' id='word_1_640' title='bbox 2731 3468 2876 3520; x_wconf 80' lang='lat' dir='ltr'><strong>inter</strong></span> <span class='ocrx_word' id='word_1_641' title='bbox 2920 3481 3010 3520; x_wconf 87' lang='lat' dir='ltr'><strong>eos</strong></span> <span class='ocrx_word' id='word_1_642' title='bbox 3030 3465 3098 3520; x_wconf 70' lang='lat'><strong>3&#39;.</strong></span> <span class='ocrx_word' id='word_1_643' title='bbox 3139 3487 3158 3513; x_wconf 83' lang='lat'><em>»</em></span> <span class='ocrx_word' id='word_1_644' title='bbox 3195 3466 3481 3534; x_wconf 85' lang='lat' dir='ltr'><strong>Trajanus</strong></span> <span class='ocrx_word' id='word_1_645' title='bbox 3512 3470 3755 3518; x_wconf 84' lang='lat' dir='ltr'><strong>senten-</strong></span> 
     </span>
    </p>
   </div>
   <div class='ocr_carea' id='block_1_85' title="bbox 2102 3552 3754 3627">
    <p class='ocr_par' dir='ltr' id='par_1_85' title="bbox 2102 3552 3754 3627">
     <span class='ocr_line' id='line_1_85' title="bbox 2102 3552 3754 3627; baseline -0.004 -15"><span class='ocrx_word' id='word_1_646' title='bbox 2102 3558 2246 3612; x_wconf 87' lang='lat' dir='ltr'><strong>tiam</strong></span> <span class='ocrx_word' id='word_1_647' title='bbox 2281 3556 2447 3611; x_wconf 89' lang='lat' dir='ltr'><strong>tulit:</strong></span> <span class='ocrx_word' id='word_1_648' title='bbox 2490 3578 2511 3607; x_wconf 75' lang='grc' dir='ltr'><strong>α</strong></span> <span class='ocrx_word' id='word_1_649' title='bbox 2543 3556 2857 3627; x_wconf 85' lang='lat' dir='ltr'><strong>lgnatium,</strong></span> <span class='ocrx_word' id='word_1_650' title='bbox 2890 3554 2989 3624; x_wconf 90' lang='lat' dir='ltr'><strong>qui</strong></span> <span class='ocrx_word' id='word_1_651' title='bbox 3022 3553 3083 3607; x_wconf 90' lang='lat' dir='ltr'><strong>in</strong></span> <span class='ocrx_word' id='word_1_652' title='bbox 3109 3569 3171 3607; x_wconf 91' lang='lat' dir='ltr'><strong>se</strong></span> <span class='ocrx_word' id='word_1_653' title='bbox 3203 3552 3331 3621; x_wconf 91' lang='lat' dir='ltr'><strong>ipso</strong></span> <span class='ocrx_word' id='word_1_654' title='bbox 3372 3552 3754 3606; x_wconf 82' lang='lat' dir='ltr'><strong>circumferre</strong></span> 
     </span>
    </p>
   </div>
   <div class='ocr_carea' id='block_1_86' title="bbox 2102 3640 3751 3713">
    <p class='ocr_par' dir='ltr' id='par_1_86' title="bbox 2102 3640 3751 3713">
     <span class='ocr_line' id='line_1_86' title="bbox 2102 3640 3751 3713; baseline -0.007 -9"><span class='ocrx_word' id='word_1_655' title='bbox 2102 3647 2453 3704; x_wconf 71' lang='lat' dir='ltr'><strong>crucifixum</strong></span> <span class='ocrx_word' id='word_1_656' title='bbox 2485 3644 2814 3712; x_wconf 86' lang='lat' dir='ltr'><strong>contendit,</strong></span> <span class='ocrx_word' id='word_1_657' title='bbox 2830 3642 3123 3713; x_wconf 84' lang='lat' dir='ltr'><strong>jussimus</strong></span> <span class='ocrx_word' id='word_1_658' title='bbox 3152 3640 3215 3694; x_wconf 89' lang='lat' dir='ltr'><strong>in</strong></span> <span class='ocrx_word' id='word_1_659' title='bbox 3243 3640 3477 3694; x_wconf 87' lang='lat' dir='ltr'><strong>vincula</strong></span> <span class='ocrx_word' id='word_1_660' title='bbox 3497 3656 3531 3694; x_wconf 87' lang='lat' dir='ltr'><strong>a</strong></span> <span class='ocrx_word' id='word_1_661' title='bbox 3555 3640 3751 3693; x_wconf 88' lang='lat' dir='ltr'><strong>militi-</strong></span> 
     </span>
    </p>
   </div>
   <div class='ocr_carea' id='block_1_87' title="bbox 2102 3729 3755 3807">
    <p class='ocr_par' dir='ltr' id='par_1_87' title="bbox 2102 3729 3755 3807">
     <span class='ocr_line' id='line_1_87' title="bbox 2102 3729 3755 3807; baseline -0.004 -18"><span class='ocrx_word' id='word_1_662' title='bbox 2102 3736 2212 3789; x_wconf 86' lang='lat' dir='ltr'><strong>bus</strong></span> <span class='ocrx_word' id='word_1_663' title='bbox 2242 3736 2577 3807; x_wconf 83' lang='lat' dir='ltr'><strong>conjectum</strong></span> <span class='ocrx_word' id='word_1_664' title='bbox 2613 3732 2825 3789; x_wconf 74' lang='lat' dir='ltr'><strong>abduci</strong></span> <span class='ocrx_word' id='word_1_665' title='bbox 2856 3733 3101 3786; x_wconf 83' lang='lat' dir='ltr'><strong>Romam</strong></span> <span class='ocrx_word' id='word_1_666' title='bbox 3122 3745 3415 3800; x_wconf 80' lang='lat' dir='ltr'><strong>magnam,</strong></span> <span class='ocrx_word' id='word_1_667' title='bbox 3448 3733 3513 3782; x_wconf 88' lang='lat' dir='ltr'><strong>ut</strong></span> <span class='ocrx_word' id='word_1_668' title='bbox 3542 3729 3620 3783; x_wconf 88' lang='lat' dir='ltr'><strong>sit</strong></span> <span class='ocrx_word' id='word_1_669' title='bbox 3650 3744 3755 3799; x_wconf 85' lang='lat' dir='ltr'><strong>pa-</strong></span> 
     </span>
    </p>
   </div>
   <div class='ocr_carea' id='block_1_88' title="bbox 2104 3817 3749 3889">
    <p class='ocr_par' dir='ltr' id='par_1_88' title="bbox 2104 3817 3749 3889">
     <span class='ocr_line' id='line_1_88' title="bbox 2104 3817 3749 3889; baseline -0.005 -11"><span class='ocrx_word' id='word_1_670' title='bbox 2104 3826 2227 3879; x_wconf 81' lang='lat' dir='ltr'><strong>stus</strong></span> <span class='ocrx_word' id='word_1_671' title='bbox 2276 3823 2536 3877; x_wconf 80' lang='lat' dir='ltr'><strong>ferarum</strong></span> <span class='ocrx_word' id='word_1_672' title='bbox 2583 3823 2656 3877; x_wconf 89' lang='lat' dir='ltr'><strong>ad</strong></span> <span class='ocrx_word' id='word_1_673' title='bbox 2686 3819 3141 3875; x_wconf 85' lang='lat' dir='ltr'><strong>delectationem</strong></span> <span class='ocrx_word' id='word_1_674' title='bbox 3173 3818 3395 3889; x_wconf 89' lang='lat' dir='ltr'><strong>populi.</strong></span> <span class='ocrx_word' id='word_1_675' title='bbox 3433 3840 3461 3866; x_wconf 86' lang='grc'><strong>››</strong></span> <span class='ocrx_word' id='word_1_676' title='bbox 3492 3817 3749 3871; x_wconf 90' lang='lat' dir='ltr'><strong>Senten-</strong></span> 
     </span>
    </p>
   </div>
   <div class='ocr_carea' id='block_1_89' title="bbox 2105 3906 3755 3978">
    <p class='ocr_par' dir='ltr' id='par_1_89' title="bbox 2105 3906 3755 3978">
     <span class='ocr_line' id='line_1_89' title="bbox 2105 3906 3755 3978; baseline -0.002 -12"><span class='ocrx_word' id='word_1_677' title='bbox 2105 3913 2246 3968; x_wconf 79' lang='lat' dir='ltr'><strong>tiam</strong></span> <span class='ocrx_word' id='word_1_678' title='bbox 2279 3914 2432 3967; x_wconf 86' lang='lat' dir='ltr'><strong>hanc</strong></span> <span class='ocrx_word' id='word_1_679' title='bbox 2462 3924 2597 3967; x_wconf 89' lang='lat' dir='ltr'><strong>cum</strong></span> <span class='ocrx_word' id='word_1_680' title='bbox 2630 3916 2872 3967; x_wconf 85' lang='lat' dir='ltr'><strong>sanctus</strong></span> <span class='ocrx_word' id='word_1_681' title='bbox 2902 3914 3129 3978; x_wconf 79' lang='lat' dir='ltr'><strong>martyr</strong></span> <span class='ocrx_word' id='word_1_682' title='bbox 3153 3906 3435 3973; x_wconf 74' lang='lat' dir='ltr'><strong>audisset,</strong></span> <span class='ocrx_word' id='word_1_683' title='bbox 3465 3921 3586 3977; x_wconf 69' lang='lat' dir='ltr'><strong>prie</strong></span> <span class='ocrx_word' id='word_1_684' title='bbox 3610 3921 3755 3977; x_wconf 77' lang='lat' dir='ltr'><strong>gau-</strong></span> 
     </span>
    </p>
   </div>
   <div class='ocr_carea' id='block_1_90' title="bbox 2102 3994 3755 4067">
    <p class='ocr_par' dir='ltr' id='par_1_90' title="bbox 2102 3994 3755 4067">
     <span class='ocr_line' id='line_1_90' title="bbox 2102 3994 3755 4067; baseline -0.004 -10"><span class='ocrx_word' id='word_1_685' title='bbox 2102 4002 2200 4057; x_wconf 92' lang='lat' dir='ltr'><strong>dio</strong></span> <span class='ocrx_word' id='word_1_686' title='bbox 2232 4001 2623 4057; x_wconf 76' lang='lat' dir='ltr'><strong>exclamavit:</strong></span> <span class='ocrx_word' id='word_1_687' title='bbox 2666 4016 2688 4051; x_wconf 73' lang='grc' dir='ltr'><strong>ο</strong></span> <span class='ocrx_word' id='word_1_688' title='bbox 2720 3998 2945 4053; x_wconf 77' lang='lat' dir='ltr'><strong>Gratias</strong></span> <span class='ocrx_word' id='word_1_689' title='bbox 2995 3997 3099 4050; x_wconf 90' lang='lat' dir='ltr'><strong>tibi</strong></span> <span class='ocrx_word' id='word_1_690' title='bbox 3149 4006 3277 4067; x_wconf 76' lang='lat' dir='ltr'><strong>ego,</strong></span> <span class='ocrx_word' id='word_1_691' title='bbox 3313 3994 3579 4059; x_wconf 72' lang='lat' dir='ltr'><strong>Domine.</strong></span> <span class='ocrx_word' id='word_1_692' title='bbox 3613 3995 3755 4065; x_wconf 87' lang='lat' dir='ltr'><strong>quia</strong></span> 
     </span>
    </p>
   </div>
   <div class='ocr_carea' id='block_1_91' title="bbox 2100 4085 3749 4162">
    <p class='ocr_par' dir='ltr' id='par_1_91' title="bbox 2100 4085 3749 4162">
     <span class='ocr_line' id='line_1_91' title="bbox 2100 4085 3749 4162; baseline -0.005 -16"><span class='ocrx_word' id='word_1_693' title='bbox 2100 4107 2195 4146; x_wconf 89' lang='lat' dir='ltr'><strong>me</strong></span> <span class='ocrx_word' id='word_1_694' title='bbox 2221 4087 2480 4162; x_wconf 77' lang='lat' dir='ltr'><strong>perfecta</strong></span> <span class='ocrx_word' id='word_1_695' title='bbox 2502 4098 2637 4159; x_wconf 75' lang='lat' dir='ltr'><strong>erga</strong></span> <span class='ocrx_word' id='word_1_696' title='bbox 2657 4094 2713 4143; x_wconf 83' lang='lat' dir='ltr'><strong>te</strong></span> <span class='ocrx_word' id='word_1_697' title='bbox 2732 4087 3017 4142; x_wconf 87' lang='lat' dir='ltr'><strong>charitate</strong></span> <span class='ocrx_word' id='word_1_698' title='bbox 3040 4086 3334 4141; x_wconf 85' lang='lat' dir='ltr'><strong>honorare</strong></span> <span class='ocrx_word' id='word_1_699' title='bbox 3366 4085 3642 4155; x_wconf 77' lang='lat' dir='ltr'><strong>dignatus</strong></span> <span class='ocrx_word' id='word_1_700' title='bbox 3666 4100 3749 4153; x_wconf 84' lang='lat' dir='ltr'><strong>es,</strong></span> 
     </span>
    </p>
   </div>
   <div class='ocr_carea' id='block_1_92' title="bbox 2101 4171 3752 4251">
    <p class='ocr_par' dir='ltr' id='par_1_92' title="bbox 2101 4171 3752 4251">
     <span class='ocr_line' id='line_1_92' title="bbox 2101 4171 3752 4251; baseline -0.004 -17"><span class='ocrx_word' id='word_1_701' title='bbox 2101 4181 2201 4251; x_wconf 89' lang='lat' dir='ltr'><strong>qui</strong></span> <span class='ocrx_word' id='word_1_702' title='bbox 2236 4194 2327 4233; x_wconf 89' lang='lat' dir='ltr'><strong>me</strong></span> <span class='ocrx_word' id='word_1_703' title='bbox 2358 4191 2493 4234; x_wconf 89' lang='lat' dir='ltr'><strong>cum</strong></span> <span class='ocrx_word' id='word_1_704' title='bbox 2525 4177 2791 4248; x_wconf 87' lang='lat' dir='ltr'><strong>apostolo</strong></span> <span class='ocrx_word' id='word_1_705' title='bbox 2816 4183 2915 4230; x_wconf 89' lang='lat' dir='ltr'><strong>tuo</strong></span> <span class='ocrx_word' id='word_1_706' title='bbox 2947 4175 3127 4229; x_wconf 90' lang='lat' dir='ltr'><strong>Paulo</strong></span> <span class='ocrx_word' id='word_1_707' title='bbox 3178 4174 3240 4228; x_wconf 87' lang='lat' dir='ltr'><strong>in</strong></span> <span class='ocrx_word' id='word_1_708' title='bbox 3297 4174 3488 4227; x_wconf 87' lang='lat' dir='ltr'><strong>ferrea</strong></span> <span class='ocrx_word' id='word_1_709' title='bbox 3517 4171 3752 4227; x_wconf 86' lang='lat' dir='ltr'><strong>vincula</strong></span> 
     </span>
    </p>
   </div>
   <div class='ocr_carea' id='block_1_93' title="bbox 2101 4262 3748 4339">
    <p class='ocr_par' dir='ltr' id='par_1_93' title="bbox 2101 4262 3748 4339">
     <span class='ocr_line' id='line_1_93' title="bbox 2101 4262 3748 4339; baseline -0.005 -15"><span class='ocrx_word' id='word_1_710' title='bbox 2101 4269 2490 4339; x_wconf 73' lang='lat' dir='ltr'><strong>conjeceris.»</strong></span> <span class='ocrx_word' id='word_1_711' title='bbox 2524 4268 2657 4321; x_wconf 71' lang='lat' dir='ltr'><strong>limo</strong></span> <span class='ocrx_word' id='word_1_712' title='bbox 2679 4276 2812 4320; x_wconf 89' lang='lat' dir='ltr'><strong>cum</strong></span> <span class='ocrx_word' id='word_1_713' title='bbox 2839 4265 3102 4331; x_wconf 78' lang='lat' dir='ltr'><strong>dixisset,</strong></span> <span class='ocrx_word' id='word_1_714' title='bbox 3125 4269 3184 4318; x_wconf 89' lang='lat' dir='ltr'><strong>et</strong></span> <span class='ocrx_word' id='word_1_715' title='bbox 3202 4262 3377 4316; x_wconf 86' lang='lat' dir='ltr'><strong>hilari</strong></span> <span class='ocrx_word' id='word_1_716' title='bbox 3400 4262 3599 4317; x_wconf 85' lang='lat' dir='ltr'><strong>animo</strong></span> <span class='ocrx_word' id='word_1_717' title='bbox 3623 4262 3748 4315; x_wconf 82' lang='lat' dir='ltr'><strong>vin-</strong></span> 
     </span>
    </p>
   </div>
   <div class='ocr_carea' id='block_1_94' title="bbox 2100 4351 3751 4427">
    <p class='ocr_par' dir='ltr' id='par_1_94' title="bbox 2100 4351 3751 4427">
     <span class='ocr_line' id='line_1_94' title="bbox 2100 4351 3751 4427; baseline -0.004 -15"><span class='ocrx_word' id='word_1_718' title='bbox 2100 4359 2233 4413; x_wconf 86' lang='lat' dir='ltr'><strong>cula</strong></span> <span class='ocrx_word' id='word_1_719' title='bbox 2265 4357 2640 4427; x_wconf 86' lang='lat' dir='ltr'><strong>suscepisset,</strong></span> <span class='ocrx_word' id='word_1_720' title='bbox 2671 4368 2923 4424; x_wconf 82' lang='lat' dir='ltr'><strong>cumque</strong></span> <span class='ocrx_word' id='word_1_721' title='bbox 2956 4354 3119 4425; x_wconf 85' lang='lat' dir='ltr'><strong>prius</strong></span> <span class='ocrx_word' id='word_1_722' title='bbox 3152 4357 3379 4407; x_wconf 85' lang='lat' dir='ltr'><strong>orasset</strong></span> <span class='ocrx_word' id='word_1_723' title='bbox 3412 4368 3517 4423; x_wconf 88' lang='lat' dir='ltr'><strong>pro</strong></span> <span class='ocrx_word' id='word_1_724' title='bbox 3550 4351 3751 4406; x_wconf 60' lang='lat' dir='ltr'><strong>Ecclaa</strong></span> 
     </span>
    </p>
   </div>
   <div class='ocr_carea' id='block_1_95' title="bbox 2102 4440 3747 4514">
    <p class='ocr_par' dir='ltr' id='par_1_95' title="bbox 2102 4440 3747 4514">
     <span class='ocr_line' id='line_1_95' title="bbox 2102 4440 3747 4514; baseline -0.004 -13"><span class='ocrx_word' id='word_1_725' title='bbox 2102 4448 2207 4514; x_wconf 83' lang='lat' dir='ltr'><strong>sia,</strong></span> <span class='ocrx_word' id='word_1_726' title='bbox 2243 4452 2297 4501; x_wconf 84' lang='lat' dir='ltr'><strong>et</strong></span> <span class='ocrx_word' id='word_1_727' title='bbox 2330 4456 2459 4501; x_wconf 83' lang='lat' dir='ltr'><strong>eam</strong></span> <span class='ocrx_word' id='word_1_728' title='bbox 2491 4460 2621 4500; x_wconf 86' lang='lat' dir='ltr'><strong>cum</strong></span> <span class='ocrx_word' id='word_1_729' title='bbox 2658 4444 2936 4514; x_wconf 81' lang='lat' dir='ltr'><strong>lacrymis</strong></span> <span class='ocrx_word' id='word_1_730' title='bbox 2971 4444 3217 4497; x_wconf 83' lang='lat' dir='ltr'><strong>Domino</strong></span> <span class='ocrx_word' id='word_1_731' title='bbox 3250 4440 3747 4507; x_wconf 82' lang='lat' dir='ltr'><strong>commendasset,</strong></span> 
     </span>
    </p>
   </div>
   <div class='ocr_carea' id='block_1_96' title="bbox 328 4521 1996 4605">
    <p class='ocr_par' dir='ltr' id='par_1_96' title="bbox 328 4521 1988 4605">
     <span class='ocr_line' id='line_1_96' title="bbox 328 4521 1988 4605; baseline 0.007 -30"><span class='ocrx_word' id='word_1_732' title='bbox 328 4521 470 4593; x_wconf 78' lang='grc' dir='ltr'>πὼν,</span> <span class='ocrx_word' id='word_1_733' title='bbox 528 4525 619 4577; x_wconf 81' lang='grc' dir='ltr'><strong>καὶ</strong></span> <span class='ocrx_word' id='word_1_734' title='bbox 673 4527 787 4596; x_wconf 81' lang='grc' dir='ltr'>μετ’</span> <span class='ocrx_word' id='word_1_735' title='bbox 857 4524 1191 4601; x_wconf 65' lang='grc' dir='ltr'>εὐφροσόνης</span> <span class='ocrx_word' id='word_1_736' title='bbox 1265 4528 1619 4605; x_wconf 56' lang='grc' dir='ltr'>περιθέμενος</span> <span class='ocrx_word' id='word_1_737' title='bbox 1676 4532 1741 4587; x_wconf 73' lang='grc' dir='ltr'><strong>τά</strong></span> <span class='ocrx_word' id='word_1_738' title='bbox 1795 4530 1988 4605; x_wconf 75' lang='grc' dir='ltr'>δεσμά,</span> 
     </span>
    </p>
   </div>
   <div class='ocr_carea' id='block_1_97' title="bbox 2109 4521 3746 4605">
    <p class='ocr_par' dir='ltr' id='par_1_97' title="bbox 2109 4531 3746 4604">
     <span class='ocr_line' id='line_1_97' title="bbox 2109 4531 3746 4604; baseline -0.004 -14"><span class='ocrx_word' id='word_1_739' title='bbox 2109 4538 2287 4590; x_wconf 74' lang='lat' dir='ltr'><strong>instar</strong></span> <span class='ocrx_word' id='word_1_740' title='bbox 2316 4536 2519 4589; x_wconf 72' lang='lat' dir='ltr'><strong>arietis</strong></span> <span class='ocrx_word' id='word_1_741' title='bbox 2542 4534 2811 4604; x_wconf 68' lang='lat' dir='ltr'><strong>insignis.</strong></span> <span class='ocrx_word' id='word_1_742' title='bbox 2838 4533 2936 4603; x_wconf 87' lang='lat' dir='ltr'><strong>qui</strong></span> <span class='ocrx_word' id='word_1_743' title='bbox 2965 4532 3265 4604; x_wconf 78' lang='lat' dir='ltr'><strong>egregium</strong></span> <span class='ocrx_word' id='word_1_744' title='bbox 3296 4542 3531 4603; x_wconf 70' lang='lat' dir='ltr'><strong>gregem</strong></span> <span class='ocrx_word' id='word_1_745' title='bbox 3560 4531 3746 4594; x_wconf 82' lang='lat' dir='ltr'><strong>ducit.</strong></span> 
     </span>
    </p>
   </div>
   <div class='ocr_carea' id='block_1_98' title="bbox 330 4610 1985 4693">
    <p class='ocr_par' dir='ltr' id='par_1_98' title="bbox 330 4610 1985 4693">
     <span class='ocr_line' id='line_1_98' title="bbox 330 4610 1985 4693; baseline 0.007 -29"><span class='ocrx_word' id='word_1_746' title='bbox 330 4610 691 4684; x_wconf 76' lang='grc' dir='ltr'>ἐπευξάμενος</span> <span class='ocrx_word' id='word_1_747' title='bbox 754 4616 1022 4690; x_wconf 80' lang='grc' dir='ltr'>πρότερον</span> <span class='ocrx_word' id='word_1_748' title='bbox 1091 4622 1158 4692; x_wconf 80' lang='grc' dir='ltr'><strong>τῇ</strong></span> <span class='ocrx_word' id='word_1_749' title='bbox 1224 4620 1551 4691; x_wconf 75' lang='grc' dir='ltr'>Ἐκκλησία,</span> <span class='ocrx_word' id='word_1_750' title='bbox 1630 4623 1718 4676; x_wconf 74' lang='grc' dir='ltr'><strong>καί</strong></span> <span class='ocrx_word' id='word_1_751' title='bbox 1784 4623 1985 4693; x_wconf 74' lang='grc' dir='ltr'>ταύτην</span> 
     </span>
    </p>
   </div>
   <div class='ocr_carea' id='block_1_99' title="bbox 329 4700 1990 4785">
    <p class='ocr_par' dir='ltr' id='par_1_99' title="bbox 329 4700 1990 4785">
     <span class='ocr_line' id='line_1_99' title="bbox 329 4700 1990 4785; baseline 0.007 -32"><span class='ocrx_word' id='word_1_752' title='bbox 329 4700 701 4774; x_wconf 71' lang='grc' dir='ltr'>παραθέμενος</span> <span class='ocrx_word' id='word_1_753' title='bbox 764 4705 896 4775; x_wconf 82' lang='grc' dir='ltr'>μετᾶ</span> <span class='ocrx_word' id='word_1_754' title='bbox 951 4703 1196 4777; x_wconf 76' lang='grc' dir='ltr'>δαγρύων</span> <span class='ocrx_word' id='word_1_755' title='bbox 1247 4712 1327 4779; x_wconf 80' lang='grc' dir='ltr'>τῷ</span> <span class='ocrx_word' id='word_1_756' title='bbox 1384 4710 1591 4783; x_wconf 82' lang='grc' dir='ltr'>Κυρίῳ,</span> <span class='ocrx_word' id='word_1_757' title='bbox 1625 4708 1808 4785; x_wconf 85' lang='grc' dir='ltr'>ὥσπερ</span> <span class='ocrx_word' id='word_1_758' title='bbox 1837 4712 1990 4783; x_wconf 88' lang='grc' dir='ltr'>κριὸς</span> 
     </span>
    </p>
   </div>
   <div class='ocr_carea' id='block_1_100' title="bbox 2096 4618 3746 4691">
    <p class='ocr_par' dir='ltr' id='par_1_100' title="bbox 2096 4618 3746 4691">
     <span class='ocr_line' id='line_1_100' title="bbox 2096 4618 3746 4691; baseline -0.003 -13"><span class='ocrx_word' id='word_1_759' title='bbox 2096 4625 2289 4679; x_wconf 84' lang='lat' dir='ltr'><strong>ferina</strong></span> <span class='ocrx_word' id='word_1_760' title='bbox 2313 4630 2368 4678; x_wconf 90' lang='lat' dir='ltr'><strong>et</strong></span> <span class='ocrx_word' id='word_1_761' title='bbox 2389 4624 2631 4678; x_wconf 86' lang='lat' dir='ltr'><strong>militari</strong></span> <span class='ocrx_word' id='word_1_762' title='bbox 2650 4622 2970 4677; x_wconf 82' lang='lat' dir='ltr'><strong>acerbitate</strong></span> <span class='ocrx_word' id='word_1_763' title='bbox 2994 4627 3299 4691; x_wconf 85' lang='lat' dir='ltr'><strong>correptus</strong></span> <span class='ocrx_word' id='word_1_764' title='bbox 3321 4623 3425 4685; x_wconf 70' lang='lat' dir='ltr'><strong>est.</strong></span> <span class='ocrx_word' id='word_1_765' title='bbox 3451 4618 3746 4676; x_wconf 83' lang='lat' dir='ltr'><strong>abducen-</strong></span> 
     </span>
    </p>
   </div>
   <div class='ocr_carea' id='block_1_101' title="bbox 2098 4709 3576 4782">
    <p class='ocr_par' dir='ltr' id='par_1_101' title="bbox 2098 4709 3576 4782">
     <span class='ocr_line' id='line_1_101' title="bbox 2098 4709 3576 4782; baseline -0.004 -16"><span class='ocrx_word' id='word_1_766' title='bbox 2098 4713 2208 4768; x_wconf 89' lang='lat' dir='ltr'><strong>dus</strong></span> <span class='ocrx_word' id='word_1_767' title='bbox 2241 4716 2484 4768; x_wconf 80' lang='lat' dir='ltr'><strong>Romam</strong></span> <span class='ocrx_word' id='word_1_768' title='bbox 2516 4712 2589 4766; x_wconf 91' lang='lat' dir='ltr'><strong>ad</strong></span> <span class='ocrx_word' id='word_1_769' title='bbox 2617 4717 2851 4782; x_wconf 90' lang='lat' dir='ltr'><strong>pastum</strong></span> <span class='ocrx_word' id='word_1_770' title='bbox 2883 4718 3265 4765; x_wconf 86' lang='lat' dir='ltr'><strong>cruentarum</strong></span> <span class='ocrx_word' id='word_1_771' title='bbox 3295 4709 3576 4763; x_wconf 86' lang='lat' dir='ltr'><strong>ferarum.</strong></span> 
     </span>
    </p>
   </div>
   <div class='ocr_carea' id='block_1_102' title="bbox 328 4786 3739 4875">
    <p class='ocr_par' dir='ltr' id='par_1_102' title="bbox 328 4786 3739 4875">
     <span class='ocr_line' id='line_1_102' title="bbox 328 4786 3739 4875; baseline 0.001 -31"><span class='ocrx_word' id='word_1_772' title='bbox 328 4786 621 4875; x_wconf 47' lang='grc' dir='ltr'>ἐπίσημος,</span> <span class='ocrx_word' id='word_1_773' title='bbox 657 4790 859 4867; x_wconf 80' lang='grc' dir='ltr'>ἀγέλης</span> <span class='ocrx_word' id='word_1_774' title='bbox 887 4793 1064 4864; x_wconf 73' lang='grc' dir='ltr'>καλῆς</span> <span class='ocrx_word' id='word_1_775' title='bbox 1110 4798 1435 4870; x_wconf 69' lang='grc' dir='ltr'>ἡγούμενος,</span> <span class='ocrx_word' id='word_1_776' title='bbox 1480 4799 1581 4854; x_wconf 87' lang='grc' dir='ltr'>ὑπὸ</span> <span class='ocrx_word' id='word_1_777' title='bbox 1640 4798 1950 4870; x_wconf 76' lang='grc' dir='ltr'>θηριώδους</span> <span class='ocrx_word' id='word_1_778' title='bbox 2008 4807 2401 4875; x_wconf 80' lang='grc' dir='ltr'>στρατιωτικῆς</span> <span class='ocrx_word' id='word_1_779' title='bbox 2462 4798 2772 4868; x_wconf 86' lang='grc' dir='ltr'>δεινότητος</span> <span class='ocrx_word' id='word_1_780' title='bbox 2827 4797 3227 4869; x_wconf 83' lang='grc' dir='ltr'>συνηρπάζετο,</span> <span class='ocrx_word' id='word_1_781' title='bbox 3289 4796 3507 4868; x_wconf 63' lang='grc' dir='ltr'>θηρίοις</span> <span class='ocrx_word' id='word_1_782' title='bbox 3569 4794 3739 4865; x_wconf 74' lang='grc' dir='ltr'>αἱμο-</span> 
     </span>
    </p>
   </div>
   <div class='ocr_carea' id='block_1_103' title="bbox 330 4870 1904 4965">
    <p class='ocr_par' dir='ltr' id='par_1_103' title="bbox 330 4870 1904 4965">
     <span class='ocr_line' id='line_1_103' title="bbox 330 4870 1904 4965; baseline 0.01 -35"><span class='ocrx_word' id='word_1_783' title='bbox 330 4870 519 4952; x_wconf 76' lang='grc' dir='ltr'>6όροις</span> <span class='ocrx_word' id='word_1_784' title='bbox 552 4878 637 4934; x_wconf 78' lang='grc' dir='ltr'><strong>ἐπὶ</strong></span> <span class='ocrx_word' id='word_1_785' title='bbox 672 4882 769 4949; x_wconf 83' lang='grc' dir='ltr'>τήν</span> <span class='ocrx_word' id='word_1_786' title='bbox 801 4882 1020 4956; x_wconf 82' lang='grc' dir='ltr'>Ῥώμην</span> <span class='ocrx_word' id='word_1_787' title='bbox 1051 4884 1510 4960; x_wconf 86' lang='grc' dir='ltr'>ἀπαχθησόμενος</span> <span class='ocrx_word' id='word_1_788' title='bbox 1541 4889 1679 4963; x_wconf 85' lang='grc' dir='ltr'>πρὸς</span> <span class='ocrx_word' id='word_1_789' title='bbox 1715 4890 1904 4965; x_wconf 84' lang='grc' dir='ltr'>βοράν.</span> 
     </span>
    </p>
   </div>
   <div class='ocr_carea' id='block_1_104' title="bbox 397 5031 1460 5108">
    <p class='ocr_par' dir='ltr' id='par_1_104' title="bbox 397 5031 1460 5108">
     <span class='ocr_line' id='line_1_104' title="bbox 397 5031 1460 5108; baseline 0.009 -23"><span class='ocrx_word' id='word_1_790' title='bbox 397 5031 440 5066; x_wconf 78' lang='grc'>³¹</span> <span class='ocrx_word' id='word_1_791' title='bbox 474 5032 653 5087; x_wconf 78' lang='lat' dir='ltr'><strong>Levit.</strong></span> <span class='ocrx_word' id='word_1_792' title='bbox 688 5044 839 5104; x_wconf 74' lang='lat' dir='ltr'><strong>xm,</strong></span> <span class='ocrx_word' id='word_1_793' title='bbox 876 5038 981 5102; x_wconf 82' lang='lat' dir='ltr'><strong>l2;</strong></span> <span class='ocrx_word' id='word_1_794' title='bbox 1015 5037 1064 5092; x_wconf 88' lang='lat' dir='ltr'><strong>Ii</strong></span> <span class='ocrx_word' id='word_1_795' title='bbox 1096 5038 1225 5095; x_wconf 83' lang='lat' dir='ltr'><strong>Cor.</strong></span> <span class='ocrx_word' id='word_1_796' title='bbox 1259 5056 1339 5108; x_wconf 82' lang='lat' dir='ltr'><strong>v1,</strong></span> <span class='ocrx_word' id='word_1_797' title='bbox 1372 5039 1460 5095; x_wconf 73' lang='grc'><strong>46.</strong></span> 
     </span>
    </p>
   </div>
   <div class='ocr_carea' id='block_1_105' title="bbox 330 5186 1974 5309">
    <p class='ocr_par' dir='ltr' id='par_1_105' title="bbox 330 5186 1974 5309">
     <span class='ocr_line' id='line_1_105' title="bbox 330 5186 1974 5309; baseline 0.005 -73"><span class='ocrx_word' id='word_1_798' title='bbox 330 5206 356 5270; x_wconf 53' lang='grc' dir='ltr'><strong>ξε</strong></span> <span class='ocrx_word' id='word_1_799' title='bbox 393 5194 549 5266; x_wconf 77' lang='lat' dir='ltr'><strong>anno</strong></span> <span class='ocrx_word' id='word_1_800' title='bbox 566 5190 812 5309; x_wconf 46' lang='grc' dir='ltr'><strong>ἕιέοίτέο.</strong></span> <span class='ocrx_word' id='word_1_801' title='bbox 851 5210 879 5237; x_wconf 84' lang='grc'>››</span> <span class='ocrx_word' id='word_1_802' title='bbox 939 5186 1186 5244; x_wconf 83' lang='lat' dir='ltr'><strong>Grabius</strong></span> <span class='ocrx_word' id='word_1_803' title='bbox 1244 5190 1484 5262; x_wconf 74' lang='lat' dir='ltr'><strong>corrigit</strong></span> <span class='ocrx_word' id='word_1_804' title='bbox 1542 5188 1748 5262; x_wconf 81' lang='grc' dir='ltr'>δεκάτῳ</span> <span class='ocrx_word' id='word_1_805' title='bbox 1778 5189 1974 5263; x_wconf 74' lang='grc' dir='ltr'>ἐννάτῳ</span> 
     </span>
     <span class='ocr_line' id='line_1_106' title="bbox 331 5273 769 5309; baseline 0.007 -3"><span class='ocrx_word' id='word_1_806' title='bbox 331 5273 457 5309; x_wconf 88' lang='grc' dir='ltr'>ετει.</span> <span class='ocrx_word' id='word_1_807' title='bbox 493 5273 531 5308; x_wconf 88' lang='grc' dir='ltr'>ι.</span> <span class='ocrx_word' id='word_1_808' title='bbox 608 5299 618 5309; x_wconf 93' lang='grc'><em>.</em></span> <span class='ocrx_word' id='word_1_809' title='bbox 757 5299 769 5309; x_wconf 92' lang='grc'><strong>.</strong></span> 
     </span>
    </p>
   </div>
   <div class='ocr_carea' id='block_1_106' title="bbox 331 5271 769 5317">
    <p class='ocr_par' dir='ltr' id='par_1_106' title="bbox 331 5271 769 5317">
     <span class='ocr_line' id='line_1_107' title="bbox 331 5271 769 5317; baseline 0.011 -11"><span class='ocrx_word' id='word_1_810' title='bbox 331 5273 457 5317; x_wconf 87' lang='grc' dir='ltr'>ετει,</span> <span class='ocrx_word' id='word_1_811' title='bbox 493 5273 531 5308; x_wconf 90' lang='grc' dir='ltr'>ι.</span> <span class='ocrx_word' id='word_1_812' title='bbox 566 5271 618 5311; x_wconf 87' lang='lat' dir='ltr'><strong>a.</strong></span> <span class='ocrx_word' id='word_1_813' title='bbox 647 5271 769 5311; x_wconf 81' lang='grc' dir='ltr'>ιιυ.</span> 
     </span>
    </p>
   </div>
   <div class='ocr_carea' id='block_1_107' title="bbox 397 5322 1973 5398">
    <p class='ocr_par' dir='ltr' id='par_1_107' title="bbox 397 5322 1973 5398">
     <span class='ocr_line' id='line_1_108' title="bbox 397 5322 1973 5398; baseline 0.007 -19"><span class='ocrx_word' id='word_1_814' title='bbox 397 5327 509 5396; x_wconf 83' lang='lat'>(93)</span> <span class='ocrx_word' id='word_1_815' title='bbox 536 5326 597 5380; x_wconf 85' lang='grc' dir='ltr'>Ὀ</span> <span class='ocrx_word' id='word_1_816' title='bbox 629 5322 800 5398; x_wconf 72' lang='grc' dir='ltr'>φόϐος</span> <span class='ocrx_word' id='word_1_817' title='bbox 830 5335 967 5383; x_wconf 87' lang='lat' dir='ltr'><strong>ante</strong></span> <span class='ocrx_word' id='word_1_818' title='bbox 1011 5330 1231 5389; x_wconf 49' lang='grc' dir='ltr'>πάντας,</span> <span class='ocrx_word' id='word_1_819' title='bbox 1262 5332 1323 5386; x_wconf 87' lang='lat' dir='ltr'><strong>in</strong></span> <span class='ocrx_word' id='word_1_820' title='bbox 1380 5346 1487 5387; x_wconf 87' lang='lat' dir='ltr'><strong>ms.</strong></span> <span class='ocrx_word' id='word_1_821' title='bbox 1524 5335 1677 5389; x_wconf 88' lang='lat' dir='ltr'><strong>male</strong></span> <span class='ocrx_word' id='word_1_822' title='bbox 1709 5335 1973 5390; x_wconf 87' lang='lat' dir='ltr'><strong>additum</strong></span> 
     </span>
    </p>
   </div>
   <div class='ocr_carea' id='block_1_108' title="bbox 324 5402 1975 5471">
    <p class='ocr_par' dir='ltr' id='par_1_108' title="bbox 324 5402 1975 5471">
     <span class='ocr_line' id='line_1_109' title="bbox 324 5402 1975 5471; baseline 0.007 -22"><span class='ocrx_word' id='word_1_823' title='bbox 324 5404 736 5471; x_wconf 73' lang='lat' dir='ltr'><strong>assumentum</strong></span> <span class='ocrx_word' id='word_1_824' title='bbox 768 5407 876 5471; x_wconf 78' lang='lat' dir='ltr'><strong>est,</strong></span> <span class='ocrx_word' id='word_1_825' title='bbox 907 5402 1065 5471; x_wconf 89' lang='lat' dir='ltr'><strong>quod</strong></span> <span class='ocrx_word' id='word_1_826' title='bbox 1096 5408 1308 5457; x_wconf 81' lang='lat' dir='ltr'><strong>neuter</strong></span> <span class='ocrx_word' id='word_1_827' title='bbox 1328 5412 1491 5459; x_wconf 82' lang='lat' dir='ltr'><strong>vetus</strong></span> <span class='ocrx_word' id='word_1_828' title='bbox 1516 5406 1622 5461; x_wconf 87' lang='lat' dir='ltr'><strong>int.</strong></span> <span class='ocrx_word' id='word_1_829' title='bbox 1650 5408 1889 5461; x_wconf 85' lang='lat' dir='ltr'><strong>Latinus</strong></span> <span class='ocrx_word' id='word_1_830' title='bbox 1913 5408 1975 5460; x_wconf 89' lang='lat' dir='ltr'><strong>in</strong></span> 
     </span>
    </p>
   </div>
   <div class='ocr_carea' id='block_1_109' title="bbox 327 5467 1102 5543">
    <p class='ocr_par' dir='ltr' id='par_1_109' title="bbox 327 5467 1102 5543">
     <span class='ocr_line' id='line_1_110' title="bbox 327 5467 1102 5543; baseline 0.01 -23"><span class='ocrx_word' id='word_1_831' title='bbox 327 5467 532 5543; x_wconf 74' lang='lat' dir='ltr'><strong>codice</strong></span> <span class='ocrx_word' id='word_1_832' title='bbox 544 5486 668 5543; x_wconf 88' lang='lat' dir='ltr'><strong>_suo</strong></span> <span class='ocrx_word' id='word_1_833' title='bbox 701 5467 950 5543; x_wconf 76' lang='lat' dir='ltr'><strong>legebat.</strong></span> <span class='ocrx_word' id='word_1_834' title='bbox 983 5473 1102 5528; x_wconf 67' lang='grc' dir='ltr'><strong>ιω.</strong></span> 
     </span>
    </p>
   </div>
   <div class='ocr_carea' id='block_1_110' title="bbox 400 5538 1977 5617">
    <p class='ocr_par' dir='ltr' id='par_1_110' title="bbox 400 5538 1977 5617">
     <span class='ocr_line' id='line_1_111' title="bbox 400 5538 1977 5617; baseline 0.008 -26"><span class='ocrx_word' id='word_1_835' title='bbox 400 5538 512 5609; x_wconf 72' lang='grc'><strong>(94)</strong></span> <span class='ocrx_word' id='word_1_836' title='bbox 541 5538 803 5617; x_wconf 74' lang='lat' dir='ltr'><strong>lgnatius</strong></span> <span class='ocrx_word' id='word_1_837' title='bbox 841 5551 1050 5617; x_wconf 88' lang='lat' dir='ltr'><strong>sponte</strong></span> <span class='ocrx_word' id='word_1_838' title='bbox 1096 5560 1158 5598; x_wconf 89' lang='lat' dir='ltr'><strong>se</strong></span> <span class='ocrx_word' id='word_1_839' title='bbox 1190 5547 1443 5617; x_wconf 82' lang='lat' dir='ltr'><strong>contulit</strong></span> <span class='ocrx_word' id='word_1_840' title='bbox 1469 5547 1543 5602; x_wconf 88' lang='lat' dir='ltr'><strong>ad</strong></span> <span class='ocrx_word' id='word_1_841' title='bbox 1567 5544 1977 5617; x_wconf 63' lang='lat' dir='ltr'><strong>Trajanumut</strong></span> 
     </span>
    </p>
   </div>
   <div class='ocr_carea' id='block_1_111' title="bbox 325 5611 1973 5686">
    <p class='ocr_par' dir='ltr' id='par_1_111' title="bbox 325 5611 1973 5686">
     <span class='ocr_line' id='line_1_112' title="bbox 325 5611 1973 5686; baseline 0.008 -25"><span class='ocrx_word' id='word_1_842' title='bbox 325 5623 467 5663; x_wconf 90' lang='lat' dir='ltr'><strong>eum</strong></span> <span class='ocrx_word' id='word_1_843' title='bbox 498 5611 760 5679; x_wconf 83' lang='lat' dir='ltr'><strong>placaret</strong></span> <span class='ocrx_word' id='word_1_844' title='bbox 787 5611 1154 5685; x_wconf 82' lang='lat' dir='ltr'><strong>expositione</strong></span> <span class='ocrx_word' id='word_1_845' title='bbox 1185 5616 1471 5674; x_wconf 70' lang='lat' dir='ltr'><strong>doctrinas</strong></span> <span class='ocrx_word' id='word_1_846' title='bbox 1492 5611 1828 5686; x_wconf 67' lang='lat' dir='ltr'><strong>Ghritiana),</strong></span> <span class='ocrx_word' id='word_1_847' title='bbox 1853 5624 1973 5685; x_wconf 84' lang='lat' dir='ltr'><strong>aut,</strong></span> 
     </span>
    </p>
   </div>
   <div class='ocr_carea' id='block_1_112' title="bbox 2086 5181 3731 5264">
    <p class='ocr_par' dir='ltr' id='par_1_112' title="bbox 2086 5181 3731 5264">
     <span class='ocr_line' id='line_1_113' title="bbox 2086 5181 3731 5264; baseline -0.007 -16"><span class='ocrx_word' id='word_1_848' title='bbox 2086 5193 2133 5248; x_wconf 91' lang='lat' dir='ltr'><strong>si</strong></span> <span class='ocrx_word' id='word_1_849' title='bbox 2164 5194 2363 5247; x_wconf 88' lang='lat' dir='ltr'><strong>minus</strong></span> <span class='ocrx_word' id='word_1_850' title='bbox 2394 5207 2528 5248; x_wconf 89' lang='lat' dir='ltr'><strong>eum</strong></span> <span class='ocrx_word' id='word_1_851' title='bbox 2562 5192 2796 5264; x_wconf 87' lang='lat' dir='ltr'><strong>placare</strong></span> <span class='ocrx_word' id='word_1_852' title='bbox 2826 5192 3236 5264; x_wconf 84' lang='lat' dir='ltr'><strong>posset,tota_m</strong></span> <span class='ocrx_word' id='word_1_853' title='bbox 3266 5185 3417 5239; x_wconf 88' lang='lat' dir='ltr'><strong>iram</strong></span> <span class='ocrx_word' id='word_1_854' title='bbox 3449 5182 3576 5264; x_wconf 74' lang='lat' dir='ltr'><strong>ejus</strong></span> <span class='ocrx_word' id='word_1_855' title='bbox 3607 5181 3731 5264; x_wconf 84' lang='lat' dir='ltr'><strong>ipse</strong></span> 
     </span>
    </p>
   </div>
   <div class='ocr_carea' id='block_1_113' title="bbox 2086 5260 3731 5335">
    <p class='ocr_par' dir='ltr' id='par_1_113' title="bbox 2086 5260 3731 5335">
     <span class='ocr_line' id='line_1_114' title="bbox 2086 5260 3731 5335; baseline -0.005 -16"><span class='ocrx_word' id='word_1_856' title='bbox 2086 5266 2403 5335; x_wconf 84' lang='lat' dir='ltr'><strong>exciperet,</strong></span> <span class='ocrx_word' id='word_1_857' title='bbox 2466 5260 2904 5332; x_wconf 76' lang='lat' dir='ltr'><strong>Ecclesiamque</strong></span> <span class='ocrx_word' id='word_1_858' title='bbox 2960 5260 3389 5313; x_wconf 83' lang='lat' dir='ltr'><strong>Antiochenam</strong></span> <span class='ocrx_word' id='word_1_859' title='bbox 3439 5260 3524 5309; x_wconf 87' lang='lat' dir='ltr'><strong>sic</strong></span> <span class='ocrx_word' id='word_1_860' title='bbox 3567 5261 3731 5310; x_wconf 90' lang='lat' dir='ltr'><strong>metu</strong></span> 
     </span>
    </p>
   </div>
   <div class='ocr_carea' id='block_1_114' title="bbox 2084 5337 2582 5391">
    <p class='ocr_par' dir='ltr' id='par_1_114' title="bbox 2084 5337 2582 5391">
     <span class='ocr_line' id='line_1_115' title="bbox 2084 5337 2582 5391; baseline -0.002 -1"><span class='ocrx_word' id='word_1_861' title='bbox 2084 5337 2383 5391; x_wconf 79' lang='lat' dir='ltr'><strong>liberaret.</strong></span> <span class='ocrx_word' id='word_1_862' title='bbox 2418 5337 2582 5391; x_wconf 78' lang='lat' dir='ltr'><strong>CLER.</strong></span> 
     </span>
    </p>
   </div>
   <div class='ocr_carea' id='block_1_115' title="bbox 2157 5405 2868 5478">
    <p class='ocr_par' dir='ltr' id='par_1_115' title="bbox 2157 5405 2868 5478">
     <span class='ocr_line' id='line_1_116' title="bbox 2157 5405 2868 5478; baseline -0.007 -17"><span class='ocrx_word' id='word_1_863' title='bbox 2157 5411 2267 5478; x_wconf 81' lang='lat'>(95)</span> <span class='ocrx_word' id='word_1_864' title='bbox 2302 5408 2508 5478; x_wconf 85' lang='lat' dir='ltr'><strong>Melius</strong></span> <span class='ocrx_word' id='word_1_865' title='bbox 2532 5409 2656 5460; x_wconf 84' lang='grc' dir='ltr'>τοῦ.</span> <span class='ocrx_word' id='word_1_866' title='bbox 2683 5405 2868 5478; x_wconf 64' lang='lat' dir='ltr'><strong>Sana.</strong></span> 
     </span>
    </p>
   </div>
   <div class='ocr_carea' id='block_1_116' title="bbox 2182 5476 2939 5545">
    <p class='ocr_par' dir='ltr' id='par_1_116' title="bbox 2182 5476 2939 5545">
     <span class='ocr_line' id='line_1_117' title="bbox 2182 5476 2939 5545; baseline -0.008 -12"><span class='ocrx_word' id='word_1_867' title='bbox 2182 5482 2268 5545; x_wconf 82' lang='lat'><strong>96)</strong></span> <span class='ocrx_word' id='word_1_868' title='bbox 2303 5477 2402 5533; x_wconf 80' lang='grc' dir='ltr'>Καί</span> <span class='ocrx_word' id='word_1_869' title='bbox 2433 5478 2712 5535; x_wconf 88' lang='lat' dir='ltr'><strong>abundat.</strong></span> <span class='ocrx_word' id='word_1_870' title='bbox 2751 5476 2939 5529; x_wconf 68' lang='lat' dir='ltr'><strong>Sum.</strong></span> 
     </span>
    </p>
   </div>
   <div class='ocr_carea' id='block_1_117' title="bbox 2180 5547 3022 5621">
    <p class='ocr_par' dir='ltr' id='par_1_117' title="bbox 2180 5547 3022 5621">
     <span class='ocr_line' id='line_1_118' title="bbox 2180 5547 3022 5621; baseline -0.008 -17"><span class='ocrx_word' id='word_1_871' title='bbox 2180 5554 2269 5620; x_wconf 74' lang='grc' dir='ltr'><strong>οῖ)</strong></span> <span class='ocrx_word' id='word_1_872' title='bbox 2300 5553 2414 5606; x_wconf 80' lang='lat' dir='ltr'><strong>Cl&#39;r.</strong></span> <span class='ocrx_word' id='word_1_873' title='bbox 2451 5552 2569 5621; x_wconf 74' lang='lat' dir='ltr'><strong>ign.</strong></span> <span class='ocrx_word' id='word_1_874' title='bbox 2601 5550 2673 5603; x_wconf 83' lang='lat' dir='ltr'><strong>ad</strong></span> <span class='ocrx_word' id='word_1_875' title='bbox 2703 5550 2855 5602; x_wconf 66' lang='lat' dir='ltr'><strong>Boni.</strong></span> <span class='ocrx_word' id='word_1_876' title='bbox 2891 5562 2940 5600; x_wconf 89' lang='lat' dir='ltr'><strong>e.</strong></span> <span class='ocrx_word' id='word_1_877' title='bbox 2969 5547 3022 5598; x_wconf 82' lang='lat'><strong>6.</strong></span> 
     </span>
    </p>
   </div>
  </div>
