4092 6142
307 314 428 376 983

1810 316 1876 377 8.
1923 314 2222 377 IGNATII

3610 318 3755 379 984'

1450 497 1541 551 III.
1574 497 1631 552 S.
1682 497 1931 565 Ignatius
1979 496 2273 563 Smyrnam
2320 498 2573 566 navigat.

379 622 522 676 Cum
553 619 742 674 multa
767 635 903 690 ergo
951 620 1256 675 alacritate
1316 626 1373 675 et
1429 620 1655 687 latitia,
1688 620 1951 691 patiendi

2138 621 2283 675 Μετὰ
2316 619 2539 690 πολλῆς
2584 619 2762 675 τοίνυν
2820 620 3125 695 προθυμίας
3175 622 3266 675 καὶ
3301 628 3500 700 χαρᾶς,
3536 620 3728 685 ἐπιθυ-

308 708 652 778 cupiditate,
677 708 993 763 Antiochia
1016 708 1342 764 Scleuciam
1365 708 1692 772 descendit,
1717 714 1777 763 et
1802 708 1963 763 illinc

309 795 440 850 navi
470 800 669 850 vectus
726 800 854 862 est;
914 812 1169 867 cumque
1213 802 1347 868 post
1377 797 1597 852 multos
1628 797 1863 851 labores
1888 795 1965 850 ad

310 884 761 955 Smyrnensium
779 884 988 939 urbem
1011 884 1357 956 appulisset,
1381 885 1570 940 multa
1589 902 1725 941 cum
1756 885 1965 940 latitia

309 989 340 1027 e
369 973 501 1026 navi
535 971 865 1039 descendit,
898 989 965 1028 ac
996 978 1270 1028 sanctum
1302 974 1717 1045 Polycarpum,
1753 975 1961 1044 Smyr-

307 1060 584 1115 nensium
599 1061 1276 1132 episcopum,quondam
1295 1062 1772 1134 condiscipulum
1790 1078 1963 1116 suum

306 1149 504 1204 videre
528 1149 828 1205 festinavit
852 1167 863 1204 :
887 1150 1123 1205 fuerant
1143 1151 1304 1205 enim
1327 1151 1470 1207 olim
1499 1154 1686 1207 sancti
1708 1150 1963 1222 apostoli

307 1238 552 1292 Joannis
573 1238 869 1310 discipuli.
891 1240 1061 1310 Apud
1083 1256 1260 1310 quem
1286 1241 1634 1310 diversatus,
1659 1258 1793 1296 cum
1828 1256 1963 1295 eum

310 1327 710 1397 spiritualium
742 1328 1169 1383 charismatum
1202 1330 1550 1401 participem
1580 1330 1964 1397 fecisset,suis

309 1418 488 1471 etiam
522 1416 772 1471 vinculis
802 1423 961 1471 esset
989 1416 1293 1488 gloriatus,
1317 1421 1528 1475 orabat
1558 1436 1715 1487 eum,
1749 1424 1814 1474 ut
1844 1418 1966 1473 vel-

310 1504 394 1559 let
413 1505 783 1576 propositum
806 1505 992 1575 ipsius
1012 1506 1291 1577 adjuvare
1315 1526 1328 1573 ;
1353 1513 1412 1563 et
1444 1509 1699 1563 maxime
1722 1507 1963 1578 quidem

313 1594 425 1649 hoc
446 1593 690 1665 rogabat
706 1598 887 1648 totam
906 1594 1233 1651 Ecclesiam
1259 1600 1637 1667 (exceperant
1653 1599 1813 1652 enim
1837 1613 1966 1652 san-

309 1688 470 1737 ctum
492 1681 663 1737 illum
679 1682 866 1736 virum
891 1682 1157 1738 civitates
1180 1688 1359 1755 atque
1381 1685 1661 1740 Ecclesia
1684 1686 1836 1741 Asia
1861 1702 1967 1757 per

308 1770 621 1841 episcopos
642 1776 702 1824 et
723 1771 1101 1841 presbyteros
1121 1776 1178 1825 et
1202 1772 1647 1840 diaconos,cum
1662 1790 1873 1828 omnes
1890 1774 1963 1829 ad

308 1874 446 1913 eum
478 1858 910 1924 festinarent,si
942 1859 1093 1915 forte
1124 1866 1356 1933 partem
1389 1863 1763 1919 charismatis
1793 1864 1964 1935 spiri-

2076 711 2178 781 μίᾳ
2204 713 2302 765 τοῦ
2339 710 2567 780 πάθους,
2624 710 2901 774 κατελθὼν
2955 709 3062 765 ἀπὸ
3124 711 3465 785 Ἀντιοχείας
3512 710 3588 773 εἰς
3626 714 3725 781 τήν

2076 796 2417 864 Σελεύκειαν,
2450 797 2651 852 ἐκεῖθεν
2710 796 2892 872 εἴχετο
2941 801 3039 852 τοῦ
3087 795 3284 859 πλοός·
3338 799 3427 853 καὶ
3459 798 3725 876 προσχὼν

2076 884 2211 957 μετά
2240 884 2414 940 πολὺν
2470 883 2713 957 κάματον
2768 889 2836 949 τῆ
2898 884 3226 960 Σμυρναίων
3275 885 3438 940 πόλει
3470 890 3605 959 (98),
3634 888 3726 940 σὺν

2073 970 2262 1044 πολλῇ
2323 976 2470 1049 χαρᾷ
2522 966 2760 1033 καταϐάς
2819 974 2917 1040 τῆς
2974 972 3130 1041 νηὸς,
3183 970 3411 1027 ἒσπευδε
3449 973 3539 1027 τὸν
3572 975 3728 1048 ἅγιον

2076 1059 2457 1135 Πολ·3καρπον,
2485 1062 2576 1115 τὸν
2608 1060 2930 1135 Σμυρναίων
2955 1059 3281 1130 ἐπίσκοπον,
3300 1062 3392 1116 τὸν
3422 1082 3726 1135 συνακροαο

2070 1151 2190 1219 τήν,
2223 1150 2530 1204 θεάσασθαι·
2564 1149 2904 1226 ἐγεγόνεισαν
2953 1150 3055 1226 γὰρ
3113 1148 3286 1205 πάλαι
3344 1151 3582 1223 μαθηταὶ
3629 1155 3732 1205 τοῦ

2073 1237 2227 1313 ἁγίου
2280 1238 2591 1293 ἀποστόλου
2650 1238 2921 1294 Ἰωάννου.
2982 1240 3113 1313 Παρ’
3172 1237 3216 1310 ᾦ
3276 1240 3589 1314 καταχθεὶς,
3641 1239 3732 1293 καὶ

2074 1328 2453 1399 πνευματικῶν
2488 1326 2635 1398 αὐτῷ
2683 1329 3022 1397 κοινωνήσας
3073 1328 3460 1402 χαρισμάτων,
3490 1328 3581 1381 καὶ
3615 1333 3730 1388 τοῖς

2076 1413 2300 1489 δεσμοῖς
2354 1415 2798 1491 ἐγκαυχώμενος,
2858 1416 3155 1489 παρεκάλει
3205 1416 3485 1479 συναθλεῖν
3533 1419 3601 1488 τῇ
3635 1417 3734 1471 αὖ·

2072 1510 2169 1561 τοῦ
2198 1505 2448 1582 προθέσει
2483 1508 2615 1579 (99),
2655 1503 2892 1578 μάλιστα
2942 1506 3037 1577 μὲν
3096 1508 3255 1578 κοινῇ
3287 1510 3458 1559 πᾶσαν
3488 1503 3734 1574 Ἐκκλη-

2076 1596 2193 1650 σίαν
2254 1593 2575 1665 (ἐδεξιοῦντο
2632 1595 2735 1669 γὰρ
2768 1595 2859 1649 τὸν
2920 1596 3077 1669 ἅγιον
3136 1591 3226 1648 διά
3270 1598 3377 1648 τῶν
3417 1593 3727 1649 ἐπισκόπων

2073 1686 2162 1740 καὶ
2196 1679 2575 1759 πρεσϐυτέρων
2626 1685 2713 1739 καὶ
2761 1681 3022 1738 διακόνων
3072 1684 3125 1738 αἱ
3170 1691 3271 1753 τῆς
3320 1682 3506 1747 Ἀσίας
3535 1682 3730 1745 πόλεις

2072 1775 2162 1829 καὶ
2207 1774 2554 1845 Ἐκκλησίαι,
2609 1774 2819 1828 πάντων
2870 1771 3238 1846 ἐπειγομένων
3289 1774 3425 1848 πρὸς
3465 1772 3647 1841 αὐτὸν,
3683 1772 3731 1827 εἳ

2072 1884 2189 1925 πως
2239 1864 2403 1937 μέρος
2464 1861 2806 1941 χαρίσματος
2868 1856 3079 1917 λάϐωσι
3137 1863 3529 1934 πνευματικοῦ)
3588 1860 3731 1933 ἐξαι-

308 1947 490 2002 tualis
511 1948 584 2002 ab
607 1965 676 2004 eo
700 1950 1041 2021 acciperent
1059 1949 1124 2019 ³²)
1151 1967 1165 2016 ;
1199 1968 1265 2005 ac
1286 1969 1407 2022 pra
1430 1954 1659 2009 cateris
1691 1958 1961 2009 sanctum

2079 1953 2243 2026 ρέτως
2277 1949 2334 2006 δὲ
2364 1952 2455 2007 τὸν
2489 1952 2643 2027 ἅγιον
2691 1950 3079 2027 Πολύκαρπον,
3112 1949 3227 2017 ἵνα,
3262 1948 3350 2005 διὰ
3377 1954 3486 2004 τῶν
3522 1950 3730 2026 θηρίων

313 2036 726 2108 Polycarpum,
760 2044 826 2092 ut
876 2039 1053 2094 citius
1082 2056 1189 2111 per
1240 2041 1415 2109 feras,
1449 2041 1871 2114 inconspicuus
1902 2044 1965 2097 in

318 2126 541 2181 mundo
572 2126 781 2194 factus,
815 2144 1016 2183 coram
1046 2129 1278 2184 Christo
1309 2137 1700 2203 compareret.

2078 2042 2266 2095 θᾶττον
2324 2041 2531 2117 ἀφανὴς
2583 2044 2662 2111 τῷ
2720 2041 2914 2112 κόσμῳ
2969 2039 3280 2116 γενόμενος,
3312 2039 3616 2117 ἐμφανισθῇ
3648 2043 3729 2111 τῷ

2077 2130 2358 2204 προσώπῳ
2388 2133 2485 2184 τοῦ
2511 2132 2762 2203 Χριστοῦ.

1239 2245 1331 2299 IV.
1361 2246 1609 2314 Ignatius
1639 2247 1828 2303 scribit
1860 2248 2155 2333 Ecclesiis,
2171 2246 2481 2317 praesertim
2509 2249 2787 2301 Romana.

378 2370 571 2437 Atque
604 2368 727 2422 hac
749 2370 833 2424 sic
854 2368 1088 2426 dicebat
1111 2377 1169 2426 et
1191 2372 1276 2426 sic
1302 2373 1962 2444 contestabatur,usque

315 2456 461 2512 adeo
494 2456 821 2512 extendens
861 2476 1125 2515 amorem
1157 2460 1219 2514 in
1249 2461 1569 2529 Christum,
1603 2467 1669 2516 ut
1697 2478 1803 2533 per
1832 2462 1969 2533 pul-

312 2545 514 2599 chram
539 2546 973 2601 confessionem
993 2553 1051 2602 et
1069 2549 1330 2604 studium
1352 2552 1685 2622 eorum,qui
1707 2568 1812 2621 pro
1836 2552 1888 2623 ej
1899 2568 1967 2606 us

311 2633 638 2687 certamine
668 2634 843 2689 simul
876 2634 1059 2690 Deum
1092 2636 1581 2704 orabant,ccalum
1614 2644 1771 2693 esset
1799 2655 1968 2694 acce-

311 2727 543 2794 pturus,
571 2729 753 2793 utque
784 2723 1076 2792 Ecclesiis,
1101 2744 1231 2796 qua
1254 2727 1365 2798 ipsi
1398 2744 1505 2799 per
1537 2734 1796 2783 rectores
1829 2745 1968 2784 suos

317 2819 720 2880 occurrerant,
754 2814 1093 2869 mercedem
1114 2816 1409 2882 redderet,
1429 2817 1648 2889 gratias
1674 2834 1855 2889 agens
1879 2819 1970 2873 lit-

314 2900 461 2955 teris
492 2900 567 2955 ad
599 2918 697 2956 eas
727 2903 946 2970 missis,
968 2920 997 2957 e
1020 2903 1236 2974 quibus
1266 2906 1455 2976 gratia
1484 2906 1810 2977 spiritualis
1833 2924 1966 2962 cum

315 2990 465 3044 votis
497 2995 556 3045 et
585 2991 1100 3063 adhortationibus
1124 2993 1406 3049 stillabat.
1432 2995 1575 3049 Cum
1602 3012 1737 3067 ergo
1762 3013 1968 3051 omnes

314 3096 450 3151 erga
482 3098 543 3136 se
575 3082 857 3137 benevole
889 3084 1134 3138 affectos
1181 3090 1471 3154 cerneret,
1507 3085 1723 3140 veritus
1751 3090 1860 3149 est,
1893 3102 1967 3139 ne

311 3166 561 3224 fratrum
595 3171 853 3225 Charitas
903 3172 1165 3227 studium
1199 3174 1377 3227 eundi
1418 3173 1490 3229 ad
1524 3175 1709 3229 Deum
1741 3173 1965 3228 incide-

312 3261 423 3324 ret,
456 3256 596 3313 dum
629 3259 880 3329 pulchra
910 3260 1021 3330 ipsi
1055 3267 1434 3331 essetaperta
1466 3262 1729 3332 martyrii
1753 3262 1960 3331 janua.

313 3347 452 3410 Qua
492 3347 566 3401 ad
613 3347 938 3402 Ecclesiam
994 3350 1394 3404 Romanorum
1430 3349 1665 3420 scripsit
1696 3349 1963 3418 subjecta

312 3438 469 3490 sunt.

2152 2371 2249 2429 Καὶ
2278 2376 2444 2426 ταῦτα
2504 2370 2684 2433 οὕτως
2734 2366 2939 2447 ἔλεγεν,
2974 2369 3061 2425 καὶ
3094 2370 3265 2432 οὕτως
3308 2367 3731 2446 διεμαρτύρατο,

2075 2462 2333 2516 τοσοῦτον
2379 2459 2695 2515 ἐπεκτείνων
2750 2461 2848 2528 τὴν
2909 2460 3043 2534 πρὸς
3101 2459 3330 2535 Χριστὸν
3388 2459 3622 2535 ἀγάπην,
3656 2460 3731 2522 ὡς

2078 2550 2307 2626 οῦρανοῦ
2371 2550 2594 2623 μέλλων
2655 2553 2731 2624 (1)
2782 2545 3244 2623 ἐπιλαμϐάνεσθαι
3294 2546 3383 2604 διὰ
3426 2557 3525 2619 τῆς
3557 2547 3735 2620 καλῆς

2077 2640 2386 2716 ὁμολογίας
2418 2640 2505 2695 καὶ
2538 2647 2639 2709 τῆς
2681 2644 2787 2693 τῶν
2823 2640 3228 2716 συνευχομένων
3265 2640 3396 2713 ὑπὲρ
3428 2646 3525 2709 τῆς
3558 2639 3735 2709 ἀθλή-

2080 2752 2214 2792 σεως
2247 2728 2513 2797 σπουδῆς,
2539 2727 2839 2783 ἀποδοῦναι
2889 2726 2944 2783 δὲ
2990 2729 3082 2783 τὸν
3121 2730 3311 2801 μισθον
3343 2734 3459 2789 ταῖς
3492 2725 3730 2797 Ἐκκλη-

2079 2819 2222 2881 σίαις
2253 2825 2371 2881 ταῖς
2431 2819 2830 2886 ὑπαντησάσαις
2870 2816 3016 2888 αὖτῷ
3077 2815 3167 2871 διὰ
3223 2823 3329 2871 τῶν
3392 2815 3731 2891 ἡγουμένων,

2076 2909 2416 2983 γραμμάτων
2474 2908 2815 2982 εὐχαριστῶν
2872 2910 2944 2977 (2)
3001 2906 3411 2979 ἐκπεμφθέντων
3468 2904 3604 2975 πρὸς
3636 2902 3727 2955 αὖ.

2077 2997 2192 3062 τὰς,
2228 2998 2599 3068 πνευμάτικὴν
2663 2996 2778 3067 μετ’
2838 2993 3007 3066 εὐχῆς
3055 2992 3139 3046 καὶ
3192 2991 3554 3062 παραινέσεως
3583 2988 3722 3042 ἀπο-

2078 3084 2382 3151 σταζόντων
2436 3083 2599 3157 χάριν
2664 3085 2759 3153 (3).
2815 3083 3118 3151 Τοιγαροῦν
3176 3078 3303 3138 τοὺς
3352 3077 3550 3137 πάντας
3584 3077 3725 3150 ὁρῶν

2077 3171 2337 3233 εῦνοῖκῶς
2370 3168 2746 3242 διακειμένους
2787 3166 2907 3239 περῖ
2940 3165 3120 3233 αὐτὸν,
3154 3160 3435 3243 φοϐηθεῗς,
3487 3167 3561 3237 μή
3595 3185 3730 3218 ποτε

2075 3260 2109 3327 ἡ
2140 3264 2241 3326 τῆς
2281 3255 2653 3334 ἀδελφότητος
2709 3258 2911 3330 στοργὴ
2969 3257 3069 3323 τὴν
3129 3255 3266 3331 πρὸς
3319 3254 3511 3327 Κύριον
3563 3254 3729 3307 αὐτοῦ

2076 3344 2313 3415 σπουδὴν
2344 3345 2565 3418 ἐκκόψῃ,
2614 3343 2789 3412 καλῆς
2849 3344 3219 3418 ἀνεῳχθείσης
3258 3345 3408 3416 αὐτῷ
3439 3342 3604 3413 θύρας
3633 3346 3730 3397 τοῦ

2076 3434 2394 3508 μαρτυρίου,
2425 3436 2514 3487 οἷα
2543 3433 2680 3507 πρὸς
2728 3434 2828 3502 τὴν
2887 3432 3217 3503 Ἐκκλησίαν
3251 3429 3562 3486 ἐπιστέλλει
3588 3431 3731 3487 Ῥωυ

2076 3526 2278 3598 μαίων,
2311 3524 2690 3579 ὑποτέτακται.

980 3670 1209 3737 Legitur
1237 3667 1324 3723 hic
1355 3667 1603 3738 Epistola
1634 3667 1689 3723 S.
1721 3669 1931 3737 Ignatii
1959 3670 2034 3724 ad
2077 3670 2368 3724 Romanos.
2418 3668 2554 3723 Vide
2582 3684 2752 3739 supra
2781 3668 2894 3724 col.
2923 3669 3046 3721 685.

1420 3793 1483 3846 V.
1518 3792 1768 3862 lgnatius
1797 3810 1831 3848 a
1858 3796 2096 3864 Smyrna
2139 3797 2362 3849 Romam
2391 3793 2614 3849 dicitur.

387 3919 704 3988 Postquam
737 3935 873 3991 ergo
894 3935 914 3985 ·,
962 3922 1027 3972 ut
1084 3917 1334 3987 volebat,
1368 3916 1620 3989 epistola
1652 3928 1761 3973 sua
1790 3902 1971 3990 repu-

2118 3892 2492 3990 -ῐξαταρτίδας
2544 3916 2740 3988 τοίνυν,
2799 3899 2873 3977 ὥς
2931 3911 3224 3984 ἠϐούλετο,
3280 3914 3406 3976 τοὺς
3432 3912 3724 3988 ’ἐν’Ῥώμῃ

308 4013 554 4077 gnantes
585 4008 795 4063 fratres
823 4009 1119 4063 Romanos
1163 3992 1617 4077 composuisset,
1649 4025 1684 4062 a
1714 4008 1970 4079 Smyrna

307 4097 541 4151 solvens
562 4097 909 4169 (urgebatur
929 4096 1092 4151 enim
1115 4112 1150 4151 a
1174 4095 1466 4150 militibus
1478 4096 1963 4166 Christophorus,

306 4192 370 4239 ut
392 4185 466 4239 ad
488 4186 727 4255 publica
750 4185 1092 4256 spectacula
1112 4200 1339 4257 magna
1368 4187 1568 4240 Roma
1592 4192 1962 4255 properaret,

310 4290 425 4344 quo
455 4291 573 4343 pra
601 4275 789 4329 oculis
815 4274 1017 4346 populi
1042 4272 1292 4329 Romani
1312 4273 1452 4328 feris
1476 4273 1680 4328 bestiis
1712 4273 1966 4329 traditus

310 4376 591 4416 coronam
623 4363 965 4416 certaminis
997 4363 1482 4433 consequeretur)
1517 4362 1747 4432 appulit
1784 4364 1963 4417 Troa-

308 4449 457 4503 dem.
487 4449 706 4503 Deinde
740 4450 907 4504 illinc
938 4451 1226 4521 Neapolin
1258 4450 1490 4520 ductus,
1524 4468 1629 4521 per
1656 4449 1961 4522 Philippos

310 4539 641 4610 peragravit
697 4538 1095 4593 Macedoniam
1129 4544 1188 4592 et
1232 4539 1307 4593 ad
1337 4556 1467 4595 eam
1498 4539 1654 4609 Epiri
1706 4544 1957 4610 partem,

315 4644 446 4699 qua
468 4626 542 4682 ad
565 4626 957 4698 Epidamnum
979 4626 1093 4682 sita
1115 4632 1223 4692 est,
1242 4627 1304 4681 in
1327 4628 1643 4682 maritimis
1665 4627 1809 4682 locis
1830 4627 1960 4681 navi

382 4799 427 4835 ³³
454 4800 623 4854 Rom.
655 4812 693 4863 ι,
728 4796 819 4852 11.

381 4994 494 5066 (98)
525 4992 642 5068 Cfr.
676 4990 907 5068 Ign.-_ad
935 4990 1085 5068 Rom.
1120 5004 1171 5043 c.
1423 5063 1432 5068 _
1467 5059 1479 5068 _
1611 5060 1645 5068 Α
1812 5057 1827 5068 ι
1910 5058 1921 5068 ι

385 5057 499 5138 (99)
524 5067 637 5138 Le.
662 5057 937 5138 precibus
957 5076 991 5115 a
1007 5060 1124 5114 Deo
1147 5063 1441 5138 peter_e_,ut
1467 5059 1751 5138 'gnatium
1775 5057 1962 5138 gloria

314 5130 580 5209 martyrii
595 5130 1041 5209 do_naret.eique
1056 5130 1452 5209 constantiam
1473 5130 1957 5209 praberetﬂwa.

384 5197 580 5280 (t)'lta
607 5205 864 5280 Toupius
895 5197 1357 5280 et-lacobsonus.
1391 5197 1492 5280 llis:
1529 5197 1778 5280 μέλλειν.

382 5271 458 5349 (2)
486 5281 630 5347 Lege
664 5271 1088 5351 εὐχαριστικῶν.
1118 5277 1314 5351 GRAB._.
1358 5271 1680 5351 ερχαρίτων.
1715 5274 1884 5351 Ἰξρῐξρ.

382 5344 456 5420 (3)
479 5344 888 5420 δῇώὶιθῑιὶΐὸτθ
912 5347 1275 5401 locutionem
1298 5344 1477 5400 habes
1499 5345 1560 5399 in
1578 5345 1958 5414 Ep.adMagn.

312 5435 359 5472 c.
394 5416 483 5477 '15-.
517 5416 888 5492 δροσισθῆναι.

383 5493 457 5558 (4)
488 5485 616 5545 [ἐξ.
650 5485 1017 5560 componere,
1038 5489 1271 5543 animos
1320 5486 1493 5560 aliter
1549 5485 1956 5560 sentientium,

314 5555 532 5630 eosque
563 5561 635 5613 ad
667 5560 733 5614 id
757 5555 1153 5630 probandum,
1185 5558 1346 5627 quod
1376 5559 1503 5629 ipse
1534 5558 1829 5628 cupiebat.
1861 5555 1959 5609 ad-

310 5631 546 5685 ducere.
582 5632 745 5685 CLan.

352 5647 546 5686 ucere.
582 5645 745 5685 υιιειι.

2074 4010 2182 4060 τῶν
2215 4003 2466 4082 ἀδελφῶν
2515 4003 2743 4067 ἄκοντας
2803 4003 2892 4059 διὰ
2936 4010 3036 4072 τῆς
3087 4001 3383 4072 ἐπιστολῆς
3414 4005 3515 4076 (4),
3547 4003 3724 4063 οὕτως

2077 4095 2333 4168 ἀναχθεὶς
2366 4093 2471 4149 ἀπὸ
2517 4100 2617 4164 τῆς
2669 4093 2948 4168 (Σμ·5ρνης
2996 4093 3316 4167 κατεπίγετο
3346 4093 3449 4167 γάρ
3482 4092 3584 4146 ὑπὸ
3615 4096 3721 4145 τῶν

2076 4188 2423 4258 στρατιωτῶν
2475 4184 2502 4238 ὁ
2553 4182 2929 4261 Χριστοφόρος
2982 4184 3056 4255 (5)
3104 4183 3303 4260 φθάσαι
3356 4181 3452 4241 τὰς
3501 4178 3723 4258 φιλοτι-

2077 4271 2204 4343 μίας
2238 4276 2313 4343 (6)
2341 4272 2393 4325 ἐν
2421 4276 2489 4344 τῇ
2525 4270 2733 4345 μεγάλῃ
2766 4271 2981 4343 Ῥώμῃ,
3024 4270 3109 4323 ἳνα
3155 4267 3239 4324 ἐπ’
3290 4265 3444 4341 ὄψεσι
3491 4273 3587 4322 τοῦ
3618 4267 3717 4337 δή·

2077 4381 2183 4432 μου
2213 4360 2502 4432 Ῥωμαίων
2564 4360 2756 4432 θηρσὶν
2816 4359 3031 4433 ἀγρίοις
3087 4355 3434 4432 παραδοθεὶς,
3476 4362 3570 4411 τοῦ
3601 4377 3723 4411 στε-

2073 4446 2239 4520 φάνου
2282 4450 2381 4515 τῆς
2436 4447 2719 4516 ἀθλήσεως
2777 4446 3038 4520 ἐπιτύγῃ)
3077 4450 3348 4520 προσέσχε
3376 4451 3443 4519 τῇ
3478 4442 3720 4519 Τρωάδι.

2076 4537 2205 4593 Εἶτα
2261 4535 2459 4590 ἐκεῖθεν
2519 4534 2807 4609 καταχθεὶς
2864 4534 2952 4589 ἐπὶ
3008 4537 3107 4602 τήν
3168 4532 3464 4601 Νεάπολιν,
3498 4531 3587 4588 διὰ
3618 4540 3721 4588 Φι-

2072 4623 2292 4678 λίππων
2323 4620 2633 4697 παρώδευεν
2668 4622 2999 4681 Μακεδονίαν
3058 4626 3157 4697 (τ),
3205 4626 3292 4678 καὶ
3339 4624 3461 4698 περὶ
3511 4627 3589 4696 (8)
3624 4638 3719 4689 την

2138 4986 2213 5055 (5)
2245 4985 2360 5042 Cfr.
2396 4988 2517 5057 Ign.
2551 4987 2626 5041 ad
2654 4986 2795 5054 Eph.
2829 5003 2880 5042 c.
2914 4989 2967 5040 9.

2141 5060 2218 5138 (6,
2325 5073 2375 5111 e.
2413 5057 3080 5138 ludiamagnosumnptu
3139 5074 3174 5112 a
3229 5058 3559 5114 candidatis
3593 5075 3715 5113 ma-

2068 5128 2420 5200 gistratuum
2452 5128 2717 5183 exhiberi
2749 5129 2923 5184 soliti.
2960 5128 3149 5184 Sum}.

2141 5203 2225 5271 (7)
2256 5200 2418 5255 Adde
2474 5202 2634 5273 πεζῇ,
2695 5206 2760 5255 ut
2794 5200 3038 5273 legebat
3070 5206 3182 5257 vet.
3236 5202 3344 5258 int.
3381 5204 3571 5273 Smru.
3602 5201 3719 5256 Cfr.

2068 5275 2193 5326 Act.
2228 5288 2342 5333 xvr,
2378 5275 2463 5337 11,
2501 5275 2584 5325 12.
2621 5272 2889 5343 Ιςῐιειιὶιιε
2910 5273 3002 5327 via
3046 5274 3309 5343 Egnatia,
3344 5272 3718 5328 Thessaloni~

2069 5359 2197 5397 cam
2230 5359 2367 5415 cum,
2398 5344 2716 5414 Dyrrachio
2748 5343 3123 5414 (Epidamno)
3140 5344 3412 5415 jungenti
3438 5362 3578 5398 usus
3608 5351 3718 5399 est.

2068 5415 2182 5467 Cfr.
2218 5414 2396 5478 Tafel,
2454 5415 2705 5484 Epistola
2761 5416 3133 5482 gratulatoria
3188 5414 3275 5469 adi
3310 5419 3719 5471 universitatem

2068 5486 2287 5554 Gotting
2346 5488 2501 5551 1837,
2535 5504 2630 5556 pp.
2665 5487 2719 5543 3.
2756 5487 2840 5550 15,
2875 5492 2933 5541 et
2963 5489 3185 5542 Dissert.
3217 5488 3284 5541 de
3332 5490 3421 5541 via
3446 5488 3717 5555 Egnatia.

2066 5556 2310 5625 'l‘ubing.
2348 5558 2506 5628 1841,
2536 5574 2594 5627 p.
2618 5559 2695 5628 ,16
2727 5574 2859 5628 sqq.

2135 5628 2217 5696 (8)
2247 5628 2349 5682 Ms.
2382 5626 2505 5700 περὶ
2535 5626 2649 5686 καί,
