4092 6142
278 286 465 395 ὀδε

1816 332 2331 397 MARTYRIUM.

3657 327 3774 391 986

346 463 610 538 Ἤπειρον
633 464 732 532 τήν
759 465 898 539 πρὸς
954 462 1312 538 Ἐπίδαμνον,
1373 464 1427 520 ἐν
1479 470 1597 529 τοῖς
1654 465 2003 541 παραθαλατ-

2118 467 2375 535 inventa,
2394 482 2500 538 per
2519 463 2883 520 Adriaticum
2901 478 3065 518 mare
3087 462 3414 535 navigavit;
3450 461 3586 518 inde
3617 464 3767 533 Tyr-

348 554 489 614 τίοις
508 553 638 623 νηὸς
670 552 975 633 ἐπιτυχὼν,
1019 547 1175 610 ἔπλει
1232 556 1295 610 τὸ
1350 554 1689 631 Ἀδριατικὸν
1747 556 2006 630 πέλαγος,

348 643 593 706 κάκεῖθεν
647 638 841 704 ἐπιϐἆς
927 649 1024 698 τοῦ
1084 643 1447 720 Τυρῥηνικοῦ,
1498 646 1589 700 καὶ
1645 641 2002 720 παραμείϐων

350 733 552 802 νήσους
577 752 636 786 τε
665 732 756 787 καὶ
808 731 1025 803 πόλεις,
1058 730 1491 809 ὑποδειχθέντων
1522 736 1602 806 τῷ
1632 736 1775 812 ἁγίῳ
1808 733 2002 790 Ποτιό-

353 821 487 888 λων,
519 820 682 882 ωὐτὸς
718 821 811 894 μὲν
840 820 1072 895 ἐξελθεῖν
1108 820 1380 893 ἔσπευδεν,
1413 824 1533 879 κατ’
1574 822 1730 900 ἴχνος
1766 822 2000 900 βαδίζειν

351 908 552 965 ἐθέλων
583 914 680 965 τοῦ
704 910 1017 968 ἀποστόλου
1049 910 1294 968 Ηαύλοὺ.
1326 913 1415 975 Ὠς
1447 910 1504 968 δὲ
1532 911 1786 969 ἐπιπεσὸν
1823 913 2002 988 βίαιον

350 1004 564 1072 πνεῦμα
596 999 658 1054 οὗ
691 1001 1017 1075 συνεχώρει,
1047 1008 1149 1071 τῆς
1180 1001 1316 1072 νηὸς
1362 1001 1420 1057 ἐκ
1478 1002 1733 1078 πρύμνης
1789 1004 2002 1077 ἐπειγοι

355 1090 542 1162 μένης,
577 1088 877 1164 μακαρίσας
932 1090 1031 1157 τήν
1081 1087 1133 1144 έν
1185 1089 1376 1163 ἐκείνῳ
1405 1096 1480 1164 νῷ
1509 1092 1662 1164 τόπῳ
1690 1096 1799 1146 τῶν
1829 1089 2000 1147 ἀδελ-

350 1182 464 1256 φῶν
488 1177 726 1251 ἀγάπην,
775 1176 918 1231 οὕτω
975 1177 1265 1253 παρέπλει.
1300 1182 1605 1257 Τοιγαροῦν
1638 1179 1690 1234 ἐν
1729 1185 1826 1253 μιᾷ
1857 1181 2000 1253 ἡμέ-

355 1288 419 1343 ρᾳ
451 1268 539 1323 καὶ
572 1267 724 1323 νυκτὶ
753 1271 821 1341 τῇ
866 1268 1004 1341 αὐτῇ
1064 1269 1274 1343 οὗρίοις
1331 1268 1554 1344 ἀνέμοις
1607 1273 2003 1347 προσχησάμε-

348 1378 456 1425 νοι,
487 1357 653 1428 ἡμεῖς
688 1357 783 1429 μὲν
816 1355 1038 1418 ἄκοντες
1098 1359 1443 1434 ἀπηγόμεθα,
1504 1361 1772 1421 στένοντες
1806 1361 1893 1415 ἐπὶ
1924 1362 2002 1433 τῷ

352 1444 441 1521 ἀφ’
471 1445 632 1516 ἡμῶν
668 1441 933 1514 μέλλοντι
965 1449 1238 1520 χωρισμῷ
1258 1450 1357 1500 τοῦ
1388 1443 1608 1502 δικαίου
1630 1448 1889 1525 γίνεσθαι’
1913 1453 2004 1519 Τῷ

354 1529 410 1586 δὲ
447 1533 565 1585 κατ’
591 1530 760 1605 εὗχήν
793 1526 1079 1587 ἀπέϐαινεν
1112 1532 1401 1590 σπεύδοντι
1455 1537 1643 1591 θᾶττον
1705 1536 2005 1612 ἀναχωρῆ-

354 1641 439 1675 σαι
469 1624 566 1676 τοῦ
595 1620 828 1694 κόσμου,
886 1621 977 1675 ἳνα
1007 1624 1181 1699 φθάσῃ
1242 1625 1380 1698 πρὸς
1432 1624 1491 1678 ’ὁν
1556 1624 1842 1702 ¹ἤγάπησεν
1893 1625 2001 1682 Κό-

354 1729 487 1785 ριον.
537 1708 932 1773 Καταπλεόσας
959 1715 1088 1787 γοῦν
1121 1711 1200 1776 εἷς
1227 1713 1355 1774 τοὺς
1416 1710 1642 1787 λιμένας
1691 1714 2001 1787 Ῥωμαίων,

2118 558 2371 613 rhenum
2423 558 2739 629 ingressut,
2800 554 3025 611 insulas
3076 560 3135 608 et
3188 554 3452 608 civitates
3508 552 3766 623 transiit,

2116 647 2487 717 ostensisque
2520 650 2722 701 sancto
2743 645 2866 699 viro
2899 643 3181 711 Puteolis,
3202 642 3325 714 ipse
3342 643 3587 714 quinem
3611 657 3771 713 egre-

2118 735 2176 789 di
2208 735 2504 808 cupiebat,
2534 752 2668 790 cum
2691 734 2867 789 vellet
2896 750 3003 805 per
3030 732 3275 805 vestigia
3315 732 3482 786 Pauli
3514 730 3769 803 apostoli

2114 824 2390 881 incedere
2411 823 2478 878 ⁸³.
2512 825 2657 879 Cum
2688 840 2825 878 vero
2857 822 3092 878 irruens
3120 826 3330 876 ventus
3359 820 3770 875 vehementior

2121 914 2181 970 id
2207 931 2326 969 non
2358 918 2662 985 pateretur
2716 928 2859 967 nave
2891 928 2926 966 a
2955 911 3137 983 puppi
3196 909 3472 980 impulsa,
3531 909 3765 965 beatam

2114 1003 2457 1076 praedicavit
2486 1002 2836 1057 charitatem
2894 1001 3144 1055 fratrum
3204 1000 3364 1053 illius
3427 998 3565 1064 loci,
3598 1004 3658 1053 et
3682 999 3766 1053 sic

2113 1092 2639 1165 praeter-navigavit.
2667 1092 2847 1163 lgitur
2876 1107 2996 1145 uno
3020 1090 3114 1143 die
3142 1094 3201 1143 et
3230 1094 3400 1144 nocte
3432 1088 3637 1143 eadem
3670 1103 3761 1141 se-

2117 1182 2326 1237 cundis
2356 1181 2546 1235 ventis
2576 1181 2667 1235 usi
2692 1178 3159 1247 abducebantur,
3184 1194 3292 1233 nos
3310 1176 3547 1247 quidem
3573 1176 3761 1242 inviti,

2112 1276 2422 1343 gementes
2451 1270 2524 1324 ob
2548 1268 3152 1341 separationemjusti
3180 1267 3346 1321 illius
3370 1283 3405 1321 a
3434 1265 3609 1320 nobis
3632 1280 3767 1319 mox

2115 1360 2481 1415 futuram.At
2512 1359 2563 1411 ei
2597 1375 2669 1412 ex
2699 1363 2833 1411 voto
2865 1374 2959 1411 res
2983 1354 3701 1426 contingebat,festinanti
3735 1369 3765 1406 e

2114 1448 2335 1503 mundo
2362 1447 2664 1502 discedere
2696 1452 2763 1501 ut
2791 1446 2864 1500 ad
2897 1444 3176 1500 dilectum
3214 1445 3526 1499 Dominum
3557 1459 3762 1512 perve-

2113 1538 2288 1592 niret.
2322 1539 2511 1602 Quare
2542 1553 2676 1591 cum
2710 1535 3038 1607 navigando
3070 1534 3436 1606 pervenisset
3465 1532 3527 1586 in
3556 1537 3766 1603 portus

2112 1630 2536 1691 Romanorum,
2567 1627 2820 1697 finisque
2835 1625 3129 1681 immundi
3148 1622 3469 1695 spectaculi
3492 1622 3763 1677 immine-

2111 1723 2221 1784 ret,
2256 1716 2478 1772 milites
2511 1716 2849 1771 tarditatem
2882 1732 3034 1787 aegre
3066 1713 3378 1778 ferebant;
3439 1716 3501 1766 at
3532 1711 3762 1782 episco-

356 1796 672 1872 μελλούσης
706 1797 884 1873 λέγειν
914 1805 1016 1868 τῆς
1075 1800 1377 1868 ἀκαθάρτου
1437 1801 1777 1879 φιλοτιμίας,
1813 1804 1864 1858 οἱ
1896 1804 1995 1875 μὲν

2118 1823 2215 1878 pus
2244 1805 2507 1878 gaudens
2536 1804 2885 1876 urgentibus
2908 1803 3174 1874 parebat.

354 1892 683 1959 στρατιῶται
716 1888 846 1962 ὑπὲρ
871 1895 972 1958 τῆς
1004 1886 1339 1963 βραδυτῆτος
1370 1890 1685 1966 ἤσχαλλον,
1720 1893 1747 1947 ὁ
1781 1890 1837 1947 δὲ
1866 1890 2160 1956 ἐπίσκοπος
2193 1894 2401 1968 χαίρων
2428 1891 2833 1966 κατεπείγουσιν
2870 1892 3195 1960 ὑπήκουσεν.

1448 2019 1540 2072 VI-
1572 2020 1822 2088 Ignatius
1854 2024 2041 2078 Roma
2069 2038 2104 2075 a
2136 2019 2317 2075 bestiis
2354 2020 2666 2075 devoratur.

425 2137 660 2199 Ἐκεῖθεν
701 2134 793 2190 οὖν
825 2136 1105 2207 έώσθησαν
1166 2137 1271 2192 ἀπὸ
1327 2142 1424 2193 τοῦ
1477 2140 1819 2214 καλουμένου
1853 2143 1998 2218 Πόρ-

351 2244 449 2280 του
480 2226 557 2299 (6)
616 2221 1012 2303 διεπεφήμιστο
1067 2228 1169 2302 γὰρ
1226 2224 1336 2296 ἢδη
1386 2228 1455 2281 τὰ
1506 2231 1645 2284 κατὰ
1697 2230 1789 2284 τὸν
1851 2231 2006 2308 ἅγιον

357 2313 644 2388 μάρτυρα)’
708 2319 1053 2388 συναντῶμεν
1085 2318 1198 2387 (10)
1248 2321 1365 2377 τοῖς
1428 2315 1686 2393 ἀδελφοῖς
1736 2315 1889 2396 φόϐῳ
1919 2322 2005 2375 καὶ

353 2407 499 2478 χαρᾷ
529 2402 1016 2477 πεπληρωμένοις,
1072 2404 1359 2479 χαίρουσιν
1421 2405 1514 2477 μὲν
1572 2406 1654 2483 ἐφ’
1684 2408 1774 2468 οἷς
1803 2408 2005 2480 ἠξίων-

353 2513 414 2547 το
444 2498 546 2560 τῆς
577 2495 675 2545 τοῦ
711 2493 986 2568 Θεοφόρου
1019 2492 1330 2568 συντυχίας,
1364 2489 1729 2570 φοϐουμένοις
1752 2492 1828 2565 δὲ,
1864 2494 2005 2551 διότι

354 2601 454 2655 περ
483 2580 570 2635 ἐπὶ
605 2580 828 2644 θάνατον
864 2583 892 2635 ὁ
923 2585 1172 2642 τοιοῦτος
1238 2579 1423 2656 ἤγετο.
1484 2583 1608 2638 Τισὶ
1642 2582 1700 2638 δὲ
1730 2585 1821 2639 καὶ
1852 2606 1999 2660 παρ-

355 2668 625 2743 ήγγελλεν
654 2672 975 2745 ἡσυχάζειν,
1019 2668 1197 2739 ζέουσι
1247 2672 1337 2725 καὶ
1397 2669 1620 2747 λέγουσι
1676 2674 2004 2730 καταπαύειν

355 2758 445 2812 τὸν
480 2756 653 2831 δῆμον
691 2759 830 2833 πρὸς
883 2759 947 2813 τὸ
1004 2760 1079 2832 μή
1139 2757 1412 2829 ἐπιζητεῖν
1474 2758 1768 2815 ἀπολέσθαι
1798 2762 1891 2816 τὸν
1922 2760 2003 2817 δί-

361 2866 534 2901 καιον.
580 2850 675 2910 Ὃς
730 2848 884 2912 εὐθὺς
944 2847 1102 2923 γνοὺς
1172 2854 1252 2920 τῷ
1310 2848 1596 2921 πνεύματι.
1655 2851 1745 2905 καὶ
1802 2852 2006 2916 πάντας

362 2935 755 3010 ἀσπασάμενος,
790 2936 1018 3007 αῗτήσας
1073 2958 1132 2992 τε
1185 2939 1314 3013 παρ’
1372 2937 1546 2992 αὐτῶν
1604 2941 1702 3008 τὴν
1736 2939 2004 3011 ἀληθινὴν

360 3026 595 3100 ἀγάπην,
627 3027 854 3082 πλείονά
875 3048 935 3081 τε
954 3031 1061 3081 τῶν
1092 3026 1144 3082 ἐν
1166 3031 1234 3101 τῇ
1268 3026 1531 3101 ἐπιστολῇ
1553 3025 1867 3107 διαλεχθεὶς
1891 3032 2002 3104 (11)

356 3115 444 3168 καὶ
473 3114 661 3176 πείσας
696 3117 771 3187 μὴ
805 3118 1070 3192 φθονῆσαι
1119 3121 1197 3187 τῷ
1257 3113 1543 3171 σπεύδοντι
1590 3118 1724 3186 πρὸς
1768 3118 1858 3172 τὸν
1895 3119 2002 3175 Κό-

2190 2143 2362 2198 Illinc
2393 2160 2528 2215 ergo
2561 2142 2838 2197 abierunt
2866 2141 2938 2196 ab
3000 2156 3090 2207 eo,
3152 2138 3253 2209 qui
3313 2138 3528 2191 dicitur
3558 2140 3767 2189 Portus

2116 2232 2264 2304 (jam
2294 2249 2430 2287 vero
2454 2248 2659 2303 sparsa
2676 2237 2803 2286 erat
2824 2230 3012 2285 sancti
3035 2227 3311 2299 martyris
3332 2227 3509 2294 fama)
3535 2241 3548 2290 ;
3574 2223 3771 2278 obvia-

2119 2338 2251 2376 mus
2280 2321 2561 2375 fratribus
2586 2325 2748 2374 metu
2768 2325 2828 2374 et
2846 2318 3060 2390 gaudio
3084 2316 3346 2387 repletis,
3373 2312 3766 2385 gaudentibus

2119 2408 2547 2479 quidem,quod
2568 2423 2887 2479 congressu
2906 2404 3236 2475 Theophori
3260 2405 3413 2458 Deus
3435 2403 3595 2473 ipsos
3610 2406 3769 2456 esset

2119 2498 2414 2570 dignatus,
2442 2496 2792 2551 timentibus
2816 2501 3036 2562 autem,
3061 2493 3218 2564 quod
3250 2493 3385 2547 talis
3406 2492 3493 2546 vir
3513 2491 3587 2546 ad
3609 2506 3770 2545 mor-

2116 2592 2237 2640 tem
2259 2584 2897 2649 duceretur.Quosdam
2922 2584 3101 2638 etiam
3124 2582 3377 2649 monuit,
3411 2587 3475 2636 ut
3500 2581 3768 2650 quiesce-

2116 2681 2266 2737 rent,
2304 2676 2404 2746 qui
2438 2675 2740 2729 fervebant
2788 2672 3166 2742 aiebantque,
3199 2688 3260 2725 se
3312 2670 3601 2742 pepulum
3641 2686 3769 2724 esse

2116 2763 2443 2829 sedaturos,
2480 2780 2553 2816 ne
2586 2763 2774 2817 virum
2799 2761 3028 2832 justum
3078 2759 3152 2815 ad
3211 2775 3419 2813 necem
3451 2762 3764 2827 quaereret.

2116 2853 2222 2918 Qui
2247 2869 2381 2907 cum
2414 2851 2724 2906 confestim
2760 2867 2883 2906 rem
2918 2849 3132 2921 spiritu
3154 2847 3523 2920 cognovisset
3551 2851 3610 2901 et
3638 2861 3764 2899 om-

2118 2958 2224 2995 nes
2282 2941 2612 3008 salutasset,
2647 2946 2705 2994 et
2734 2940 2806 2995 ab
2841 2939 2913 2993 iis
2947 2955 3149 2993 verum
3203 2952 3467 2992 amorem
3497 2934 3768 3007 pluribus

2116 3031 2331 3098 verbis,
2367 3047 2544 3100 quam
2574 3030 2633 3083 in
2665 3028 2937 3100 epistola,
2972 3027 3259 3098 petiisset,
3292 3026 3484 3095 iisque
3525 3040 3769 3095 persua-

2118 3120 2312 3187 sisset,
2347 3136 2420 3173 ne
2452 3118 2563 3172 sibi
2604 3119 2935 3173 inviderent
2968 3117 3042 3172 ad
3076 3115 3391 3170 Dominum
3440 3112 3768 3179 festinanti,

357 3223 496 3277 ριον,
531 3200 675 3259 οὕτω
710 3204 844 3276 μετᾶ
900 3203 1252 3278 γονυνλισίας
1309 3206 1524 3260 πάντων
1582 3210 1688 3260 τῶν
1727 3205 2001 3285 ἀδελφῶν,

2123 3228 2302 3279 nunc,
2339 3215 2654 3281 postquam
2710 3209 2905 3263 cuncti
2946 3208 3161 3263 fratres
3218 3222 3410 3279 genua
3442 3204 3772 3270 ﬂexissent,

357 3291 737 3366 παρακαλέσας
786 3293 878 3347 τὸν
912 3294 1034 3347 Υὶὸν
1062 3297 1160 3348 τοῦ
1222 3297 1356 3349 Θεοῦ
1418 3294 1549 3368 ὑπὲρ
1603 3301 1709 3349 τῶν
1768 3293 2009 3367 Ἐκκλη-

357 3386 513 3452 σιῶν,
547 3381 679 3456 ὑπὲρ
710 3385 808 3445 τῆς
847 3385 944 3435 τοῦ
997 3379 1248 3457 διωγμοῦ
1305 3382 1716 3453 καταπαύσεως,
1747 3384 1878 3458 ὑπὲρ
1910 3391 2009 3452 τῆς

359 3475 471 3524 τῶν
520 3467 770 3547 ἀδελφῶν
825 3470 904 3532 εἰς
963 3468 1249 3540 ἀλλήλους
1301 3471 1536 3544 ἀγάπης,
1596 3473 1823 3547 ἀπήχθη
1879 3475 2012 3546 μετὰ

366 3556 608 3628 σπουδῆς
642 3562 717 3622 είς
743 3560 805 3612 τὸ
864 3560 1252 3634 ἀμφιθέατρον.
1306 3560 1442 3617 Εἶτα
1499 3560 1651 3623 εὐθὺς
1713 3558 2012 3634 ἐμϐληθεὶς

360 3649 497 3703 κατὰ
524 3649 588 3703 τὸ
616 3646 786 3703 πάλαι
835 3649 1156 3725 πρόσταγμα
1204 3650 1300 3704 τοῦ
1360 3651 1625 3725 Καίσαρος
1682 3655 1819 3726 (12),
1874 3653 2010 3726 μελ-

364 3735 582 3793 λουσῶν
628 3739 951 3794 καταπαύειν
1002 3744 1111 3794 τῶν
1144 3739 1478 3816 φιλοτιμιῶν
1536 3741 1623 3809 (ἦν
1682 3742 1784 3817 γὰρ
1813 3741 2003 3819 ἐπιφαη

357 3828 475 3895 νὴς,
539 3827 612 3888 ὡς
669 3824 913 3898 ἐδόκουν,
963 3830 998 3897 ἠ
1058 3825 1333 3905 λεγομένη
1391 3833 1460 3901 τῇ
1514 3830 1803 3901 Ῥωμαϊκῇ
1858 3834 2009 3907 φωνῇ

358 3913 780 4001 τρισκαιδέκάτη
841 3919 1151 3989 (13),,καθ¹
1208 3918 1275 3986 ἣν
1334 3915 1644 3978 σπουδαίως
1704 3919 2008 3992 συνῄεσαν),

360 4002 537 4066 οὕτως
571 4005 763 4076 θηρσὶν
794 4004 972 4078 ὡμοῖς
999 4002 1148 4079 παρά
1192 4010 1272 4075 τῷ
1327 4010 1440 4078 ναῷ
1467 4001 1844 4080 παρεϐάλλετο
1875 4011 2008 4081 (14),

364 4090 439 4155 ὡς
466 4093 591 4167 παρ’
623 4091 757 4147 αὐτὰ
811 4097 907 4146 τοῦ
940 4094 1102 4170 ἁγίου
1137 4094 1410 4167 μάρτυρος
1444 4094 1707 4169 Ἰγνατίου
1755 4094 2008 4170 πληροῦ-

360 4193 480 4244 σθαι
515 4185 613 4251 τὴν
646 4182 935 4255 ἐπιθυμίαν
968 4186 1099 4254 (15),
1121 4184 1258 4238 κατὰ
1312 4189 1374 4239 το
1418 4187 1820 4260 γεγραμμένον·
1865 4186 2012 4240 Ἐπιέ

359 4270 531 4344 θυμία
562 4269 774 4327 δικαίου
808 4269 991 4342 δεκτή·
1042 4272 1130 4327 ἳνα
1193 4270 1380 4345 μηδενῖ
1441 4280 1549 4328 τῶν
1604 4272 1857 4352 ἀδελφῶν
1880 4274 2008 4329 ἐπα-

359 4362 504 4434 χΟὴς
529 4358 616 4414 διὰ
644 4367 742 4429 τῆς
776 4358 1057 4434 συλλογῆς
1112 4365 1210 4414 τοῦ
1244 4360 1495 4436 λειψένου
1549 4361 1799 4437 γένηται,
1830 4365 2007 4426 καθὼς

359 4461 564 4525 φθασας
596 4448 647 4504 ἐν
675 4453 742 4522 τῇ
797 4447 1063 4523 ἐπιστολῇ
1112 4451 1211 4518 τήν
1274 4449 1413 4506 ἰδίαν
1476 4453 1734 4525 ἐπεθόμει
1765 4453 2009 4526 γενέσθαι

351 4537 651 4593 τελείωσιν.
690 4538 837 4594 Μόνα
869 4538 970 4611 γὰρ
1002 4539 1070 4593 τὰ
1098 4538 1409 4615 τραχύτερα
1441 4546 1549 4595 τῶν
1608 4541 1779 4616 ἀγίων
1839 4541 2004 4597 αὐτοῦ
2035 4575 2080 4638 D

356 4625 626 4702 λειψάνων
680 4625 1031 4705 περιελείφθη
1068 4669 1082 4694 ,
1152 4627 1305 4682 ἅτινα
1361 4631 1437 4692 εἷς
1494 4631 1595 4699 τὴν
1656 4630 2000 4709 Ἀντιόχειαν

423 4817 471 4855 ⁸³
499 4820 627 4876 Act.
660 4835 854 4888 xxvm,
886 4820 977 4888 13,
1011 4822 1097 4874 14.
1173 4817 1222 4854 3‘
1249 4820 1417 4874 Prov.
1449 4836 1509 4885 ι,
1541 4821 1630 4878 24.

421 5012 497 5075 (9)
531 5008 711 5063 Hodie
744 5007 790 5062 Il
821 5010 989 5064 Porto
1018 5026 1201 5081 prope
1234 5009 1466 5064 ostiam.

425 5082 537 5147 (IO,
569 5083 656 5134 lta
688 5088 965 5136 monente
997 5081 1245 5135 Smithio
1276 5081 1538 5135 restituit
1572 5080 1937 5136 Jacobsonus
1971 5098 2001 5135 e

355 5151 557 5252 ccidice
617 5151 883 5206 Pariensi
942 5169 1047 5224 pro
1100 5152 1334 5224 vulgata
1390 5153 1646 5207 lectione
1704 5150 1796 5204 σὺν
1856 5151 2003 5221 αὐτῷ

364 5242 478 5273 μιν.

363 5244 535 5365 pallii)
568 5294 658 5365 sc.
686 5293 755 5365 in
796 5293 1057 5363 Epistola
1090 5311 1196 5350 sua
1234 5294 1307 5350 ad
1339 5297 1654 5352 Romanos.

420 5368 532 5435 (l2)
565 5364 658 5419 Sic
686 5364 949 5433 loquitur
979 5366 1235 5437 Martyrii
1270 5369 1542 5437 scriptor,
1567 5365 1705 5436 quia
1733 5371 1869 5420 ante
1892 5366 2005 5420 ali-

355 5442 500 5562 guot
548 5451 787 5490 menses
848 5437 1207 5492 sententiam
1276 5439 1691 5509 pronuntiarat
1718 5438 2004 5509 Trajanus

401 5524 523 5562 LER.

574 5578 665 5631 Sc.
681 5581 837 5650 _an_te
887 5579 1175 5650 Kalendas
1220 5580 1551 5650 Ianuarias,
1583 5584 1651 5634 ut
1708 5595 1779 5633 ex
1809 5596 1937 5650 cap.
1972 5581 2005 5632 7

355 5644 605 5720 apparet
631 5664 644 5701 :
680 5644 905 5719 Εγένετὸ
939 5646 996 5703 δὲ
1023 5653 1190 5705 ταῦτα
1218 5655 1284 5718 τῆ
1318 5650 1425 5725 πρὸ
1458 5644 1753 5724 δεκατριῶν
1784 5644 2007 5705 Καλαν-

2117 3300 2361 3371 ipseque
2393 3299 2607 3353 Filium
2642 3298 2743 3353 Dei
2764 3315 2871 3370 pro
2902 3297 3179 3352 Ecclesiis
3212 3302 3269 3351 et
3298 3312 3403 3367 pro
3436 3293 3765 3349 cessatione

2117 3388 2550 3460 persecutionis
2572 3394 2630 3442 et
2651 3405 2755 3459 pro
2770 3392 2974 3442 mutuo
3006 3386 3255 3440 fratrum
3289 3386 3443 3439 inter
3471 3400 3533 3439 se
3565 3398 3766 3438 amore

2121 3484 2398 3557 precatus
2426 3482 2602 3545 esset,
2659 3476 2946 3531 abductus
2979 3481 3068 3531 est
3098 3475 3407 3529 confestim
3440 3475 3502 3528 in
3533 3471 3767 3543 amphi-

2117 3568 2437 3623 theatrum.
2471 3567 2620 3622 Dein
2651 3567 2808 3621 illico
2840 3567 2902 3620 in
2944 3565 3001 3620 id
3040 3565 3342 3619 immissus
3384 3580 3455 3617 ex
3485 3562 3764 3617 mandato

2116 3656 2364 3712 Caesaris
2394 3656 2625 3727 pridem
2658 3655 2815 3719 dato,
2862 3655 2979 3709 ﬁne
3039 3651 3507 3723 spectaculorum
3565 3650 3764 3705 immi-

2120 3750 2299 3800 nente
2329 3750 2480 3813 (erat
2501 3745 2659 3799 enim
2692 3744 2999 3811 solemnis,
3044 3749 3110 3797 ut
3139 3742 3447 3813 putabant,
3480 3741 3627 3808 dies,
3661 3738 3763 3809 qui

2117 3834 2335 3888 dicitur
2364 3836 2627 3889 Romana
2655 3833 2854 3904 lingua
2881 3832 3092 3886 tertius
3122 3831 3408 3898 decimus,
3470 3846 3585 3900 quo
3638 3834 3766 3883 stu-

2117 3922 2285 3977 diose
2316 3925 2754 3992 convenerant),
2789 3921 2873 3975 sic
2893 3919 3233 3976 crudelibus
3264 3919 3405 3974 feris
3429 3918 3600 3990 juxta
3622 3924 3765 3972 tem—

2115 4012 2279 4083 plum
2308 4016 2396 4065 est
2425 4011 2713 4082 objectus,
2749 4016 2815 4064 ut
2843 4009 3005 4063 illico
3038 4008 3225 4063 sancti
3259 4007 3534 4079 martyris
3555 4006 3763 4077 Ignatii

2117 4101 2467 4171 impleretur
2495 4099 2878 4166 desiderium,
2912 4103 3088 4169 prout
3129 4097 3416 4168 scriptum
3449 4100 3575 4151 est:
3610 4097 3759 4149 Desi-

2114 4189 2327 4243 derium
2343 4189 2489 4258 justi
2507 4194 2583 4242 est
2614 4194 2893 4258 acceptum
2912 4187 2985 4253 3‘;
3006 4191 3071 4241 ut
3096 4201 3309 4256 nempe
3341 4184 3489 4239 nulli
3513 4184 3763 4238 fratrum

2115 4278 2306 4347 gravis
2336 4276 2506 4331 ﬁeret
2526 4277 2600 4331 ob
2634 4293 2873 4331 suarum
2906 4275 3295 4346 reliquiarum
3328 4273 3769 4337 collectionem,

2118 4364 2623 4436 quemadmodum
2656 4365 2821 4436 prius
2853 4366 2913 4419 in
2945 4364 3195 4435 epistola
3239 4369 3563 4435 optaverat,
3597 4378 3768 4417 suam

2115 4455 2686 4510 consummationem
2715 4456 2863 4509 ﬁeri.
2890 4454 3036 4509 Solaa
3061 4455 3216 4509 enim
3244 4453 3514 4508 duriores
3538 4457 3768 4507 sancta-

2114 4561 2245 4598 rum
2264 4544 2392 4615 ejus
2414 4544 2800 4614 reliquiarum
2828 4550 3018 4614 partes
3041 4544 3283 4611 relicta),
3307 4546 3366 4597 et
3391 4540 3765 4597 Antiochiam

2112 4633 2324 4689 ablataa
2356 4639 2696 4703 sunt,atque
2719 4633 2781 4687 in
2804 4634 2989 4688 linteo
3012 4632 3317 4703 depositae,
3351 4637 3415 4685 ut
3447 4631 3760 4687 thesaurus

2110 5007 2217 5064 δῶν
2255 5008 2649 5079 Ἰαννουαρίων.
2684 5009 2786 5066 Die
2818 5011 2920 5065 illo
2956 5007 3414 5065 celebrabantur
3443 5006 3597 5061 binis
3632 5005 3759 5060 die-

2111 5082 2221 5137 bus
2252 5080 2561 5151 Sigillaria,
2595 5081 2836 5152 adjectA
2865 5079 3295 5152 Saturnalibus.

2184 5154 2293 5222 (14)
2318 5148 2464 5207 Erat
2492 5148 2995 5223 amphitheatrum
3054 5157 3156 5205 aut
3202 5151 3327 5223 ,Ιονὶ
3388 5148 3626 5223 Latiari,
3660 5152 3763 5202 aut

2112 5220 2331 5297 Stygio,
2364 5230 2422 5278 et
2451 5220 2651 5297 Dianas
2683 5240 2914 5279 sacrum
2943 5240 2956 5289 ;
2982 5221 3369 5297 quamobrem
3401 5220 3619 5297 mirum
3642 5236 3763 5297 non

2115 5292 2352 5365 estfhic
2384 5296 2591 5367 templi
2630 5292 3017 5367 mentionemi
3054 5292 3205 5367 fieri.
3263 5292 3428 5367 Cium.
3466 5293 3641 5367 V_et_us
3676 5292 3763 5367 in-

2113 5362 2343 5437 terpres
2372 5384 2493 5422 non
2509 5362 2653 5438 legii
2682 5370 2763 5435 τῷ
2817 5369 2947 5436 ναῷ,
3008 5366 3190 5438 habet
3220 5366 3376 5438 enim
3410 5381 3423 5438 ς
3458 5362 3764 5438 ab_impiis,

2116 5430 2364 5494 fortasse
2398 5430 2640 5511 legens:
2705 5430 2860 5492 παπὰ
2902 5430 3022 5490 ’τῶν
3081 5432 3317 5489 ἀνοσίων
3373 5436 3492 5492 sive
3524 5430 3764 5505 ἀνομων.

2118 5512 2283 5567 διιτιι

2189 5583 2303 5653 (15)
2337 5582 2476 5637 Vide
2507 5583 2628 5653 lgn.
2661 5581 2752 5637 ad.
2783 5584 2937 5638 Rom.
