4092 6142
1006 491 1236 546 CAPUT
1272 491 1344 545 II.

435 630 647 689 Postea
674 647 811 687 vero
843 649 976 690 cum
1008 648 1166 689 nono
1199 648 1356 689 anno
1386 634 1551 706 regni
1585 630 1674 687 sui
1723 629 2010 702 Trajanus

362 727 695 778 remeasset
721 723 792 777 de
824 722 1068 778 victoria
1097 725 1445 796 Scytharum
1480 728 1537 778 et
1566 724 1785 777 Dacum
1830 724 1889 775 et
1918 717 2012 772 di-

364 826 669 868 versarum
699 813 966 883 gentium
991 828 1006 880 ;
1038 818 1096 869 et
1123 817 1362 885 putaret
1388 812 1548 884 quod
1590 816 1792 883 posset
1834 823 2009 864 suum

362 901 683 973 imperium
705 902 1000 972 amittere,
1034 903 1147 959 nisi
1180 903 1652 958 Christianorum
1675 901 2010 973 piissimum

360 990 585 1045 cultum
610 990 684 1045 ad
700 990 1098 1048 idelolatriam
1118 992 1457 1058 inclinaret;
1482 1006 1689 1046 omnes
1705 989 1807 1045 Dei
1821 987 2009 1044 culte-

361 1096 457 1134 res
488 1084 590 1134 aut
618 1081 978 1149 sacriﬁcare,
1024 1086 1124 1136 aut
1173 1086 1332 1137 certe
1389 1081 1540 1136 mari
1593 1077 2007 1151 compellebat.

361 1173 521 1226 Tunc
549 1172 766 1226 timens
798 1188 903 1243 pro
933 1171 1197 1227 Ecclesia
1226 1170 1735 1226 Antiochenerum
1758 1169 2010 1224 fortissi-

364 1275 496 1315 mus
528 1260 747 1315 Christi
777 1262 952 1316 miles
988 1261 1269 1334 lgnatius,
1300 1261 1456 1315 ultro
1488 1258 1750 1331 perrexit
1780 1259 1854 1313 ad
1870 1260 2008 1313 Tra~

357 1353 591 1423 janum.
628 1356 1033 1407 transeuntem
1065 1349 1168 1406 illo
1198 1357 1466 1422 tempore
1494 1366 1600 1421 per
1615 1348 2009 1416 Antiochiam,

362 1446 423 1495 et
440 1441 825 1495 festinantem
850 1438 925 1495 ad
945 1440 1287 1495 Armeniam
1312 1448 1371 1495 et
1392 1438 1928 1509 Parthos.Cumque
1952 1438 2012 1492 in

361 1530 578 1585 faciem
608 1529 762 1601 regis
819 1529 1055 1601 Trajani
1115 1528 1418 1598 astitisset,
1476 1528 1764 1599 Trajanus
1818 1526 2009 1583 dixit;

366 1640 394 1669 κ
431 1619 572 1683 Quis
604 1635 665 1672 es
690 1624 775 1683 tu,
808 1619 1208 1686 cacodazmen,
1241 1620 1342 1688 qui
1370 1624 1573 1673 nostra
1601 1624 1896 1689 prmcepta
1926 1618 2011 1672 fe-

369 1708 555 1763 stinas
587 1707 938 1779 transgredi.
973 1714 1032 1762 et
1058 1708 1191 1763 aliis
1223 1708 1543 1779 persuades
1572 1715 1640 1762 ut
1695 1707 1844 1763 male
1875 1722 2010 1778 per-

370 1803 508 1853 eant
532 1796 560 1853 ?
590 1819 619 1846 »
649 1797 908 1869 Ignatius
939 1798 1125 1853 dixit:
1160 1820 1187 1846 «
1221 1800 1403 1852 Nemo
1452 1797 1864 1867 Theophorum
1914 1813 2008 1851 ca-

366 1886 772 1943 codmmonem
804 1893 970 1941 vocat
998 1904 1012 1953 ;
1046 1886 1215 1959 longe
1248 1888 1408 1941 enim
1440 1902 1475 1941 a
1504 1886 1685 1940 servis
1716 1884 1819 1940 Dei
1849 1902 2014 1940 rece-
2046 1861 2089 1922 Β

359 1977 508 2032 dunt
522 1976 845 2031 daemones.
868 1976 1000 2031 Scio
1023 1976 1263 2045 quidem
1286 1976 1425 2045 quia
1444 1974 1727 2029 molestus
1744 1975 1829 2028 eis
1842 1988 1975 2029 sum
1997 1989 2012 2042 ;

364 2070 678 2138 propterea
709 2079 801 2118 me
835 2064 985 2119 male
1018 2064 1491 2119 cacedcemenem
1524 2062 1763 2119 vocasti.
1815 2063 2013 2117 Confi-

357 2161 488 2211 teor
519 2153 680 2209 enim
712 2169 805 2209 me
832 2152 1131 2210 Christum
1161 2169 1355 2225 regem
1381 2152 1598 2208 habere
1626 2169 1637 2207 :
1673 2156 1733 2207 et
1753 2150 2010 2207 dissolvo

359 2243 601 2298 illorum
633 2242 903 2298 consilia.
934 2263 962 2293 »
994 2243 1282 2314 Traianus
1326 2241 1512 2297 dixit:
1566 2265 1594 2293 α
1623 2244 1694 2297 Et
1740 2241 1875 2311 quis
1925 2246 2016 2296 est

359 2330 746 2400 Theophorus
769 2329 798 2385 ἲ
818 2350 847 2379 ι)
879 2330 1140 2401 Ignatius
1169 2330 1360 2384 dixit:
1399 2354 1418 2378 ι
1453 2329 1562 2393 Qui
1585 2328 1884 2383 Christum
1907 2328 2014 2383 ha-

362 2422 462 2476 bet
485 2421 548 2474 in
576 2424 837 2491 pectore.
872 2439 901 2468 »
933 2417 1225 2490 Trajanus
1258 2417 1409 2473 dixit
1435 2435 1448 2475 :
1478 2440 1505 2467 ››
1535 2419 1606 2474 Et
1634 2433 1743 2473 nos
1772 2415 2011 2473 nentibi

364 2509 634 2564 videmur
663 2505 881 2564 habere
909 2507 1052 2564 deos
1101 2508 1161 2563 in
1213 2513 1472 2580 pectore,
1525 2524 1672 2578 quos
1721 2503 2013 2562 habemus

366 2597 747 2657 auxiliatores
778 2603 984 2654 contra
1010 2598 1212 2653 hostes
1235 2596 1262 2652 Ἰ
1291 2616 1314 2641 υ
1347 2598 1608 2669 lgnatius
1653 2595 1839 2650 dixit:
1882 2620 1909 2645 ι(
1945 2596 2014 2650 Et

363 2688 657 2744 daemonia
686 2688 953 2753 gentium
976 2686 1117 2743 deos
1141 2686 1679 2753 existimans,erras
1732 2683 1893 2739 Unus
1923 2690 2013 2739 est

362 2778 519 2831 enim
542 2778 714 2843 Deus,
743 2776 842 2847 qui
866 2775 1005 2831 fecit
1025 2774 1236 2830 cmlum
1262 2779 1319 2829 et
1340 2778 1581 2843 terram,
1607 2789 1770 2828 mare
1802 2778 1860 2828 et
1881 2788 2011 2827 om-

359 2863 459 2918 nia
488 2880 616 2937 quae
645 2865 707 2919 in
751 2864 837 2919 eis
892 2869 1070 2919 sunt:
1129 2868 1186 2917 et
1243 2880 1402 2918 unus
1448 2863 1791 2934 unigenitus
1840 2863 2009 2917 Jesus

361 2952 621 3009 Christus
650 2951 833 3009 Filius
865 2953 1016 3024 ejus,
1048 2948 1219 3023 cujus
1250 2951 1577 3007 amicitiam
1635 2951 1939 3021 acquisivi.
1977 2973 2006 3001 ››

358 3044 645 3113 Trajanus
676 3042 859 3098 dixit:
923 3064 951 3093 ι(
984 3043 1343 3098 Cruciﬁxum
1392 3042 1540 3097 dicis
1572 3056 1606 3096 a
1658 3042 1867 3096 Pontio
1900 3041 2006 3095 Pi-

356 3132 513 3187 lato?
546 3150 573 3181 »
605 3132 864 3203 lgnatius
893 3129 1040 3185 dixit
1068 3147 1079 3184 :
1113 3154 1139 3179 ‹‹
1184 3130 1356 3185 Illum
1388 3130 1489 3201 qui
1548 3127 1838 3185 crucifixit
1866 3144 2008 3203 pec-

1839 351 2350 416 IABTYRIUM.

2032 487 2088 551 Α
2114 500 2251 540 eum
2280 485 2551 557 apostolo
2583 490 2684 541 tuo
2715 486 2898 542 Paulo
2930 485 3139 542 ferreis
3161 484 3410 541 vinculis
3453 486 3702 557 alligari.
3732 505 3765 538 ιι

3653 350 3775 416 990

2121 575 2240 631 Hoc
2270 574 2495 645 dicens,
2528 581 2586 630 et
2616 592 2750 631 cum
2782 576 2987 632 iustitia
3025 576 3358 648 suscipiens
3401 577 3658 643 vincula,
3711 581 3769 633 et

2117 677 2296 719 orans
2328 665 2519 735 primo
2551 683 2656 737 pro
2690 666 2969 731 Ecclesia,
3014 671 3072 720 et
3127 682 3257 721 eam
3308 682 3442 720 cum
3491 664 3770 738 lacrymis

2120 754 2547 811 commendans
2590 755 2876 820 Domino;
2925 754 3078 810 sicut
3128 754 3283 810 aries
3332 770 3583 826 magnus
3630 754 3771 809 boni

2119 842 2310 912 gregis
2332 840 2473 911 dux,
2497 861 2531 898 a
2551 843 2937 898 ferocissimis
2962 840 3249 897 militibus
3272 839 3773 911 ducebatur,cru-

2120 931 2438 987 delissimis
2454 933 2999 999 manibusJiemam
3012 934 3218 989 bestiis
3232 934 3306 989 ad
3319 931 3772 989 comestionem.

2763 1069 2995 1124 CAPUT
3031 1068 3126 1125 lli.

2191 1189 2489 1245 Tollentes
2521 1192 2698 1263 igitur
2727 1191 2961 1248 beatum
3015 1192 3330 1264 lgnatium,
3387 1193 3654 1264 pervenit
3695 1188 3769 1247 ad

2122 1277 2449 1334 Seleuciam
2477 1296 2489 1345 ;
2524 1280 2680 1335 unde
2712 1287 2769 1335 et
2799 1278 3070 1351 navigare
3104 1280 3456 1335 habuerunt.
3492 1281 3562 1335 Et
3590 1276 3774 1351 respi-

2122 1368 2285 1423 ciens
2307 1375 2546 1423 sanctus
2595 1371 2850 1440 lgnatius
2898 1376 3030 1441 post
3082 1366 3331 1425 multum
3382 1370 3645 1425 laborem
3697 1365 3770 1424 ad

2122 1458 2560 1529 Smyrmeorum
2579 1458 2896 1523 civitatem,
2923 1474 3053 1514 cum
3082 1455 3267 1513 multo
3290 1456 3502 1530 gaudio
3526 1459 3770 1514 descen-

2124 1544 2269 1602 dens
2297 1548 2369 1603 de
2399 1550 2552 1617 navi,
2585 1548 2905 1603 festinabat
2936 1554 3203 1604 sanctum
3238 1548 3625 1621 Polycarpum
3652 1548 3773 1620 epi-

2122 1651 2365 1708 scopum
2399 1639 2835 1709 Smyrnseorum
2872 1638 3274 1708 coadjutorem
3331 1652 3502 1694 suum
3551 1637 3773 1695 videre.

2121 1727 2381 1782 Fuerunt
2408 1733 2605 1781 autem
2655 1726 2829 1782 ambo
2886 1723 3159 1797 discipuli
3211 1726 3453 1782 Joannis
3499 1726 3771 1797 apostoli.

2121 1817 2304 1882 Quem
2336 1816 2447 1870 sibi
2479 1816 2803 1872 adductum
2835 1816 3042 1871 beatus
3074 1817 3430 1887 Polycarpus
3460 1815 3687 1883 videns,
3713 1819 3772 1869 et

2121 1905 2263 1975 spiri
2274 1905 2512 1960 tualiter
2523 1905 2578 1959 ei
2599 1905 3071 1972 cemmunicans,
3089 1911 3150 1959 et
3173 1904 3420 1959 vinculis
3450 1902 3581 1972 ejus
3602 1918 3773 1958 coex-

2121 1991 2370 2059 sultans,
2404 1998 2571 2065 rogat
2599 2009 2734 2048 eum
2766 1993 2851 2048 ire
2885 1993 2957 2049 ad
2981 1992 3347 2065 propositum
3376 2006 3569 2048 suum.
3596 1990 3773 2064 Magis

2120 2088 2318 2138 autem
2350 2083 2748 2138 communiter
2788 2084 2984 2139 omnis
3014 2082 3274 2139 Ecclesia
3300 2088 3465 2153 rogat
3502 2098 3636 2138 cum
3668 2097 3775 2153 per

2119 2179 2391 2229 sanctum
2422 2168 2769 2244 episcopum
2806 2171 3223 2244 Pelycarpum.
3278 2178 3335 2226 et
3380 2188 3487 2241 per
3535 2177 3770 2226 sanctos

2116 2262 2495 2335 presbyteros
2526 2267 2583 2316 et
2613 2261 2918 2317 diaconos.
2967 2260 3079 2315 Sed
3128 2268 3188 2315 et
3235 2275 3442 2315 omnes
3490 2259 3768 2314 Ecclesia)

2115 2352 2268 2406 Asim
2300 2350 2661 2405 festinabant
2692 2350 2765 2405 ad
2816 2365 2973 2418 eum,
3027 2353 3096 2404 ut
3142 2347 3641 2420 participarentur
3693 2347 3766 2401 de

2116 2438 2409 2511 spirituali
2443 2439 2572 2510 ejus
2604 2435 3039 2494 benedictione.
3066 2438 3316 2493 Maxime
3341 2444 3538 2493 autem
3556 2442 3611 2492 et
3630 2453 3766 2492 san-

2116 2536 2276 2584 ctum
2312 2526 2697 2599 Polycarpum
2729 2528 3139 2596 hortabantur,
3173 2535 3239 2582 ut
3266 2544 3403 2583 cum
3449 2528 3764 2595 animaret,

2117 2633 2233 2686 quo
2264 2622 2712 2670 consummatus
2743 2631 2777 2670 a
2807 2614 3037 2684 bestiis,
3072 2615 3389 2669 invisibilis
3420 2614 3643 2670 mundo
3679 2613 3766 2668 cf.

2115 2706 2325 2771 fectus,
2356 2710 2825 2776 przesentaretur
2857 2704 3162 2759 obtutibus
3195 2704 3433 2759 Christi.

2186 2797 3762 2867 (20)................

2715 2926 2758 2981 E
2798 2925 3049 2981 CAPITE
3089 2925 3153 2980 V.

2186 3084 2200 3103 .
2245 3086 2257 3100 .
2305 3084 2319 3100 .
2364 3084 2376 3100 .
2425 3083 2438 3100 .
2482 3084 2497 3099 .
2538 3047 2606 3100 Et
2646 3044 2857 3100 exinde
2889 3043 3296 3115 proficiscens,
3328 3042 3515 3114 Trojae
3546 3056 3760 3113 appro-

2112 3134 2435 3205 pinquavit.
2460 3132 2761 3189 Adductus
2786 3136 2981 3188 autem
3001 3132 3440 3203 Neapolim,per
3461 3130 3728 3203 Philippe
3743 3162 3757 3172 -

349 3228 567 3286 catum,
601 3227 660 3275 et
690 3221 1060 3275 inventorem
1090 3219 1257 3290 ejus;
1292 3225 1350 3274 et
1403 3218 1503 3291 qui
1550 3234 1668 3275 non
1708 3216 2002 3290 justificat
2044 3223 2085 3289 (ζ
2115 3221 2233 3278 sies
2265 3222 2497 3278 transiit
2530 3220 2934 3277 Macedoniam
2966 3220 3239 3294 pedibus,
3264 3225 3322 3277 et
3351 3222 3594 3292 Epirum
3627 3237 3758 3290 quea

344 3310 642 3366 idolorum
675 3308 1040 3376 servitorem,
1070 3306 1174 3364 sed
1200 3309 1301 3380 qui
1334 3309 1394 3363 in
1430 3306 1606 3363 corde
1628 3326 1734 3364 suo
1766 3310 1877 3364 hoc
1900 3326 1991 3365 sa-

349 3401 455 3472 pit.
489 3421 518 3451 »
559 3400 846 3470 Trajanus
877 3397 1063 3452 dixit:
1111 3420 1138 3447 «
1171 3399 1255 3452 Tu
1304 3410 1440 3468 ergo
1495 3397 1555 3452 in
1596 3398 1783 3468 teipse
1832 3398 1994 3452 Chri-

352 3495 507 3543 stum
538 3495 729 3560 gestas
750 3487 777 3542 ‘I
810 3510 836 3535 ι»
870 3487 1131 3558 lgnatius
1161 3487 1340 3539 dixit:
1376 3505 1403 3535 ‹‹
1442 3487 1670 3556 Utique.
1700 3487 1994 3557 Scriptum

354 3582 442 3631 est
477 3577 635 3633 enim
667 3590 680 3630 :
718 3574 992 3630 Habitabo
1022 3577 1079 3629 in
1111 3576 1203 3643 eis,
1236 3580 1287 3629 et
1316 3572 1689 3630 inambulabo.
1728 3599 1749 3628 ι
1787 3573 1995 3647 Traja-

350 3683 461 3722 nus
494 3663 683 3721 dixit:
717 3687 745 3716 «
784 3664 1075 3737 ignatium
1104 3664 1329 3729 censui,
1363 3662 1658 3719 dicentem
1702 3665 1762 3718 in
1802 3665 1996 3735 seipse

348 3757 655 3811 continere
676 3754 1050 3821 crucifixum,
1085 3753 1345 3808 vinctum
1375 3769 1408 3807 a
1439 3753 1730 3809 militibus
1752 3753 1995 3824 perduci

348 3846 421 3901 ad
452 3858 729 3911 magnam
757 3841 968 3898 urbem
1004 3844 1267 3902 Romam.
1292 3856 1488 3896 escam
1510 3842 1715 3896 bestiis
1738 3858 1842 3913 pro
1861 3858 1993 3897 aveo

351 3935 585 3989 catione
616 3930 836 4005 populi.
871 3950 897 3980 »
926 3930 1085 3986 lianc
1106 3930 1464 3984 sententiam
1486 3929 1735 3986 audiens
1756 3936 1997 3986 sanctus

355 4030 580 4095 martyr
608 4023 890 4095 Ignatius,
923 4037 1058 4077 cum
1113 4017 1328 4093 gaudio
1373 4020 1704 4090 exsultavit,
1754 4020 1993 4076 dicens:

357 4137 385 4165 ‹‹
418 4112 646 4169 Gratias
676 4111 782 4165 tibi
811 4127 938 4182 ago,
972 4110 1241 4177 Domine,
1275 4110 1556 4179 quoniam
1598 4126 1691 4163 me
1740 4110 1996 4180 perfecte

353 4201 657 4258 honerasti
690 4202 751 4254 in
783 4204 883 4254 tua
913 4196 1253 4265 dilectione,
1288 4204 1346 4252 et
1374 4197 1620 4269 dignum
1662 4214 1756 4252 me
1802 4187 1996 4255 fecisti

423 4356 865 4429 (20)71nte_grum
899 4352 1156 4429 caput},
1192 4367 1326 4429 cum
1367 4356 1531 4424 parte
1582 4352 1849 4429 proxime
1899 4368 1992 4407 se-

350 4422 611 4499 quentis,
643 4422 811 4499 abest
842 4440 875 4480 a
905 4422 1015 4481 ms.
1077 4422 1464 4499 Cottoniano;
1512 4422 1641 4499 quae
1694 4422 1933 4499 quidem
1967 4441 1998 4480 e

346 4494 523 4555 tertio
550 4497 987 4571 lgnatianarum
1020 4494 1406 4567 epistolarum
1465 4494 1782 4550 collectere
1833 4496 2000 4552 Usse-

349 4572 474 4626 rius
504 4569 814 4642 supplevit.

446 4643 535 4713 21)
569 4635 699 4713 Lég.
734 4660 761 4691 «
792 4635 1238 4713 Tyrrhenicum.
1278 4658 1304 4686 »

446 4643 535 4713 21)
569 4643 699 4713 Leg.
734 4660 761 4691 «
792 4643 1238 4709 Tyrrhenicum.
1278 4658 1304 4686 »

420 4643 958 4785 i221Aiter_vetus
1016 4709 1357 4785 interpres:
1415 4707 1741 4785 «__Osten_s_is
1790 4714 1993 4765 sancto

346 4778 617 4847 Pociolis,
653 4802 682 4835 ››
715 4779 814 4854 ubi
846 4778 1535 4854 legendum—«grPuteolis.
1571 4801 1597 4828 η
1634 4779 1735 4854 Hic
1794 4787 1993 4838 autem

345 4855 731 4935 Cottonianus
762 4849 1076 4935 interpres.
1131 4875 1158 4935 «τ
1203 4849 1927 4935 P'entieium‘episcepum
1962 4871 1989 4904 ››

339 4926 670 4983 fabricavit.
706 4940 880 4997 Quem
914 4920 971 4978 et
1001 4927 1204 4979 sancto
1237 4922 1460 4997 [gnatio
1519 4920 1748 4977 obviam
1790 4920 1990 4997 exisse

343 4996 531 5065 ﬁnxit,
566 4994 901 5053 Graecorum
960 5011 1089 5065 quae
1147 4994 1409 5049 vertebat
1464 4997 1744 5050 Actorum
1792 4996 1990 5050 minus

344 5076 503 5124 recte
535 5072 815 5140 percepta
846 5065 1391 5140 sententiaa‘Ussaa.

416 5135 830 5209 (23l'Exactier
860 5135 1099 5209 quidem
1132 5136 1282 5192 alius
1312 5142 1479 5209 vetus
1510 5137 1824 5209 interpres.

410 5206 520 5283 (24)
555 5206 1053 5292 Reliquaherum
1107 5210 1387 5292 Apter‘um
1427 5206 1715 5292 similiter
1756 5209 1989 5292 praesti-

340 5276 565 5345 tissem,
604 5276 721 5336 nisi
748 5280 1088 5353 interpretis
1119 5278 1445 5335 obstitisset
1488 5276 1723 5350 ἀκρισία,
1757 5276 1875 5351 ἐιυί
1926 5280 1985 5335 in

2110 3317 2199 3366 est
2222 3311 2394 3384 juxta
2421 3311 2840 3383 Epidamnium
2864 3327 3033 3366 secus
3068 3327 3268 3377 mare;
3319 3315 3496 3379 atque
3549 3307 3761 3362 exinde

2107 3401 2304 3457 navim
2327 3400 2755 3469 conscendens,
2778 3401 3069 3472 navigavit
3088 3416 3195 3470 per
3218 3397 3581 3454 Adriaticum
3600 3395 3757 3468 pela-

2107 3508 2235 3565 gus.
2268 3493 2500 3546 Etcum
2534 3490 2672 3545 inde
2703 3490 3051 3546 ascenderet
3089 3489 3163 3544 ad
3218 3489 3571 3562 Tyranicum
3619 3487 3751 3557 (21),

2108 3586 2412 3637 ostensum
2444 3582 2536 3635 est
2565 3586 2767 3634 sancto
2803 3576 3072 3634 Pentielo
3105 3576 3214 3650 (2‘2)
3248 3576 3544 3649 episcopo,
3597 3570 3755 3646 quod

2109 3672 2235 3742 ipse
2264 3668 2621 3725 transiturus
2644 3674 2819 3727 esset.
2843 3668 2911 3725 Et
2933 3664 3162 3723 obviam
3186 3668 3238 3721 ei
3259 3668 3486 3733 exiens,
3511 3666 3753 3720 festina-

2110 3758 2209 3812 bat
2239 3756 2403 3826 sequi
2438 3758 2567 3828 ejus
2598 3756 2841 3827 vestigia
2866 3761 3151 3825 tauquam
3182 3754 3435 3825 apostoli
3467 3752 3653 3808 Pauli.
3687 3754 3756 3806 Et

2107 3860 2227 3899 non
2260 3846 2452 3916 potuit
2482 3846 2672 3914 sequi,
2706 3843 2915 3915 spiritu
2947 3845 3110 3898 navis
3133 3856 3322 3914 prorae
3344 3840 3751 3896 incumbente.

2107 3934 2178 3989 Et
2206 3930 2489 4005 Ignatius,
2524 3929 2868 3988 heatiticans
2895 3930 2957 3987 in
2988 3948 3055 3987 eo
3088 3931 3216 3986 loco
3235 3931 3476 3986 fratrem
3500 3947 3673 3986 suum
3696 3929 3757 3984 in

2108 4020 2427 4077 dilectione
2459 4024 2590 4091 (23),
2626 4022 2707 4075 ita
2738 4019 3045 4091 navigavit.
3091 4018 3350 4089 Denique
3383 4035 3503 4073 una
3552 4019 3648 4073 die
3700 4024 3758 4073 ct

2111 4128 2179 4168 ea
2207 4117 2378 4168 nocte
2411 4111 2712 4182 prosperis
2742 4110 2935 4164 ventis
2965 4109 3076 4178 usi,
3112 4113 3506 4180 pervenerunt
3536 4107 3611 4161 ad
3656 4120 3756 4161 ur-

2108 4201 2243 4255 bem
2276 4204 2518 4255 Romam
2553 4202 2687 4270 (24).

2108 4353 2286 4410 rebus
2318 4353 2906 4425 postquamgiiomam
2933 4350 3223 4425 attigisset
3261 4349 3520 4425 ignatius
3544 4423 3553 4425 _
3577 4366 3754 4422 expe-

2109 4423 2347 4493 nendis',
2380 4423 2716 4496 posthabita
2747 4437 2950 4477 eorum
2985 4423 3085 4494 qui
3116 4423 3290 4496 ageni
3314 4423 3590 4496 martyris
3613 4439 3757 4494 prm-

2111 4500 2308 4552 sentes
2328 4494 2586 4549 adfuisse
2610 4511 2670 4549 se
2695 4495 2972 4549 dixerunt
2992 4494 3756 4562 narra‘tiene,recentiorem

2029 4587 2076 4651 D
2110 4568 2497 4651 bipgraphum
2531 4567 2699 4637 sequi
2735 4567 2919 4649 magis
2950 4563 3166 4648 voluit;
3197 4565 3300 4651 qui
3331 4566 3563 4651 poetica
3586 4566 3758 4651 plane

2108 4636 2452 4709 fide'longes
2474 4636 2780 4692 sermones
2795 4636 2947 4692 inter
2962 4636 3380 4709 imperatorem
3401 4636 3755 4705 etlgnatium

2103 4711 2323 4766 ibidem
2347 4709 2776 4777 intercessisse,
2794 4717 2849 4762 et
2872 4709 3030 4763 varia
3057 4714 3485 4780 tormentorum
3510 4725 3749 4780 genera,

2102 4788 2235 4838 ante
2267 4788 2598 4836 extremum
2629 4780 3010 4852 supplicium,
3062 4778 3375 4852 pertulisse
3430 4778 3747 4851 martyrem

2101 4859 2472 4909 commentus
2486 4859 2575 4907 est
2599 4866 2612 4917 ;
2642 4850 2773 4906 curn
2798 4850 3166 4906 cruciatuum
3184 4850 3418 4904 illorum
3442 4862 3635 4919 neque
3653 4868 3753 4905 an-

2101 4927 2141 4980 ti
2190 4926 2358 4980 uiora
2382 4926 2544 4983 Acta.
2569 4937 2763 4992 neque
2786 4923 2801 4974 i
2850 4937 2911 4976 se
2936 4922 3358 4993 Metaphrastes
3382 4922 3747 4976 mentionem

2101 4944 2283 5047 uiiam
2312 4995 2549 5047 fecerit:
2575 5001 2633 5047 et
2652 4998 2782 5047 eost
2799 4938 3135 5047 garthicam
3159 4991 3595 5047 exeeditionem
3619 4992 3747 5047 Tra-

2099 4991 2284 5052 ullam
2312 4995 2549 5059 fecerit;
2575 5001 2633 5048 et
2652 4991 2782 5064 post
2799 4991 3135 5064 Parthicam
3159 4991 3595 5064 expeditionem
3619 4992 3752 5064 ’l‘ra-

2090 5071 2304 5151 janum
2339 5062 2927 5151 nunquam'ilemam
2962 5062 3515 5151 rediisse,'idepque
3569 5062 3750 5117 rebus

2098 5134 2228 5194 istis
2270 5134 2554 5193 interesse
2587 5135 2830 5190 omnino
2864 5150 2983 5206 non
3016 5134 3298 5206 potuisse,
3342 5136 3607 5187 Romana
3640 5149 3748 5188 nos

2096 5212 2298 5266 doceat
2332 5208 2597 5263 historia.
2638 5207 2924 5273 Ussaams,
2959 5204 3031 5260 in
3054 5204 3283 5275 praefat.
