4114 6148
333 250 450 314 995

1540 247 1606 311 S.
1647 246 2172 312 POLYGARPUS
2216 248 2573 311 MART“.

1215 416 1581 478 Tertulliani
1614 418 1692 478 de.
1720 418 1840 478 hoc
1870 418 2124 496 Trajani
2166 421 2489 500 Rescripta
2527 419 2858 481 sententia.

406 569 632 623 Plinius
652 567 974 635 Secundus,
998 584 1133 621 cum
1158 567 1514 638 provinciam
1540 572 1789 637 regeret.
1815 568 1984 622 dam-
2012 571 2064 636 Α
2095 576 2161 625 ut
2189 576 2491 626 nocentes.
2536 571 2732 626 Parcit
2763 576 2821 624 et
2852 570 3051 625 saavit:
3090 567 3425 623 dissimulat
3457 572 3515 621 et
3544 567 3743 622 anim-

332 659 489 713 natis
540 656 893 728 quibusdam
956 655 1329 723 Christianis,
1387 655 1742 727 quibusdam
1800 657 1982 729 gradu

330 746 533 819 pulsis,
570 747 697 816 ipsa
727 752 927 801 tamen
962 746 1344 801 multitudine
1399 746 1796 816 perturbatus,
1840 746 1983 817 quid

332 837 403 891 de
436 853 648 902 caaiero
675 840 875 907 ageret
904 835 1203 891 consuluit
1222 840 1359 890 tunc
1380 836 1698 905 Trajanum
1732 836 1980 908 impera-

334 933 520 981 torem
550 943 561 980 ε
599 924 878 997 allegatus,
906 930 1120 996 praeter
1141 924 1600 979 obstinationem
1644 942 1761 980 non
1796 926 1975 980 sacri-

334 1015 570 1081 ﬁcandi,
604 1014 754 1069 nihil
785 1013 945 1068 aliud
976 1031 1037 1067 se
1072 1013 1143 1069 de
1175 1014 1561 1068 sacramentis
1594 1032 1796 1069 eorum
1822 1033 1977 1071 com-

332 1107 579 1178 perisse,
629 1120 804 1176 quam
856 1107 1041 1158 cretus
1096 1104 1481 1158 antelucanos
1541 1103 1611 1158 ad
1645 1104 1975 1159 canendam

330 1195 580 1254 Christo.
616 1199 681 1247 ut
712 1194 850 1261 Deo,
876 1198 935 1249 et
991 1193 1063 1248 ad
1122 1192 1639 1248 conftrderandum
1705 1192 1973 1266 discipli-

333 1283 911 1353 nam,l10micidium,
932 1281 1311 1350 adulterium,
1341 1282 1631 1346 fraudem,
1664 1283 1972 1355 perﬁdiam

328 1380 387 1429 et
415 1379 627 1428 caetera
659 1371 885 1426 scelera
918 1371 1321 1444 prohibentes.
1357 1373 1516 1427 Tunc
1548 1372 1832 1441 Trajanus
1884 1389 1976 1427 rc-

330 1463 589 1534 scripsit,
610 1463 721 1517 hoc
742 1478 928 1533 genus
956 1461 1347 1532 inquirendos
1380 1460 1618 1532 quidem
1654 1478 1771 1516 non
1806 1478 1932 1515 esse
1960 1477 1971 1525 ;

327 1552 555 1608 oblatos
588 1570 724 1607 vero
757 1551 953 1625 puniri
995 1556 1286 1624 oportere.

399 1643 441 1699 Ο
482 1642 837 1698 sententiam
890 1640 1243 1696 necessitate
1277 1641 1585 1696 confusam
1622 1640 1633 1695 ἓ
1679 1643 1858 1713 Negat
1887 1640 1974 1695 in-

327 1731 649 1805 quirendos
688 1737 756 1786 ut
810 1731 1177 1797 innocentes,
1230 1734 1287 1785 et
1342 1729 1586 1785 mandat
1642 1729 1976 1801 puniendos

2093 659 2361 716 advertit.
2396 660 2547 724 Quid
2576 660 2960 731 temetipsum
3022 673 3275 713 censura
3303 656 3695 711 circumvenis
3725 655 3749 711 ?

2094 749 2151 806 Si
2185 748 2450 815 damnas,
2486 767 2591 804 cur
2620 766 2742 804 non
2772 754 2830 803 et
2861 747 3114 818 inquiris
3141 746 3167 800 ‘?
3219 744 3272 800 Si
3306 762 3425 801 non
3460 743 3739 815 inquiris,

2092 856 2196 893 cur
2218 856 2337 895 non
2371 845 2428 893 et
2474 838 2728 893 absolvis
2757 838 2783 892 ‘?
2846 828 3192 893 Latronibus
3244 834 3604 908 vestigandis
3638 851 3743 905 per

2091 930 2398 984 universas
2430 927 2759 999 provincias
2821 927 3093 981 militaris
3153 926 3327 980 statio
3359 925 3641 979 sortitur:
3676 925 3735 978 in

2089 1036 2222 1074 reos
2256 1019 2584 1091 majestatis
2625 1025 2683 1072 et
2738 1017 3007 1090 publicos
3065 1017 3260 1072 hostes
3318 1015 3512 1071 omnis
3564 1015 3740 1070 homo

2090 1112 2262 1168 miles
2294 1118 2419 1177 est;
2454 1111 2527 1167 ad
2557 1109 2768 1171 socios,
2804 1109 2881 1164 ad
2909 1107 3181 1164 conscios
3213 1122 3402 1177 usque
3433 1103 3741 1177 inquisitio

2090 1200 2444 1256 extenditur.
2480 1199 2681 1254 Solum
2712 1197 3115 1252 Christianum
3156 1195 3379 1267 inquiri
3415 1210 3537 1249 non
3578 1192 3741 1258 licet,

2087 1289 2285 1344 ollerri
2316 1289 2474 1355 licet,
2501 1286 2670 1358 quasi
2700 1285 2864 1342 aliud
2920 1291 3124 1340 actura
3183 1290 3338 1340 esset
3400 1283 3733 1354 inquisitio,

2088 1395 2265 1449 quam
2293 1376 2535 1432 oblatio.
2566 1375 2864 1430 Damnatis
2884 1391 3020 1447 ergo
3046 1373 3330 1437 oblatum,
3357 1389 3532 1443 quem
3557 1389 3733 1426 nemo

2086 1464 2270 1521 voluit
2300 1464 2650 1537 requisitum
2677 1480 2689 1529 ;
2716 1463 2838 1535 qui,
2870 1462 3175 1534 puto,jam
3202 1477 3322 1516 non
3354 1460 3486 1515 ideo
3518 1459 3738 1515 meruit

2087 1572 2345 1626 pugnam,
2381 1555 2521 1626 quia
2576 1569 2799 1607 nocens
2830 1557 2917 1606 est
2952 1568 2964 1605 :
2999 1550 3103 1606 sed
3134 1551 3293 1622 quia,
3353 1566 3473 1605 non
3520 1549 3730 1621 requi-

2087 1643 2334 1712 rendus,
2376 1643 2668 1698 inventus.

1081 1928 1623 1936 Μ-
1640 1930 1791 1936 ’.α-1
1862 1929 2361 1936 -ρ-ῇ---οσ--ινο-...η
2402 1927 2825 1934 --τ--σ-ο-Α--Α-
2872 1928 2909 1931 ‹-
2952 1926 3103 1932 -.λ--σ-ι-
3136 1926 3557 1933 -ον-Ἰο-ν-ν-Ἷ-ν-ηη-

1576 1930 1791 1936 _._-_.’
1862 1929 2361 1936 _._______...__—_-.--———
2402 1927 2825 1934 -.τ--Ψ-Α--η

1008 2143 1195 2329 s.
1358 2088 3044 2337 POLYGARPUS

2952 1926 3103 1932 -.η-..μ-
3136 1926 3557 1933 -ον-το-ν-ν-Ἶ-ν-η-

1772 2486 2278 2581 MABTYR

312 2735 2155 2906 SMYﬂNfEORUM

2348 2731 3724 2901 EPISCOPUS

1351 3166 2346 3309 PBOLEGOM
2382 3166 2703 3299 ENA

912 3566 1200 3635 (HEFELLE,
1240 3570 1460 3618 Patrum
1493 3562 1919 3631 apostolicorum
1949 3562 2147 3632 Opera,
2182 3557 2270 3613 ed.
2319 3560 2370 3626 3,
2403 3555 2683 3626 Tubingaa
2719 3555 2873 3621 1847,
2919 3552 3122 3622 in-8o.)

1118 3897 1283 3987 DE
1350 3894 1947 3990 EPISTULA
2028 3892 2121 3984 S.
2194 3886 2905 3985 POLYCABPI.

370 4160 413 4216 Ι.
450 4160 529 4214 De
560 4160 773 4231 patria.
806 4176 1045 4233 genere,
1078 4159 1205 4216 loco
1235 4175 1305 4215 ac
1338 4164 1601 4233 tempore
1627 4154 1951 4213 nativitatis
1982 4155 2000 4220 ]

2077 4150 2148 4204 ιαὶ
2182 4150 2463 4221 ὑπηρετῶν
2513 4151 2613 4204 τοῦ
2669 4147 2902 4224 Κυρίου,
2956 4150 3058 4219 τὴν
3115 4148 3433 4217 ἆπισκοπὴν
3486 4147 3730 4225 {pulu-

299 4247 351 4301 S.
378 4246 685 4317 Polycarpi
714 4246 862 4303 nihil
883 4253 1254 4319 compertum
1268 4245 1574 4303 habemus.
1600 4246 1737 4309 Quae
1759 4247 1956 4300 autem

297 4334 368 4388 de
403 4335 715 4403 apostolici
748 4334 927 4405 hujus
949 4336 1053 4389 viri
1081 4336 1197 4390 vita
1218 4334 1292 4389 ad
1315 4352 1422 4389 nos
1444 4338 1861 4405 pervenerunt,
1887 4347 1955 4384 ea

297 4422 644 4477 Gallandius
676 4423 826 4477 bene
859 4425 1157 4493 congessit
1185 4429 1282 4492 (1).
1320 4447 1347 4474 α
1385 4424 1469 4477 Ab
1498 4422 1783 4493 apostolis
1816 4436 1952 4475 eum

294 4511 595 4575 edoctum,
632 4516 690 4564 et
720 4528 855 4565 cum
898 4513 1123 4581 multis,
1172 4513 1272 4582 qui
1306 4512 1620 4567 Dominum
1663 4510 1952 4575 viderant,

295 4598 671 4657 familiariter
692 4606 987 4655 versatum
1013 4607 1409 4656 essetestatur
1426 4603 1684 4657 lrenmus
1712 4603 1811 4671 β),
1828 4601 1956 4671 ejus

294 4688 649 4761 discipulus,
680 4689 772 4747 his
805 4691 997 4747 verbis
1028 4688 1152 4747 :Kai
1188 4687 1550 4765 Πολῦκαρπος
1583 4689 1686 4744 ὑπὸ
1718 4687 1951 4743 ἂποστόο

289 4777 401 4834 λων
439 4778 828 4848 μαθητευθεὶς,
860 4778 951 4833 καὶ
983 4778 1433 4853 συναηστραφεῖς
1461 4775 1700 4841 πολλοῖς
1721 4780 1842 4837 τοῖς
1861 4776 1951 4830 τὸν

292 4867 529 4944 Χριστὸν
564 4868 886 4940 ἑωρακόσιν.
921 4870 1210 4940 Deinceps
1242 4871 1682 4942 Smyrnieorum
1724 4867 1957 4937 episco—

294 4975 436 5031 pum
461 4958 536 5014 ab
558 4959 705 5031 ipsis
729 4958 1124 5015 familiaribus
1155 4976 1223 5014 ac
1244 4959 1532 5014 ministris
1560 4957 1796 5012 Domini
1817 4972 1954 5011 con-

294 5049 593 5120 stitutum,
627 5054 761 5121 post
787 5048 1082 5106 Irenaeum
1114 5049 1152 5104 1.
1212 5066 1261 5104 c.
1303 5048 1483 5105 tradit
1542 5046 1830 5103 Eusebius
1859 5047 1955 5117 (3),

289 5139 381 5195 sic
408 5140 679 5196 scribens
707 5158 720 5196 :
745 5141 873 5195 ’[’ὦν
908 5136 1233 5194 ἀποστόλων
1261 5135 1540 5208 ὁμιλητὴς
1571 5133 1953 5208 Πολῦυρπος,

289 5237 391 5300 τῆς
421 5231 560 5287 κατὰ
624 5232 879 5308 Σμύρναν
939 5230 1268 5302 Έκκλησῖας
1315 5233 1452 5305 ⁴πρὸς
1496 5234 1605 5284 τῶν
1661 5228 1953 5283 αὐτοπτῶν

364 5409 451 5481 (ι)
487 5411 630 5468 Bibl.
665 5419 771 5475 eet,
807 5413 941 5474 PP.,
976 5416 1014 5465 t.
1050 5412 1306 5479 Proleg.,
1337 5429 1391 5482 p.
1427 5428 1553 5468 um
1582 5427 1669 5481 sq.

390 5480 444 5554 ἓ)
479 5482 588 5554 Λᾶ.
621 5483 739 5538 har
793 5499 878 5551 ιιι,
921 5485 972 5537 3.
1006 5483 1177 5554 Apud
1207 5480 1419 5540 Euseb.
1453 5485 1524 5539 Η.
1561 5480 1645 5551 E,
1686 5497 1762 5550 1v,
1796 5480 1882 5536 14.

391 5550 447 5617 3)
475 5550 545 5604 Η.
582 5556 671 5618 E.,
705 5570 789 5620 ιιι,
826 5555 914 5607 36.

365 5482 383 5579 ς

367 5584 383 5618 ι

2070 4239 2342 4313 ρισμένος.
2396 4240 2544 4310 Ejus
2601 4244 2803 4297 tamen
2858 4240 3134 4297 Ecclesia:
3192 4240 3608 4313 episcopatum
3652 4239 3723 4296 ab

2063 4331 2288 4383 Joanne
2314 4327 2583 4398 apostolo
2608 4328 2804 4398 ipsum
2836 4329 3156 4399 accepisse,
3187 4329 3382 4399 prodit
3412 4329 3720 4383 Tertullia-

2064 4434 2175 4472 nus
2196 4420 2273 4481 (4,
2300 4433 2312 4469 :
2339 4435 2359 4462 α
2386 4414 2579 4469 Edant
2607 4432 2763 4487 ergo,
2800 4418 3000 4485 inquit,
3031 4417 3290 4488 origines
3314 4417 3715 4474 Ecclesiarum

2064 4521 2304 4560 suarum
2338 4502 2644 4565 :evolvant
2674 4503 2945 4557 ordinem
3007 4505 3419 4577 episcoporum
3455 4523 3720 4573 suorum,

2063 4595 2145 4649 ita
2174 4610 2277 4664 pes
2310 4592 2715 4645 successiones
2737 4591 2813 4645 ab
2844 4591 3017 4646 initio
3037 4590 3479 4659 decurrentem,
3503 4601 3567 4649 ut
3597 4594 3722 4668 pri-

2065 4699 2198 4738 mus
2231 4681 2332 4735 ille
2373 4679 2687 4752 episcopus
2718 4681 2981 4752 aliquem
3014 4697 3081 4737 ex
3115 4683 3403 4755 apostolis
3436 4683 3525 4739 vel
3553 4699 3715 4756 apos~

2063 4772 2193 4827 licis
2227 4771 2382 4836 viris,
2417 4770 2517 4840 qui
2550 4775 2749 4826 tamen
2780 4787 2915 4828 cum
2937 4771 3280 4843 apostolicis
3307 4788 3717 4844 perseverave~

2064 4861 2206 4925 rint,
2241 4859 2517 4915 habuerit
2549 4866 2853 4916 auctorem
2909 4868 2969 4916 et
3016 4866 3523 4920 antecessorem...
3571 4863 3721 4917 sicut

2068 4951 2509 5022 Smyrnseornm
2542 4949 2805 5005 Ecclesia
2829 4950 3215 5025 Polycarpum
3250 4950 3322 5008 ab
3353 4952 3576 5008 Joanne
3607 4949 3717 5006 col-

2066 5040 2325 5096 locatum
2352 5040 2551 5095 refert.
2594 5064 2612 5084 ιι
2641 5040 2840 5111 Neque
2894 5040 3065 5096 aliter
3122 5059 3265 5098 sane
3326 5042 3720 5113 Hieronymus

2069 5129 2143 5201 (5)
2179 5147 2191 5185 :
2234 5152 2264 5180 α
2297 5128 2677 5201 Polycarpus,
2713 5130 2959 5185 Joannis
2995 5131 3248 5202 apostoli
3279 5130 3632 5202 discipulus,
3664 5133 3725 5186 et

2071 5220 2144 5277 ab
2177 5235 2249 5276 eo
2276 5220 2545 5290 Smyrnae
2575 5218 2893 5293 episcopus
2921 5219 3252 5276 ordinatus.

2150 5401 2223 5465 (4)
2254 5398 2327 5454 De
2350 5400 2692 5469 prmscript.,
2728 5416 2781 5455 c.
2805 5400 2897 5456 32.

2141 5470 2218 5542 (5)
2252 5470 2428 5526 Catal.
2461 5472 2652 5544 script.
2687 5471 2840 5541 eccl.,
2871 5488 2923 5528 c.
2969 5473 3052 5527 l7.
