4114 6148
281 277 431 342 1001

939 268 1564 335 PROLEGOMENA.
1608 293 1688 313 -—
1730 262 1804 324 Ιῐ.
1849 259 1952 322 DE
1995 255 2406 320 MARTYRIO
2449 255 2515 316 S.
2559 251 3032 317 POLYGARPI.

3538 256 3696 317 1002

279 410 490 484 Ignatii
518 405 948 480 disputavimus
981 404 1064 475 (in
1112 403 1460 474 praefatione
1512 399 1582 454 ad
1617 399 1746 470 ejus
1802 395 1931 467 Epi-
1961 400 2020 462 Α
2051 409 2122 446 ex
2151 389 2652 484 Audreze-Schotti
2683 390 3018 461 apographo
3045 388 3321 446 Claudius
3374 389 3694 447 Salmasius

285 501 614 643 Stiiifllaec
632 584 882 657 epistola
904 599 1112 638 manca
1133 581 1386 636 habetur
1407 580 1467 633 in
1491 577 1766 634 omnibus
1784 576 1933 630 Grie-

286 680 368 735 cis
401 677 701 733 codicibus
733 675 929 729 motis.
970 673 1075 727 Ubi
1125 677 1320 727 autem
1362 669 1597 724 codices
1629 667 1931 731 deﬁciunt,

291 768 370 824 ibi
404 767 781 822 continenter
818 763 1187 818 subnectitur
1216 759 1466 830 epistola
1496 757 1797 821 Barnabar,
1831 754 1933 809 sed

284 858 474 928 capite
507 859 778 909 truncato
811 855 946 922 (25).

356 948 559 1001 Totam
593 960 727 998 vero
758 941 1066 1012 Polycarpi
1092 939 1405 1011 epistolam
1439 941 1601 992 vetus
1633 935 1788 990 notis
1810 951 1932 988 ser-

286 1035 436 1090 vavit
465 1033 676 1099 versio,
721 1047 897 1100 quam
930 1030 1157 1100 primus
1211 1028 1347 1081 1298
1405 1025 1667 1089 Parisiis,
1702 1024 1774 1078 ab
1805 1023 1933 1093 ipso

284 1126 606 1190 inventam,
643 1119 928 1192 evulgavit
955 1117 1209 1172 Jacobus
1234 1115 1419 1170 Faber
1449 1111 1837 1184 Stapulensis.

359 1215 554 1268 Graece
588 1217 647 1264 et
678 1209 880 1264 Latine
913 1207 1139 1279 primus
1165 1204 1476 1277 epistolam
1499 1204 1558 1256 in
1581 1201 1774 1256 lucem
1808 1217 1927 1271 pro-

285 1303 422 1357 tulit
450 1300 630 1356 Duaci
665 1300 800 1352 1633
861 1299 1068 1352 Petrus
1128 1293 1468 1359 Halloixius,
1496 1308 1567 1345 ex
1598 1290 1935 1362 apographo

285 1391 578 1447 Francisci
610 1387 904 1454 Turriani,
938 1403 972 1441 a
994 1386 1116 1440 viro
1147 1382 1488 1439 doctissimo
1545 1379 1757 1436 Jacobo
1817 1379 1934 1433 Sir-

287 1480 505 1537 mondo
538 1480 592 1533 S.
623 1479 672 1532 J.
707 1477 782 1532 ad
815 1475 984 1530 illum
1013 1473 1361 1530 transmisso
1395 1469 1526 1543 (26).
1580 1471 1719 1524 Post
1748 1484 1937 1523 annos

289 1572 354 1624 14
382 1567 632 1624 Iacobus
664 1566 934 1621 Usserius
965 1563 1130 1619 aliud
1183 1566 1390 1617 nactus
1423 1557 1747 1630 exemplar,
1779 1555 1937 1627 quod

2048 498 2229 536 manu
2263 496 2368 534 sua
2398 479 2758 550 descriptum
2786 495 2919 533 cum
2951 481 3148 535 lsaaco
3184 481 3384 535 Vossio
3424 498 3695 537 commu-

2044 572 2347 635 nicaverit,
2381 569 2529 624 illud
2561 569 2808 625 contulit
2838 587 2972 624 cum
2995 573 3150 627 edito
3187 573 3580 643 Halloixiano,
3613 580 3701 631 at-

2045 678 2159 732 que
2191 662 2341 715 hanc
2370 659 2854 730 Polycarpianam
2885 659 3195 729 epistolam
3228 678 3362 716 cum
3391 669 3586 718 vetere
3604 664 3700 718 in-

2042 756 2300 822 terprete
2325 749 2570 804 Londini
2594 748 2883 819 evulgavit
2909 750 3041 802 1647
3065 765 3077 813 ;
3102 766 3279 819 quam
3313 750 3525 806 deinde
3549 768 3700 807 nova

2043 841 2531 911 interpretatione
2606 837 2954 893 adornatam
3013 839 3281 892 exhibuit
3336 841 3688 901 Cotelerius.

2044 932 2214 983 Anno
2245 931 2379 983 1709
2405 927 2879 999 prodiitThomae
2900 927 3136 981 Smitbii
3162 927 3343 982 editio
3389 935 3697 999 praestans,

2046 1034 2295 1088 eamque
2319 1023 2557 1071 secutus
2581 1015 3272 1070 estGallandius.Novam
3301 1016 3559 1088 denique
3579 1019 3700 1072 edi-

2046 1108 2271 1161 tionem
2307 1107 2439 1160 1838
2473 1111 2530 1160 et
2559 1107 2695 1159 1840
2727 1104 2891 1175 (edit.
2927 1105 2988 1174 ιι)
3022 1103 3330 1159 adornavit
3351 1106 3700 1163 Guilielmus

2044 1196 2430 1263 Jacobsonus,
2465 1193 2770 1250 codicibus
2805 1194 3104 1261 Vaticano,
3137 1194 3404 1248 Parisino
3438 1201 3496 1250 et
3528 1197 3702 1251 Medi-

2047 1303 2149 1341 ceo
2190 1284 2582 1339 Laurentiano
2605 1299 2768 1338 usus.

2123 1375 2234 1430 VII.
2271 1375 2348 1429 De
2371 1372 2678 1444 Polycarpi
2711 1370 2971 1426 doctrina
3011 1369 3462 1442 disputaverunt
3521 1374 3696 1429 Lum-

2045 1484 2224 1539 perus
2280 1467 2410 1538 (27),
2472 1465 2784 1536 Heynsius,
2838 1463 3044 1518 Junius
3097 1479 3167 1518 ac
3221 1480 3332 1519 van
3375 1465 3530 1520 Gilse
3562 1467 3697 1538 (28),

2051 1555 2366 1611 Mcehlerus
2406 1556 2516 1625 (29)
2547 1559 2606 1608 et
2635 1553 2756 1609 alii.

1094 1929 1257 2021 DE
1323 1922 1959 2021 MABTYBIO
2032 1921 2124 2015 S.
2196 1917 2916 2014 POLYCARPI.

357 2142 402 2196 Ι.
438 2164 464 2191 ‹‹
492 2140 653 2195 Inter
673 2138 1047 2210 praeclariora
1106 2135 1516 2193 ecclesiasticas
1573 2134 1944 2205 antiquitatis
1974 2135 2022 2199 B
2053 2132 2263 2186 borum
2287 2132 2438 2186 serie
2469 2131 2530 2186 in
2564 2130 2842 2187 omnibus
2873 2136 3122 2199 retenta,
3147 2132 3390 2203 soloque
3438 2133 3697 2204 particu-

287 2234 677 2284 monumenta
705 2228 918 2282 merito
948 2231 1294 2282 recensetur
1348 2226 1602 2297 Epistola
1655 2223 1934 2280 Ecclesia:

287 2319 662 2390 Smyrnensis
694 2318 766 2372 de
795 2318 1077 2388 martyrio
1105 2317 1160 2371 S.
1196 2315 1530 2386 Polycarpi,
1563 2314 1734 2381 adeo,
1767 2317 1834 2368 ut
1863 2311 1931 2366 il-

286 2408 404 2464 lam
426 2424 577 2478 pene
609 2408 898 2477 integram
940 2405 1228 2460 Eusebius
1270 2405 1527 2460 Historia
1585 2420 1705 2458 sua)
1754 2418 1936 2456 neces-

283 2499 426 2552 sario
469 2497 810 2551 inserendam
842 2495 1266 2549 existimaverit
1297 2493 1430 2565 (30).
1481 2491 1758 2557 Quinimo
1798 2491 1932 2545 illu-

289 2585 426 2639 stris
467 2585 596 2656 ejus
620 2586 914 2654 interpres
948 2584 1211 2638 Valesius
1243 2600 1310 2637 eo
1344 2581 1649 2653 processit,
1682 2585 1748 2634 ut
1771 2579 1936 2634 afﬁr-

288 2672 468 2726 marit
494 2671 626 2742 (31),
656 2671 963 2742 Polycarpi
987 2671 1233 2741 ejusque
1261 2669 1556 2724 sociorum
1587 2667 1936 2737 martyrium

291 2760 510 2814 litteris
540 2761 822 2815 traditum
855 2776 982 2814 esse
1014 2760 1281 2814 omnium
1335 2758 1615 2828 primum,
1676 2763 1936 2824 Actaque

298 2855 627 2919 martyrum
658 2850 818 2904 nulla
845 2855 1076 2904 exstare
1109 2847 1449 2917 antiquiora
1474 2863 1486 2910 ;
1511 2861 1622 2900 nec
1653 2845 1940 2899 dubitarit

296 2937 566 3008 proinde,
595 2938 734 3007 quin
779 2938 884 2993 illa
937 2938 1387 3008 Smyrnensium
1446 2933 1698 3006 epistola
1745 2933 1936 3004 primo

290 3026 424 3081 loco
457 3027 646 3097 posita
673 3027 850 3081 fuerit
879 3027 951 3081 ab
985 3026 1325 3090 Eusebio,in
1359 3025 1509 3079 libro
1534 3040 1709 3093 quem
1733 3023 1939 3076 inscri-

289 3116 409 3186 psit
440 3113 697 3187 Αρχαίων
733 3117 1017 3188 μαρτυρῶν
1070 3114 1378 3188 συναγωγή.
1443 3112 1695 3166 Molliter
1739 3117 1936 3165 tamen

287 3203 674 3274 excipiendus
705 3204 791 3257 vir
820 3203 1239 3267 doctissimus;
1273 3201 1534 3256 nondum
1569 3200 1787 3270 quippe
1833 3199 1939 3254 de-

288 3299 461 3359 tecta,
497 3310 613 3362 quo
647 3300 912 3364 tempore
943 3292 1040 3347 ille
1064 3293 1148 3346 sic
1168 3291 1478 3354 sentiebat,
1505 3293 1647 3345 Acta
1670 3290 1936 3360 martyrii

287 3383 343 3437 S.
378 3382 588 3454 lgnatii
621 3383 871 3437 sincera.
910 3403 938 3430 η
969 3383 1055 3436 Ita
1087 3380 1422 3436 Gallandius
1445 3380 1578 3450 (32).

361 3471 428 3526 ll.
465 3471 722 3542 Insignis
744 3471 870 3525 haac
889 3470 961 3526 de
985 3471 1264 3540 martyrio
1297 3468 1665 3540 S.Polycarpi
1690 3468 1941 3538 epistola

281 3560 642 3626 rectissime,
675 3566 740 3614 ut
784 3560 1068 3614 Smithius
1116 3559 1286 3612 docet
1317 3560 1454 3629 (33),
1486 3579 1513 3607 ‹‹
1574 3557 1690 3612 dici
1747 3560 1941 3627 potest

287 3646 576 3721 ἐγκῦκλιος
610 3649 658 3704 si
696 3650 990 3718 encyclica,
1022 3654 1089 3702 ut
1145 3664 1217 3703 ex
1275 3647 1674 3717 imscriptione
1729 3650 1892 3717 patet
1923 3663 1936 3712 ;

287 3743 494 3808 utpote
526 3737 600 3792 ad
631 3738 821 3792 varias
852 3737 1164 3802 Ecclesias,
1199 3741 1318 3790 tam
1344 3735 1404 3789 in
1429 3735 1565 3790 Asia
1594 3735 1810 3789 minori
1855 3734 1942 3787 vi-

290 3828 444 3893 cina,
479 3843 658 3898 quam
699 3826 836 3881 alibi
872 3827 934 3880 in
994 3826 1126 3880 aliis
1185 3825 1518 3896 provinciis,
1573 3822 1707 3876 κατὰ
1765 3821 1940 3874 πάντα

287 3913 458 3968 τόπον
493 3916 888 3981 transmissa;
949 3932 1086 3986 quas
1136 3913 1207 3968 de
1265 3913 1338 3968 iis
1397 3913 1556 3982 solis,
1615 3929 1746 3981 quas
1804 3909 1940 3963 κατὰ

293 4004 527 4072 Πόντον,
540 4008 715 4075 juata
745 4007 977 4059 Pontum
1008 4005 1136 4058 sita)
1167 4007 1355 4070 erant,
1388 4002 1538 4056 male
1588 4002 1944 4072 interpreta-

290 4099 389 4148 tur
447 4093 736 4148 Eusebius
795 4095 926 4162 (34),
980 4109 1086 4163 pro
1144 4090 1342 4150 πάσαις
1398 4093 1519 4150 ταῖς
1585 4087 1722 4142 κατὰ
1770 4088 1942 4141 πάντα

288 4180 482 4248 τόπον,
514 4199 649 4236 cum
691 4182 764 4237 ad
821 4198 1028 4236 omnes
1069 4180 1382 4241 Ecclesias,
1438 4178 1538 4232 ubi
1597 4178 1944 4233 Christianae

286 4272 595 4343 religionis
627 4272 915 4342 professio
935 4271 1297 4341 vigebat,per
1317 4269 1617 4322 Orientem
1648 4268 1944 4338 praecipue

290 4359 772 4432 sparsas,debeat
794 4359 1103 4431 propagari
1123 4364 1181 4412 et
1210 4356 1448 4411 extendi
1477 4356 1549 4410 ab
1580 4357 1725 4427 ipsis
1746 4356 1943 4410 Phila-

291 4450 1169 4520 delphensibus(35),quantum
1205 4447 1266 4500 in
1297 4447 1441 4516 ipsis
1473 4452 1618 4512 erat,
1662 4449 1778 4505 τοῖς
1819 4441 1945 4497 ἐπέ-

289 4559 441 4593 κεινα
489 4535 744 4614 ἀδελφοῖς
802 4537 1302 4593 communicanda
1358 4538 1514 4605 (36);
1563 4534 1770 4590 eadem
1811 4552 1936 4589 ver-

368 4679 644 4752 (25)7Vide
677 4679 904 4752 Proleg.
957 4679 1028 4734 ad
1065 4679 1234 4750 epist.
1273 4679 1325 4731 S.
1364 4677 1664 4744 Barnabze,
1697 4678 1946 4750 hujusce

295 4751 508 4806 Patrol.
542 4756 583 4805 t.
620 4753 684 4805 ΙΙ.
721 4751 869 4806 Ευιτ.

369 4823 480 4890 (26)
514 4823 626 4877 Cfr.
665 4823 894 4894 Proleg.
931 4821 1006 4876 ad
1038 4822 1093 4877 S.
1133 4821 1484 4876 Barnabam.

366 4895 481 4960 (27)
514 4895 652 4949 Hist.
691 4894 856 4948 theol.
892 4895 1016 4947 crit.
1051 4898 1092 4948 t.
1121 4894 1166 4959 Ι,
1199 4910 1256 4963 p.
1287 4894 1540 4947 351-346.

367 4963 1007 5089 (28)(ῗοιηνηθηιαιίοηεε
1036 4965 1101 5018 de
1160 4963 1434 5050 theologia
1491 4966 1721 5018 Patrum
1769 4970 1947 5034 apost.

367 5052 449 5088 >ra
478 5053 516 5089 ι.
552 5053 586 5089 n
648 5038 832 5089 60-69.
871 5053 923 5089 ο.
960 5037 1151 5089 78-84.
1185 5052 1239 5089 n.
1276 5038 1468 5089 75-78.

292 5037 516 5101 morali,
551 5053 586 5106 p
648 5038 832 5101 60-69,
871 5053 923 5106 p.
960 5037 1151 5094 78-84.
1185 5052 1239 5105 p.
1276 5038 1468 5090 75-78.

369 5108 488 5173 (29)
522 5107 807 5176 Patrolog.
845 5112 885 5162 t.
915 5107 958 5173 Ι,
992 5124 1048 5175 p.
1088 5107 1344 5160 159-162.

373 5178 487 5242 (30)
518 5179 653 5232 Hist.
689 5179 818 5233 eccl.
854 5195 924 5241 1v,
964 5181 1048 5230 15.

367 5249 479 5315 (31)
511 5250 656 5304 Ibid.
691 5255 816 5303 not.
854 5253 904 5302 1.

366 5319 481 5389 (32)
517 5320 788 5374 Biblioth.
821 5328 1063 5375 veterum
1095 5321 1322 5373 Patrum
1351 5319 1392 5374 l.
1426 5338 1475 5375 c.
1511 5337 1566 5390 p.
1602 5335 1826 5373 Lxxxlx.

378 5389 492 5462 (33)
524 5391 710 5446 Schol.
747 5393 808 5444 in
840 5395 942 5461 Ep.
977 5393 1197 5459 Smyrn.
1233 5392 1400 5460 Eccl.,
1435 5409 1490 5462 p.
1522 5389 1647 5443 113.

369 5460 482 5528 (34)
516 5463 652 5516 Hist.
697 5463 845 5516 Eccl.
878 5460 954 5530 iv,
992 5463 1073 5514 15.

371 5531 481 5600 (35)
515 5535 640 5586 Non
673 5533 1240 5604 Philadelphensibus,
1290 5532 1393 5587 sed
1444 5531 1722 5587 ﬁdelibus
1767 5531 1956 5586 Philo-

626 5651 891 5709 ΡΑι-ιιοι..
925 5647 1033 5709 Gn.
1079 5648 1153 5710 ν.

2052 2222 2191 2277 laris
2219 2221 2513 2288 Ecclesiae,
2564 2221 2638 2276 ad
2695 2239 2874 2292 quam
2934 2222 3226 2293 dirigitur,
3288 2221 3529 2276 nomine
3560 2239 3692 2278 mu.

2050 2316 2191 2365 tato.
2227 2333 2254 2359 ››

2123 2401 2215 2452 ΙΙΙ.
2239 2401 2397 2453 Hanc
2413 2399 2723 2470 epistolam
2757 2415 2877 2454 non
2912 2401 3197 2455 continuo
3229 2405 3363 2471 post
3391 2401 3700 2473 Polycarpi

2051 2488 2424 2557 martyrium,
2450 2487 2551 2540 sed
2585 2486 2888 2558 aliquanto
2922 2494 3054 2560 post
3088 2495 3352 2560 tempore
3411 2506 3445 2544 a
3502 2491 3702 2560 Smyr-

2052 2577 2198 2631 meis
2230 2576 2509 2646 scriptam
2532 2575 2712 2630 fuisse
2737 2577 3045 2632 contendit
3063 2577 3702 2650 Valesius(37),dicens:

2055 2687 2077 2717 α
2115 2667 2258 2721 Cum
2291 2665 2784 2720 Philomelienses
2806 2665 2878 2721 de
2911 2667 3216 2738 Polycarpi
3246 2667 3528 2739 martyrio
3547 2668 3708 2724 fama

2053 2764 2281 2813 tantum
2315 2774 2380 2812 ac
2412 2774 2648 2812 rumore
2681 2763 2854 2813 tenus
2894 2759 3242 2828 audiissent,
3275 2759 3498 2814 litteras
3524 2759 3705 2814 dede-

2051 2855 2191 2904 runt
2246 2849 2320 2902 ad
2378 2849 2816 2918 Smyrnzeorum
2877 2850 3215 2918 Ecclesiam,
3283 2857 3578 2922 rogantes,
3640 2856 3705 2904 ut

2053 2942 2286 3000 cuncta,
2315 2955 2445 3008 qua:
2471 2937 2531 2991 in
2564 2937 2889 2992 beatissimi
2923 2939 3026 2992 viri
3058 2939 3334 3010 passione
3363 2944 3527 3012 gesta
3574 2939 3703 2995 fue-

2052 3031 2207 3092 rant,
2243 3025 2588 3096 singillatim
2621 3028 2948 3098 perscripta
2979 3027 3050 3082 ad
3091 3029 3252 3098 ipsos
3300 3029 3697 3084 mitterentur.

2050 3114 2215 3180 Quod
2247 3115 2489 3185 quidem
2520 3114 2915 3170 libentissime
2949 3118 3356 3188 prmstiterunt
3386 3117 3697 3188 Smyrnaei.

2052 3204 2268 3274 scripta
2299 3202 2372 3258 ad
2400 3203 2558 3273 ipsos
2591 3204 2862 3271 epistola,
2897 3223 3076 3276 quam
3103 3206 3164 3261 in
3195 3206 3470 3261 manibus
3518 3207 3696 3262 habe-

2050 3310 2202 3346 mus.
2235 3292 2297 3346 ld
2356 3298 2555 3346 autem
2613 3291 2993 3348 subindicant
3053 3295 3142 3349 his
3212 3295 3401 3349 verbis
3453 3295 3525 3366 (c.
3560 3296 3698 3365 20):

2052 3380 2208 3452 ὑμεῖς
2243 3380 2338 3451 μὲν
2371 3379 2464 3433 οὗν
2495 3379 2762 3448 ἠξιώσατε
2793 3378 2881 3434 διὰ
2909 3380 3180 3435 πλειόνων
3221 3378 3537 3451 δηλωθῆναι
3567 3381 3700 3454 ὑμῖν

2049 3469 2116 3523 τὰ
2153 3468 2438 3541 γενόμενα.
2475 3492 2502 3519 ››
2553 3471 2664 3524 Sed
2716 3474 2898 3541 primo
2949 3488 3103 3526 anno
3161 3478 3294 3544 post
3342 3481 3595 3527 mortem
3645 3474 3700 3527 S.

2051 3559 2360 3631 Polycarpi
2393 3563 2523 3614 acta
2552 3560 2680 3613 haec
2705 3561 3041 3630 conscripta
3075 3578 3202 3615 esse
3235 3561 3374 3615 inde
3405 3578 3476 3616 ex
3506 3578 3574 3615 eo
3609 3577 3706 3632 ap-

2049 3653 2236 3719 paret,
2270 3648 2428 3718 quod
2460 3648 2687 3718 primus
2718 3649 2842 3702 dies
2873 3647 3313 3704 anniversarius
3345 3650 3522 3717 hujus
3555 3665 3704 3704 mar-

2050 3735 2186 3805 tyrii
2211 3735 2476 3788 nondum
2509 3735 2838 3790 celebratus
2871 3735 3003 3805 fuit,
3026 3741 3092 3790 ut
3120 3753 3190 3790 ex
3219 3753 3348 3807 cap.
3383 3739 3446 3790 18
3478 3736 3703 3808 perspi-

2051 3841 2261 3877 Clmus.

2121 3913 2212 3966 IV.
2246 3913 2566 3983 Epistolam
2595 3911 2665 3966 de
2725 3913 3008 3984 martyrio
3067 3913 3402 3984 Polycarpi,
3457 3929 3698 3968 nomine

2051 4001 2328 4055 Ecclesia:
2387 4001 2761 4072 Smyrnensis
2818 4001 2890 4056 ab
2955 4003 3230 4056 Evaresto
3279 4003 3697 4073 conscriptam,

2054 4093 2280 4145 Marcus
2311 4091 2574 4161 quidam,
2607 4107 2712 4144 seu
2743 4091 3064 4147 Martianus
3095 4093 3229 4162 (38),
3279 4091 3354 4147 ad
3405 4093 3700 4147 Philome-

2053 4181 2272 4235 lienses
2299 4181 2542 4251 pertulit
2584 4179 2714 4251 (39).
2759 4181 3076 4252 Exemplar
3106 4187 3306 4235 autem
3353 4181 3531 4252 hujus
3581 4181 3701 4253 epi-

2055 4269 2220 4324 stolae
2257 4269 2464 4322 habuit
2520 4271 2800 4335 Irenaeus,
2829 4269 2986 4338 quod
3017 4271 3192 4324 Gaius
3215 4271 3342 4340 ejus
3374 4271 3702 4341 discipulus

2055 4358 2454 4428 descripsit,et
2471 4363 2602 4428 post
2623 4374 2758 4412 eum
2784 4359 3048 4412 Socrates
3081 4358 3319 4428 quidam
3339 4359 3700 4425 Corinthius,

2055 4453 2231 4517 atque
2263 4445 2686 4510 alius,Pionius
2719 4447 2960 4501 nomine
2987 4447 3120 4517 (40).

2133 4538 2190 4590 V.
2226 4535 2502 4606 Epistolas
2536 4535 2911 4606 Smyrnensis
2939 4536 3211 4590 Ecclesiaa
3255 4537 3545 4607 optimum
3594 4539 3706 4592 Eu-

2055 4680 2208 4733 melii
2238 4677 2548 4748 epistolam
2584 4681 2847 4733 nostram
2883 4678 3232 4748 inscriptam
3264 4678 3448 4732 fuisse
3506 4679 3711 4733 statuit

2057 4749 2620 4818 Jacobsonus,quem
2657 4766 2763 4803 nos
2785 4749 2970 4803 secuti
2996 4765 3218 4803 sumus.
3253 4749 3367 4803 Cfr.
3402 4765 3531 4818 quas
3555 4749 3711 4804 infra

2059 4823 2132 4877 ad
2165 4821 2609 4891 inscriptionem
2642 4821 2816 4890 hujus
2847 4820 3122 4891 Epistolm
3167 4819 3594 4875 adnotavimus.

2131 4892 2242 4962 (36)
2275 4894 2376 4961 Ep.
2405 4890 2561 4962 Eccl.
2593 4891 2848 4962 Smyrn.,
2878 4890 2929 4946 ὁ.
2961 4894 3050 4945 20.

2132 4960 2240 5032 (37)
2271 4960 2398 5017 Not.
2437 4967 2454 5015 1
2494 4960 2569 5016 ad
2590 4960 2800 5016 Euseb.
2836 4963 2968 5016 Hist.
2992 4963 3117 5016 θοοὶ.
3152 4977 3226 5028 iv,
3262 4964 3348 5014 15.

2133 5034 2242 5102 (38)
2275 5035 2360 5088 lta
2387 5032 2627 5087 exhibet
2650 5039 2814 5087 vetus
2847 5033 3159 5102 interpres.

2133 5103 2243 5173 (39)
2280 5104 2419 5158 Vide
2453 5106 2689 5173 Martyr.
2732 5103 3059 5173 Polycarpi,
3085 5120 3136 5166 c,
3166 5105 3255 5155 20.

2136 5175 2247 5246 (40)
2285 5176 2429 5229 lbid.
2465 5192 2494 5229 c
2549 5178 2635 5227 22.
2681 5177 2824 5228 Acta
2855 5173 3204 5246 qumdams.
3241 5173 3549 5243 Polycarpi
3573 5187 3709 5246 spu-

2063 5241 2170 5307 ria,
2203 5241 2409 5300 Pionio
2430 5246 2566 5300 huic
2597 5246 2822 5300 auctori
2855 5241 3002 5298 falso
3057 5243 3298 5309 tributa,
3335 5241 3542 5299 Petrus
3577 5241 3710 5297 Hal-

2063 5318 2279 5373 loixius
2320 5319 2382 5371 in
2422 5319 2561 5371 Vitis
2594 5319 2822 5370 Patrum
2853 5316 3146 5381 0riental.,
3180 5320 3220 5368 t.
3285 5315 3359 5386 1,7
3388 5320 3521 5386 post
3575 5330 3712 5370 eum

2066 5389 2386 5444 Bollandus
2420 5388 2605 5443 edidit
2636 5388 2697 5441 in
2725 5389 2878 5444 Actis
2907 5387 3256 5453 Sanctorum,
3293 5385 3367 5442 ad
3394 5385 3407 5386 ί
3432 5385 3589 5442 diem
3644 5387 3714 5439 26

2064 5463 2304 5516 Januar.

3312 5648 3393 5707 32
