4114 6148
352 326 505 389 1003

1554 321 1615 379 S.
1665 313 2106 378 POLYCARPI
2153 313 2207 372 Μ
2221 319 2258 372 Α
2272 313 2554 374 RTYRIS

3609 316 3764 376 1004

349 461 549 518 sebius
579 459 834 532 praebuit
890 457 1322 524 testimonium,
1367 455 1466 525 qni
1527 452 1816 524 potiorem
1877 450 2006 519 ejus
2037 452 2086 514 Α
2120 446 2267 501 false
2298 447 2694 513 ascribuntur,
2730 447 3002 519 genuina»
3031 446 3468 518 Smyrnaeorum
3502 448 3763 519 epistola;

349 557 578 622 partem
612 550 867 603 Historia:
898 563 1018 600 sua:
1051 546 1324 610 inseruit,
1384 543 1548 597 hisce
1599 540 1792 596 verbis
1849 539 1960 609 (41)
1989 553 2002 590 :

352 639 438 692 Ἐν
493 635 674 706 τούτῳ
722 632 778 688 δὲ
837 635 1151 707 (tempore)
1210 634 1238 686 ὁ
1288 628 1673 702 Πολύκαρπος,
1739 625 2006 700 μεγίστων

345 725 446 792 τὴν
505 722 695 778 Ἀσίαν
754 715 1278 794 ἁναθορυϐησάντων
1370 716 1659 793 διωγμῶν,
1727 711 2006 787 μαρτυρίῳ

344 810 669 866 τελειοῦται.
723 808 1177 884 Ἀναγκαιότατον
1229 804 1287 861 δὲ
1327 806 1494 860 αὐτοῦ
1542 803 1603 858 τὸ
1668 801 1852 867 τέλος,
1911 800 2004 874 ἐγ-

344 901 568 977 γράφως
628 895 706 954 ἔτι
764 899 1085 974 φερόμενον,
1154 899 1396 969 ἡγοῦμαι
1457 893 1567 948 δεῖν
1627 893 1817 965 μνήμῃ
1900 897 2003 958 τῆς

345 991 586 1063 ἱστορίας
651 985 819 1056 τῆσδε
875 985 1225 1049 καταθέσθαι.
1291 985 1451 1040 "Eat:
1510 980 1567 1035 δὲ
1616 984 1649 1050 ἡ
1696 981 1876 1057 γραφή
1945 979 2004 1033 ὲκ

352 1075 651 1151 προσώπού
716 1077 780 1143 ἧς
847 1073 1010 1133 αὐτὸς
1069 1070 1399 1142 Ἐκκλησίας
1443 1072 1652 1144 ἡγεῖτο,
1704 1071 1821 1128 ταῖς
1865 1065 2001 1120 κατὰ

352 1168 557 1222 Πόντον
611 1164 921 1239 παροικίαις
975 1164 1042 1216 τὰ
1108 1164 1226 1215 κατ’
1312 1159 1469 1212 αὐτὸν
1553 1155 2002 1229 ἀποσημαίνουσα

349 1253 439 1308 Bri:
468 1253 695 1322 τούτων,
727 1273 784 1309 κ.
828 1274 878 1308 τ.
914 1251 968 1306 λ.
1004 1253 1345 1322 Sequuntur
1374 1248 1551 1303 verba
1580 1247 1852 1318 Epistolaa
1901 1261 2003 1299 no-

351 1351 508 1399 straa.

421 1433 988 1502 lbidem,postquam
1022 1428 1310 1483 Eusebius
1342 1427 1529 1483 multa
1551 1425 1799 1498 protulit
1829 1441 1895 1478 ex
1933 1441 2002 1479 ea

353 1521 624 1592 epistola,
649 1519 953 1575 concludit
974 1518 1064 1571 his
1095 1517 1286 1571 verbis
1321 1516 1440 1580 ;Τὰ
1475 1514 1567 1585 μὲν
1597 1509 1663 1580 δὴ
1715 1511 1848 1566 κατὰ
1908 1511 1997 1564 τὸν

349 1611 648 1680 θαυμασίων
706 1606 796 1660 καὶ
857 1602 1218 1659 ἀποστολικὸν
1289 1602 1673 1676 Πολύκαρπον,
1747 1598 2000 1655 τοιούτου

349 1697 653 1766 κατηξίωτο
682 1693 898 1764 τέλους,
930 1698 1035 1747 τῶν
1068 1692 1202 1746 κατὰ
1229 1695 1328 1760 τήν
1373 1691 1698 1764 Σμυρναίων
1761 1688 2000 1757 Ἐκκλη-

2117 535 2274 591 mala
2304 535 2512 590 fraude
2544 536 2833 606 adjunxit.
2872 537 3074 591 Verbis
3104 536 3266 590 enim
3305 534 3483 596 καθὼς
3526 534 3764 605 δηλώσω

2116 622 2168 676 ἐν
2199 627 2280 694 τῷ
2307 623 2534 692 καθεξῆς
2566 625 3072 680 Pseudo-Pionius
3118 625 3364 690 indicat,
3422 628 3769 696 sequentibus

2118 712 2180 784 (i.
2207 729 2256 767 e.
2293 714 2450 767 Actis
2509 713 2726 784 spuriis
2757 713 3024 785 adjectis)
3056 729 3118 768 se
3150 713 3589 769 declaraturam
3617 733 3766 783 esse,

2117 818 2247 872 quas
2279 802 2640 874 Polycarpus
2669 820 2777 874 per
2797 803 3220 858 revelationem
3282 803 3393 874 ipsi
3427 804 3769 860 manifesta-

2114 891 2282 945 verit.

2185 979 2304 1035 VII.
2359 980 2680 1052 Epistolam
2741 980 3018 1035 Ecclesiae
3106 981 3485 1052 Smyrnensis
3539 983 3770 1053 primus

2119 1071 2316 1126 Graece
2350 1077 2408 1125 et
2439 1072 2641 1126 Latine
2673 1071 2796 1141 (sed
2822 1072 3019 1126 Graece
3061 1087 3179 1126 non
3221 1072 3531 1143 integram)
3585 1073 3774 1127 edidit

2114 1163 2323 1217 Petrus
2359 1162 2679 1217 Halloixius
2710 1162 2770 1216 in
2806 1163 2948 1216 Vitis
2975 1163 3202 1216 Patrum
3233 1163 3466 1226 0rient.,
3503 1167 3540 1218 t.
3574 1164 3593 1217 Ι
3627 1165 3770 1234 (47).

2113 1251 2409 1321 Integram
2443 1256 2639 1306 autem
2673 1267 2802 1306 eam
2830 1267 2986 1305 anno
3037 1251 3172 1304 1647
3235 1251 3478 1305 Londini
3529 1267 3598 1305 ex
3648 1252 3774 1307 Me-

2115 1339 2354 1411 nologio
2411 1341 2609 1395 Graeco
2664 1356 2807 1396 mss.
2841 1340 3079 1395 Barocc.
3132 1340 3418 1411 evulgavit
3472 1342 3771 1407 Usserius,

2115 1429 2356 1484 Parisiis
2385 1429 2736 1485 Cotelerius.
2766 1429 3043 1484 Eamdem
3077 1430 3292 1484 deinde
3341 1431 3490 1485 Actis
3544 1439 3772 1500 marty-

2114 1534 2238 1571 rum
2265 1517 2493 1572 sinceris
2513 1518 2830 1572 Ruinartus
2863 1519 3135 1586 intexuit,
3189 1524 3246 1572 et
3306 1519 3590 1574 Smithius
3647 1521 3776 1575 edi-

2115 1607 2263 1660 tioni
2287 1608 2429 1678 Epp.
2465 1607 2672 1678 Ignatii
2707 1612 2765 1662 et
2816 1607 3126 1678 Polycarpi
3159 1606 3388 1662 addidit
3421 1609 3577 1662 1709.
3612 1610 3774 1664 Smi-

2115 1696 2306 1750 thium
2339 1701 2575 1750 secutus
2607 1700 2695 1750 est
2750 1696 3110 1751 Gallandius.
3145 1697 3533 1752 Novissimam
3563 1704 3621 1752 et
3652 1699 3775 1753 ele-

352 1787 468 1838 σίαν
502 1782 749 1860 ἀδελφῶν
782 1784 879 1851 τήν
908 1781 1178 1854 ἱστορίαν,
1210 1779 1262 1835 ἐν
1371 1777 1762 1851 δεδηλώκαμεν
1822 1777 1997 1832 αὐτῶν

2123 1786 2526 1857 gantissimam
2576 1784 2896 1840 editionem
2958 1787 3093 1839 1838
3146 1790 3202 1840 et
3271 1788 3407 1840 1840
3481 1786 3644 1854 (edit.
3709 1790 3778 1858 ιι)

357 1873 681 1947 Ἐπιστολῇ,
712 1870 1190 1945 κατατεθειμὲνων,

436 1969 514 2022 De
545 1966 825 2036 martyrio
861 1966 913 2018 S.
949 1964 1258 2036 Polycarpi
1289 1962 1550 2018 lrenaaus
1597 1963 1708 2032 (42)
1775 1978 2010 2032 quoque

356 2056 536 2110 verba
559 2056 729 2110 fecit:
763 2053 886 2107 Ἐπὶ
917 2050 1062 2106 πολὺ
1093 2051 1195 2125 γὰρ
1246 2050 1534 2123 παρέμεινε
1586 2050 2008 2120 (Polycarpus)'

358 2143 449 2197 καὶ
480 2143 618 2197 πάνυ
663 2140 956 2216 γηραλέος,
1010 2137 1238 2210 ἐνδόξως
1286 2138 1378 2192 καὶ
1435 2136 1820 2215 ἐπιφανέστατα
1872 2156 2008 2211 μαρο

354 2235 620 2304 τυρήσας,
651 2229 846 2302 ἐξῆλθε
875 2235 974 2284 τοῦ
1008 2229 1150 2304 βίου.

431 2323 715 2377 Similiter
737 2321 1273 2391 Hieronymus(43);
1295 2343 1321 2369 ‹‹
1347 2324 1547 2374 Postea
1561 2323 2009 2391 vero,regnante

359 2415 428 2467 M.
453 2411 752 2466 Antonino
787 2417 845 2464 et
877 2412 930 2464 L.
966 2410 1204 2465 Aurelio
1237 2409 1580 2477 Commodo,
1615 2414 1826 2479 quarta
1878 2412 2012 2478 post

355 2505 647 2556 Neronem
680 2499 1664 2572 persecutione,Smyrnm,sedente
1688 2514 2010 2570 proconsu-

356 2591 433 2659 le,
468 2597 524 2646 et
563 2591 836 2646 universo
895 2591 1112 2661 populo
1173 2591 1235 2644 in
1265 2589 1699 2660 amphitheatro
1729 2588 2008 2642 adversus

355 2697 489 2735 eum
515 2686 890 2751 personante,
923 2679 1039 2751 igni
1077 2678 1326 2733 traditus
1357 2683 1464 2732 est.
1511 2700 1538 2726 υ

425 2771 514 2825 Vl.
540 2773 743 2825 Totam
776 2769 1048 2823 Ecclesia)
1069 2768 1445 2839 Smyrnensis
1467 2766 1781 2837 epistolam
1807 2782 2006 2834 nemo,

358 2875 534 2928 quem
559 2859 831 2925 sciam,in
855 2857 1100 2911 dubium
1124 2856 1366 2920 vocavit,
1401 2855 1633 2926 ipsique
1652 2854 1842 2910 critici
1867 2854 1975 2926 rigi
1993 2885 2007 2893 —

356 2947 588 3002 dissimi
611 2947 846 3002 laudem
882 2946 931 3000 ei
957 2946 1292 3000 tribuerunt
1322 2945 1452 3014 (44).
1514 2945 1615 3011 Iis,
1649 2960 1778 3014 quas
1832 2959 2012 3014 supra

353 3040 496 3106 (ni)
530 3052 598 3090 ex
626 3035 850 3090 Valesio
876 3035 1260 3105 protulimus,
1301 3050 1368 3087 ea
1399 3032 1711 3098 addemus,
1771 3049 1900 3101 quae
1935 3032 2010 3086 il-

2119 1873 2327 1927 Oxonii
2384 1872 2668 1945 evulgavit
2715 1874 3116 1943 tJacobsonus,
3174 1874 3365 1929 tribus
3441 1875 3775 1943 codicibus,

2119 1962 2765 2027 Barocciano,Parisino
2781 1963 3582 2019 etCzrsareoNindobonensi
3601 1981 3775 2020 usus.

2191 2053 2333 2105 VIlI.
2373 2053 2444 2104 De
2473 2051 2726 2106 doctrina
2755 2051 2934 2122 hujus
2967 2052 3231 2123 epistolae
3299 2053 3403 2107 cfr.
3467 2054 3774 2126 Lumper.,

2116 2141 2246 2194 Hist.
2283 2140 2452 2195 theol.
2485 2143 2632 2206 crit,
2669 2147 2708 2194 t.
2743 2141 2895 2211 lltp.
2939 2143 3205 2195 453-459.

2187 2238 2277 2292 ΙΧ.
2322 2237 2624 2293 Addamus
2654 2238 2911 2308 denique
2971 2255 3104 2309 qum
3151 2239 3403 2294 Thomas
3461 2241 3773 2310 Smithins,

2116 2327 2282 2382 testis
2313 2325 2609 2394 αὐτόπτης,
2637 2326 2708 2381 de
2743 2328 3087 2399 Smyrnensi
3126 2329 3584 2398 amphithartro,
3645 2348 3768 2400 quo

2115 2417 2169 2471 S.
2197 2417 2557 2488 Polycarpus
2587 2422 2815 2488 martyr
2845 2416 3140 2489 gloriosus
3192 2417 3356 2484 obiit,
3391 2417 3583 2490 deque
3638 2421 3774 2492 ejus

2118 2504 2386 2576 sepulcro
2418 2509 2657 2559 enarrat
2686 2505 2781 2559 his
2814 2504 3010 2560 verbis
3041 2505 3154 2575 (48)
3181 2523 3194 2561 :
3228 2527 3255 2556 «
3282 2507 3368 2562 Ad
3401 2507 3603 2578 latera,
3665 2525 3771 2564 an-

2114 2592 2262 2662 quit,
2287 2592 2533 2648 alterius
2553 2598 2737 2664 portaa
2789 2595 2966 2659 arcis,
3029 2611 3159 2664 quas
3207 2595 3279 2650 ad
3317 2596 3607 2652 orientem
3659 2602 3769 2666 est,

2115 2682 2308 2736 adhuc
2337 2682 2606 2737 visuntur
2641 2682 2772 2737 duas
2796 2683 3034 2754 aquilei,
3069 2686 3472 2741 Romanorum
3493 2687 3768 2758 insignia,

2116 2770 2488 2842 largiuscula:
2510 2777 2569 2826 et
2599 2771 2755 2826 belle
2789 2774 3028 2843 quidem
3065 2773 3392 2831 delineatm.
3424 2777 3569 2831 Hinc
3613 2778 3771 2831 inter

2115 2859 2620 2926 descendendum,
2656 2863 2915 2933 amplum
2953 2864 3451 2933 amphitheatrum
3485 2865 3557 2920 ad
3589 2867 3764 2921 Nota-

2116 2949 2418 3018 peliotem,
2455 2967 2570 3019 quo
2605 2951 2660 3005 S.
2711 2952 3073 3023 Polycarpus
3125 2954 3405 3021 martyrio
3449 2961 3761 3007 coronatus

2119 3042 2228 3101 est,
2266 3037 2637 3100 intravimus.
2670 3041 2950 3111 gradibus
2979 3039 3167 3095 saxeis
3197 3055 3229 3092 a
3279 3040 3476 3092 Turcis
3533 3039 3605 3093 ad
3665 3057 3756 3093 or-

353 3125 748 3178 lustrissimus
768 3123 1172 3194 Scaligerusin
1199 3120 1865 3176 Anidmadversionibus
1881 3120 2003 3174 suis
2035 3153 2077 3219 Ο
2118 3126 2346 3180 mandas
2368 3127 2526 3182 mdes
2557 3129 2722 3183 illinc
2747 3129 3012 3183 sublatis.
3041 3130 3100 3181 In
3126 3125 3292 3195 cujus
3321 3125 3604 3181 lateribus
3625 3127 3758 3182 dum

357 3212 804 3283 Eusebianis(p.
842 3215 962 3281 121)
992 3211 1202 3265 effatus
1235 3217 1340 3265 est.
1370 3231 1396 3262 ι
1432 3212 1560 3265 llaec
1604 3216 1761 3277 sunt,
1794 3211 1999 3278 inquit,

351 3302 747 3357 vetustissima
765 3301 867 3355 illa
879 3300 1149 3354 Ecclesiae
1164 3300 1727 3371 martyria,quorum
1746 3299 2000 3353 lectione

352 3393 584 3463 piorum
610 3392 842 3445 animus
862 3391 1232 3456 itaafﬁcitur,
1258 3394 1322 3443 ut
1352 3405 1660 3459 nunquam
1686 3387 2002 3442 saturinde

348 3479 588 3546 redeat;
615 3481 772 3550 quod
795 3478 1036 3550 quidem
1056 3479 1138 3532 ita
1160 3478 1728 3548 esse,unusquisque
1752 3494 1855 3548 pro
1872 3493 2006 3548 cap-

351 3577 414 3624 tu
445 3587 549 3625 suo
575 3575 631 3624 et
653 3569 1031 3624 conscientiae
1087 3567 1260 3621 modo
1315 3567 1534 3622 sentire
1586 3573 1798 3637 potest.
1833 3568 2000 3620 Certe

354 3676 457 3731 ego
491 3659 638 3712 nihil
665 3675 928 3727 unquam
971 3657 1032 3711 in
1078 3655 1325 3710 historia
1361 3655 1760 3710 ecclesiastica
1792 3655 1926 3721 vidi,
1969 3673 2005 3710 a

352 3748 523 3818 cujus
558 3747 810 3802 lectione
834 3745 1188 3801 commotior
1209 3743 1575 3811 recedam,ut
1605 3761 1724 3798 non
1747 3743 2002 3815 amplius

354 3853 522 3891 meus
554 3853 682 3890 esse
715 3836 935 3890 videar.
971 3857 998 3885 »

424 3927 649 3980 Nostris
680 3924 1048 3996 temporibus
1079 3923 1408 3994 praesertim
1442 3921 1752 3977 Maahlerus
1785 3923 2001 3992 episto-

351 4015 424 4068 la:
459 4014 636 4086 hujus
668 4030 906 4068 causam
939 4013 1056 4083 egit
1080 4013 1211 4082 (45).

420 4103 741 4158 Nonnullas
769 4102 1038 4168 lacinias,
1070 4100 1402 4172 praesertim
1450 4099 1711 4155 fabulam
1772 4099 1841 4154 de
1901 4117 2000 4155 co-

348 4193 552 4247 lumba
582 4211 630 4248 c.
659 4195 746 4258 16,
780 4191 1054 4262 Ερίδῑοιω
1079 4196 1294 4244 nostra)
1327 4206 1361 4244 a
1417 4189 1845 4260 posterioribus
1898 4191 1999 4244 ad-

349 4283 499 4335 ditas
534 4298 682 4348 esse,
717 4280 1152 4334 contenderunt
1187 4279 1524 4332 Heumanus
1557 4278 1666 4349 (46)
1729 4283 1786 4332 et
1846 4278 1946 4332 alii
1981 4297 1994 4345 ;

345 4386 466 4422 non
501 4369 695 4440 plane,
729 4373 792 4421 ut
823 4369 1073 4435 videtur,
1108 4368 1350 4438 injuste.

417 4457 704 4526 Equidem
735 4457 1008 4510 ultimam
1038 4457 1246 4526 capitis
1271 4458 1340 4510 22
1377 4455 1751 4526 particulam,
1777 4473 1907 4527 quas
1925 4456 1996 4512 de

2116 3231 2401 3284 cavernae,
2437 3217 2652 3287 quibus
2678 3216 3099 3272 claudebantur
3128 3213 3354 3277 leones,
3378 3214 3488 3267 sibi
3511 3215 3763 3270 invicem

2114 3311 2517 3374 opponuntur.
2555 3305 2891 3376 Sepulcrum
2925 3303 2980 3356 S.
3037 3300 3368 3372 Polycarpi,
3402 3301 3562 3372 quod
3594 3303 3653 3357 in
3686 3303 3768 3358 la-

2114 3396 2238 3445 tere
2273 3394 2491 3447 montis
2519 3393 2795 3448 adversus
2827 3393 3283 3445 Euro-austrum
3305 3391 3498 3446 adhuc
3529 3408 3765 3446 conser-

2115 3483 2494 3536 vatur.Graaci
2526 3482 2622 3536 die
2651 3481 3026 3551 festo,ipsius
3056 3481 3360 3534 memoria)
3395 3489 3764 3548 consecrato,

2115 3586 2222 3640 pro
2256 3588 2440 3630 more.
2473 3571 2570 3640 qui
2604 3570 2760 3640 apud
2788 3570 2949 3640 ipsos
2981 3569 3232 3637 obtinet,
3266 3569 3617 3623 solemniter
3675 3571 3769 3624 iu-

2113 3661 2328 3714 visunt.
2363 3661 2549 3713 Situm
2597 3666 2685 3713 est
2743 3659 2804 3712 in
2859 3659 3116 3728 quadam
3175 3657 3442 3726 aedicula,
3505 3659 3769 3714 ecclesias

2114 3751 2264 3804 forte
2295 3749 2769 3820 sacello,alii,per
2803 3765 2980 3818 quam
3012 3748 3155 3803 illuc
3189 3749 3660 3804 transeunduum
3682 3757 3773 3804 est

2114 3837 2408 3908 contigua.
2442 3836 2507 3889 In
2531 3836 2641 3890 hoc
2683 3841 3072 3889 monumento
3131 3835 3536 3902 instauranda,
3571 3837 3618 3889 si
3689 3837 3763 3891 ab

2112 3925 2605 3996 impressionibus
2661 3925 2859 3991 aeriis,
2911 3925 2958 3978 si
3011 3940 3044 3978 a
3091 3924 3313 3990 Turcis,
3344 3924 3458 3978 sia
3491 3925 3766 3980 Christia-

2113 4013 2205 4067 nis
2238 4013 2734 4074 Occidentalibus,
2761 4013 2860 4082 qui
2890 4012 3221 4082 fragmenta
3253 4012 3565 4066 marmoris
3599 4013 3771 4082 quasi

2111 4106 2198 4155 tot
2226 4103 2516 4172 reliquias
2567 4101 2777 4156 exinde
2810 4101 3049 4164 tollunt,
3118 4101 3366 4154 laedatur
3421 4106 3773 4156 temeretur-

2112 4207 2224 4261 que
2261 4208 2272 4255 ;
2308 4190 2626 4246 laudabilis
2658 4191 2891 4245 illorum
2915 4189 3239 4244 collocatur
3263 4205 3464 4260 Opera,
3527 4189 3641 4245 olla
3693 4193 3769 4244 ti-

2111 4279 2235 4334 ctili
2269 4296 2503 4350 quoque
2536 4279 2654 4333 illic
2685 4279 2974 4349 apposita,
3010 4279 3070 4332 in
3103 4293 3282 4348 quam
3324 4278 3575 4348 quisque
3630 4278 3756 4334 fere

2109 4385 2229 4439 prin
2313 4367 2717 4432 veneratione,
2769 4383 2885 4437 qua
2941 4381 3078 4438 erga
3141 4363 3232 4417 τὸν
3284 4361 3760 4437 Μεγαλομάρτυρα.

2109 4472 2214 4527 pro
2247 4455 2478 4509 Christo
2511 4454 2727 4508 invicta
2757 4454 2937 4508 animi
2994 4453 3312 4524 praesentia
3364 4454 3516 4508 mori
3577 4454 3759 4507 susti-

347 4516 530 4598 Piono
564 4543 845 4614 loquitur,
882 4516 1143 4614 spuriam
1199 4516 1410 4598 censeo
1471 4548 1528 4598 et
1548 4543 1618 4598 ab
1672 4516 1999 4600 illo-confe-
2032 4516 2076 4580 D
2109 4516 2352 4598 nentem
2401 4544 2607 4611 fertur,
2643 4543 2761 4598 illic
2787 4516 3012 4597 ductus.
3031 4541 3312 4612 pauculos
3363 4557 3568 4611 aspros
3614 4558 3763 4596 con-

347 4637 520 4701 ctam,
548 4632 646 4701 qui
699 4631 1076 4702 supposititia
1103 4632 1215 4685 ista
1247 4633 1302 4686 S.
1329 4632 1638 4703 Polycarpi
1671 4638 1820 4701 acta,
1857 4651 1996 4704 quo-

346 4739 480 4777 rum
520 4737 700 4792 supra
758 4719 1126 4775 mentionem
1175 4720 1444 4788 fecimus,
1507 4738 1756 4792 quaeque
1789 4723 1994 4778 Pionio

421 4894 532 4965 (41)
565 4895 704 4948 Hist.
738 4893 964 4960 ecct.1v,
1001 4894 1086 4965 15‘s.

421 4896 502 4965 (41
565 4895 704 4948 Hist.
738 4894 964 4960 ecct.1v,
1001 4894 1086 4944 15.

417 4894 532 5036 (42)
565 4965 701 5020 Adv.
736 4965 874 5018 Har.
910 4979 991 5030 ιιι,
1022 4963 1075 5014 2.
1113 4961 1282 5032 Apud
1335 4961 1547 5016 Euseb.
1609 4963 1747 5018 Hist.
1806 4965 1990 5020 eccles.

345 5039 724 5174 witﬂ’itatat.
759 5109 953 5176 script.
987 5105 1116 5160 eccl.
1143 5121 1192 5159 c.
1231 5107 1320 5158 17·

406 5181 516 5247 (44)
555 5179 689 5259 Vide
723 5177 1637 5259 Tillemontli‘llémoires,‘etest.
1665 5177 1734 5259 Il,
1781 5193 1838 5246 p.

333 5265 526 5318 seqq,
557 5250 694 5304 edit.
731 5251 1114 5314 Veneta,t732
1148 5254 1206 5302 et
1239 5246 1464 5302 Fabric.
1496 5247 1640 5306 Bibl.
1671 5249 1790 5316 Gr.,
1845 5248 1990 5302 edit.

333 5319 587 5388 Harles.,
611 5327 662 5392 _t.
702 5322 814 5387 VII,
850 5337 908 5392 p.
939 5322 1026 5372 iit.

2099 4632 2253 4704 jicit,
2285 4637 2351 4686 ut
2392 4632 2452 4685 in
2503 4647 2678 4684 omne
2737 4647 2924 4684 aavum
2987 4634 3295 4700 perennet.
3333 4650 3358 4681 α
3421 4630 3554 4683 Haac
3608 4629 3761 4683 Smi-

2106 4722 2286 4775 thius.

2177 4894 2284 4963 (45)
2319 4895 2627 4962 Pati-0109.,
2662 4898 2701 4946 t.
2737 4893 2778 4947 Ι.
2812 4909 2869 4964 p.
2901 4895 3027 4946 410.
3061 4891 3176 4946 Cfr.
3212 4889 3503 4960 Neander,
3562 4889 3755 4945 Kirch.

2107 4965 2290 5021 Gesch.
2323 4970 2362 5018 t.
2391 4966 2435 5029 Ι,
2467 4983 2524 5036 p.
2559 4966 2682 5018 739.

2177 5039 2284 5105 (46)
2322 5033 2616 5090 Vide—not.
2652 5033 2726 5090 ad
2757 5051 2807 5089 c.
2836 5034 2921 5088 16.

2180 5103 2286 5172 (47)
2321 5108 2456 5161 Duae
2490 5111 2722 5160 exstant
2753 5106 3051 5160 versiones
3086 5106 3367 5175 antiquas,
3402 5119 3652 5174 quarum
3677 5103 3765 5157 al-

2107 5183 2236 5232 tora.
2267 5179 2625 5248 metaphrasis
2645 5179 2841 5248 potius
2874 5193 3053 5247 quam
3094 5179 3266 5231 versio
3297 5183 3405 5231 est.

2179 5251 2283 5313 (48)
2317 5247 2483 5304 Notit.
2517 5247 2661 5318 δοριξ
2709 5251 2853 5302 Asiae
2912 5250 3080 5309 Eccl.,
3107 5265 3161 5318 p.
3201 5250 3319 5318 164,
3356 5247 3500 5302 edit.
3539 5247 3756 5312 Oxon.,

2110 5322 2266 5375 1672.
2303 5321 2575 5393 Lumper.
2608 5321 2650 5374 Ι.
2695 5338 2770 5388 c.,
2805 5326 2844 5375 t.
2873 5320 2941 5385 ll,
2975 5336 3032 5390 p.
3058 5321 3180 5374 461.
