  <div class='ocr_page' id='page_1' title='image "/cluster/home/n/w/nwhite01/storage/ocr_20150623/5/mdp.39015015401063/516.png"; bbox 0 0 4114 6148; ppageno 0'>
   <div class='ocr_carea' id='block_1_1' title="bbox 370 337 526 398">
    <p class='ocr_par' dir='ltr' id='par_1_1' title="bbox 370 337 526 398">
     <span class='ocr_line' id='line_1_1' title="bbox 370 337 526 398; baseline -0.006 0"><span class='ocrx_word' id='word_1_1' title='bbox 370 337 526 398; x_wconf 87' lang='grc'>1005</span> 
     </span>
    </p>
   </div>
   <div class='ocr_carea' id='block_1_2' title="bbox 1486 333 2655 398">
    <p class='ocr_par' dir='ltr' id='par_1_2' title="bbox 1486 333 2655 398">
     <span class='ocr_line' id='line_1_2' title="bbox 1486 333 2655 398; baseline -0.003 -2"><span class='ocrx_word' id='word_1_2' title='bbox 1486 335 1767 398; x_wconf 64' lang='grc' dir='ltr'>ΕρωΤο</span> <span class='ocrx_word' id='word_1_3' title='bbox 1779 337 1875 396; x_wconf 83' lang='lat' dir='ltr'>LA</span> <span class='ocrx_word' id='word_1_4' title='bbox 1926 337 2022 395; x_wconf 73' lang='lat' dir='ltr'>AD</span> <span class='ocrx_word' id='word_1_5' title='bbox 2065 336 2273 396; x_wconf 83' lang='lat' dir='ltr'>PHlLl</span> <span class='ocrx_word' id='word_1_6' title='bbox 2287 333 2655 396; x_wconf 80' lang='lat' dir='ltr'>PPENSES.</span> 
     </span>
    </p>
   </div>
   <div class='ocr_carea' id='block_1_3' title="bbox 3629 336 3784 398">
    <p class='ocr_par' dir='ltr' id='par_1_3' title="bbox 3629 336 3784 398">
     <span class='ocr_line' id='line_1_3' title="bbox 3629 336 3784 398; baseline -0.006 -3"><span class='ocrx_word' id='word_1_7' title='bbox 3629 336 3784 398; x_wconf 82' lang='grc'>1006</span> 
     </span>
    </p>
   </div>
   <div class='ocr_carea' id='block_1_4' title="bbox 556 529 3624 839">
    <p class='ocr_par' dir='ltr' id='par_1_4' title="bbox 556 529 3624 839">
     <span class='ocr_line' id='line_1_4' title="bbox 556 529 3624 839; baseline 0 -3"><span class='ocrx_word' id='word_1_8' title='bbox 556 529 1031 838; x_wconf 77' lang='grc' dir='ltr'>ΤΟΥ</span> <span class='ocrx_word' id='word_1_9' title='bbox 1152 661 1863 839; x_wconf 77' lang='grc' dir='ltr'>ΑΓΙΟΥ</span> <span class='ocrx_word' id='word_1_10' title='bbox 1981 661 3624 837; x_wconf 84' lang='grc' dir='ltr'>ΠΟΛΥΚΑΡΠΟΥ</span> 
     </span>
    </p>
   </div>
   <div class='ocr_carea' id='block_1_5' title="bbox 1332 965 2824 1025">
    <p class='ocr_par' dir='ltr' id='par_1_5' title="bbox 1332 965 2824 1025">
     <span class='ocr_line' id='line_1_5' title="bbox 1332 965 2824 1025; baseline -0.003 0"><span class='ocrx_word' id='word_1_11' title='bbox 1332 968 1730 1025; x_wconf 80' lang='grc' dir='ltr'>ΕΠΙΣΚΟῙΙΟΥ</span> <span class='ocrx_word' id='word_1_12' title='bbox 1767 965 2087 1020; x_wconf 83' lang='grc' dir='ltr'>ΣΜΥΡΝΗΣ.</span> <span class='ocrx_word' id='word_1_13' title='bbox 2127 967 2249 1022; x_wconf 81' lang='grc' dir='ltr'>ΚΔΙ</span> <span class='ocrx_word' id='word_1_14' title='bbox 2289 965 2824 1023; x_wconf 79' lang='grc' dir='ltr'>ΙΕΡΟΜΑΡΤΥΡΟΣ</span> 
     </span>
    </p>
   </div>
   <div class='ocr_carea' id='block_1_6' title="bbox 632 1172 3509 1308">
    <p class='ocr_par' dir='ltr' id='par_1_6' title="bbox 632 1172 3509 1308">
     <span class='ocr_line' id='line_1_6' title="bbox 632 1172 3509 1308; baseline -0.002 0"><span class='ocrx_word' id='word_1_15' title='bbox 632 1179 1106 1308; x_wconf 81' lang='grc' dir='ltr'>ΠΡΟΣ</span> <span class='ocrx_word' id='word_1_16' title='bbox 1203 1172 2491 1304; x_wconf 80' lang='grc' dir='ltr'>ΦΙΛΙΠΠΗΣΙΟΥΣ</span> <span class='ocrx_word' id='word_1_17' title='bbox 2601 1175 3509 1306; x_wconf 87' lang='grc' dir='ltr'>ΕΠΙΣΤΟΛΗ</span> 
     </span>
    </p>
   </div>
   <div class='ocr_carea' id='block_1_7' title="bbox 1072 1582 3066 1751">
    <p class='ocr_par' dir='ltr' id='par_1_7' title="bbox 1072 1582 3066 1751">
     <span class='ocr_line' id='line_1_7' title="bbox 1072 1582 3066 1751; baseline -0.002 0"><span class='ocrx_word' id='word_1_18' title='bbox 1072 1584 1713 1751; x_wconf 83' lang='lat' dir='ltr'><strong>SANCT</strong></span> <span class='ocrx_word' id='word_1_19' title='bbox 1724 1585 1790 1747; x_wconf 92' lang='grc' dir='ltr'>Ι</span> <span class='ocrx_word' id='word_1_20' title='bbox 1940 1582 3066 1750; x_wconf 81' lang='lat' dir='ltr'>POLYCARPI</span> 
     </span>
    </p>
   </div>
   <div class='ocr_carea' id='block_1_8' title="bbox 630 1877 3535 1978">
    <p class='ocr_par' dir='ltr' id='par_1_8' title="bbox 630 1877 3535 1978">
     <span class='ocr_line' id='line_1_8' title="bbox 630 1877 3535 1978; baseline -0.001 0"><span class='ocrx_word' id='word_1_21' title='bbox 630 1879 1527 1978; x_wconf 68' lang='lat' dir='ltr'>SMYRNEOBUM</span> <span class='ocrx_word' id='word_1_22' title='bbox 1612 1877 2176 1973; x_wconf 88' lang='lat' dir='ltr'>EPISCOPI</span> <span class='ocrx_word' id='word_1_23' title='bbox 2269 1878 2423 1973; x_wconf 91' lang='lat' dir='ltr'>ET</span> <span class='ocrx_word' id='word_1_24' title='bbox 2517 1879 3535 1976; x_wconf 81' lang='lat' dir='ltr'>HIEBOMABTYRIS</span> 
     </span>
    </p>
   </div>
   <div class='ocr_carea' id='block_1_9' title="bbox 1749 2108 2402 2235">
    <p class='ocr_par' dir='ltr' id='par_1_9' title="bbox 1749 2108 2402 2235">
     <span class='ocr_line' id='line_1_9' title="bbox 1749 2108 2402 2235; baseline 0.005 -3"><span class='ocrx_word' id='word_1_25' title='bbox 1749 2108 2402 2235; x_wconf 87' lang='lat' dir='ltr'>EPISTOLA</span> 
     </span>
    </p>
   </div>
   <div class='ocr_carea' id='block_1_10' title="bbox 1279 2345 2980 2484">
    <p class='ocr_par' dir='ltr' id='par_1_10' title="bbox 1279 2345 2980 2484">
     <span class='ocr_line' id='line_1_10' title="bbox 1279 2345 2980 2484; baseline -0.001 -2"><span class='ocrx_word' id='word_1_26' title='bbox 1279 2349 1512 2482; x_wconf 85' lang='lat' dir='ltr'>Al)</span> <span class='ocrx_word' id='word_1_27' title='bbox 1612 2345 2911 2484; x_wconf 78' lang='lat' dir='ltr'>PHILIPPENSES</span> <span class='ocrx_word' id='word_1_28' title='bbox 2973 2471 2980 2480; x_wconf 87' lang='lat'>.</span> 
     </span>
    </p>
   </div>
   <div class='ocr_carea' id='block_1_11' title="bbox 381 2739 2061 2827">
    <p class='ocr_par' dir='ltr' id='par_1_11' title="bbox 381 2739 2032 2827">
     <span class='ocr_line' id='line_1_11' title="bbox 381 2739 2032 2827; baseline -0.009 -16"><span class='ocrx_word' id='word_1_29' title='bbox 381 2752 744 2827; x_wconf 70' lang='grc' dir='ltr'>Ηολύιιαρπος</span> <span class='ocrx_word' id='word_1_30' title='bbox 776 2751 865 2806; x_wconf 82' lang='grc' dir='ltr'>καὶ</span> <span class='ocrx_word' id='word_1_31' title='bbox 919 2750 972 2803; x_wconf 76' lang='grc' dir='ltr'>οἱ</span> <span class='ocrx_word' id='word_1_32' title='bbox 1030 2749 1122 2802; x_wconf 86' lang='grc' dir='ltr'>σὺν</span> <span class='ocrx_word' id='word_1_33' title='bbox 1174 2747 1323 2816; x_wconf 78' lang='grc' dir='ltr'>αὐτῷ</span> <span class='ocrx_word' id='word_1_34' title='bbox 1379 2739 1736 2818; x_wconf 76' lang='grc' dir='ltr'>πρεσϐύτεροι</span> <span class='ocrx_word' id='word_1_35' title='bbox 1792 2745 1858 2815; x_wconf 81' lang='grc' dir='ltr'>τῇ</span> <span class='ocrx_word' id='word_1_36' title='bbox 1905 2743 2032 2798; x_wconf 85' lang='grc' dir='ltr'>Ἐκ-</span> 
     </span>
    </p>
   </div>
   <div class='ocr_carea' id='block_1_12' title="bbox 2147 2739 3788 2827">
    <p class='ocr_par' dir='ltr' id='par_1_12' title="bbox 2147 2742 3788 2819">
     <span class='ocr_line' id='line_1_12' title="bbox 2147 2742 3788 2819; baseline 0.004 -21"><span class='ocrx_word' id='word_1_37' title='bbox 2147 2742 2501 2814; x_wconf 87' lang='lat' dir='ltr'>Polycarpus</span> <span class='ocrx_word' id='word_1_38' title='bbox 2533 2749 2590 2798; x_wconf 89' lang='lat' dir='ltr'>et</span> <span class='ocrx_word' id='word_1_39' title='bbox 2619 2746 2719 2815; x_wconf 87' lang='lat' dir='ltr'>qui</span> <span class='ocrx_word' id='word_1_40' title='bbox 2753 2762 2889 2800; x_wconf 88' lang='lat' dir='ltr'>cum</span> <span class='ocrx_word' id='word_1_41' title='bbox 2921 2762 2988 2801; x_wconf 90' lang='lat' dir='ltr'>eo</span> <span class='ocrx_word' id='word_1_42' title='bbox 3012 2747 3343 2818; x_wconf 84' lang='lat' dir='ltr'>presbyteri</span> <span class='ocrx_word' id='word_1_43' title='bbox 3363 2749 3640 2805; x_wconf 70' lang='lat' dir='ltr'>Ecclesiae</span> <span class='ocrx_word' id='word_1_44' title='bbox 3662 2750 3788 2819; x_wconf 89' lang='lat' dir='ltr'>Dei,</span> 
     </span>
    </p>
   </div>
   <div class='ocr_carea' id='block_1_13' title="bbox 449 2831 2023 2911">
    <p class='ocr_par' dir='ltr' id='par_1_13' title="bbox 449 2831 2023 2911">
     <span class='ocr_line' id='line_1_13' title="bbox 449 2831 2023 2911; baseline -0.006 -15"><span class='ocrx_word' id='word_1_45' title='bbox 449 2841 655 2911; x_wconf 73' lang='grc' dir='ltr'>κλησίᾳ</span> <span class='ocrx_word' id='word_1_46' title='bbox 677 2845 770 2895; x_wconf 87' lang='grc' dir='ltr'>τοῦ</span> <span class='ocrx_word' id='word_1_47' title='bbox 812 2843 948 2894; x_wconf 85' lang='grc' dir='ltr'>Θεοῦ</span> <span class='ocrx_word' id='word_1_48' title='bbox 1004 2840 1073 2910; x_wconf 82' lang='grc' dir='ltr'>τῇ</span> <span class='ocrx_word' id='word_1_49' title='bbox 1124 2833 1459 2907; x_wconf 68' lang='grc' dir='ltr'>παροικούσῃ</span> <span class='ocrx_word' id='word_1_50' title='bbox 1514 2831 1831 2892; x_wconf 80' lang='grc' dir='ltr'>Φιλίππους</span> <span class='ocrx_word' id='word_1_51' title='bbox 1889 2836 2023 2901; x_wconf 83' lang='grc'>(49)·</span> 
     </span>
    </p>
   </div>
   <div class='ocr_carea' id='block_1_14' title="bbox 453 2922 2030 3003">
    <p class='ocr_par' dir='ltr' id='par_1_14' title="bbox 453 2922 2030 3003">
     <span class='ocr_line' id='line_1_14' title="bbox 453 2922 2030 3003; baseline -0.007 -16"><span class='ocrx_word' id='word_1_52' title='bbox 453 2929 603 2996; x_wconf 81' lang='grc' dir='ltr'>ἔλεος</span> <span class='ocrx_word' id='word_1_53' title='bbox 635 2932 756 3003; x_wconf 81' lang='grc' dir='ltr'>ὑμῖν</span> <span class='ocrx_word' id='word_1_54' title='bbox 801 2929 893 2984; x_wconf 79' lang='grc' dir='ltr'>καί</span> <span class='ocrx_word' id='word_1_55' title='bbox 947 2928 1134 3002; x_wconf 71' lang='grc' dir='ltr'>εἰρήνη</span> <span class='ocrx_word' id='word_1_56' title='bbox 1193 2925 1340 2999; x_wconf 81' lang='grc' dir='ltr'>παρὰ</span> <span class='ocrx_word' id='word_1_57' title='bbox 1396 2928 1529 2978; x_wconf 81' lang='grc' dir='ltr'>Θεοῦ</span> <span class='ocrx_word' id='word_1_58' title='bbox 1588 2922 2030 2996; x_wconf 80' lang='grc' dir='ltr'>παντοκράτορος</span> 
     </span>
    </p>
   </div>
   <div class='ocr_carea' id='block_1_15' title="bbox 452 3010 2031 3093">
    <p class='ocr_par' dir='ltr' id='par_1_15' title="bbox 452 3010 2031 3093">
     <span class='ocr_line' id='line_1_15' title="bbox 452 3010 2031 3093; baseline -0.008 -17"><span class='ocrx_word' id='word_1_59' title='bbox 452 3022 538 3076; x_wconf 81' lang='grc' dir='ltr'>καί</span> <span class='ocrx_word' id='word_1_60' title='bbox 570 3021 767 3093; x_wconf 88' lang='grc' dir='ltr'>Κυρίου</span> <span class='ocrx_word' id='word_1_61' title='bbox 800 3020 979 3088; x_wconf 82' lang='grc' dir='ltr'>Ἰησοῦ</span> <span class='ocrx_word' id='word_1_62' title='bbox 1009 3013 1244 3090; x_wconf 81' lang='grc' dir='ltr'>Χριστοῦ</span> <span class='ocrx_word' id='word_1_63' title='bbox 1276 3017 1372 3069; x_wconf 91' lang='grc' dir='ltr'>τοῦ</span> <span class='ocrx_word' id='word_1_64' title='bbox 1403 3019 1664 3087; x_wconf 83' lang='grc' dir='ltr'>Σωτῆρος</span> <span class='ocrx_word' id='word_1_65' title='bbox 1695 3014 1858 3084; x_wconf 81' lang='grc' dir='ltr'>ἡμῶν</span> <span class='ocrx_word' id='word_1_66' title='bbox 1889 3010 2031 3081; x_wconf 91' lang='grc' dir='ltr'>πλη-</span> 
     </span>
    </p>
   </div>
   <div class='ocr_carea' id='block_1_16' title="bbox 449 3109 683 3180">
    <p class='ocr_par' dir='ltr' id='par_1_16' title="bbox 449 3109 683 3180">
     <span class='ocr_line' id='line_1_16' title="bbox 449 3109 683 3180; baseline 0 -16"><span class='ocrx_word' id='word_1_67' title='bbox 449 3109 658 3180; x_wconf 85' lang='grc' dir='ltr'>Θυνθείη</span> <span class='ocrx_word' id='word_1_68' title='bbox 672 3153 683 3164; x_wconf 95' lang='grc'><strong>.</strong></span> 
     </span>
    </p>
   </div>
   <div class='ocr_carea' id='block_1_17' title="bbox 2212 2835 3792 2906">
    <p class='ocr_par' dir='ltr' id='par_1_17' title="bbox 2212 2835 3792 2906">
     <span class='ocr_line' id='line_1_17' title="bbox 2212 2835 3792 2906; baseline 0.006 -21"><span class='ocrx_word' id='word_1_69' title='bbox 2212 2848 2342 2903; x_wconf 62' lang='lat' dir='ltr'>quin</span> <span class='ocrx_word' id='word_1_70' title='bbox 2375 2835 2792 2905; x_wconf 80' lang='lat' dir='ltr'>peregrinatur</span> <span class='ocrx_word' id='word_1_71' title='bbox 2821 2836 3107 2906; x_wconf 89' lang='lat' dir='ltr'>Philippis</span> <span class='ocrx_word' id='word_1_72' title='bbox 3133 2853 3144 2891; x_wconf 91' lang='lat'><strong>:</strong></span> <span class='ocrx_word' id='word_1_73' title='bbox 3174 2837 3582 2893; x_wconf 80' lang='lat' dir='ltr'>misericordia</span> <span class='ocrx_word' id='word_1_74' title='bbox 3628 2839 3792 2895; x_wconf 84' lang='lat' dir='ltr'>vobis</span> 
     </span>
    </p>
   </div>
   <div class='ocr_carea' id='block_1_18' title="bbox 2213 2922 3789 2995">
    <p class='ocr_par' dir='ltr' id='par_1_18' title="bbox 2213 2922 3789 2995">
     <span class='ocr_line' id='line_1_18' title="bbox 2213 2922 3789 2995; baseline 0.006 -20"><span class='ocrx_word' id='word_1_75' title='bbox 2213 2927 2269 2975; x_wconf 88' lang='lat' dir='ltr'>et</span> <span class='ocrx_word' id='word_1_76' title='bbox 2301 2938 2414 2992; x_wconf 86' lang='lat' dir='ltr'>pax</span> <span class='ocrx_word' id='word_1_77' title='bbox 2446 2939 2480 2978; x_wconf 90' lang='lat' dir='ltr'>a</span> <span class='ocrx_word' id='word_1_78' title='bbox 2513 2922 2630 2977; x_wconf 90' lang='lat' dir='ltr'>Deo</span> <span class='ocrx_word' id='word_1_79' title='bbox 2675 2925 3105 2995; x_wconf 85' lang='lat' dir='ltr'>omnipotente,</span> <span class='ocrx_word' id='word_1_80' title='bbox 3159 2933 3218 2980; x_wconf 91' lang='lat' dir='ltr'>et</span> <span class='ocrx_word' id='word_1_81' title='bbox 3270 2942 3303 2981; x_wconf 89' lang='lat' dir='ltr'>a</span> <span class='ocrx_word' id='word_1_82' title='bbox 3352 2928 3604 2982; x_wconf 79' lang='lat' dir='ltr'>Domino</span> <span class='ocrx_word' id='word_1_83' title='bbox 3650 2930 3789 2985; x_wconf 80' lang='lat' dir='ltr'>Jesu</span> 
     </span>
    </p>
   </div>
   <div class='ocr_carea' id='block_1_19' title="bbox 2212 3010 3486 3086">
    <p class='ocr_par' dir='ltr' id='par_1_19' title="bbox 2212 3010 3486 3086">
     <span class='ocr_line' id='line_1_19' title="bbox 2212 3010 3486 3086; baseline 0.005 -22"><span class='ocrx_word' id='word_1_84' title='bbox 2212 3010 2443 3067; x_wconf 89' lang='lat' dir='ltr'>Christo</span> <span class='ocrx_word' id='word_1_85' title='bbox 2475 3012 2773 3067; x_wconf 89' lang='lat' dir='ltr'>Salvatore</span> <span class='ocrx_word' id='word_1_86' title='bbox 2805 3019 3008 3068; x_wconf 89' lang='lat' dir='ltr'>nostro</span> <span class='ocrx_word' id='word_1_87' title='bbox 3040 3015 3486 3086; x_wconf 84' lang='lat' dir='ltr'>multiplicetur.</span> 
     </span>
    </p>
   </div>
   <div class='ocr_carea' id='block_1_20' title="bbox 1064 3201 3076 3273">
    <p class='ocr_par' dir='ltr' id='par_1_20' title="bbox 1064 3201 3076 3273">
     <span class='ocr_line' id='line_1_20' title="bbox 1064 3201 3076 3273; baseline -0.002 -13"><span class='ocrx_word' id='word_1_88' title='bbox 1064 3206 1108 3260; x_wconf 90' lang='grc' dir='ltr'>Ι.</span> <span class='ocrx_word' id='word_1_89' title='bbox 1140 3207 1283 3259; x_wconf 87' lang='lat' dir='ltr'>Laus</span> <span class='ocrx_word' id='word_1_90' title='bbox 1313 3203 1379 3257; x_wconf 91' lang='lat' dir='ltr'>ob</span> <span class='ocrx_word' id='word_1_91' title='bbox 1413 3201 1812 3273; x_wconf 78' lang='lat' dir='ltr'>benignitatem</span> <span class='ocrx_word' id='word_1_92' title='bbox 1842 3217 1975 3271; x_wconf 81' lang='lat' dir='ltr'>erga</span> <span class='ocrx_word' id='word_1_93' title='bbox 2002 3204 2207 3270; x_wconf 82' lang='lat' dir='ltr'>fratres</span> <span class='ocrx_word' id='word_1_94' title='bbox 2238 3203 2447 3256; x_wconf 78' lang='lat' dir='ltr'>vinctos</span> <span class='ocrx_word' id='word_1_95' title='bbox 2477 3207 2529 3256; x_wconf 86' lang='lat' dir='ltr'>et</span> <span class='ocrx_word' id='word_1_96' title='bbox 2559 3203 2622 3257; x_wconf 89' lang='lat' dir='ltr'>ob</span> <span class='ocrx_word' id='word_1_97' title='bbox 2651 3205 2864 3270; x_wconf 81' lang='lat' dir='ltr'>ﬁrmam</span> <span class='ocrx_word' id='word_1_98' title='bbox 2892 3202 3076 3271; x_wconf 81' lang='lat' dir='ltr'>ﬁdem.</span> 
     </span>
    </p>
   </div>
   <div class='ocr_carea' id='block_1_21' title="bbox 446 3315 2019 3398">
    <p class='ocr_par' dir='ltr' id='par_1_21' title="bbox 446 3315 2019 3398">
     <span class='ocr_line' id='line_1_21' title="bbox 446 3315 2019 3398; baseline -0.007 -20"><span class='ocrx_word' id='word_1_99' title='bbox 446 3325 760 3398; x_wconf 80' lang='grc' dir='ltr'>Συνεχάρην</span> <span class='ocrx_word' id='word_1_100' title='bbox 792 3323 920 3394; x_wconf 85' lang='grc' dir='ltr'>ὑμῖν</span> <span class='ocrx_word' id='word_1_101' title='bbox 982 3319 1232 3395; x_wconf 80' lang='grc' dir='ltr'>μεγάλως</span> <span class='ocrx_word' id='word_1_102' title='bbox 1284 3315 1334 3372; x_wconf 81' lang='grc' dir='ltr'>ἐν</span> <span class='ocrx_word' id='word_1_103' title='bbox 1387 3315 1571 3390; x_wconf 80' lang='grc' dir='ltr'>Κυρίῳ</span> <span class='ocrx_word' id='word_1_104' title='bbox 1627 3317 1788 3386; x_wconf 79' lang='grc' dir='ltr'>ἡμῶν</span> <span class='ocrx_word' id='word_1_105' title='bbox 1840 3315 2019 3383; x_wconf 85' lang='grc' dir='ltr'>Ἰησοῦ</span> 
     </span>
    </p>
   </div>
   <div class='ocr_carea' id='block_1_22' title="bbox 375 3402 2023 3488">
    <p class='ocr_par' dir='ltr' id='par_1_22' title="bbox 375 3402 2023 3488">
     <span class='ocr_line' id='line_1_22' title="bbox 375 3402 2023 3488; baseline -0.008 -19"><span class='ocrx_word' id='word_1_106' title='bbox 375 3415 610 3488; x_wconf 75' lang='grc' dir='ltr'>Χριστῷ,</span> <span class='ocrx_word' id='word_1_107' title='bbox 646 3409 955 3482; x_wconf 69' lang='grc' dir='ltr'>δεξαμένοις</span> <span class='ocrx_word' id='word_1_108' title='bbox 983 3410 1050 3463; x_wconf 77' lang='grc' dir='ltr'>τὰ</span> <span class='ocrx_word' id='word_1_109' title='bbox 1102 3410 1398 3481; x_wconf 74' lang='grc' dir='ltr'>μιμήματα</span> <span class='ocrx_word' id='word_1_110' title='bbox 1443 3412 1541 3474; x_wconf 79' lang='grc' dir='ltr'>τῆς</span> <span class='ocrx_word' id='word_1_111' title='bbox 1593 3403 1832 3474; x_wconf 80' lang='grc' dir='ltr'>ἀληθοῦς</span> <span class='ocrx_word' id='word_1_112' title='bbox 1886 3402 2023 3477; x_wconf 80' lang='grc' dir='ltr'>ἀγά-</span> 
     </span>
    </p>
   </div>
   <div class='ocr_carea' id='block_1_23' title="bbox 372 3491 2022 3575">
    <p class='ocr_par' dir='ltr' id='par_1_23' title="bbox 372 3491 2022 3575">
     <span class='ocr_line' id='line_1_23' title="bbox 372 3491 2022 3575; baseline -0.008 -17"><span class='ocrx_word' id='word_1_113' title='bbox 372 3524 501 3574; x_wconf 84' lang='grc' dir='ltr'>πης,</span> <span class='ocrx_word' id='word_1_114' title='bbox 533 3502 622 3556; x_wconf 68' lang='grc' dir='ltr'>καὶ</span> <span class='ocrx_word' id='word_1_115' title='bbox 657 3501 1064 3575; x_wconf 77' lang='grc' dir='ltr'>προπέμψασιν,</span> <span class='ocrx_word' id='word_1_116' title='bbox 1099 3497 1172 3558; x_wconf 80' lang='grc' dir='ltr'>ὡς</span> <span class='ocrx_word' id='word_1_117' title='bbox 1204 3491 1463 3550; x_wconf 66' lang='grc' dir='ltr'>ἐπέϐαλεν</span> <span class='ocrx_word' id='word_1_118' title='bbox 1514 3495 1660 3566; x_wconf 84' lang='grc' dir='ltr'>ὑμῖν,</span> <span class='ocrx_word' id='word_1_119' title='bbox 1708 3494 1835 3553; x_wconf 81' lang='grc' dir='ltr'>τοὺς</span> <span class='ocrx_word' id='word_1_120' title='bbox 1886 3492 2022 3546; x_wconf 86' lang='grc' dir='ltr'>ὲνει-</span> 
     </span>
    </p>
   </div>
   <div class='ocr_carea' id='block_1_24' title="bbox 377 3579 2023 3664">
    <p class='ocr_par' dir='ltr' id='par_1_24' title="bbox 377 3579 2023 3664">
     <span class='ocr_line' id='line_1_24' title="bbox 377 3579 2023 3664; baseline -0.007 -17"><span class='ocrx_word' id='word_1_121' title='bbox 377 3590 693 3664; x_wconf 75' lang='grc' dir='ltr'>λημμένους</span> <span class='ocrx_word' id='word_1_122' title='bbox 726 3594 841 3649; x_wconf 74' lang='grc' dir='ltr'>τοῖς</span> <span class='ocrx_word' id='word_1_123' title='bbox 874 3587 1232 3664; x_wconf 78' lang='grc' dir='ltr'>ἁγιοπρεπὲσι</span> <span class='ocrx_word' id='word_1_124' title='bbox 1265 3581 1506 3656; x_wconf 78' lang='grc' dir='ltr'>δεσμοῖς,</span> <span class='ocrx_word' id='word_1_125' title='bbox 1541 3582 1690 3636; x_wconf 74' lang='grc' dir='ltr'>ἂτινά</span> <span class='ocrx_word' id='word_1_126' title='bbox 1738 3581 1848 3637; x_wconf 80' lang='grc' dir='ltr'>ἐστι</span> <span class='ocrx_word' id='word_1_127' title='bbox 1904 3579 2023 3636; x_wconf 84' lang='grc' dir='ltr'>δια-</span> 
     </span>
    </p>
   </div>
   <div class='ocr_carea' id='block_1_25' title="bbox 378 3670 2024 3753">
    <p class='ocr_par' dir='ltr' id='par_1_25' title="bbox 378 3670 2024 3753">
     <span class='ocr_line' id='line_1_25' title="bbox 378 3670 2024 3753; baseline -0.008 -17"><span class='ocrx_word' id='word_1_128' title='bbox 378 3680 598 3753; x_wconf 71' lang='grc' dir='ltr'>δῆματα</span> <span class='ocrx_word' id='word_1_129' title='bbox 622 3683 726 3732; x_wconf 78' lang='grc' dir='ltr'>τῶν</span> <span class='ocrx_word' id='word_1_130' title='bbox 770 3677 990 3746; x_wconf 78' lang='grc' dir='ltr'>ἀληθῶς</span> <span class='ocrx_word' id='word_1_131' title='bbox 1025 3675 1126 3728; x_wconf 78' lang='grc' dir='ltr'>ὑπὸ</span> <span class='ocrx_word' id='word_1_132' title='bbox 1159 3677 1291 3729; x_wconf 84' lang='grc' dir='ltr'>Θεοῦ</span> <span class='ocrx_word' id='word_1_133' title='bbox 1320 3673 1411 3727; x_wconf 84' lang='grc' dir='ltr'>καὶ</span> <span class='ocrx_word' id='word_1_134' title='bbox 1470 3675 1565 3726; x_wconf 90' lang='grc' dir='ltr'>τοῦ</span> <span class='ocrx_word' id='word_1_135' title='bbox 1616 3670 1813 3743; x_wconf 80' lang='grc' dir='ltr'>Κυρίου</span> <span class='ocrx_word' id='word_1_136' title='bbox 1863 3673 2024 3741; x_wconf 81' lang='grc' dir='ltr'>ἡμῶν</span> 
     </span>
    </p>
   </div>
   <div class='ocr_carea' id='block_1_26' title="bbox 372 3757 2022 3842">
    <p class='ocr_par' dir='ltr' id='par_1_26' title="bbox 372 3757 2022 3842">
     <span class='ocr_line' id='line_1_26' title="bbox 372 3757 2022 3842; baseline -0.008 -17"><span class='ocrx_word' id='word_1_137' title='bbox 372 3769 805 3842; x_wconf 71' lang='grc' dir='ltr'>ἐκλελεγμένων·</span> <span class='ocrx_word' id='word_1_138' title='bbox 868 3766 956 3819; x_wconf 82' lang='grc' dir='ltr'>καὶ</span> <span class='ocrx_word' id='word_1_139' title='bbox 1007 3763 1090 3818; x_wconf 80' lang='grc' dir='ltr'>ὅτι</span> <span class='ocrx_word' id='word_1_140' title='bbox 1121 3766 1154 3832; x_wconf 79' lang='grc' dir='ltr'>ἡ</span> <span class='ocrx_word' id='word_1_141' title='bbox 1187 3757 1381 3836; x_wconf 74' lang='grc' dir='ltr'>βεϐαία</span> <span class='ocrx_word' id='word_1_142' title='bbox 1428 3768 1525 3829; x_wconf 80' lang='grc' dir='ltr'>τῆς</span> <span class='ocrx_word' id='word_1_143' title='bbox 1585 3759 1817 3821; x_wconf 79' lang='grc' dir='ltr'>πίστεως</span> <span class='ocrx_word' id='word_1_144' title='bbox 1870 3759 2022 3832; x_wconf 81' lang='grc' dir='ltr'>ὑμῶν</span> 
     </span>
    </p>
   </div>
   <div class='ocr_carea' id='block_1_27' title="bbox 377 3847 2018 3934">
    <p class='ocr_par' dir='ltr' id='par_1_27' title="bbox 377 3847 2018 3934">
     <span class='ocr_line' id='line_1_27' title="bbox 377 3847 2018 3934; baseline -0.009 -21"><span class='ocrx_word' id='word_1_145' title='bbox 377 3860 522 3934; x_wconf 82' lang='grc' dir='ltr'>ρίζα,</span> <span class='ocrx_word' id='word_1_146' title='bbox 582 3857 630 3926; x_wconf 74' lang='grc' dir='ltr'>ἐξ</span> <span class='ocrx_word' id='word_1_147' title='bbox 689 3855 936 3930; x_wconf 81' lang='grc' dir='ltr'>ἀρχαίων</span> <span class='ocrx_word' id='word_1_148' title='bbox 988 3848 1479 3929; x_wconf 71' lang='grc' dir='ltr'>καταγγελλομένη</span> <span class='ocrx_word' id='word_1_149' title='bbox 1548 3847 1791 3923; x_wconf 79' lang='grc' dir='ltr'>χρόνων,</span> <span class='ocrx_word' id='word_1_150' title='bbox 1851 3847 2018 3924; x_wconf 70' lang='grc' dir='ltr'>μέχρι</span> 
     </span>
    </p>
   </div>
   <div class='ocr_carea' id='block_1_28' title="bbox 365 3935 2015 4018">
    <p class='ocr_par' dir='ltr' id='par_1_28' title="bbox 365 3935 2015 4018">
     <span class='ocr_line' id='line_1_28' title="bbox 365 3935 2015 4018; baseline -0.008 -16"><span class='ocrx_word' id='word_1_151' title='bbox 365 3953 458 4002; x_wconf 83' lang='grc' dir='ltr'>νῦν</span> <span class='ocrx_word' id='word_1_152' title='bbox 505 3945 767 4018; x_wconf 81' lang='grc' dir='ltr'>διαμένει,</span> <span class='ocrx_word' id='word_1_153' title='bbox 799 3945 889 3998; x_wconf 83' lang='grc' dir='ltr'>καὶ</span> <span class='ocrx_word' id='word_1_154' title='bbox 945 3945 1283 4018; x_wconf 65' lang='grc' dir='ltr'>καρποφορεῖ</span> <span class='ocrx_word' id='word_1_155' title='bbox 1327 3939 1400 4000; x_wconf 78' lang='grc' dir='ltr'>εἷς</span> <span class='ocrx_word' id='word_1_156' title='bbox 1446 3938 1537 3991; x_wconf 90' lang='grc' dir='ltr'>τὸν</span> <span class='ocrx_word' id='word_1_157' title='bbox 1600 3935 1794 4012; x_wconf 80' lang='grc' dir='ltr'>Κύριον</span> <span class='ocrx_word' id='word_1_158' title='bbox 1855 3938 2015 4009; x_wconf 82' lang='grc' dir='ltr'>ἡμῶν</span> 
     </span>
    </p>
   </div>
   <div class='ocr_carea' id='block_1_29' title="bbox 364 4023 2098 4122">
    <p class='ocr_par' dir='ltr' id='par_1_29' title="bbox 364 4023 2098 4122">
     <span class='ocr_line' id='line_1_29' title="bbox 364 4023 2098 4122; baseline -0.008 -31"><span class='ocrx_word' id='word_1_159' title='bbox 364 4040 576 4108; x_wconf 78' lang='grc' dir='ltr'>Ἰησοῦν</span> <span class='ocrx_word' id='word_1_160' title='bbox 612 4033 866 4109; x_wconf 88' lang='grc' dir='ltr'>Χριστὸν,</span> <span class='ocrx_word' id='word_1_161' title='bbox 908 4033 966 4092; x_wconf 86' lang='grc' dir='ltr'>’ὃς</span> <span class='ocrx_word' id='word_1_162' title='bbox 1019 4030 1300 4103; x_wconf 67' lang='grc' dir='ltr'>ὑπέμεινεν</span> <span class='ocrx_word' id='word_1_163' title='bbox 1359 4027 1489 4100; x_wconf 72' lang='grc' dir='ltr'>ὑπὲρ</span> <span class='ocrx_word' id='word_1_164' title='bbox 1564 4029 1671 4080; x_wconf 81' lang='grc' dir='ltr'>τῶν</span> <span class='ocrx_word' id='word_1_165' title='bbox 1733 4023 2015 4097; x_wconf 81' lang='grc' dir='ltr'>ἁμαρτιῶν</span> <span class='ocrx_word' id='word_1_166' title='bbox 2057 4059 2098 4122; x_wconf 79' lang='grc' dir='ltr'>Β</span> 
     </span>
    </p>
   </div>
   <div class='ocr_carea' id='block_1_30' title="bbox 367 4108 2018 4195">
    <p class='ocr_par' dir='ltr' id='par_1_30' title="bbox 367 4108 2018 4195">
     <span class='ocr_line' id='line_1_30' title="bbox 367 4108 2018 4195; baseline -0.01 -18"><span class='ocrx_word' id='word_1_167' title='bbox 367 4127 530 4195; x_wconf 80' lang='grc' dir='ltr'>ἡμῶν</span> <span class='ocrx_word' id='word_1_168' title='bbox 571 4108 676 4180; x_wconf 80' lang='grc' dir='ltr'>ἓως</span> <span class='ocrx_word' id='word_1_169' title='bbox 720 4117 954 4182; x_wconf 76' lang='grc' dir='ltr'>θανάτου</span> <span class='ocrx_word' id='word_1_170' title='bbox 1000 4120 1353 4182; x_wconf 75' lang='grc' dir='ltr'>καταντῆσαι,</span> <span class='ocrx_word' id='word_1_171' title='bbox 1386 4135 1414 4164; x_wconf 79' lang='grc' dir='ltr'>(ί</span> <span class='ocrx_word' id='word_1_172' title='bbox 1447 4112 1504 4165; x_wconf 76' lang='grc' dir='ltr'>’ὸν</span> <span class='ocrx_word' id='word_1_173' title='bbox 1558 4112 1773 4185; x_wconf 74' lang='grc' dir='ltr'>ἤγειρεν</span> <span class='ocrx_word' id='word_1_174' title='bbox 1806 4111 1833 4162; x_wconf 87' lang='grc' dir='ltr'>ὁ</span> <span class='ocrx_word' id='word_1_175' title='bbox 1867 4108 2018 4181; x_wconf 83' lang='grc' dir='ltr'>Θεὸς,</span> 
     </span>
    </p>
   </div>
   <div class='ocr_carea' id='block_1_31' title="bbox 370 4194 2022 4275">
    <p class='ocr_par' dir='ltr' id='par_1_31' title="bbox 370 4194 2022 4275">
     <span class='ocr_line' id='line_1_31' title="bbox 370 4194 2022 4275; baseline -0.009 -9"><span class='ocrx_word' id='word_1_176' title='bbox 370 4194 539 4270; x_wconf 69' lang='grc' dir='ltr'>λῦσας</span> <span class='ocrx_word' id='word_1_177' title='bbox 565 4209 658 4269; x_wconf 72' lang='grc' dir='ltr'>τὰς</span> <span class='ocrx_word' id='word_1_178' title='bbox 682 4205 881 4267; x_wconf 86' lang='grc' dir='ltr'>ὠδῖνας</span> <span class='ocrx_word' id='word_1_179' title='bbox 913 4208 1008 4259; x_wconf 92' lang='grc' dir='ltr'>τοῦ</span> <span class='ocrx_word' id='word_1_180' title='bbox 1048 4201 1201 4275; x_wconf 75' lang='grc' dir='ltr'>ᾇδου.</span> <span class='ocrx_word' id='word_1_181' title='bbox 1253 4201 1351 4262; x_wconf 84' lang='grc' dir='ltr'>Εἷς</span> <span class='ocrx_word' id='word_1_182' title='bbox 1406 4199 1464 4254; x_wconf 78' lang='grc' dir='ltr'>ὅν</span> <span class='ocrx_word' id='word_1_183' title='bbox 1515 4198 1614 4254; x_wconf 82' lang='grc' dir='ltr'>οὐκ</span> <span class='ocrx_word' id='word_1_184' title='bbox 1665 4194 1869 4260; x_wconf 78' lang='grc' dir='ltr'>ἰδόντες</span> <span class='ocrx_word' id='word_1_185' title='bbox 1927 4219 2022 4252; x_wconf 91' lang='grc' dir='ltr'>πι-</span> 
     </span>
    </p>
   </div>
   <div class='ocr_carea' id='block_1_32' title="bbox 373 4285 2021 4366">
    <p class='ocr_par' dir='ltr' id='par_1_32' title="bbox 373 4285 2021 4366">
     <span class='ocr_line' id='line_1_32' title="bbox 373 4285 2021 4366; baseline -0.009 -11"><span class='ocrx_word' id='word_1_186' title='bbox 373 4304 601 4361; x_wconf 76' lang='grc' dir='ltr'>στεύετε,</span> <span class='ocrx_word' id='word_1_187' title='bbox 635 4294 978 4355; x_wconf 79' lang='grc' dir='ltr'>πιστεύοντες</span> <span class='ocrx_word' id='word_1_188' title='bbox 1007 4291 1064 4348; x_wconf 75' lang='grc' dir='ltr'>δὲ</span> <span class='ocrx_word' id='word_1_189' title='bbox 1092 4290 1422 4366; x_wconf 71' lang='grc' dir='ltr'>ἀγαλλιᾶσθε</span> <span class='ocrx_word' id='word_1_190' title='bbox 1463 4293 1608 4364; x_wconf 81' lang='grc' dir='ltr'>χαρᾷ</span> <span class='ocrx_word' id='word_1_191' title='bbox 1658 4285 2021 4358; x_wconf 69' lang='grc' dir='ltr'>ἀνεκλαλήτῳ</span> 
     </span>
    </p>
   </div>
   <div class='ocr_carea' id='block_1_33' title="bbox 373 4373 2020 4460">
    <p class='ocr_par' dir='ltr' id='par_1_33' title="bbox 373 4373 2020 4460">
     <span class='ocr_line' id='line_1_33' title="bbox 373 4373 2020 4460; baseline -0.009 -16"><span class='ocrx_word' id='word_1_192' title='bbox 373 4389 464 4444; x_wconf 77' lang='grc' dir='ltr'>καὶ</span> <span class='ocrx_word' id='word_1_193' title='bbox 497 4384 880 4460; x_wconf 69' lang='grc' dir='ltr'>δεδοξασμένῃο</span> <span class='ocrx_word' id='word_1_194' title='bbox 918 4405 942 4436; x_wconf 75' lang='grc' dir='ltr'><strong>ι</strong></span> <span class='ocrx_word' id='word_1_195' title='bbox 977 4381 1053 4444; x_wconf 78' lang='grc' dir='ltr'>εἰς</span> <span class='ocrx_word' id='word_1_196' title='bbox 1093 4381 1158 4450; x_wconf 74' lang='grc' dir='ltr'>ἢν</span> <span class='ocrx_word' id='word_1_197' title='bbox 1193 4376 1398 4434; x_wconf 85' lang='grc' dir='ltr'>πολλοὶ</span> <span class='ocrx_word' id='word_1_198' title='bbox 1429 4376 1784 4450; x_wconf 83' lang='grc' dir='ltr'>ἐπιθυμοῦσιν</span> <span class='ocrx_word' id='word_1_199' title='bbox 1840 4373 2020 4430; x_wconf 81' lang='grc' dir='ltr'>εἰσελ-</span> 
     </span>
    </p>
   </div>
   <div class='ocr_carea' id='block_1_34' title="bbox 376 4461 2017 4547">
    <p class='ocr_par' dir='ltr' id='par_1_34' title="bbox 376 4461 2017 4547">
     <span class='ocr_line' id='line_1_34' title="bbox 376 4461 2017 4547; baseline -0.01 -14"><span class='ocrx_word' id='word_1_200' title='bbox 376 4483 509 4547; x_wconf 80' lang='grc' dir='ltr'>θεῖν,</span> <span class='ocrx_word' id='word_1_201' title='bbox 542 4473 744 4536; x_wconf 74' lang='grc' dir='ltr'>εἰδότες</span> <span class='ocrx_word' id='word_1_202' title='bbox 773 4472 856 4530; x_wconf 80' lang='grc' dir='ltr'>ὅτι</span> <span class='ocrx_word' id='word_1_203' title='bbox 917 4470 1164 4547; x_wconf 82' lang='grc' dir='ltr'>«χάριτί</span> <span class='ocrx_word' id='word_1_204' title='bbox 1215 4468 1332 4524; x_wconf 83' lang='grc' dir='ltr'>ἐστε</span> <span class='ocrx_word' id='word_1_205' title='bbox 1389 4463 1742 4541; x_wconf 69' lang='grc' dir='ltr'>σεσωσμένοι,</span> <span class='ocrx_word' id='word_1_206' title='bbox 1804 4463 1904 4519; x_wconf 79' lang='grc' dir='ltr'>οὐκ</span> <span class='ocrx_word' id='word_1_207' title='bbox 1967 4461 2017 4536; x_wconf 76' lang='grc' dir='ltr'>ἐξ</span> 
     </span>
    </p>
   </div>
   <div class='ocr_carea' id='block_1_35' title="bbox 372 4554 1924 4646">
    <p class='ocr_par' dir='ltr' id='par_1_35' title="bbox 372 4554 1924 4646">
     <span class='ocr_line' id='line_1_35' title="bbox 372 4554 1924 4646; baseline -0.008 -23"><span class='ocrx_word' id='word_1_208' title='bbox 372 4564 571 4646; x_wconf 83' lang='grc' dir='ltr'>ἔργων,</span> <span class='ocrx_word' id='word_1_209' title='bbox 602 4589 631 4618; x_wconf 81' lang='lat'><strong>»</strong></span> <span class='ocrx_word' id='word_1_210' title='bbox 665 4562 813 4620; x_wconf 84' lang='grc' dir='ltr'>ἀλλᾶ</span> <span class='ocrx_word' id='word_1_211' title='bbox 843 4563 1115 4634; x_wconf 72' lang='grc' dir='ltr'>θελήματι</span> <span class='ocrx_word' id='word_1_212' title='bbox 1145 4561 1300 4628; x_wconf 83' lang='grc' dir='ltr'>Θεοῦ,</span> <span class='ocrx_word' id='word_1_213' title='bbox 1334 4554 1423 4612; x_wconf 81' lang='grc' dir='ltr'>διὰ</span> <span class='ocrx_word' id='word_1_214' title='bbox 1454 4557 1634 4626; x_wconf 88' lang='grc' dir='ltr'>Ἰησοῦ</span> <span class='ocrx_word' id='word_1_215' title='bbox 1667 4556 1924 4629; x_wconf 89' lang='grc' dir='ltr'>Χριστοῦ.</span> 
     </span>
    </p>
   </div>
   <div class='ocr_carea' id='block_1_36' title="bbox 2203 3317 3786 3389">
    <p class='ocr_par' dir='ltr' id='par_1_36' title="bbox 2203 3317 3786 3389">
     <span class='ocr_line' id='line_1_36' title="bbox 2203 3317 3786 3389; baseline 0.003 -17"><span class='ocrx_word' id='word_1_216' title='bbox 2203 3320 2552 3389; x_wconf 79' lang='lat' dir='ltr'>Magnopere</span> <span class='ocrx_word' id='word_1_217' title='bbox 2585 3317 2932 3388; x_wconf 67' lang='lat' dir='ltr'>congavisus</span> <span class='ocrx_word' id='word_1_218' title='bbox 2965 3335 3097 3373; x_wconf 91' lang='lat' dir='ltr'>sum</span> <span class='ocrx_word' id='word_1_219' title='bbox 3128 3318 3290 3374; x_wconf 86' lang='lat' dir='ltr'>vobis</span> <span class='ocrx_word' id='word_1_220' title='bbox 3314 3319 3374 3374; x_wconf 89' lang='lat' dir='ltr'>in</span> <span class='ocrx_word' id='word_1_221' title='bbox 3403 3319 3651 3376; x_wconf 88' lang='lat' dir='ltr'>Domino</span> <span class='ocrx_word' id='word_1_222' title='bbox 3675 3338 3786 3376; x_wconf 92' lang='lat' dir='ltr'>no-</span> 
     </span>
    </p>
   </div>
   <div class='ocr_carea' id='block_1_37' title="bbox 2135 3406 3785 3482">
    <p class='ocr_par' dir='ltr' id='par_1_37' title="bbox 2135 3406 3785 3482">
     <span class='ocr_line' id='line_1_37' title="bbox 2135 3406 3785 3482; baseline 0.004 -22"><span class='ocrx_word' id='word_1_223' title='bbox 2135 3412 2254 3461; x_wconf 88' lang='lat' dir='ltr'>stro</span> <span class='ocrx_word' id='word_1_224' title='bbox 2286 3408 2423 3461; x_wconf 85' lang='lat' dir='ltr'>Jesu</span> <span class='ocrx_word' id='word_1_225' title='bbox 2453 3407 2705 3473; x_wconf 86' lang='lat' dir='ltr'>Christo,</span> <span class='ocrx_word' id='word_1_226' title='bbox 2740 3406 2898 3476; x_wconf 90' lang='lat' dir='ltr'>quod</span> <span class='ocrx_word' id='word_1_227' title='bbox 2944 3423 3090 3462; x_wconf 71' lang='lat' dir='ltr'>verae</span> <span class='ocrx_word' id='word_1_228' title='bbox 3140 3407 3446 3463; x_wconf 88' lang='lat' dir='ltr'>charitatis</span> <span class='ocrx_word' id='word_1_229' title='bbox 3495 3410 3785 3482; x_wconf 82' lang='lat' dir='ltr'>imagines</span> 
     </span>
    </p>
   </div>
   <div class='ocr_carea' id='block_1_38' title="bbox 2134 3495 3783 3567">
    <p class='ocr_par' dir='ltr' id='par_1_38' title="bbox 2134 3495 3783 3567">
     <span class='ocr_line' id='line_1_38' title="bbox 2134 3495 3783 3567; baseline 0.003 -17"><span class='ocrx_word' id='word_1_230' title='bbox 2134 3496 2501 3567; x_wconf 82' lang='lat' dir='ltr'>suscepistis,</span> <span class='ocrx_word' id='word_1_231' title='bbox 2518 3502 2576 3551; x_wconf 91' lang='lat' dir='ltr'>et</span> <span class='ocrx_word' id='word_1_232' title='bbox 2601 3495 2759 3566; x_wconf 90' lang='lat' dir='ltr'>quod</span> <span class='ocrx_word' id='word_1_233' title='bbox 2780 3501 2955 3567; x_wconf 87' lang='lat' dir='ltr'>prout</span> <span class='ocrx_word' id='word_1_234' title='bbox 2977 3497 3173 3550; x_wconf 88' lang='lat' dir='ltr'>decuit</span> <span class='ocrx_word' id='word_1_235' title='bbox 3192 3514 3311 3562; x_wconf 86' lang='lat' dir='ltr'>vos,</span> <span class='ocrx_word' id='word_1_236' title='bbox 3349 3499 3612 3553; x_wconf 80' lang='lat' dir='ltr'>comitati</span> <span class='ocrx_word' id='word_1_237' title='bbox 3643 3501 3783 3556; x_wconf 87' lang='lat' dir='ltr'>estis</span> 
     </span>
    </p>
   </div>
   <div class='ocr_carea' id='block_1_39' title="bbox 2135 3584 3784 3654">
    <p class='ocr_par' dir='ltr' id='par_1_39' title="bbox 2135 3584 3784 3654">
     <span class='ocr_line' id='line_1_39' title="bbox 2135 3584 3784 3654; baseline 0.002 -16"><span class='ocrx_word' id='word_1_238' title='bbox 2135 3601 2254 3649; x_wconf 92' lang='lat' dir='ltr'>eos,</span> <span class='ocrx_word' id='word_1_239' title='bbox 2290 3586 2389 3654; x_wconf 88' lang='lat' dir='ltr'>qui</span> <span class='ocrx_word' id='word_1_240' title='bbox 2420 3584 2702 3654; x_wconf 85' lang='lat' dir='ltr'>implicati</span> <span class='ocrx_word' id='word_1_241' title='bbox 2729 3589 2865 3638; x_wconf 90' lang='lat' dir='ltr'>sunt</span> <span class='ocrx_word' id='word_1_242' title='bbox 2889 3584 3156 3652; x_wconf 86' lang='lat' dir='ltr'>vinculis,</span> <span class='ocrx_word' id='word_1_243' title='bbox 3181 3602 3310 3654; x_wconf 60' lang='lat' dir='ltr'>quas</span> <span class='ocrx_word' id='word_1_244' title='bbox 3333 3588 3555 3640; x_wconf 85' lang='lat' dir='ltr'>sanctis</span> <span class='ocrx_word' id='word_1_245' title='bbox 3579 3605 3784 3643; x_wconf 89' lang='lat' dir='ltr'>conve-</span> 
     </span>
    </p>
   </div>
   <div class='ocr_carea' id='block_1_40' title="bbox 2134 3672 3782 3746">
    <p class='ocr_par' dir='ltr' id='par_1_40' title="bbox 2134 3672 3782 3746">
     <span class='ocr_line' id='line_1_40' title="bbox 2134 3672 3782 3746; baseline 0.003 -18"><span class='ocrx_word' id='word_1_246' title='bbox 2134 3675 2326 3738; x_wconf 86' lang='lat' dir='ltr'>niunt,</span> <span class='ocrx_word' id='word_1_247' title='bbox 2360 3690 2609 3744; x_wconf 65' lang='lat' dir='ltr'>quaeque</span> <span class='ocrx_word' id='word_1_248' title='bbox 2643 3672 2978 3727; x_wconf 88' lang='lat' dir='ltr'>diademata</span> <span class='ocrx_word' id='word_1_249' title='bbox 3028 3679 3166 3728; x_wconf 89' lang='lat' dir='ltr'>sunt</span> <span class='ocrx_word' id='word_1_250' title='bbox 3217 3690 3444 3742; x_wconf 85' lang='lat' dir='ltr'>eorum,</span> <span class='ocrx_word' id='word_1_251' title='bbox 3500 3677 3600 3746; x_wconf 87' lang='lat' dir='ltr'>qui</span> <span class='ocrx_word' id='word_1_252' title='bbox 3649 3693 3782 3733; x_wconf 83' lang='lat' dir='ltr'>vere</span> 
     </span>
    </p>
   </div>
   <div class='ocr_carea' id='block_1_41' title="bbox 2134 3763 3782 3835">
    <p class='ocr_par' dir='ltr' id='par_1_41' title="bbox 2134 3763 3782 3835">
     <span class='ocr_line' id='line_1_41' title="bbox 2134 3763 3782 3835; baseline 0.004 -18"><span class='ocrx_word' id='word_1_253' title='bbox 2134 3770 2273 3819; x_wconf 88' lang='lat' dir='ltr'>sunt</span> <span class='ocrx_word' id='word_1_254' title='bbox 2301 3779 2335 3817; x_wconf 89' lang='lat' dir='ltr'>a</span> <span class='ocrx_word' id='word_1_255' title='bbox 2367 3765 2482 3818; x_wconf 90' lang='lat' dir='ltr'>Deo</span> <span class='ocrx_word' id='word_1_256' title='bbox 2514 3769 2571 3817; x_wconf 91' lang='lat' dir='ltr'>et</span> <span class='ocrx_word' id='word_1_257' title='bbox 2605 3763 2849 3817; x_wconf 90' lang='lat' dir='ltr'>Domino</span> <span class='ocrx_word' id='word_1_258' title='bbox 2874 3769 3077 3818; x_wconf 89' lang='lat' dir='ltr'>nostro</span> <span class='ocrx_word' id='word_1_259' title='bbox 3112 3764 3283 3818; x_wconf 88' lang='lat' dir='ltr'>electi</span> <span class='ocrx_word' id='word_1_260' title='bbox 3309 3770 3400 3830; x_wconf 90' lang='lat' dir='ltr'>;et</span> <span class='ocrx_word' id='word_1_261' title='bbox 3431 3765 3588 3835; x_wconf 91' lang='lat' dir='ltr'>quod</span> <span class='ocrx_word' id='word_1_262' title='bbox 3611 3767 3782 3824; x_wconf 87' lang='lat' dir='ltr'>ﬁrma</span> 
     </span>
    </p>
   </div>
   <div class='ocr_carea' id='block_1_42' title="bbox 2135 3852 3779 3923">
    <p class='ocr_par' dir='ltr' id='par_1_42' title="bbox 2135 3852 3779 3923">
     <span class='ocr_line' id='line_1_42' title="bbox 2135 3852 3779 3923; baseline 0.001 -14"><span class='ocrx_word' id='word_1_263' title='bbox 2135 3854 2269 3909; x_wconf 82' lang='lat' dir='ltr'>ﬁdei</span> <span class='ocrx_word' id='word_1_264' title='bbox 2302 3858 2508 3907; x_wconf 75' lang='lat' dir='ltr'>vestrae</span> <span class='ocrx_word' id='word_1_265' title='bbox 2539 3852 2726 3916; x_wconf 85' lang='lat' dir='ltr'>radix,</span> <span class='ocrx_word' id='word_1_266' title='bbox 2759 3852 2831 3905; x_wconf 91' lang='lat' dir='ltr'>ab</span> <span class='ocrx_word' id='word_1_267' title='bbox 2863 3853 3121 3922; x_wconf 88' lang='lat' dir='ltr'>antiquis</span> <span class='ocrx_word' id='word_1_268' title='bbox 3157 3853 3520 3923; x_wconf 88' lang='lat' dir='ltr'>temporibus</span> <span class='ocrx_word' id='word_1_269' title='bbox 3543 3871 3779 3912; x_wconf 86' lang='lat' dir='ltr'>annun-</span> 
     </span>
    </p>
   </div>
   <div class='ocr_carea' id='block_1_43' title="bbox 2132 3940 3777 4010">
    <p class='ocr_par' dir='ltr' id='par_1_43' title="bbox 2132 3940 3777 4010">
     <span class='ocr_line' id='line_1_43' title="bbox 2132 3940 3777 4010; baseline 0.001 -13"><span class='ocrx_word' id='word_1_270' title='bbox 2132 3943 2295 4009; x_wconf 88' lang='lat' dir='ltr'>tiata,</span> <span class='ocrx_word' id='word_1_271' title='bbox 2321 3957 2510 4010; x_wconf 92' lang='lat' dir='ltr'>usque</span> <span class='ocrx_word' id='word_1_272' title='bbox 2533 3940 2727 3995; x_wconf 87' lang='lat' dir='ltr'>adhuc</span> <span class='ocrx_word' id='word_1_273' title='bbox 2760 3941 2773 3974; x_wconf 87' lang='grc'>¹</span> <span class='ocrx_word' id='word_1_274' title='bbox 2811 3945 3119 4010; x_wconf 83' lang='lat' dir='ltr'>permanet</span> <span class='ocrx_word' id='word_1_275' title='bbox 3150 3958 3220 3995; x_wconf 88' lang='lat' dir='ltr'>ac</span> <span class='ocrx_word' id='word_1_276' title='bbox 3241 3942 3498 3997; x_wconf 86' lang='lat' dir='ltr'>fructum</span> <span class='ocrx_word' id='word_1_277' title='bbox 3521 3945 3693 3999; x_wconf 85' lang='lat' dir='ltr'>affert</span> <span class='ocrx_word' id='word_1_278' title='bbox 3717 3945 3777 4000; x_wconf 93' lang='lat' dir='ltr'>in</span> 
     </span>
    </p>
   </div>
   <div class='ocr_carea' id='block_1_44' title="bbox 2133 4029 3780 4102">
    <p class='ocr_par' dir='ltr' id='par_1_44' title="bbox 2133 4029 3780 4102">
     <span class='ocr_line' id='line_1_44' title="bbox 2133 4029 3780 4102; baseline 0 -15"><span class='ocrx_word' id='word_1_279' title='bbox 2133 4032 2378 4087; x_wconf 91' lang='lat' dir='ltr'>Domino</span> <span class='ocrx_word' id='word_1_280' title='bbox 2412 4035 2614 4084; x_wconf 89' lang='lat' dir='ltr'>nostro</span> <span class='ocrx_word' id='word_1_281' title='bbox 2646 4031 2782 4084; x_wconf 87' lang='lat' dir='ltr'>Jesu</span> <span class='ocrx_word' id='word_1_282' title='bbox 2812 4029 3062 4099; x_wconf 88' lang='lat' dir='ltr'>Christo,</span> <span class='ocrx_word' id='word_1_283' title='bbox 3096 4030 3194 4100; x_wconf 93' lang='lat' dir='ltr'>qui</span> <span class='ocrx_word' id='word_1_284' title='bbox 3227 4047 3335 4102; x_wconf 89' lang='lat' dir='ltr'>pro</span> <span class='ocrx_word' id='word_1_285' title='bbox 3383 4034 3639 4102; x_wconf 89' lang='lat' dir='ltr'>peccatis</span> <span class='ocrx_word' id='word_1_286' title='bbox 3671 4051 3780 4088; x_wconf 91' lang='lat' dir='ltr'>no-</span> 
     </span>
    </p>
   </div>
   <div class='ocr_carea' id='block_1_45' title="bbox 2135 4118 3777 4192">
    <p class='ocr_par' dir='ltr' id='par_1_45' title="bbox 2135 4118 3777 4192">
     <span class='ocr_line' id='line_1_45' title="bbox 2135 4118 3777 4192; baseline 0.002 -17"><span class='ocrx_word' id='word_1_287' title='bbox 2135 4121 2271 4176; x_wconf 91' lang='lat' dir='ltr'>stris</span> <span class='ocrx_word' id='word_1_288' title='bbox 2303 4135 2489 4190; x_wconf 88' lang='lat' dir='ltr'>usque</span> <span class='ocrx_word' id='word_1_289' title='bbox 2521 4118 2596 4173; x_wconf 89' lang='lat' dir='ltr'>ad</span> <span class='ocrx_word' id='word_1_290' title='bbox 2626 4125 2879 4173; x_wconf 90' lang='lat' dir='ltr'>mortem</span> <span class='ocrx_word' id='word_1_291' title='bbox 2911 4118 3186 4174; x_wconf 89' lang='lat' dir='ltr'>devenire</span> <span class='ocrx_word' id='word_1_292' title='bbox 3218 4120 3519 4187; x_wconf 88' lang='lat' dir='ltr'>sustinuit,</span> <span class='ocrx_word' id='word_1_293' title='bbox 3547 4144 3575 4171; x_wconf 82' lang='lat'><strong>«</strong></span> <span class='ocrx_word' id='word_1_294' title='bbox 3599 4139 3777 4192; x_wconf 90' lang='lat' dir='ltr'>quem</span> 
     </span>
    </p>
   </div>
   <div class='ocr_carea' id='block_1_46' title="bbox 2133 4206 3780 4274">
    <p class='ocr_par' dir='ltr' id='par_1_46' title="bbox 2133 4206 3780 4274">
     <span class='ocr_line' id='line_1_46' title="bbox 2133 4206 3780 4274; baseline 0.002 -11"><span class='ocrx_word' id='word_1_295' title='bbox 2133 4207 2508 4263; x_wconf 85' lang='lat' dir='ltr'>resuscitavit</span> <span class='ocrx_word' id='word_1_296' title='bbox 2537 4207 2711 4274; x_wconf 88' lang='lat' dir='ltr'>Deus,</span> <span class='ocrx_word' id='word_1_297' title='bbox 2743 4206 2952 4260; x_wconf 90' lang='lat' dir='ltr'>solutis</span> <span class='ocrx_word' id='word_1_298' title='bbox 3008 4207 3308 4262; x_wconf 91' lang='lat' dir='ltr'>doloribus</span> <span class='ocrx_word' id='word_1_299' title='bbox 3367 4209 3585 4264; x_wconf 87' lang='lat' dir='ltr'>inferni</span> <span class='ocrx_word' id='word_1_300' title='bbox 3618 4210 3660 4264; x_wconf 82' lang='grc'><strong>².</strong></span> <span class='ocrx_word' id='word_1_301' title='bbox 3715 4213 3780 4266; x_wconf 89' lang='lat' dir='ltr'>In</span> 
     </span>
    </p>
   </div>
   <div class='ocr_carea' id='block_1_47' title="bbox 2133 4294 3780 4368">
    <p class='ocr_par' dir='ltr' id='par_1_47' title="bbox 2133 4294 3780 4368">
     <span class='ocr_line' id='line_1_47' title="bbox 2133 4294 3780 4368; baseline 0.001 -16"><span class='ocrx_word' id='word_1_302' title='bbox 2133 4313 2312 4368; x_wconf 89' lang='lat' dir='ltr'>quem</span> <span class='ocrx_word' id='word_1_303' title='bbox 2334 4313 2455 4350; x_wconf 86' lang='lat' dir='ltr'>non</span> <span class='ocrx_word' id='word_1_304' title='bbox 2471 4294 2740 4348; x_wconf 86' lang='lat' dir='ltr'>videntes</span> <span class='ocrx_word' id='word_1_305' title='bbox 2763 4294 3343 4362; x_wconf 88' lang='lat' dir='ltr'>creditis,credentes</span> <span class='ocrx_word' id='word_1_306' title='bbox 3370 4304 3564 4352; x_wconf 91' lang='lat' dir='ltr'>autem</span> <span class='ocrx_word' id='word_1_307' title='bbox 3587 4301 3780 4355; x_wconf 86' lang='lat' dir='ltr'>exsul-</span> 
     </span>
    </p>
   </div>
   <div class='ocr_carea' id='block_1_48' title="bbox 2135 4383 3777 4458">
    <p class='ocr_par' dir='ltr' id='par_1_48' title="bbox 2135 4383 3777 4458">
     <span class='ocr_line' id='line_1_48' title="bbox 2135 4383 3777 4458; baseline 0.003 -19"><span class='ocrx_word' id='word_1_308' title='bbox 2135 4386 2270 4440; x_wconf 89' lang='lat' dir='ltr'>tatis</span> <span class='ocrx_word' id='word_1_309' title='bbox 2303 4384 2508 4438; x_wconf 77' lang='lat' dir='ltr'>laetitia</span> <span class='ocrx_word' id='word_1_310' title='bbox 2537 4383 2921 4438; x_wconf 87' lang='lat' dir='ltr'>inenarrabili</span> <span class='ocrx_word' id='word_1_311' title='bbox 2956 4389 3014 4438; x_wconf 89' lang='lat' dir='ltr'>et</span> <span class='ocrx_word' id='word_1_312' title='bbox 3035 4384 3361 4455; x_wconf 82' lang='lat' dir='ltr'>glorificata</span> <span class='ocrx_word' id='word_1_313' title='bbox 3381 4386 3434 4454; x_wconf 83' lang='grc'>³;’</span> <span class='ocrx_word' id='word_1_314' title='bbox 3458 4408 3485 4435; x_wconf 87' lang='lat'><strong>»</strong></span> <span class='ocrx_word' id='word_1_315' title='bbox 3509 4388 3568 4442; x_wconf 91' lang='lat' dir='ltr'>in</span> <span class='ocrx_word' id='word_1_316' title='bbox 3600 4405 3777 4458; x_wconf 89' lang='lat' dir='ltr'>quam</span> 
     </span>
    </p>
   </div>
   <div class='ocr_carea' id='block_1_49' title="bbox 2131 4471 3782 4549">
    <p class='ocr_par' dir='ltr' id='par_1_49' title="bbox 2131 4471 3782 4549">
     <span class='ocr_line' id='line_1_49' title="bbox 2131 4471 3782 4549; baseline 0.002 -19"><span class='ocrx_word' id='word_1_317' title='bbox 2131 4473 2303 4530; x_wconf 90' lang='lat' dir='ltr'>multi</span> <span class='ocrx_word' id='word_1_318' title='bbox 2336 4471 2677 4528; x_wconf 90' lang='lat' dir='ltr'>desiderant</span> <span class='ocrx_word' id='word_1_319' title='bbox 2707 4471 2976 4537; x_wconf 89' lang='lat' dir='ltr'>introire,</span> <span class='ocrx_word' id='word_1_320' title='bbox 3007 4473 3280 4542; x_wconf 91' lang='lat' dir='ltr'>scientes,</span> <span class='ocrx_word' id='word_1_321' title='bbox 3323 4476 3480 4547; x_wconf 92' lang='lat' dir='ltr'>quod</span> <span class='ocrx_word' id='word_1_322' title='bbox 3531 4499 3559 4527; x_wconf 85' lang='lat'><strong><em>«</em></strong></span> <span class='ocrx_word' id='word_1_323' title='bbox 3593 4479 3782 4549; x_wconf 80' lang='lat' dir='ltr'>gratia</span> 
     </span>
    </p>
   </div>
   <div class='ocr_carea' id='block_1_50' title="bbox 2131 4561 3780 4633">
    <p class='ocr_par' dir='ltr' id='par_1_50' title="bbox 2131 4561 3780 4633">
     <span class='ocr_line' id='line_1_50' title="bbox 2131 4561 3780 4633; baseline 0.002 -15"><span class='ocrx_word' id='word_1_324' title='bbox 2131 4565 2275 4618; x_wconf 90' lang='lat' dir='ltr'>estis</span> <span class='ocrx_word' id='word_1_325' title='bbox 2305 4561 2527 4632; x_wconf 87' lang='lat' dir='ltr'>salvati,</span> <span class='ocrx_word' id='word_1_326' title='bbox 2561 4578 2682 4617; x_wconf 91' lang='lat' dir='ltr'>non</span> <span class='ocrx_word' id='word_1_327' title='bbox 2713 4579 2784 4617; x_wconf 82' lang='lat' dir='ltr'>ex</span> <span class='ocrx_word' id='word_1_328' title='bbox 2807 4562 3086 4633; x_wconf 88' lang='lat' dir='ltr'>operibus</span> <span class='ocrx_word' id='word_1_329' title='bbox 3115 4563 3158 4629; x_wconf 69' lang='lat'>‘,</span> <span class='ocrx_word' id='word_1_330' title='bbox 3181 4585 3210 4613; x_wconf 86' lang='lat'><strong>»</strong></span> <span class='ocrx_word' id='word_1_331' title='bbox 3230 4564 3334 4620; x_wconf 91' lang='lat' dir='ltr'>sed</span> <span class='ocrx_word' id='word_1_332' title='bbox 3359 4564 3655 4623; x_wconf 87' lang='lat' dir='ltr'>voluntate</span> <span class='ocrx_word' id='word_1_333' title='bbox 3677 4569 3780 4623; x_wconf 90' lang='lat' dir='ltr'>Dei</span> 
     </span>
    </p>
   </div>
   <div class='ocr_carea' id='block_1_51' title="bbox 2130 4651 2813 4725">
    <p class='ocr_par' dir='ltr' id='par_1_51' title="bbox 2130 4651 2813 4725">
     <span class='ocr_line' id='line_1_51' title="bbox 2130 4651 2813 4725; baseline -0.001 -17"><span class='ocrx_word' id='word_1_334' title='bbox 2130 4670 2236 4725; x_wconf 89' lang='lat' dir='ltr'>per</span> <span class='ocrx_word' id='word_1_335' title='bbox 2263 4653 2461 4707; x_wconf 73' lang='lat' dir='ltr'>Iesum</span> <span class='ocrx_word' id='word_1_336' title='bbox 2491 4651 2813 4707; x_wconf 88' lang='lat' dir='ltr'>Christum.</span> 
     </span>
    </p>
   </div>
   <div class='ocr_carea' id='block_1_52' title="bbox 1656 4779 2494 4840">
    <p class='ocr_par' dir='ltr' id='par_1_52' title="bbox 1656 4779 2494 4840">
     <span class='ocr_line' id='line_1_52' title="bbox 1656 4779 2494 4840; baseline -0.011 0"><span class='ocrx_word' id='word_1_337' title='bbox 1656 4786 1724 4840; x_wconf 89' lang='lat' dir='ltr'>II.</span> <span class='ocrx_word' id='word_1_338' title='bbox 1759 4779 2087 4840; x_wconf 80' lang='lat' dir='ltr'>Adhortatio</span> <span class='ocrx_word' id='word_1_339' title='bbox 2113 4780 2188 4836; x_wconf 88' lang='lat' dir='ltr'>ad</span> <span class='ocrx_word' id='word_1_340' title='bbox 2214 4781 2494 4834; x_wconf 78' lang='lat' dir='ltr'>virtutem.</span> 
     </span>
    </p>
   </div>
   <div class='ocr_carea' id='block_1_53' title="bbox 446 4911 2023 5000">
    <p class='ocr_par' dir='ltr' id='par_1_53' title="bbox 446 4911 2023 5000">
     <span class='ocr_line' id='line_1_53' title="bbox 446 4911 2023 5000; baseline -0.011 -19"><span class='ocrx_word' id='word_1_341' title='bbox 446 4927 558 5000; x_wconf 84' lang='lat'>(50)</span> <span class='ocrx_word' id='word_1_342' title='bbox 613 4947 642 4977; x_wconf 83' lang='lat'>«</span> <span class='ocrx_word' id='word_1_343' title='bbox 697 4922 791 4976; x_wconf 83' lang='grc' dir='ltr'>Διὸ</span> <span class='ocrx_word' id='word_1_344' title='bbox 839 4919 1242 4991; x_wconf 82' lang='grc' dir='ltr'>ἀναζωσάμενοι</span> <span class='ocrx_word' id='word_1_345' title='bbox 1298 4916 1394 4978; x_wconf 81' lang='grc' dir='ltr'>τὰς</span> <span class='ocrx_word' id='word_1_346' title='bbox 1445 4913 1645 4993; x_wconf 65' lang='grc' dir='ltr'>ὀσφύας</span> <span class='ocrx_word' id='word_1_347' title='bbox 1700 4911 1852 5000; x_wconf 72' lang='grc' dir='ltr'>ὑμῶν</span> 
     </span>
    </p>
   </div>
   <div class='ocr_carea' id='block_1_54' title="bbox 377 4995 2023 5083">
    <p class='ocr_par' dir='ltr' id='par_1_54' title="bbox 377 4995 2023 5083">
     <span class='ocr_line' id='line_1_54' title="bbox 377 4995 2023 5083; baseline -0.012 -13"><span class='ocrx_word' id='word_1_348' title='bbox 377 4995 702 5070; x_wconf 73' lang='grc' dir='ltr'>δουλεῦσατε</span> <span class='ocrx_word' id='word_1_349' title='bbox 735 5015 815 5082; x_wconf 76' lang='grc' dir='ltr'>τῷ</span> <span class='ocrx_word' id='word_1_350' title='bbox 848 5013 964 5080; x_wconf 80' lang='grc' dir='ltr'>Θεῷ</span> <span class='ocrx_word' id='word_1_351' title='bbox 1019 5005 1069 5062; x_wconf 84' lang='grc' dir='ltr'>ἐν</span> <span class='ocrx_word' id='word_1_352' title='bbox 1121 5001 1278 5083; x_wconf 76' lang='grc' dir='ltr'>φόϐῳ</span> <span class='ocrx_word' id='word_1_353' title='bbox 1317 5029 1344 5056; x_wconf 86' lang='grc'><strong>››</strong></span> <span class='ocrx_word' id='word_1_354' title='bbox 1392 5003 1482 5058; x_wconf 85' lang='grc' dir='ltr'>καὶ</span> <span class='ocrx_word' id='word_1_355' title='bbox 1532 4999 1780 5070; x_wconf 77' lang='grc' dir='ltr'>ἀληθείᾳ,</span> <span class='ocrx_word' id='word_1_356' title='bbox 1823 4995 2023 5053; x_wconf 75' lang='grc' dir='ltr'>ἀπολί-</span> 
     </span>
    </p>
   </div>
   <div class='ocr_carea' id='block_1_55' title="bbox 378 5084 2022 5171">
    <p class='ocr_par' dir='ltr' id='par_1_55' title="bbox 378 5084 2022 5171">
     <span class='ocr_line' id='line_1_55' title="bbox 378 5084 2022 5171; baseline -0.012 -13"><span class='ocrx_word' id='word_1_357' title='bbox 378 5105 572 5165; x_wconf 85' lang='grc' dir='ltr'>πόντες</span> <span class='ocrx_word' id='word_1_358' title='bbox 604 5102 703 5169; x_wconf 82' lang='grc' dir='ltr'>τήν</span> <span class='ocrx_word' id='word_1_359' title='bbox 735 5101 896 5168; x_wconf 80' lang='grc' dir='ltr'>κενὴν</span> <span class='ocrx_word' id='word_1_360' title='bbox 934 5096 1330 5171; x_wconf 81' lang='grc' dir='ltr'>ματαιολογίαν</span> <span class='ocrx_word' id='word_1_361' title='bbox 1363 5093 1454 5148; x_wconf 80' lang='grc' dir='ltr'>καὶ</span> <span class='ocrx_word' id='word_1_362' title='bbox 1482 5093 1580 5160; x_wconf 83' lang='grc' dir='ltr'>τήν</span> <span class='ocrx_word' id='word_1_363' title='bbox 1634 5093 1739 5143; x_wconf 79' lang='grc' dir='ltr'>τῶν</span> <span class='ocrx_word' id='word_1_364' title='bbox 1791 5084 2022 5142; x_wconf 81' lang='grc' dir='ltr'>πολλῶν</span> 
     </span>
    </p>
   </div>
   <div class='ocr_carea' id='block_1_56' title="bbox 377 5173 2028 5262">
    <p class='ocr_par' dir='ltr' id='par_1_56' title="bbox 377 5173 2028 5262">
     <span class='ocr_line' id='line_1_56' title="bbox 377 5173 2028 5262; baseline -0.013 -13"><span class='ocrx_word' id='word_1_365' title='bbox 377 5192 616 5262; x_wconf 80' lang='grc' dir='ltr'>πλάνην,</span> <span class='ocrx_word' id='word_1_366' title='bbox 669 5214 698 5241; x_wconf 88' lang='grc'>‹‹</span> <span class='ocrx_word' id='word_1_367' title='bbox 729 5185 1107 5247; x_wconf 77' lang='grc' dir='ltr'>πιστεύσαντες</span> <span class='ocrx_word' id='word_1_368' title='bbox 1167 5185 1242 5245; x_wconf 86' lang='grc' dir='ltr'>εἰς</span> <span class='ocrx_word' id='word_1_369' title='bbox 1298 5183 1391 5237; x_wconf 85' lang='grc' dir='ltr'>τὸν</span> <span class='ocrx_word' id='word_1_370' title='bbox 1446 5180 1730 5255; x_wconf 76' lang='grc' dir='ltr'>ἐγείραντα</span> <span class='ocrx_word' id='word_1_371' title='bbox 1784 5177 1874 5231; x_wconf 83' lang='grc' dir='ltr'>τὸν</span> <span class='ocrx_word' id='word_1_372' title='bbox 1929 5173 2028 5229; x_wconf 81' lang='grc' dir='ltr'>Κύ-</span> 
     </span>
    </p>
   </div>
   <div class='ocr_carea' id='block_1_57' title="bbox 2206 4903 3782 4977">
    <p class='ocr_par' dir='ltr' id='par_1_57' title="bbox 2206 4903 3782 4977">
     <span class='ocr_line' id='line_1_57' title="bbox 2206 4903 3782 4977; baseline 0.009 -21"><span class='ocrx_word' id='word_1_373' title='bbox 2206 4931 2232 4957; x_wconf 81' lang='grc'>‹‹</span> <span class='ocrx_word' id='word_1_374' title='bbox 2259 4909 2509 4977; x_wconf 88' lang='lat' dir='ltr'>Propter</span> <span class='ocrx_word' id='word_1_375' title='bbox 2528 4904 2686 4975; x_wconf 90' lang='lat' dir='ltr'>quod</span> <span class='ocrx_word' id='word_1_376' title='bbox 2706 4903 2990 4960; x_wconf 89' lang='lat' dir='ltr'>succincti</span> <span class='ocrx_word' id='word_1_377' title='bbox 3011 4904 3247 4960; x_wconf 90' lang='lat' dir='ltr'>lumbos</span> <span class='ocrx_word' id='word_1_378' title='bbox 3277 4911 3502 4964; x_wconf 87' lang='lat' dir='ltr'>vestros</span> <span class='ocrx_word' id='word_1_379' title='bbox 3522 4910 3543 4945; x_wconf 82' lang='grc'>⁸</span> <span class='ocrx_word' id='word_1_380' title='bbox 3569 4915 3782 4969; x_wconf 82' lang='lat' dir='ltr'>servite</span> 
     </span>
    </p>
   </div>
   <div class='ocr_carea' id='block_1_58' title="bbox 2134 4992 3784 5066">
    <p class='ocr_par' dir='ltr' id='par_1_58' title="bbox 2134 4992 3784 5066">
     <span class='ocr_line' id='line_1_58' title="bbox 2134 4992 3784 5066; baseline 0.003 -14"><span class='ocrx_word' id='word_1_381' title='bbox 2134 4999 2251 5052; x_wconf 91' lang='lat' dir='ltr'>Deo</span> <span class='ocrx_word' id='word_1_382' title='bbox 2282 4996 2344 5050; x_wconf 91' lang='lat' dir='ltr'>in</span> <span class='ocrx_word' id='word_1_383' title='bbox 2376 4995 2586 5048; x_wconf 89' lang='lat' dir='ltr'>timore</span> <span class='ocrx_word' id='word_1_384' title='bbox 2614 4992 2636 5026; x_wconf 78' lang='grc'>⁸</span> <span class='ocrx_word' id='word_1_385' title='bbox 2663 5017 2689 5043; x_wconf 91' lang='grc'><strong>››</strong></span> <span class='ocrx_word' id='word_1_386' title='bbox 2711 4998 2768 5049; x_wconf 86' lang='lat' dir='ltr'>et</span> <span class='ocrx_word' id='word_1_387' title='bbox 2788 4995 3462 5066; x_wconf 88' lang='lat' dir='ltr'>veritate,relinquentes</span> <span class='ocrx_word' id='word_1_388' title='bbox 3482 4999 3660 5056; x_wconf 87' lang='lat' dir='ltr'>inane</span> <span class='ocrx_word' id='word_1_389' title='bbox 3692 5020 3784 5058; x_wconf 85' lang='lat' dir='ltr'>va-</span> 
     </span>
    </p>
   </div>
   <div class='ocr_carea' id='block_1_59' title="bbox 2136 5082 3784 5158">
    <p class='ocr_par' dir='ltr' id='par_1_59' title="bbox 2136 5082 3784 5158">
     <span class='ocr_line' id='line_1_59' title="bbox 2136 5082 3784 5158; baseline 0.003 -17"><span class='ocrx_word' id='word_1_390' title='bbox 2136 5085 2469 5156; x_wconf 91' lang='lat' dir='ltr'>niloquium</span> <span class='ocrx_word' id='word_1_391' title='bbox 2502 5089 2561 5138; x_wconf 89' lang='lat' dir='ltr'>et</span> <span class='ocrx_word' id='word_1_392' title='bbox 2588 5082 2741 5153; x_wconf 77' lang='lat' dir='ltr'>vulgi</span> <span class='ocrx_word' id='word_1_393' title='bbox 2776 5100 3061 5150; x_wconf 88' lang='lat' dir='ltr'>errorem,</span> <span class='ocrx_word' id='word_1_394' title='bbox 3103 5105 3130 5134; x_wconf 85' lang='lat'>«</span> <span class='ocrx_word' id='word_1_395' title='bbox 3163 5085 3476 5142; x_wconf 85' lang='lat' dir='ltr'>credentes</span> <span class='ocrx_word' id='word_1_396' title='bbox 3508 5088 3567 5142; x_wconf 93' lang='lat' dir='ltr'>in</span> <span class='ocrx_word' id='word_1_397' title='bbox 3621 5106 3784 5158; x_wconf 88' lang='lat' dir='ltr'>eum,</span> 
     </span>
    </p>
   </div>
   <div class='ocr_carea' id='block_1_60' title="bbox 2137 5172 3785 5246">
    <p class='ocr_par' dir='ltr' id='par_1_60' title="bbox 2137 5172 3785 5246">
     <span class='ocr_line' id='line_1_60' title="bbox 2137 5172 3785 5246; baseline 0.004 -18"><span class='ocrx_word' id='word_1_398' title='bbox 2137 5175 2237 5246; x_wconf 91' lang='lat' dir='ltr'>qui</span> <span class='ocrx_word' id='word_1_399' title='bbox 2270 5173 2583 5228; x_wconf 90' lang='lat' dir='ltr'>Dominum</span> <span class='ocrx_word' id='word_1_400' title='bbox 2615 5177 2886 5226; x_wconf 91' lang='lat' dir='ltr'>nostrum</span> <span class='ocrx_word' id='word_1_401' title='bbox 2914 5174 3117 5227; x_wconf 86' lang='lat' dir='ltr'>Jesum</span> <span class='ocrx_word' id='word_1_402' title='bbox 3139 5172 3435 5229; x_wconf 89' lang='lat' dir='ltr'>Christum</span> <span class='ocrx_word' id='word_1_403' title='bbox 3470 5193 3500 5230; x_wconf 89' lang='lat' dir='ltr'>e</span> <span class='ocrx_word' id='word_1_404' title='bbox 3535 5180 3785 5234; x_wconf 90' lang='lat' dir='ltr'>mortuis</span> 
     </span>
    </p>
   </div>
   <div class='ocr_carea' id='block_1_61' title="bbox 450 5287 2061 5380">
    <p class='ocr_par' dir='ltr' id='par_1_61' title="bbox 450 5291 2055 5380">
     <span class='ocr_line' id='line_1_61' title="bbox 450 5291 2055 5380; baseline -0.012 -15"><span class='ocrx_word' id='word_1_405' title='bbox 450 5311 466 5344; x_wconf 85' lang='grc'>¹</span> <span class='ocrx_word' id='word_1_406' title='bbox 495 5308 754 5380; x_wconf 88' lang='lat' dir='ltr'>Philipp.</span> <span class='ocrx_word' id='word_1_407' title='bbox 787 5323 826 5370; x_wconf 81' lang='grc' dir='ltr'>ι,</span> <span class='ocrx_word' id='word_1_408' title='bbox 849 5309 901 5359; x_wconf 85' lang='grc'><strong>5.</strong></span> <span class='ocrx_word' id='word_1_409' title='bbox 981 5305 1001 5338; x_wconf 79' lang='grc'><em>³</em></span> <span class='ocrx_word' id='word_1_410' title='bbox 1033 5305 1160 5358; x_wconf 81' lang='lat' dir='ltr'>Act.</span> <span class='ocrx_word' id='word_1_411' title='bbox 1193 5318 1253 5367; x_wconf 79' lang='grc' dir='ltr'>ιι,</span> <span class='ocrx_word' id='word_1_412' title='bbox 1286 5301 1374 5355; x_wconf 79' lang='grc'>24.</span> <span class='ocrx_word' id='word_1_413' title='bbox 1450 5297 1472 5332; x_wconf 83' lang='grc'><strong>³</strong></span> <span class='ocrx_word' id='word_1_414' title='bbox 1503 5298 1708 5354; x_wconf 87' lang='lat' dir='ltr'>IPetr.</span> <span class='ocrx_word' id='word_1_415' title='bbox 1728 5313 1765 5361; x_wconf 90' lang='lat'>1,</span> <span class='ocrx_word' id='word_1_416' title='bbox 1797 5295 1851 5348; x_wconf 83' lang='lat'>8.</span> <span class='ocrx_word' id='word_1_417' title='bbox 1928 5291 1951 5324; x_wconf 87' lang='grc'>⁴</span> <span class='ocrx_word' id='word_1_418' title='bbox 1974 5294 2055 5364; x_wconf 88' lang='lat' dir='ltr'>Ep</span> 
     </span>
    </p>
   </div>
   <div class='ocr_carea' id='block_1_62' title="bbox 2147 5287 3785 5380">
    <p class='ocr_par' dir='ltr' id='par_1_62' title="bbox 2147 5287 3785 5359">
     <span class='ocr_line' id='line_1_62' title="bbox 2147 5287 3785 5359; baseline 0.003 -13"><span class='ocrx_word' id='word_1_419' title='bbox 2147 5307 2270 5355; x_wconf 77' lang='lat'>5.11,</span> <span class='ocrx_word' id='word_1_420' title='bbox 2291 5291 2402 5358; x_wconf 85' lang='grc'>8,9.</span> <span class='ocrx_word' id='word_1_421' title='bbox 2479 5287 2503 5321; x_wconf 89' lang='grc'><strong>⁵</strong></span> <span class='ocrx_word' id='word_1_422' title='bbox 2525 5287 2546 5343; x_wconf 93' lang='grc' dir='ltr'>Ι</span> <span class='ocrx_word' id='word_1_423' title='bbox 2568 5289 2723 5341; x_wconf 87' lang='lat' dir='ltr'>Petr.</span> <span class='ocrx_word' id='word_1_424' title='bbox 2751 5289 2892 5354; x_wconf 72' lang='lat'>1,13;</span> <span class='ocrx_word' id='word_1_425' title='bbox 2922 5287 3134 5358; x_wconf 89' lang='lat' dir='ltr'>Ephes.</span> <span class='ocrx_word' id='word_1_426' title='bbox 3160 5304 3232 5356; x_wconf 86' lang='lat' dir='ltr'>v1,</span> <span class='ocrx_word' id='word_1_427' title='bbox 3261 5293 3347 5344; x_wconf 81' lang='grc'>17.</span> <span class='ocrx_word' id='word_1_428' title='bbox 3422 5292 3444 5326; x_wconf 81' lang='grc'>⁸</span> <span class='ocrx_word' id='word_1_429' title='bbox 3465 5293 3785 5359; x_wconf 77' lang='lat' dir='ltr'>Psal.n,1i.</span> 
     </span>
    </p>
   </div>
   <div class='ocr_carea' id='block_1_63' title="bbox 445 5409 2094 5497">
    <p class='ocr_par' dir='ltr' id='par_1_63' title="bbox 445 5409 2094 5497">
     <span class='ocr_line' id='line_1_63' title="bbox 445 5409 2094 5497; baseline -0.012 -16"><span class='ocrx_word' id='word_1_430' title='bbox 445 5426 556 5497; x_wconf 66' lang='lat'>(49)</span> <span class='ocrx_word' id='word_1_431' title='bbox 585 5426 672 5479; x_wconf 87' lang='lat' dir='ltr'>Ita</span> <span class='ocrx_word' id='word_1_432' title='bbox 691 5421 1054 5497; x_wconf 78' lang='lat' dir='ltr'>Jacobsonus</span> <span class='ocrx_word' id='word_1_433' title='bbox 1070 5435 1107 5497; x_wconf 87' lang='lat' dir='ltr'>_e</span> <span class='ocrx_word' id='word_1_434' title='bbox 1124 5416 1394 5497; x_wconf 41' lang='grc' dir='ltr'>θοὰν-αι..</span> <span class='ocrx_word' id='word_1_435' title='bbox 1421 5409 1877 5497; x_wconf 42' lang='grc' dir='ltr'>ᾼΙὶὶψιλίξποις.</span> <span class='ocrx_word' id='word_1_436' title='bbox 1901 5409 2016 5497; x_wconf 63' lang='lat' dir='ltr'>Cir.</span> <span class='ocrx_word' id='word_1_437' title='bbox 2051 5409 2094 5475; x_wconf 84' lang='lat' dir='ltr'>C</span> 
     </span>
    </p>
   </div>
   <div class='ocr_carea' id='block_1_64' title="bbox 2133 5403 3786 5481">
    <p class='ocr_par' dir='ltr' id='par_1_64' title="bbox 2133 5403 3786 5481">
     <span class='ocr_line' id='line_1_64' title="bbox 2133 5403 3786 5481; baseline 0.003 -20"><span class='ocrx_word' id='word_1_438' title='bbox 2133 5407 2206 5461; x_wconf 88' lang='lat' dir='ltr'>ad</span> <span class='ocrx_word' id='word_1_439' title='bbox 2230 5405 2491 5481; x_wconf 45' lang='lat' dir='ltr'>Corinth:</span> <span class='ocrx_word' id='word_1_440' title='bbox 2519 5421 2569 5458; x_wconf 91' lang='lat' dir='ltr'>c.</span> <span class='ocrx_word' id='word_1_441' title='bbox 2603 5406 2653 5457; x_wconf 90' lang='lat'>9.</span> <span class='ocrx_word' id='word_1_442' title='bbox 2686 5403 2804 5481; x_wconf 78' lang='lat' dir='ltr'>Cfr.</span> <span class='ocrx_word' id='word_1_443' title='bbox 2837 5403 3264 5481; x_wconf 35' lang='lat' dir='ltr'>Pr_ol.e_gomena</span> <span class='ocrx_word' id='word_1_444' title='bbox 3293 5411 3498 5481; x_wconf 84' lang='lat' dir='ltr'>nostra</span> <span class='ocrx_word' id='word_1_445' title='bbox 3527 5409 3601 5464; x_wconf 86' lang='lat' dir='ltr'>ad</span> <span class='ocrx_word' id='word_1_446' title='bbox 3657 5412 3786 5481; x_wconf 90' lang='lat' dir='ltr'>epi-</span> 
     </span>
    </p>
   </div>
   <div class='ocr_carea' id='block_1_65' title="bbox 369 5475 3440 5572">
    <p class='ocr_par' dir='ltr' id='par_1_65' title="bbox 369 5475 3440 5572">
     <span class='ocr_line' id='line_1_65' title="bbox 369 5475 3440 5572; baseline -0.007 -19"><span class='ocrx_word' id='word_1_447' title='bbox 369 5501 394 5553; x_wconf 94' lang='grc' dir='ltr'>Ι</span> <span class='ocrx_word' id='word_1_448' title='bbox 424 5475 1262 5572; x_wconf 42' lang='grc' dir='ltr'>Ἰξξὶ-ίιιεοτξριὶοῐιοηι</span> <span class='ocrx_word' id='word_1_449' title='bbox 1295 5485 1476 5558; x_wconf 90' lang='lat' dir='ltr'>Epist.</span> <span class='ocrx_word' id='word_1_450' title='bbox 1509 5482 1664 5537; x_wconf 82' lang='lat' dir='ltr'>Eccl.</span> <span class='ocrx_word' id='word_1_451' title='bbox 1699 5479 2022 5552; x_wconf 84' lang='lat' dir='ltr'>Smyrn.de</span> <span class='ocrx_word' id='word_1_452' title='bbox 2134 5477 2313 5572; x_wconf 49' lang='lat' dir='ltr'>stolas</span> <span class='ocrx_word' id='word_1_453' title='bbox 2344 5475 3268 5572; x_wconf 35' lang='lat' dir='ltr'>IS‘LC-lemeptislnrhﬁ‘(P‘atmLGt</span> <span class='ocrx_word' id='word_1_454' title='bbox 3302 5481 3342 5530; x_wconf 90' lang='lat' dir='ltr'>t.</span> <span class='ocrx_word' id='word_1_455' title='bbox 3379 5478 3440 5550; x_wconf 91' lang='lat' dir='ltr'>l).</span> 
     </span>
    </p>
   </div>
   <div class='ocr_carea' id='block_1_66' title="bbox 371 5565 1026 5640">
    <p class='ocr_par' dir='ltr' id='par_1_66' title="bbox 371 5565 1026 5640">
     <span class='ocr_line' id='line_1_66' title="bbox 371 5565 1026 5640; baseline -0.015 2"><span class='ocrx_word' id='word_1_456' title='bbox 371 5586 430 5624; x_wconf 77' lang='grc' dir='ltr'>ιη</span> <span class='ocrx_word' id='word_1_457' title='bbox 445 5567 664 5640; x_wconf 67' lang='lat' dir='ltr'>artyrio</span> <span class='ocrx_word' id='word_1_458' title='bbox 697 5565 1026 5640; x_wconf 57' lang='lat' dir='ltr'>Pelysarpi-</span> 
     </span>
    </p>
   </div>
   <div class='ocr_carea' id='block_1_67' title="bbox 451 5622 2024 5710">
    <p class='ocr_par' dir='ltr' id='par_1_67' title="bbox 451 5622 2024 5710">
     <span class='ocr_line' id='line_1_67' title="bbox 451 5622 2024 5710; baseline -0.014 -18"><span class='ocrx_word' id='word_1_459' title='bbox 451 5622 562 5710; x_wconf 60' lang='grc' dir='ltr'>(δοῖ</span> <span class='ocrx_word' id='word_1_460' title='bbox 593 5622 826 5692; x_wconf 57' lang='lat' dir='ltr'>Similia:</span> <span class='ocrx_word' id='word_1_461' title='bbox 852 5622 1131 5705; x_wconf 60' lang='lat' dir='ltr'>leguntur</span> <span class='ocrx_word' id='word_1_462' title='bbox 1157 5628 1314 5700; x_wconf 86' lang='lat' dir='ltr'>apud</span> <span class='ocrx_word' id='word_1_463' title='bbox 1343 5627 1730 5693; x_wconf 73' lang='lat' dir='ltr'>Clementem,</span> <span class='ocrx_word' id='word_1_464' title='bbox 1776 5622 1959 5694; x_wconf 88' lang='lat' dir='ltr'>Epist.</span> <span class='ocrx_word' id='word_1_465' title='bbox 1995 5642 2024 5670; x_wconf 82' lang='grc'>»</span> 
     </span>
    </p>
   </div>
   <div class='ocr_carea' id='block_1_68' title="bbox 2205 5545 3674 5620">
    <p class='ocr_par' dir='ltr' id='par_1_68' title="bbox 2205 5545 3674 5620">
     <span class='ocr_line' id='line_1_68' title="bbox 2205 5545 3674 5620; baseline 0.005 -18"><span class='ocrx_word' id='word_1_466' title='bbox 2205 5549 2313 5620; x_wconf 82' lang='grc'>(51)</span> <span class='ocrx_word' id='word_1_467' title='bbox 2344 5549 2679 5602; x_wconf 89' lang='lat' dir='ltr'>Pronomen</span> <span class='ocrx_word' id='word_1_468' title='bbox 2710 5545 3362 5603; x_wconf 85' lang='lat' dir='ltr'>restituitJacobsonus</span> <span class='ocrx_word' id='word_1_469' title='bbox 3395 5545 3464 5606; x_wconf 81' lang='lat' dir='ltr'>ex</span> <span class='ocrx_word' id='word_1_470' title='bbox 3505 5551 3674 5608; x_wconf 90' lang='lat' dir='ltr'>codd.</span> 
     </span>
    </p>
   </div>
  </div>
