4114 6148
333 309 495 370 1007

1534 299 1600 360 S.
1645 297 2092 361 POLYCARPI
2138 298 2548 366 MARTYRIS

3593 301 3751 365 1008

331 441 656 505 suscitavit,
690 437 863 509 eique
893 435 1137 508 gloriam
1159 433 1323 490 dedit
1347 432 1371 466 ⁷
1395 454 1423 483 ››
1445 449 1514 488 ac
1531 431 1734 487 sedem
1755 430 1831 485 ad
1846 429 1957 485 dex

2095 451 2211 505 ριον
2261 433 2424 504 ἡμῶν
2478 435 2690 504 Ἰησοῦν
2740 433 2971 508 Χριστὸν
3036 431 3095 487 ἐκ
3150 436 3373 505 νεκρῶν,
3430 431 3521 487 καὶ
3579 430 3745 489 δόντα

328 540 487 590 tram
518 546 687 586 suam
718 546 731 596 ;
765 527 857 582 cui
892 526 1159 597 subjecta
1190 528 1328 579 sunt
1358 523 1560 578 omnia
1612 520 1876 576 caelestia
1924 523 1985 575 et

328 618 638 676 terrestria
666 634 678 670 :
704 615 799 670 cui
825 614 1020 668 omnis
1050 612 1296 683 spiritus
1318 610 1496 666 servit
1522 626 1536 676 ;
1571 609 1673 680 qui
1707 608 1866 661 venit
1882 606 1985 677 ju-

329 708 445 763 dex
476 706 738 760 vivorum
784 709 842 757 et
896 706 1266 756 mortuorum
1296 697 1357 766 ες
1410 698 1581 769 cujus
1631 695 1981 767 sanguinem

330 798 486 852 Deus
517 794 781 864 requiret
812 790 884 846 ab
914 791 987 844 iis
1020 790 1121 860 qui
1152 805 1270 843 non
1302 787 1553 842 credunt
1584 786 1645 839 in
1684 783 1872 839 illum.
1926 783 1982 837 Is

323 902 487 951 vero,
512 883 608 955 qui
637 883 833 953 ipsum
866 878 1167 935 suscitavit
1197 895 1227 932 e
1259 876 1532 944 mortuis,
1566 880 1622 928 et
1652 890 1761 927 nos
1793 872 1982 927 susci-

325 974 477 1030 tabit
504 971 549 1040 9,
584 971 632 1026 si
661 968 984 1024 fecerimus
1014 968 1377 1022 voluntatem
1412 966 1541 1036 ejus
1581 970 1638 1018 et
1687 964 1747 1016 in
1793 961 1982 1033 ipsius

331 1063 633 1121 mandatis
673 1059 1195 1121 ambulaverimus.
1228 1073 1296 1112 ac
1326 1055 1710 1111 dilexerimus
1741 1069 1810 1108 ea
1848 1068 1980 1122 quae

331 1154 458 1225 ipse
482 1148 1085 1217 dilexit,abstinentes
1115 1147 1188 1202 ab
1210 1146 1371 1201 omni
1394 1143 1708 1217 injustitia,
1741 1140 1978 1197 frauda-

330 1243 516 1306 tione,
548 1238 811 1305 avaritia,
846 1236 1294 1303 obtrectatione,
1326 1234 1474 1289 falso
1520 1230 1860 1287 testimonio
1896 1230 1977 1296 ‘0;

327 1352 355 1379 ‹‹
384 1346 503 1384 non
534 1327 851 1383 reddentes
881 1326 1104 1381 malum
1127 1342 1233 1395 pro
1258 1323 1438 1390 malo,
1467 1338 1576 1377 nec
1597 1319 1978 1376 maledictum

326 1436 435 1490 pro
464 1416 779 1472 maledicto
812 1415 879 1483 1³,
903 1436 931 1464 ››
950 1430 1061 1469 nec
1082 1429 1346 1486 pugnum
1366 1429 1471 1484 pro
1496 1426 1716 1482 pugno,
1748 1424 1858 1463 nec
1881 1424 1979 1462 ex-

325 1506 722 1562 secrationem
746 1521 851 1575 pro
873 1503 1309 1569 exsecratione;
1337 1517 1633 1556 memores
1658 1504 1855 1554 autem
1880 1512 1980 1551 eo-

322 1610 622 1664 rum,quaa
654 1592 806 1647 dixit
826 1591 1115 1646 Dominus
1138 1591 1391 1645 docens:
1418 1614 1444 1638 ‹‹
1468 1590 1657 1644 Nolite
1682 1587 1975 1660 judicare,

320 1700 397 1738 ne
422 1681 780 1754 judicemini
815 1681 899 1747 ‘3;
934 1680 1239 1747 dimittite,
1272 1686 1330 1734 et
1362 1679 1694 1734 dimittetur
1716 1675 1879 1730 vobis
1902 1676 1974 1740 ‘3;

322 1770 786 1836 miseremini,ut
807 1769 1276 1824 misericordiam
1296 1765 1744 1838 consequamini
1772 1766 1846 1831 l‘;
1868 1762 1976 1835 [in]
2005 1800 2054 1865 B

323 1877 441 1932 qua
470 1875 748 1914 mensura
780 1859 969 1912 mensi
1000 1857 1253 1926 fueritis,
1284 1857 1635 1913 remetietur
1654 1852 1819 1909 vobis
1844 1852 1918 1917 ‘5;
1944 1875 1971 1903 »

322 1957 416 2007 et:
454 1970 479 2002 ιι
516 1950 674 2005 Beati
707 1965 1019 2020 pauperes,
1038 1954 1097 2003 et
1117 1949 1219 2019 qui
1250 1947 1725 2019 persecutionem
1742 1944 1972 2016 patiun-

323 2044 443 2106 tur,
484 2038 767 2109 quoniam
799 2038 1063 2108 ipsorum
1092 2042 1181 2092 est
1208 2051 1458 2108 regnum
1498 2035 1620 2090 Dei.
1657 2055 1685 2085 »

2090 519 2236 593 αὖτῷ
2294 518 2450 590 δόξαν
2503 524 2616 597 (52)
2650 546 2678 575 »
2732 520 2825 576 καὶ
2872 520 3058 596 θρόνον
3115 520 3176 576 ἐκ
3233 518 3419 591 δεξιῶν
3470 521 3656 578 αὐτοῦ·
3694 525 3743 595 ᾧ

2090 610 2324 684 ὑπετάγη
2385 613 2452 665 τά
2505 612 2682 666 πάντα
2739 610 3031 688 ἐπουράνια
3087 610 3179 665 καὶ
3236 608 3464 684 ἐπίγεια·
3524 612 3570 683 ᾧ
3599 617 3748 668 πᾶσα

2088 699 2232 766 πνοὴ
2265 697 2535 774 λατρεύει·
2568 700 2628 762 ’ὸς
2661 698 2881 777 ἔρχεται
2911 700 3106 774 κριτής
3127 699 3343 767 ζώντων
3393 700 3483 754 καὶ
3515 709 3742 776 νεκρῶν’

2088 787 2151 844 οὗ
2179 791 2242 844 τὸ
2290 790 2425 862 αἷμα
2472 790 2759 862 ἐκζητήσει
2797 790 2981 852 ὃΘεὸς
3038 790 3143 845 ἀπὸ
3200 794 3309 845 τῶν
3369 789 3777 855 ἀπειθούντων’

2086 879 2255 950 αὐτῷ.
2297 880 2358 936 Ὀ
2391 877 2449 934 δὲ
2479 879 2692 954 ἐγείρας
2725 879 2885 934 αὐτὸν
2915 878 2975 934 ἐκ
3002 883 3203 953 νεκρῶν
3236 880 3327 933 καὶ
3357 882 3505 947 ἡμᾶς
3545 879 3744 956 ἐγερεῖ,

2084 964 2173 1021 ἐὰν
2204 972 2449 1042 ποιῶμεν
2478 968 2641 1023 αὐτοῦ
2668 973 2732 1023 τὸ
2769 966 3008 1041 θέλημα,
3030 968 3122 1023 καὶ
3143 970 3505 1043 πορευώμεθα
3535 968 3588 1024 ἐν
3615 974 3741 1032 ταῖς

2086 1055 2331 1121 ἐντολαῖς
2361 1056 2547 1128 αὐτοῦ,
2574 1057 2664 1113 καὶ
2686 1058 2984 1135 ἀγαπῶμεν
3008 1059 3041 1111 ἅ
3068 1056 3366 1133 ἠγάπησεν,
3394 1057 3737 1132 ἀπεχόμενοι

2084 1144 2263 1215 πάσης
2301 1142 2537 1213 ἀδικίας,
2569 1144 2905 1219 πλεονεξίας,
2957 1144 3345 1225 φιλαργυρίας,
3375 1144 3739 1213 καταλαλιᾶς,

2084 1230 2574 1308 ψευδομαρτυρίας·
2614 1256 2634 1282 ι
2672 1235 2749 1306 μή
2783 1231 3135 1295 ἀποδιδόντες
3162 1234 3329 1288 κακὸν
3378 1233 3496 1288 ἀντὶ
3542 1239 3740 1301 κακοῦ,

2082 1321 2120 1391 ἤ
2152 1319 2434 1397 λοιδορίαν
2468 1322 2586 1378 ἀντὶ
2619 1320 2926 1398 λοιδορίας·
2962 1345 2992 1373 ››
3014 1320 3051 1391 ἤ
3073 1323 3298 1398 γρόνθον
3331 1323 3448 1378 ἀντὶ
3477 1322 3736 1398 γρόνθου,

2085 1408 2384 1486 ἤκαταραν
2414 1411 2531 1465 ἀντὶ
2587 1411 2844 1486 κατάρας·
2901 1411 3337 1485 μνημονεύοντες
3389 1413 3502 1485 (53)
3550 1409 3608 1467 δὲ
3659 1414 3738 1467 ὧν

2084 1502 2228 1554 εἶπεν
2258 1501 2286 1554 ὁ
2318 1499 2518 1573 Κύριος
2552 1497 2843 1554 διδάσκων·
2887 1502 3001 1573 (54)
3049 1524 3077 1550 ‹‹
3113 1500 3207 1569 Μὴ
3256 1500 3463 1574 κρίνετε
3509 1500 3598 1555 ἳνα
3652 1504 3733 1573 μή

2081 1596 2326 1665 κριθῆτε·
2397 1590 2602 1669 ἀφιετε,
2662 1588 2752 1645 καὶ
2838 1591 3160 1667 ἀφεθήσεται
3263 1590 3415 1662 ὓμῖν·
3509 1588 3737 1662 ἐλεεῖτε,

2080 1679 2166 1733 ἳνα
2196 1676 2477 1747 ἐλεηθῆτε·
2514 1675 2589 1751 [ἐν
2851 1679 2898 1751 ᾧ
2958 1677 3138 1754 μέτρῳ
3189 1684 3453 1752 μετρεῖτε,
3515 1680 3733 1753 ἀντιμε-

2081 1768 2410 1839 τρηθήσεται
2472 1766 2623 1838 ὑμῖν·
2660 1790 2687 1818 ››
2742 1766 2831 1822 καὶ
2883 1766 2966 1822 ὅτι
3020 1768 3353 1842 «Μακάριοι
3404 1770 3457 1822 οἱ
3513 1770 3736 1844 πτωχοὶ

2083 1856 2195 1929 (56)
2237 1854 2407 1909 καὶοὶ
2459 1852 2788 1927 διωκόμενοι
2845 1853 3016 1910 ἕνεκεν
3074 1853 3437 1927 δικαῖοσύνης,
3493 1858 3577 1913 δτι
3637 1860 3740 1914 αύ-

2079 1949 2185 2000 τῶν
2216 1944 2359 1998 ἐστιν
2392 1945 2426 2013 ἡ
2471 1944 2724 2019 βασιλεία
2751 1950 2848 1999 τοῦ
2879 1950 3034 2002 Θεοῦ.
3064 1969 3090 1997 »ν

1084 2173 1178 2228 ΙΙΙ.
1213 2174 1331 2227 Νοη
1360 2178 1691 2243 arroganter
1720 2170 1833 2225 hac
1862 2167 2060 2225 scribo.
2100 2164 2308 2219 Paulus
2331 2169 2648 2234 praceptor
2676 2170 2850 2219 vester
2878 2170 2975 2220 est.

402 2322 555 2391 Haec,
585 2321 821 2388 fratres,
853 2336 974 2375 non
1032 2321 1191 2392 quod
1239 2320 1387 2376 mihi
1439 2334 1729 2392 arrogem,
1778 2313 1971 2372 scribo

318 2409 483 2465 vobis
514 2410 585 2465 de
611 2409 885 2480 justitia;
943 2411 1047 2465 sed
1096 2410 1236 2481 quia
1279 2426 1379 2464 vos
1438 2407 1798 2481 provocastis
1852 2422 1967 2461 me.

313 2501 516 2570 Neque
548 2500 710 2555 enim
743 2516 869 2572 ego,
903 2517 1095 2571 neque
1127 2501 1279 2555 alius
1308 2501 1425 2556 mei
1458 2499 1672 2557 similis
1724 2498 1880 2554 beati
1912 2507 1970 2556 et

313 2588 556 2661 gloriosi
579 2588 740 2643 Pauli
776 2588 1128 2659 sapientiam
1150 2590 1385 2659 assequi
1404 2588 1685 2660 potest“;
1714 2591 1813 2661 qui
1833 2607 1966 2645 cum

313 2683 470 2733 esset
500 2677 658 2748 apud
688 2694 812 2743 vos,
847 2695 1047 2734 coram
1088 2678 1433 2733 hominibus
1466 2685 1604 2735 tunc
1636 2679 1967 2735 viventibus

309 2766 570 2840 perfecte
595 2783 662 2821 ac
685 2767 937 2822 ﬁrmiter
957 2767 1196 2822 verbum
1218 2768 1477 2823 veritatis
1498 2768 1700 2823 docuit
1726 2786 1741 2835 ;
1776 2769 1875 2839 qui
1908 2774 1967 2823 et

310 2856 523 2911 absens
543 2855 706 2910 vobis
723 2856 961 2927 scripsit
977 2856 1258 2927 epistolas
1286 2857 1346 2911 in
1361 2873 1509 2928 quas
1522 2858 1568 2912 si
1584 2859 1960 2927 intueamini,

314 2944 596 2999 aedificari
629 2944 896 3015 poteritis
943 2945 1005 2999 in
1062 2945 1197 3013 ﬁde,
1259 2962 1388 3016 quaa
1445 2945 1609 3001 vobis
1666 2952 1754 3002 est
1802 2947 1959 3013 data,

319 3051 342 3080 ι
377 3049 626 3104 qumque
658 3038 748 3087 est
780 3038 969 3088 mater
998 3034 1267 3088 omnium
1296 3041 1567 3090 nostrum
1600 3033 1663 3102 ³⁷,
1697 3058 1725 3087 ››
1751 3037 1959 3092 subse-

2155 2309 2357 2373 Ταῦτα,
2388 2304 2644 2382 ἀδελφοὶ,
2672 2307 2773 2362 οὐκ
2801 2308 3022 2379 ἐμαυτῷ
3053 2307 3342 2383 ἐπιτρέψας
3383 2310 3575 2386 γράφω
3610 2311 3739 2384 ὑμῖν

2081 2395 2204 2470 περὶ
2228 2402 2327 2465 τῆς
2362 2393 2709 2466 δικαιοσύνης
2750 2398 2884 2469 (5⁸7).
2955 2394 3082 2451 ἀλλ’
3120 2394 3236 2453 ἐπεὶ
3296 2398 3451 2471 ὑμεῖς
3499 2418 3739 2472 προεπε-

2081 2482 2381 2549 καλέσασθέ
2415 2505 2500 2557 με.
2534 2481 2674 2541 Ούτε
2702 2484 2807 2560 γὰρ
2838 2482 2970 2559 ἐγὼ,
3005 2483 3128 2541 οὕτε
3166 2484 3339 2550 ἃλλος
3370 2486 3564 2561 ὅμοιος
3605 2487 3733 2561 ἐμοὶ

2079 2570 2300 2628 δύναται
2340 2571 2816 2643 κπακολουθῆσαι
2844 2577 2914 2647 τῇ
2957 2576 3118 2652 σοφίᾳ
3166 2580 3261 2631 τοῦ
3318 2576 3585 2651 μακαρίου
3637 2579 3728 2633 καὶ

2077 2659 2292 2732 ἐνδόξου
2324 2663 2568 2717 Παύλου·
2615 2663 2674 2724 ’ὸς
2733 2664 3024 2739 γενόμενος
3064 2662 3119 2718 ἐν
3173 2665 3321 2737 ὑμῖν,
3367 2665 3504 2720 κατᾶ
3554 2666 3725 2738 πρόσ-

2075 2771 2222 2805 ωπον
2250 2756 2359 2806 τῶν
2393 2753 2515 2806 τότε
2546 2752 2844 2826 ἀνθρώπων
2914 2750 3151 2823 ἐδίδαξεν
3200 2748 3438 2829 ἀκριϐῶς
3487 2755 3576 2808 καὶ
3631 2755 3725 2829 βε·-

2074 2833 2245 2901 6αίως
2274 2840 2365 2894 τὸν
2397 2840 2518 2914 περὲ
2578 2839 2839 2910 ἀληθείας
2889 2839 3075 2915 λόγον·
3126 2842 3186 2904 ’ὀς
3244 2843 3333 2897 καὶ
3381 2842 3532 2897 ἀπὼν
3592 2843 3720 2915 ὑμῖν

2070 2921 2301 3002 ἔγραψεν
2334 2926 2624 2990 ἐπιστολὰς
2658 2933 2788 3003 (58),
2852 2930 2928 2993 εἷς
2979 2931 3039 2993 ἅς
3095 2929 3185 2985 ἐὰν
3244 2929 3558 3006 ἐγκύπτητε,
3623 2928 3721 2983 δυ-

2068 3017 2366 3086 νηθησεσθε
2397 3014 2808 3091 οῗκοδομεῖσοαι
2846 3018 2923 3079 εἷς
2953 3020 3050 3087 τήν
3080 3016 3325 3073 δοδεῖσαν
3361 3018 3482 3089 ύμῖν
3507 3015 3707 3085 πίστιν,

311 3102 686 3194 ᾳιιὲιιιεῖερε,
718 3121 1089 3192 praecedente
1121 3123 1408 3179 charitate
1448 3124 1507 3178 in
1559 3126 1743 3181 Deum
1788 3132 1846 3182 et
1892 3128 1953 3183 in

2078 3126 2101 3158 ε
2130 3106 2256 3174 ἣτις
2295 3104 2407 3160 ἐστὶ
2444 3108 2629 3179 μήτηρ
2686 3108 2896 3162 πίντων
2943 3109 3100 3177 ἡμῶν
3149 3107 3277 3177 (59),
3310 3127 3331 3155 ι
3401 3102 3709 3159 ἐπακολου-

308 3212 607 3266 Christum
642 3218 700 3267 et
728 3212 789 3266 in
813 3212 1164 3283 proximum.
1200 3213 1257 3267 Si
1289 3215 1423 3285 quis
1454 3216 1613 3270 enim
1645 3216 1801 3273 intra
1831 3218 1958 3274 baac

306 3300 510 3364 fuerit,
542 3301 889 3355 mandatum
912 3301 1161 3373 justitia:
1184 3302 1486 3373 implevit;
1518 3320 1653 3359 nam
1688 3308 1787 3376 qui
1816 3308 1958 3364 cha-

304 3390 543 3445 ritatem
575 3389 774 3459 habet,
804 3391 979 3463 longe
1011 3397 1098 3447 est
1126 3392 1199 3448 ab
1232 3394 1394 3449 omni
1424 3402 1684 3465 peccato.

2069 3190 2270 3262 ϐούσης
2315 3200 2417 3263 τῆς
2461 3192 2708 3265 ἐλπίδος,
2763 3192 3112 3270 προαγούσης
3165 3198 3266 3261 τῆς
3316 3191 3557 3268 ἀγάπης,
3605 3200 3706 3263 τῆς

2067 3283 2143 3347 εἰς
2171 3285 2300 3340 Θεὸν
2326 3286 2418 3341 καὶ
2450 3288 2679 3361 Χριστὸν
2703 3287 2789 3342 καὶ
2840 3286 2913 3349 εἰς
2964 3285 3055 3339 τὸν
3106 3282 3372 3355 πλησίον.
3428 3286 3550 3341 Ἐὰν
3599 3287 3706 3361 γάρ

2064 3394 2148 3436 τις
2177 3373 2387 3430 τούτων
2417 3375 2566 3437 ἐντὸς
2658 3378 2792 3448 (60),
2822 3371 3185 3448 πεπλήρωκεν
3224 3372 3448 3445 ἐντολὴν
3502 3371 3711 3430 δικαιο-

2068 3463 2252 3535 σύνηςο
2309 3466 2337 3519 ὁ
2392 3466 2495 3540 γὰρ
2553 3463 2709 3540 ἔχων
2782 3464 3027 3540 ἀγάπην,
3076 3464 3285 3539 μακράν
3371 3463 3484 3521 ἐστι
3540 3466 3719 3537 πόσης

2062 3551 2353 3630 ἁμαρτίας,

1013 3689 1105 3744 IV.
1138 3691 1434 3759 Fugiamus
1463 3697 1795 3763 avaritiam;
1826 3703 2113 3763 doceamus
2142 3724 2240 3763 nos
2268 3709 2437 3779 ipsos,
2466 3723 2664 3763 uxores
2694 3713 2745 3763 et
2774 3708 2990 3763 viduas.

376 3849 395 3876 ι
434 3828 797 3900 Principium
829 3835 1026 3886 autem
1056 3833 1322 3888 omnium
1354 3836 1646 3894 malorum
1700 3849 1790 3897 est
1837 3845 1940 3901 ha-

298 3915 477 3971 bendi
510 3918 803 3988 cupiditas
836 3920 898 3974 ³⁸.
931 3941 959 3969 ››
993 3921 1255 3976 Scientes
1304 3939 1461 3995 ergo,
1515 3929 1674 3997 quod
1729 3953 1757 3980 ι(
1789 3934 1943 3989 nihil

299 4006 611 4061 intulimus
642 4008 704 4061 in
741 4008 895 4064 hunc
926 4010 1237 4075 mundum,
1271 4013 1375 4067 sed
1407 4031 1516 4071 nec
1548 4018 1779 4076 auferre
1802 4023 1943 4093 quid

297 4096 559 4151 valemus
590 4094 654 4160 ιο,
691 4118 719 4146 ››
753 4114 1054 4153 armemur
1083 4101 1264 4155 armis
1283 4101 1533 4172 justitiaa
1555 4106 1621 4174 ³ο,
1645 4114 1705 4162 et
1733 4109 1943 4168 docea-

296 4201 429 4241 mus
459 4188 720 4258 primum
751 4205 861 4244 nos
892 4190 1070 4260 ipsos,
1107 4191 1411 4249 ambulare
1444 4195 1504 4250 in
1529 4199 1808 4257 mandato
1829 4204 1945 4258 Do-

2125 3873 2151 3899 ‹‹
2184 3850 2368 3924 Ἀρχὴ
2407 3847 2464 3904 δὲ
2492 3851 2709 3906 πάντων
2744 3850 3006 3927 χαλεπῶν
3040 3847 3391 3928 φιλαργυρία.
3417 3872 3445 3901 ι)
3481 3847 3709 3915 Εἷδότες

2054 3938 2147 3992 οὖν
2180 3939 2263 3993 δτι
2299 3963 2326 3990 ‹‹
2365 3937 2521 3994 οὐδὲν
2580 3941 2965 4016 εἰσηνέγκαμεν
3027 3941 3102 4002 εἷς
3162 3940 3256 3995 τὸν
3293 3936 3523 4013 κόσμον,
3578 3940 3713 3997 ἀλλ’

2055 4024 2181 4081 οὐδὲ
2211 4027 2500 4102 ἐξενεγκεῖν
2530 4051 2580 4084 τι
2616 4028 2839 4105 ἔχομεν,
2871 4054 2898 4081 ι)
2930 4029 3288 4103 ὁπλισώμεθα
3343 4035 3462 4093 τοῖς
3511 4030 3712 4095 ὅπλοις

2054 4122 2157 4184 τῆς
2189 4113 2559 4187 δικαιοσύνης,
2592 4118 2682 4172 καὶ
2716 4117 3015 4191 διδάξωμεν
3047 4119 3268 4181 ἑαυτοὺς
3316 4123 3555 4192 πρῶτον,
3605 4141 3711 4175 πο-

2058 4204 2390 4278 ρεύεσθαιὶν
2422 4209 2491 4278 τῇ
2525 4205 2722 4280 ἐντολῇ
2779 4212 2875 4261 τοῦ
2929 4206 3130 4281 Κυρίου
3187 4208 3322 4280 (61)’
3384 4205 3567 4264 ἔπειτα
3620 4210 3710 4264 καὶ

468 4331 625 4421 ξεῖν’,
660 4342 698 4399 ι,
899 4332 1080 4421 ἧλοι.
1114 4350 1272 4421 xvnl,
1303 4338 1392 4421 3i:
1424 4410 1444 4421 ν
1470 4338 1493 4373 9
1520 4343 1545 4394 Ι
1574 4343 1720 4421 (ἳιοιιζ
1744 4362 1816 4421 vi,
1846 4350 1957 4421 μς

2078 4348 2198 4403 Cor.
2234 4366 2307 4415 ιγ,
2343 4353 2442 4417 14ς
2474 4353 2642 4408 Rom.
2672 4369 2787 4421 vm,
2822 4355 2907 4409 11.
2987 4352 3033 4389 ¹⁰
3062 4354 3086 4407 Ι
3116 4353 3319 4409 Thess,
3354 4371 3407 4417 v,
3438 4357 3526 4408 22.
3603 4354 3647 4390 ¹¹
3688 4356 3708 4412 l

295 4400 447 4472 ξεῖν.
480 4416 562 4468 ιιι,
595 4404 648 4465 9,
754 4403 798 4436 ¹²
830 4405 1030 4459 Matth.
1066 4423 1157 4472 vn,
1192 4412 1238 4461 1.

1347 4409 1399 4488 ’ζ
1423 4410 1560 4488 Duc.
1587 4429 1661 4482 νι,
1695 4417 1763 4470 37
1798 4409 1812 4484 ;'
1844 4409 2043 4474 Matth.
2079 4434 2153 4486 γι,
2209 4409 2303 4488 l2,
2345 4423 2431 4476 14.

2537 4424 2584 4495 ίξ
2634 4424 2770 4480 Luc.
2819 4440 2892 4495 vi,
2943 4425 3029 4479 36.
3137 4424 3181 4459 ¹⁵
3229 4426 3430 4481 Matth.
3481 4442 3578 4495 vu,
3624 4429 3705 4493 2;

295 4468 429 4525 Luc.
465 4486 536 4538 vx,
568 4472 655 4526 38.
737 4473 780 4508 ¹⁶
810 4474 860 4527 II
888 4476 1044 4531 Petr.
1075 4468 1154 4545 ιιι,
1192 4480 1275 4532 15·
1357 4481 1399 4516 ¹⁷
1433 4483 1557 4537 Gal.
1591 4468 1666 4553 ιν,
1700 4468 1811 4541 26.7
1844 4468 1958 4544 78ml

2078 4468 2153 4547 [Ηῖ
2179 4468 2431 4560 νὶξἰο’.”
2458 4494 2502 4529 ιο
2530 4468 2770 4550 ιδιᾶῗῆξ
2914 4468 3125 4566 Εᾘιὶεε.
3158 4468 3350 4563 vim:

509 4620 779 4715 Cinnlgn:
805 4624 886 4715 ad
922 4625 1339 4715 qurn.,‘c.,6,
1371 4631 1445 4685 ad
1493 4634 1661 4690 Trall.
1702 4653 1753 4691 c.
1788 4642 1841 4707 9,
1875 4642 1948 4696 ad
1975 4645 2023 4708 Ι)
2056 4640 2111 4695 8.
2150 4641 2313 4697 [ηοω
2344 4641 2403 4696 in
2433 4643 2635 4699 animo
2666 4644 2993 4700 habuilse?
3020 4644 3339 4715 Crednero,

294 4692 529 4770 δηιῃζῃε
552 4709 602 4747 c.
744 4692 818 4770 ᾡς
863 4736 874 4749 .
925 4738 937 4750 .
984 4738 995 4751 .
1023 4692 1224 4750 ἐαυτὸν
1258 4692 1557 4770 ἀνέστησεν.

368 4766 477 4851 (53)
510 4765 595 4819 Ita
623 4766 987 4822 Jacobsonus
1018 4784 1088 4823 ex
1131 4770 1327 4836 codd.,
1370 4765 1476 4843 pro
1526 4776 1677 4845 vulg.
1726 4800 1944 4852 μνημο-

294 4854 595 4895 νεύσαντες.
1120 4868 1125 4869 ⁷
1242 4868 1249 4873 ⁸

366 4907 473 4978 ;ῖῑ4)
501 4907 690 4993 Simili
720 4909 842 4993 fere
873 4910 1050 4993 m‘odo
1074 4911 1383 4993 varialoca
1414 4931 1480 4970 ex
1517 4919 1847 4993 Evangeliis
1879 4924 1939 4980 in

290 4992 476 5060 unum
536 4982 830 5060 contraxit
884 4981 1156 5060 Clemens
1199 4985 1496 5060 Romanus
1554 5007 1646 5060 ep.
1677 4981 1727 5055 ἶ.
1763 5011 1812 5049 c.
1849 4996 1934 5051 -l3.

292 5049 505 5174 goenfpr
536 5052 961 5178 Progegomena
986 5059 1189 5109 nostra
1245 5056 1317 5110 ad
1368 5049 1658 5128 Epistolas
1702 5049 1755 5117 S.
1809 5049 1936 5122 Cie;

394 5138 430 5174 ιι
462 5138 532 5178 ιε.
565 5138 624 5176 n.
699 5165 711 5177 .

289 5135 532 5185 mentis,
565 5138 624 5176 n.
659 5135 711 5178 3.

346 5192 464 5271 .(55)
496 5194 981 5264 Prmpositionem
1013 5193 1085 5264 ἐν,
1122 5214 1299 5323 gnam
1332 5198 1587 5257 deletam
1618 5206 1742 5259 vult
1772 5207 1924 5263 Smi-

346 5278 436 5317 Ius
504 5278 620 5317 non
654 5273 982 5323 agnoscunt
1012 5267 1117 5323 cod
1172 5313 1179 5320 .
1214 5268 1387 5323 Laur.
1425 5272 1547 5323 Vat.
1598 5275 1894 5323 JAnnnan,

278 5261 459 5337 thi‘usﬂ
504 5261 982 5337 non'agnoscunt
1012 5261 1179 5323 codd.
1214 5268 1387 5324 Laur.
1425 5272 1547 5327 Vat.
1598 5261 1895 5335 ιιαοθέόἆζ

353 5332 467 5399 (56)
506 5332 792 5391 διηιῐιιῖιιε
824 5343 881 5391 et
910 5340 1209 5394 Ruchatus
1240 5340 1465 5396 addunt
1497 5360 1563 5399 ex
1607 5350 1787 5403 veteri

278 5402 546 5492 t_e_rp_re't\c
579 5412 635 5459 et
666 5424 695 5460 e
727 5407 780 5460 S.
836 5410 1036 5492 Matth.
1097 5428 1148 5479 ν,
1210 5413 1261 5480 3,
1319 5402 1723 5492 τῷμπνεύματι
1774 5402 1935 5492 (post

276 5472 551 5557 ΕΞωχρί),
585 5492 764 5557 quam
796 5480 1037 5557 quidem
1068 5472 1270 5557 Vpcem
1302 5472 1521 5557 omittit
1544 5472 1602 5541 ἓξ
1631 5472 1831 5546 Luca‘sr
1849 5472 1929 5557 ’νῖζ

280 5540 365 5591 20.
405 5540 554 5605 Quid
580 5540 778 5600 autem
808 5540 977 5617 vetat,
1007 5551 1061 5606 S.
1088 5553 1321 5608 Patrem
1355 5554 1549 5611 locum
1580 5540 1931 5629 parallelum

3398 4646 3499 4716 qui
3550 4645 3705 4716 (Bei-

2053 4718 2213 4786 trage
2241 4730 2341 4767 zur
2368 4716 2686 4786 Einleitung
2719 4718 2777 4770 in
2803 4716 2893 4786 dic
2919 4716 3049 4770 bibl.
3082 4716 3359 4784 Schriften
3388 4733 3427 4785 ι,
3480 4716 3567 4786 2t)
3618 4717 3700 4771 vi-

2051 4782 2225 4837 detur
2255 4786 2563 4855 suspicari,
2603 4782 2681 4855 τῷ
2736 4784 3001 4858 πνεύματι
3050 4787 3203 4858 apud
3241 4782 3299 4842 VS.
3356 4782 3694 4843 matthaaum

2047 4862 2456 4930 assumentum
2491 4874 2620 4913 esse
2649 4858 2998 4914 recentioris
3042 4859 3168 4925 aevi,
3204 4859 3549 4930 neutiquam
3595 4874 3695 4914 as-

2045 4925 2250 4979 sentiri
2280 4944 2543 4984 nossum.
2579 4930 2658 4983 ID.

2116 4997 2836 5072 (_57)_Similiter_quuitur
2864 5001 2920 5056 S.
2968 5001 3230 5072 lgnatius
3283 5001 3345 5072 in
3393 5003 3554 5070 Epist
3623 5002 3700 5055 ad

2042 5066 2297 5142 Ephesios
2327 5086 2377 5142 c.
2414 5072 2464 5123 3·
2499 5070 2575 5125 Ού
2610 5066 2973 5142 δῖατάσσομαι
2997 5066 3130 5141 ύμῖν
3165 5071 3239 5130 ὡς
3271 5068 3345 5123 ὢν
3372 5066 3477 5131 τιξ.

2114 5140 2226 5214 (58.)
2260 5141 2552 5214 Epistolas
2582 5143 2653 5197 de
2686 5167 2714 5194 «
2746 5140 2884 5199 una
2904 5140 3154 5214 epistola
3184 5142 3299 5197 dici
3330 5148 3535 5197 monet
3589 5143 3695 5197 Co-

2041 5209 2319 5286 t_ele_1:i_us,’
2345 5213 2444 5282 qui
2479 5220 2539 5286 et
2568 5214 2738 5285 plura
2769 5209 3045 5286 exempla
3074 5214 3259 5286 aﬂ'eri.
3304 5214 3611 5269 Consentit
3641 5214 3694 5268 ei

2042 5280 2122 5335 De
2155 5280 2662 5347 Wette,_£€inl.'in
2712 5287 2763 5340 d.
2823 5288 2887 5340 Ν.
2945 5280 3005 5341 Τ.
3050 5285 3189 5339 edit.
3241 5286 3437 5352 tertia,
3492 5287 3519 5354 §
3570 5288 3695 5352 150,

2042 5372 2165 5421 not.
2200 5368 2257 5424 d.

2131 5442 2217 5514 {59)
2258 5441 2340 5514 ita
2364 5443 2730 5514 Jacobsonus
2761 5462 2831 5502 ex
2864 5445 3054 5502 tribus
3075 5443 3245 5501 codd.
3276 5444 3389 5500 Alii
3423 5442 3599 5514 ὑμῶν.

2131 5512 2219 5591 9Q)
2251 5510 2605 5591 Addendum
2636 5513 2882 5591 πλήρης.
2917 5519 3129 5591 Reum.

2107 5582 2214 5651 (61)
2248 5582 2476 5641 Similia
2506 5582 2783 5659 leguntur
2810 5582 2873 5645 in
2920 5588 3173 5660 epistola
3215 5604 3233 5643 ι
3281 5587 3465 5644 Clem.
3518 5588 3693 5644 Rom.
