4114 6148
403 387 556 450 1009

1547 389 1942 452 EPISTOLA
1985 389 2090 450 AD
2135 383 2727 448 PHILIPPENSES.

3672 375 3826 436 1010

401 521 498 581 τὰς
531 525 786 592 γυναῖκας
821 521 972 593 ὑμῶν
1029 520 1080 576 ἐν
1134 524 1203 592 τῇ
1259 519 1476 596 δοθείσῃ
1530 521 1717 583 αὐταῖς
1748 520 1924 575 πίστει
1956 521 2044 575 καὶ

2167 520 2335 587 mini,
2369 519 2582 575 deinde
2631 523 2689 572 et
2741 521 2962 572 vestras
3001 530 3239 580 uxores,
3273 509 3585 567 ambulare
3615 509 3676 564 in
3705 509 3820 563 ﬁde

402 607 587 682 ἀγάπῃ
630 611 721 662 καὶ
781 609 994 685 ἁγνείᾳ,
1054 610 1381 684 στεργούσας
1437 612 1563 674 τοὺς
1628 612 1828 665 ἑαυτῶν
1860 607 2054 684 ἄνδρας

409 697 462 752 ἐν
520 696 662 770 πάσῃ
722 697 973 769 ἀληθείᾳ,
1034 701 1121 753 καὶ
1185 699 1472 773 ἀγαπώσας
1530 703 1730 762 πάντας
1761 698 1960 769 ἐξῖ’σου
2001 701 2056 754 ’ἐν

407 787 551 858 πάσῃ
614 784 923 862 ἐγκρατείᾳ,
977 787 1065 841 καὶ
1126 787 1191 841 τὰ
1248 789 1404 842 τέκνα
1458 785 1729 843 παιδεύειν
1785 790 1884 857 τήν
1923 809 2057 841 παι-

407 871 431 890 ..
471 873 482 892 ,
665 879 690 889 ..
788 875 799 894 ν
1031 880 1056 889 ..
1222 881 1246 892 -
1317 882 1320 888 .
1533 877 1545 892 ι

405 895 546 928 οειαν
598 895 693 929 του
733 871 906 954 φοϐου
963 897 1059 930 του
1117 883 1250 930 Θεου
1308 880 1441 949 (62)·
1490 899 1586 938 τας
1625 879 1804 951 χήρας
1836 898 2052 952 σωφροο

397 962 594 1025 νοῦσας
648 963 773 1036 περῖ
818 964 920 1030 τήν
968 968 1066 1017 τοῦ
1121 965 1318 1039 Κυρίου
1376 965 1577 1033 πίστιν,
1628 965 2050 1038 ἐντυγχανούσας

396 1049 762 1112 ἀδίαλείπτως
797 1052 918 1126 περὶ
973 1054 1206 1122 πάιτων,
1266 1054 1472 1127 μακρὰν
1522 1051 1682 1115 οῦσας
1724 1055 1900 1123 πάσης
1934 1051 2050 1107 διαο

395 1134 592 1209 ϐολῆς,
622 1139 986 1211 κάταλαλιᾶς,
1020 1141 1514 1216 ψευδομαρτυρίας,
1569 1140 1931 1217 φιλαργυρίας
1960 1142 2050 1196 καὶ

394 1229 591 1289 παντὸς
668 1233 856 1282 κακοῦ·
942 1229 1314 1305 γινωσκούσας
1371 1231 1452 1283 ὅτι
1513 1229 1616 1282 εἰσὶ
1671 1231 2052 1302 θυσιαστήριον

393 1317 505 1389 (63)
537 1321 691 1384 Θεοῦ,
725 1319 817 1371 καὶ
868 1319 952 1372 ὅτι
995 1317 1164 1372 πάντα
1199 1323 1648 1391 μωμοσκοπεῖται
1680 1322 1813 1386 (74),
1846 1317 1937 1371 καί
1968 1316 2052 1372 λέ-

392 1404 554 1476 ληθεν
585 1406 743 1460 αὐτὸν
779 1405 953 1474 οὐδὲν,
988 1404 1111 1462 οῦτε
1141 1406 1452 1482 λογισμῶν,
1485 1404 1607 1462 οὕτε
1655 1407 1890 1476 ἐννοιῶν,
1927 1407 2052 1462 οὒτε

393 1513 445 1547 τι
476 1499 580 1548 τῶν
613 1501 867 1570 κρυπτῶν
892 1503 993 1565 τῆς
1015 1492 1261 1570 καρδίας.

2167 610 2308 680 ipsis
2339 609 2554 663 tradita
2583 614 2641 662 et
2671 607 2731 660 in
2762 605 3046 660 charitate
3102 606 3160 657 et
3204 601 3497 666 castitate,
3545 603 3818 653 amantes

2168 699 2323 753 viros
2356 716 2492 753 suos
2525 699 2583 751 in
2616 696 2778 751 omni
2812 694 3076 758 veritate,
3109 708 3177 746 ac
3225 689 3538 760 diligentes
3570 692 3815 742 cunctos

2167 788 2494 859 aequaliter,
2529 788 2589 841 in
2619 786 2780 841 omni
2813 781 3199 847 continentia,
3223 785 3281 834 et
3304 778 3538 833 erudire
3571 777 3722 831 ﬁlios
3754 777 3815 830 in

2164 877 2478 948 disciplina
2499 875 2731 929 timoris
2754 873 2855 928 Dei
2881 891 2894 938 ;
2929 871 3132 925 viduas
3155 885 3290 922 vero
3317 868 3657 933 doceamus,
3684 881 3812 919 esse

2161 966 2483 1035 prudentes
2515 965 2669 1019 circa
2703 963 2879 1018 ﬁdem
2908 960 3162 1025 Domini,
3199 955 3645 1028 interpellantes
3683 954 3811 1008 sine

2162 1054 2605 1108 intermissione
2640 1069 2744 1124 pro
2777 1051 3054 1106 omnibus
3075 1049 3332 1119 ",longe
3364 1045 3707 1100 recedentes
3738 1041 3811 1096 ab

2163 1143 2322 1198 omni
2355 1143 2674 1209 calumnia,
2727 1139 3175 1204 detractatione,
3238 1136 3386 1191 falso
3446 1132 3813 1197 testimonio,

2163 1232 2408 1287 avaritia
2439 1236 2496 1285 et
2525 1231 2687 1286 omni
2723 1229 2876 1284 malo
2903 1244 2915 1295 ;
2945 1230 3387 1298 cognoscentes,
3425 1223 3584 1293 quod
3627 1222 3814 1277 altare

2162 1323 2263 1377 Dei
2297 1323 2435 1387 sint,
2472 1328 2529 1376 et
2560 1320 2717 1392 quod
2748 1320 2849 1375 ille
2899 1318 3100 1374 omnia
3147 1317 3302 1372 clare
3345 1312 3684 1386 perspiciat,
3717 1311 3816 1366 ni-

2161 1411 2364 1482 hilque
2397 1427 2532 1465 eum
2563 1410 2761 1476 lateat,
2795 1425 2903 1463 nec
2951 1407 3417 1468 ratiociniorum,
3452 1418 3562 1457 nec
3592 1400 3813 1472 cogita-

2161 1500 2414 1566 tionum,
2447 1515 2556 1554 nec
2589 1498 2915 1570 quidquam
2947 1496 3314 1552 occultorum
3345 1491 3561 1548 cordis.

1397 1642 1460 1696 V.
1495 1641 1692 1708 Ofﬁcia
1721 1641 2098 1707 diaconorum,
2122 1643 2390 1712 juvenum
2420 1647 2473 1696 et
2502 1642 2804 1710 virginum.

469 1778 688 1840 Εἱδότες
723 1779 813 1834 οῦν
857 1778 939 1834 ὅτι
983 1804 1009 1831 ‹‹
1044 1780 1172 1841 Θεὸς
1215 1780 1277 1834 οὐ
1330 1780 1738 1853 μυκτηρίξεται,
1775 1804 1802 1832 ››
1829 1780 2047 1857 ὀφείλο-

2226 1784 2490 1839 Scientes
2523 1800 2680 1854 ergo,
2716 1781 2874 1852 quod
2914 1804 2940 1830 ι(
2977 1782 3128 1834 Deus
3185 1794 3304 1832 non
3362 1775 3646 1830 irridetur
3673 1775 3743 1842 θ’,
3777 1795 3806 1826 ››

399 1890 493 1941 μεν
551 1868 714 1937 ἀξίως
769 1874 871 1937 τῆς
929 1867 1157 1937 ἐντολῆς
1208 1873 1304 1922 τοῦ
1359 1868 1448 1922 καὶ
1508 1866 1666 1940 δόξης
1714 1874 2044 1944 περιπατεῖν.

387 1957 634 2030 Ὁμοίως
693 1955 939 2012 διάκονοι
999 1956 1277 2030 ἄμεμπτοι
1339 1958 1673 2013 κατενώπιον
1730 1957 1898 2012 αὐτοῦ
1947 1965 2046 2027 τῆς

389 2040 768 2116 δικαιοσύνης,
798 2043 873 2106 ὡς
903 2048 1036 2098 Θεοῦ
1091 2043 1183 2098 καὶ
1240 2048 1483 2119 Χριστοῦ
1518 2048 1629 2117 (65)
1661 2041 1924 2111 διάκονοι,
1958 2043 2047 2099 καὶ

393 2133 494 2187 οὐκ
524 2132 848 2205 ἀνθρώπων·
884 2134 959 2204 μὴ
993 2127 1271 2202 διάϐολοι,
1307 2134 1382 2205 μὴ
1409 2130 1623 2210 δίλογοι
1658 2135 1794 2207 (66),
1823 2133 2050 2212 ἀφιλάρο

393 2242 574 2298 γυροι,
623 2221 903 2295 ἐγκρατεῖς
935 2222 1059 2297 περὶ
1090 2221 1283 2290 πάντα,
1318 2220 1714 2300 εὔσπλαγχνοι,
1741 2221 2046 2295 ἐπιμελεῖς,

392 2311 756 2383 πορευόμενοι
800 2311 939 2366 κατά
981 2313 1080 2380 τὴν
1131 2311 1389 2382 ἀλήθειαν
1439 2317 1534 2367 τοῦ
1583 2311 1809 2386 Κυρίου,
1843 2313 1900 2374 ’ὸς
1935 2311 2045 2386 ἐγέ-

395 2421 515 2456 νετο
559 2397 808 2461 διάκονος
857 2402 1090 2454 πάντων·
1145 2401 1190 2472 ᾧ
1230 2401 1319 2455 ἐὰν
1369 2402 1820 2476 εὖαρεστῆσωμεν
1871 2401 1921 2456 ἐν
1968 2407 2046 2473 τῷ

399 2494 488 2543 νῦν
543 2488 720 2556 αἷῶνι,
772 2488 1173 2564 ἀποληψόμεθα
1240 2491 1331 2544 καὶ
1377 2491 1468 2545 τὸν
1520 2490 1828 2562 μέλλοντα,
1865 2492 2043 2552 καθὼς

403 2577 672 2653 ὑπέσχετο
703 2580 836 2650 ἡμῖν
865 2576 1072 2654 ἐγεῖραι
1120 2581 1268 2648 ἡμᾶς
1318 2577 1377 2632 ἔκ
1423 2583 1645 2648 νεκρῶν,
1695 2579 1784 2633 καὶ
1835 2580 1917 2634 ὅτι
1958 2579 2043 2634 ἐὰν

400 2665 849 2739 πολιτεύσώμεθα
905 2666 1065 2736 ἀξίως
1118 2667 1302 2734 αὐτοῦ,
1379 2692 1406 2719 ‹‹
1457 2667 1546 2720 καὶ
1607 2663 2045 2739 συμϐασιλεύσο-

405 2776 495 2827 μεν
541 2757 655 2828 (67)
709 2778 736 2805 ι)
799 2755 968 2827 αὐτῷ,
1037 2753 1151 2832 εἷ’γε
1230 2755 1577 2827 πιστεύομεν.
1647 2756 1890 2828 Ὁμοίως
1953 2757 2043 2811 καὶ

397 2845 643 2918 νεώτεροι
673 2841 951 2916 ἄμεμπτοι
1008 2843 1062 2898 ἐν
1119 2850 1272 2915 πᾶσι,
1322 2844 1428 2913 πρὸ
1459 2845 1658 2906 παντὸς
1690 2850 2043 2919 προνοοῦντες

401 2930 630 3005 ἁγνείας,
686 2931 774 2986 καὶ
835 2929 1334 3010 χαλιναγωγοῦντες
1396 2933 1618 2994 ἑαυτοὺς
1680 2933 1784 2987 ἀπὸ
1841 2934 2043 2996 παντὸς

395 3028 593 3082 κακοῦ.
631 3024 804 3078 Καλὸν
836 3026 938 3098 γὰρ
965 3025 1028 3078 τὸ
1067 3023 1457 3086 ἀνακόπτεσθαι
1491 3025 1602 3097 (68)
1642 3023 1748 3078 ἀπὸ
1783 3029 1891 3078 τῶν
1925 3023 2042 3078 ἐπι·

2155 1873 2438 1928 debemus
2469 1873 2642 1944 digne
2674 1870 2952 1926 mandato
2983 1885 3051 1923 ac
3081 1868 3384 1923 voluntate
3434 1865 3564 1935 ejus
3595 1862 3808 1918 ambu-

2152 1963 2297 2018 lare.
2333 1962 2617 2016 Similiter
2647 1959 2878 2016 diaconi
2933 1960 2995 2013 in
3044 1962 3366 2027 conspectu
3397 1953 3648 2026 justitize
3677 1952 3805 2022 ejus

2154 2053 2437 2124 inculpati
2468 2069 2598 2106 esse
2630 2051 2866 2118 debent,
2890 2051 3044 2103 sicut
3069 2047 3322 2102 ministri
3347 2045 3447 2099 Dei
3480 2050 3537 2098 et
3566 2042 3802 2111 Christi,

2154 2159 2275 2197 non
2305 2143 2658 2207 hominum;
2719 2157 2792 2195 ne
2850 2138 3310 2194 calumniatores
3348 2136 3486 2198 sint,
3521 2149 3594 2186 ne
3625 2131 3804 2185 bilin-

2153 2249 2293 2304 gues
2323 2233 2390 2298 ³³,
2423 2248 2533 2286 nec
2582 2231 2739 2285 avari
2769 2246 2782 2294 ;
2845 2228 2948 2283 sed
3004 2226 3376 2282 continentes
3407 2222 3468 2276 in
3500 2220 3802 2285 omnibus,

2152 2321 2590 2385 misericordes,
2623 2319 2835 2382 seduli,
2884 2316 3230 2371 incedentes
3271 2313 3443 2383 juxta
3493 2310 3806 2364 veritatem

2155 2410 2411 2476 Domini,
2445 2409 2545 2478 qui
2577 2407 2847 2461 omnium
2882 2405 3155 2459 minister
3183 2402 3370 2456 factus
3400 2404 3488 2454 est
3513 2399 3595 2463 2‘;
3631 2397 3723 2452 cui
3755 2396 3805 2450 si

2152 2498 2213 2551 in
2237 2498 2347 2551 hoc
2369 2497 2587 2551 saaculo
2613 2494 3035 2566 placuerimus,
3055 2490 3412 2561 recipiemus
3436 2493 3495 2542 et
3516 2487 3804 2554 futurum,

2153 2585 2651 2655 quemadmodum
2680 2583 2981 2654 pollicitus
3012 2584 3103 2634 est
3131 2578 3325 2640 nobis,
3359 2576 3517 2648 quod
3553 2574 3807 2630 resusci-

2152 2675 2299 2729 tabit
2331 2691 2437 2728 nos
2468 2691 2498 2728 e
2529 2673 2801 2737 mortuis,
2836 2670 3138 2742 quodque,
3174 2669 3220 2721 si
3279 2666 3453 2736 digne
3486 2665 3612 2736 ipso
3645 2664 3805 2718 viva-

2150 2779 2284 2816 mus
2313 2762 2380 2828 25,
2415 2783 2443 2811 «
2467 2762 2644 2815 etiam
2677 2777 2811 2814 cum
2847 2776 2913 2814 eo
2950 2756 3327 2830 regnabimus
3349 2753 3415 2820 2⁸,
3443 2774 3469 2802 ››
3503 2751 3798 2821 siquidem

2150 2850 2468 2905 credimus.
2502 2849 2686 2903 Simili
2734 2849 2911 2902 modo
2944 2853 3002 2900 et
3024 2847 3271 2916 juvenes
3304 2845 3364 2897 in
3397 2841 3674 2896 omnibus
3700 2840 3798 2893 in—

2149 2938 2476 3009 culpabiles
2505 2939 2644 3002 sint,
2705 2943 2841 2992 ante
2900 2935 3092 2990 omnia
3130 2933 3366 2988 solliciti
3399 2931 3470 2986 de
3500 2929 3792 2994 castitate,

2148 3045 2215 3083 ac
2246 3043 2308 3082 se
2339 3028 2410 3082 ab
2442 3027 2604 3081 omni
2638 3026 2794 3082 malo
2820 3025 3210 3079 refrenantes.
3237 3023 3460 3075 Bonum
3492 3018 3651 3071 enim
3685 3021 3794 3083 est,

394 3118 603 3184 θυμιῶν
635 3117 745 3167 τῶν
778 3117 888 3185 (69)
914 3111 965 3166 ἔν
1025 3117 1103 3184 τῷ
1151 3113 1366 3184 κόσμῳ,
1419 3111 1501 3166 ὅτι
1546 3117 1688 3167 πᾶσα
1719 3138 1747 3166 ‹‹
1780 3112 2038 3184 ἐπιθυμία

2167 3116 2420 3171 ιιιεοὶιιάὶ
2447 3132 2481 3170 a
2511 3114 2932 3186 cupiditatibus
2965 3113 3140 3183 hujus
3172 3109 3400 3172 mundi,
3433 3107 3573 3177 quia
3603 3105 3798 3159 omnis

388 3203 522 3257 κατά
569 3205 667 3256 τοῦ
708 3202 1015 3272 πνεύματος
1071 3199 1430 3275 στρατεύεται·
1484 3225 1512 3252 ››
1560 3202 1650 3255 καὶ
1697 3198 1875 3256 «οὔτε
1903 3201 2038 3277 πόρ-

385 3312 493 3359 νοι,
523 3288 655 3345 οῦτε
690 3288 950 3362 μαλακοὶ,
1003 3287 1124 3344 οὔτε
1172 3290 1546 3362 ἀρσενοκοῖται
1597 3291 1878 3365 βασιλείαν
1911 3295 2045 3345 Θεοῦ

390 3377 928 3453 κληρονομήσουσιν,
989 3402 1018 3429 ››
1079 3377 1200 3432 οὒτε
1257 3379 1308 3431 οἱ
1385 3383 1669 3442 ποιοῦντες
1726 3379 1791 3433 τά
1848 3377 2042 3436 ἄτοπα.

392 3469 486 3523 Διὸ
546 3465 664 3522 δὲον
721 3468 1015 3541 ἀπέχεσθαι
1071 3467 1177 3522 ἀπὸ
1254 3469 1468 3522 πάντων
1527 3467 1753 3535 τούτων,
1809 3469 2044 3523 ὑποτασ-

397 3555 660 3626 σομένους
718 3561 834 3616 τοῖς
895 3550 1280 3630 πρεσϐυτέροις
1331 3557 1420 3611 καὶ
1481 3554 1779 3624 διακόνοις,
1828 3558 1901 3621 ὡς
1932 3562 2047 3629 Θεῷ

392 3645 483 3700 καὶ
551 3647 778 3716 Χριστῷ
845 3648 974 3714 (ἹΟ)⁶
1045 3645 1139 3706 τὰς
1203 3646 1497 3722 παρθένους
1563 3645 1614 3699 ἐν
1684 3646 1908 3719 ἀμώμῳ
1954 3648 2045 3702 καὶ

391 3735 534 3809 ἁγνῇ
569 3731 871 3803 συνειδήσει
901 3739 1244 3806 περιπατεῖν.

2155 3228 2182 3255 ‹‹
2219 3204 2510 3275 cupiditas
2542 3204 2758 3258 militat
2786 3203 3064 3257 adversus
3096 3201 3370 3270 spiritum
3390 3198 3453 3264 ³⁷,
3491 3218 3517 3245 ››
3550 3201 3609 3249 et
3639 3214 3668 3246 ι(
3694 3209 3800 3248 ne-

2157 3311 2270 3364 que
2321 3293 2642 3360 fornicarii,
2677 3309 2869 3362 neque
2902 3289 3135 3352 molles,
3169 3304 3361 3357 neque
3400 3283 3803 3339 masculorum

2158 3382 2570 3437 concubitores
2603 3397 2848 3453 regnum
2894 3379 2995 3434 Dei
3028 3376 3418 3449 possidebunt
3446 3373 3511 3440 ⁸³⁸,
3549 3395 3573 3420 ››
3610 3385 3802 3440 neque

2160 3472 2259 3542 qui
2292 3471 2516 3526 absona
2543 3470 2788 3526 faciunt.
2823 3470 3012 3534 Quare
3044 3470 3276 3537 oportet
3306 3464 3377 3518 ab
3409 3464 3500 3517 his
3531 3460 3804 3516 omnibus

2159 3561 2478 3625 abstinere,
2513 3560 2724 3629 subjici
2773 3564 2970 3613 autem
3019 3553 3378 3627 presbyteris
3424 3558 3482 3606 et
3521 3548 3806 3617 diaconis,

2161 3656 2443 3720 tanquam
2473 3651 2590 3704 Deo
2623 3653 2681 3704 et
2709 3648 2938 3702 Christo
2965 3663 2977 3711 ;
3012 3645 3263 3716 virgines
3293 3658 3428 3696 vero
3461 3643 3693 3710 oportet
3741 3637 3804 3691 in

2162 3738 2544 3793 immaculata
2574 3744 2632 3792 et
2662 3743 2823 3792 casta
2852 3733 3214 3790 conscientia
3253 3731 3484 3802 degere.

1362 3881 1448 3934 VI.
1485 3881 1688 3949 Ofﬁcia
1713 3883 2161 3953 presbyterorum
2190 3890 2240 3937 et
2279 3885 2467 3953 ofﬁcia
2516 3883 2844 3938 communia.

475 4018 576 4074 Καὶ
639 4019 690 4073 οἱ
743 4015 1104 4094 πρεσϐύτεροι
1163 4017 1220 4074 δὲ
1277 4017 1645 4095 εὔσπλαγχοι,
1705 4021 1781 4083 εἷς
1848 4023 2049 4084 πάντας

404 4105 728 4179 ἐλεήμονες,
787 4107 1194 4184 ἐπιστρέφοντες
1251 4110 1319 4163 τὰ
1385 4109 1888 4181 ἀποπεπλανημένα
1914 4113 2048 4184 (71),

406 4195 861 4268 ἐπισκεπτόμενοι
945 4201 1144 4259 πάντας
1238 4197 1498 4267 ἀσθενεῖς,
1571 4201 1645 4270 μή
1723 4198 2055 4271 ἀμελοῦντες

407 4287 613 4358 χήρας,
671 4286 705 4354 ἢ
751 4286 1008 4364 ὀρφανοῦ,
1067 4285 1102 4354 ἢ
1159 4286 1410 4355 πένητοςο
1458 4287 1605 4341 ἀλλὰ
1637 4312 1662 4338 ‹‹
1696 4293 2055 4360 προνοοῦντες

403 4374 484 4428 ἀεὶ
513 4378 610 4427 τοῦ
640 4373 812 4428 καλοῦ
859 4375 1088 4429 ἐνώπιον
1145 4379 1278 4430 Θεοῦ
1329 4376 1417 4429 καὶ
1476 4377 1802 4450 ἀνθρώπων,
1836 4401 1864 4430 ››
1913 4378 2052 4432 ἀπε-

2230 4027 2299 4078 Et
2329 4026 2660 4096 presbyteri
2694 4025 2812 4080 sint
2870 4025 2941 4080 ad
2999 4021 3579 4078 commiserationem
3611 4015 3806 4088 proni,

2163 4115 2576 4170 misericordes
2607 4131 2744 4186 erga
2769 4120 3034 4180 cunctos,
3068 4111 3405 4168 aberrantia
3434 4108 3807 4174 reducentes,

2160 4206 2467 4259 visitantes
2525 4205 2794 4258 inﬁrmos
2852 4220 3080 4270 omnes,
3138 4218 3258 4256 non
3315 4197 3681 4268 negligentes
3722 4193 3812 4248 vi-

2165 4294 2362 4357 duam,
2389 4298 2490 4347 aut
2509 4292 2824 4362 pupillum,
2849 4298 2950 4346 aut
2980 4307 3300 4362 pauperem
3328 4306 3341 4355 ;
3375 4285 3478 4341 sed
3512 4307 3537 4334 ‹.
3571 4280 3810 4339 solliciti

2165 4398 2400 4452 semper
2430 4380 2500 4434 de
2533 4380 2688 4433 bono
2719 4396 2917 4433 coram
2941 4381 3057 4432 Deo
3085 4385 3144 4432 et
3172 4375 3508 4432 hominibus
3528 4371 3594 4426 ‘9.
3628 4391 3650 4420 ι
3687 4370 3815 4426 abs-

408 4462 639 4537 χόμενοι
706 4463 884 4532 πάσης
970 4463 1164 4539 ὀργῆς,
1250 4463 1749 4538 προσωποληψίας,
1828 4466 2054 4541 κρίσεως

2167 4471 2420 4526 tinentes
2437 4469 2509 4524 ab
2522 4469 2682 4523 omni
2697 4468 3152 4538 ira,acceptione
3172 4479 3562 4538 personarum
3573 4459 3811 4533 ,judicio

480 4605 522 4641 ¹¹
561 4606 579 4660 I
610 4606 811 4662 Thess.
843 4625 895 4675 v,
934 4610 1014 4663 17.

1094 4607 1140 4643 ²²
1169 4609 1290 4664 Gal.
1323 4626 1395 4679 v1,
1429 4613 1480 4664 7.

405 4675 457 4712 ³⁸⁷
489 4678 513 4731 Ι
541 4679 697 4733 Petr.
730 4695 790 4746 ιι,
822 4683 908 4733 11.

1560 4608 1606 4643 ²³
1638 4612 1823 4666 ITim.
1857 4628 1938 4679 ιιι,
1967 4613 2021 4668 8.

409 4832 484 4912 ad
510 4830 782 4912 ροτὶῃιζιη
810 4833 1030 4912 οιιριιέ
1067 4838 1125 4889 et
1153 4834 1240 4912 2t.
1264 4833 1380 4889 Cfr.
1405 4835 1833 4912 Ifrolegomena
1853 4844 2056 4895 nostra

405 4902 479 4958 ad
510 4903 820 4972 Epistolas.
857 4902 1286 4970 STClementis,
1319 4922 1380 4962 ιι.
1414 4907 1464 4960 3.

478 4969 590 5046 (62)
622 4974 711 5028 Sc.
747 4969 1053 5046 διδάξωμεν
1086 4969 1325 5038 ἑαυτούς.

479 5043 591 5116 (63)
627 5046 712 5101 Ita
741 5043 1104 5102 Jacobsonus
1157 5065 1228 5103 ex
1276 5047 1464 5103 tribus
1508 5049 1679 5103 codd.
1711 5057 1768 5105 et
1805 5059 1916 5107 vet.
1952 5053 2052 5107 in-

406 5120 686 5196 terprete.
722 5118 835 5172 Alii
869 5119 1242 5196 θυσιαστήρια.
1305 5121 1726 5196 ϐοηειὶιιιιίοηεε
1784 5125 2056 5196 apostolo-

411 5141 686 5186 wrprcw.
722 5141 835 5172 11m
869 5141 1242 5189 συσιαστηρια.
1305 5141 1726 5178 consmuuones
1784 5141 1816 5176 a
1859 5141 2054 5180 08ιοιο-

405 5203 529 5240 rum
563 5187 665 5260 lib.
701 5204 756 5256 ιι,
791 5207 840 5244 c.
873 5191 962 5257 26,
996 5191 1149 5245 hanc
1206 5192 1709 5260 comparationem
1741 5141 2054 5250 vidharum

407 5274 556 5332 cum,
574 5259 860 5332 altaribus
883 5278 916 5316 a
936 5261 1258 5332 Polycarpo
1285 5259 1566 5317 mutuataa
1599 5280 1726 5319 esse
1758 5266 2052 5322 videntur.

480 5330 596 5410 (64)
627 5335 710 5384 Ita
741 5330 1126 5410 _J‘acob_s_onus
1184 5330 1276 5410 ἐξι-
1312 5332 1442 5389 cod.
1500 5335 1681 5410 Vatic.
1740 5337 1852 5392 Alii
1897 5339 2054 5410 ἡμῶν

405 5405 707 5455 σκοπεῖται.
733 5403 848 5463 Cfr.
880 5422 895 5458 ι
927 5403 1105 5460 Clem.
1140 5404 1212 5459 ad
1239 5405 1389 5467 Con,
1421 5421 1470 5459 c.
1503 5407 1591 5459 41.

476 5472 585 5543 (65)
616 5473 703 5527 Ita
732 5475 1096 5531 Jacobsonus
1127 5491 1260 5531 cum
1289 5475 1482 5530 tribus
1521 5475 1692 5533 codd.
1727 5484 1787 5533 et
1816 5486 1928 5535 vet.
1962 5480 2054 5534 in-

405 5547 684 5622 terprete.
718 5545 865 5602 Huic
893 5546 1136 5622 lectioni
1167 5547 1345 5603 etiam
1376 5547 1680 5622 Syriacum
1711 5550 1889 5619 hujus
1918 5552 2056 5622 Epi-

407 5615 574 5689 stolis
603 5615 1004 5689 fragmentum
1052 5619 1226 5686 favet,
1286 5615 1444 5688 quod
1499 5615 1844 5686 Curetonus,
1872 5639 1929 5689 p.
1963 5615 2050 5688 34,

403 5681 535 5756 (cfr.
568 5681 789 5761 supfp.
822 5692 941 5763 154)
972 5681 1286 5749 nobiscum
1303 5681 1792 5752 communicavit.
1822 5681 1942 5752 Alii
1967 5681 2053 5750 le;

2099 4615 2146 4648 ²⁴
2178 4613 2376 4669 Matth.
2405 4629 2502 4679 xx,
2535 4614 2620 4666 28.

985 4679 1029 4716 ”
1066 4681 1092 4734 Ι
1121 4682 1250 4735 Cor.
1275 4698 1348 4750 v1,
1381 4683 1435 4748 9,
1472 4683 1558 4737 10.
1635 4681 1681 4716 '9
1712 4685 1877 4739 Rom.
1909 4701 2007 4755 ιιι,
2041 4687 2107 4741 17
2133 4704 2146 4755 ;
2176 4687 2227 4740 II
2256 4687 2385 4741 Cor.
2418 4701 2530 4750 VllI,
2558 4687 2646 4738 21.

2701 4610 2746 4646 εδ
2771 4610 3026 4681 Philipp.
3064 4627 3100 4678 1,
3126 4612 3212 4665 27.
3292 4606 3339 4642 ²⁶
3370 4608 3417 4661 ΙΙ
3449 4605 3595 4662 Tim.
3630 4622 3688 4670 ιι,
3723 4607 3811 4660 12.

2165 4843 2377 4911 gerunt
2404 4834 2456 4890 ἐν
2485 4837 2716 4911 Χριστῷ.

2236 4913 2345 4979 (66)
2385 4911 2471 4963 Ita
2497 4900 2859 4979 Jacob'sonus
2890 4904 3140 4979 e_tr_ibus
3170 4900 3340 4957 codd.

2237 4968 2351 5053 (‘67)
2378 5051 2385 5053 _
2413 4979 2748 5051 Legendum
2775 4973 3189 5053 βασιλεύσομεν
3233 4987 3383 5053 cum
3435 4968 3630 5037 codd.,
3692 4984 3814 5025 non

2168 5043 2576 5126 βαξτιλέισωιῖεν
2611 5067 2746 5126 eum
2775 5043 2942 5103 libris
2974 5043 3297 5126 impressis.
3331 5043 3449 5126 Jac.

2237 5125 2345 5193 (68)
2377 5110 2877 5193 Ita'Jacobsonus
2933 5136 3002 5193 ex
3059 5110 3248 5169 tribus
3280 5112 3448 5167 codd.
3489 5116 3547 5163 et
3577 5115 3684 5164 vet.
3722 5110 3814 5165 in-

2167 5189 2443 5264 terprete.
2480 5193 2624 5247 Male
2656 5193 2753 5247 alii
2786 5189 3200 5264 ἀνακύπτεσβαι,
3235 5198 3525 5264 emergere.

2260 5253 2349 5322 69)
2382 5265 2623 5320 Addidit
2650 5265 3008 5319 Jacobsonus
3036 5262 3142 5310 τῶν
3177 5274 3247 5311 ex
3286 5255 3414 5310 cod.
3450 5253 3630 5306 Vatic.

2263 5339 2349 5406 70)
2381 5337 2739 5408 Polycarpus
2789 5331 3049 5408 episcopi
3081 5345 3201 5408 non
3250 5327 3389 5382 facit
3420 5323 3806 5408 mentionem,

2165 5393 2383 5488 quippe
2414 5393 2536 5489 qui,
2570 5393 2927 5462 verecundia
2954 5393 3296 5472 impeditus,
3331 5413 3465 5452 eum
3496 5393 3682 5449 nollet
3711 5410 3809 5447 co-

2164 5479 2409 5534 hortari.
2443 5479 2581 5534 Vide
2611 5479 2813 5534 Bothe.
2847 5478 2979 5534 Anf.
3014 5491 3071 5534 ι).
3106 5474 3206 5526 409
3239 5487 3329 5534 μισ

2207 5479 2409 5534 ortari.
2443 5479 2581 5534 Vide
2611 5479 2813 5546 Bothe,
2847 5478 2979 5544 Anf.
3014 5491 3071 5544 p.
3106 5478 3206 5526 409
3239 5487 3329 5540 sq.

2235 5551 2347 5621 (7‘1)
2410 5551 2554 5621 Lege
2624 5548 2751 5612 τοὺς
2828 5540 3412 5614 ἀποπεπλανημένους,
3486 5537 3600 5593 nisi
3657 5537 3808 5592 forte

2165 5613 2409 5694 πρόϐάτα
2437 5613 2819 5694 intelligatur.
2851 5622 2975 5675 JUN.
