4114 6148
277 353 428 412 1011

1487 355 1551 415 S.
1597 355 2035 415 POLYCARPl
2079 356 2357 416 MARTY
2367 357 2495 417 RlS

3540 353 3698 414 1012

279 487 506 558 injusto
526 504 539 552 ;
561 487 732 557 longe
751 486 1096 542 recedentes
1114 486 1185 542 ab
1206 487 1368 542 omni
1385 489 1656 554 avaritia;
1676 506 1796 543 non
1819 489 1932 544 cito

2072 485 2254 542 ιδῖκου’
2319 488 2525 560 μακρὰν
2586 487 2734 548 ὄντες
2782 489 2958 557 πάσης
3016 484 3395 565 φιλαργυρίαςο
3457 489 3534 558 μή
3596 510 3696 542 τα-

283 577 592 632 credentes
617 575 899 632 adversus
921 577 1181 646 aliquem
1209 595 1221 644 ;
1248 594 1367 632 non
1397 579 1581 632 severi
1604 578 1854 633 nimium
1878 578 1936 633 in

276 665 811 738 judicio,scientes,
835 681 942 720 nos
965 682 1171 720 omnes
1201 665 1499 721 debitores
1530 683 1658 721 esse
1691 667 1934 737 peccati.

284 753 342 807 Si
375 767 511 825 ergo
543 753 937 826 deprecamur
989 755 1322 818 Dominum,
1355 760 1420 810 ut
1459 755 1630 810 nobis
1659 754 1936 822 dimittat,

284 841 572 897 debemus
603 848 663 898 et
679 860 787 897 nos
806 843 1103 898 dimittere
1125 841 1171 878 ³ο
1197 860 1209 908 ;
1235 859 1370 898 nam
1396 861 1594 899 coram
1625 844 1857 899 Domini
1882 849 1939 897 et

285 931 388 986 Dei
423 931 612 987 oculis
645 934 870 1000 sumus,
899 937 957 986 et
986 954 1009 984 α
1035 948 1242 987 omnes
1273 937 1407 988 ante
1441 933 1702 987 tribunal
1724 932 1938 987 Christi

284 1026 462 1087 stare,
496 1026 555 1074 et
586 1037 1074 1092 unumquemque
1108 1037 1212 1092 pro
1264 1039 1325 1076 se
1369 1022 1659 1076 rationem
1689 1021 1939 1076 reddere

283 1114 515 1181 oportet
538 1111 604 1164 3‘.
639 1133 665 1159 n
704 1110 796 1165 Sic
841 1110 1040 1181 itaque
1100 1110 1425 1165 serviamus
1456 1110 1538 1164 illi
1567 1127 1697 1165 cum
1731 1113 1938 1165 timore

283 1204 343 1254 et
360 1198 525 1252 omni
548 1199 898 1263 reverentia,
923 1199 1076 1254 sicut
1100 1201 1382 1271 praecepit
1411 1201 1558 1271 ipse,
1585 1206 1642 1255 et
1665 1199 1936 1271 apostoli,

285 1287 385 1358 qui
418 1287 589 1342 nobis
620 1287 1000 1359 Evangelium
1031 1289 1483 1354 annuntiarunt,
1518 1294 1576 1343 et
1612 1290 1938 1360 prophetae,

287 1377 388 1447 qui
445 1377 679 1431 Domini
738 1378 925 1432 nostri
983 1378 1299 1433 adventum
1371 1379 1939 1450 prmsigniﬁcarunt;

290 1465 572 1533 studiose,
612 1466 770 1536 quod
802 1466 1024 1521 bonum
1071 1473 1178 1535 est,
1215 1472 1532 1534 sectantes,
1576 1468 1941 1522 abstinentes

290 1571 326 1610 a
357 1555 652 1610 scandalis
712 1561 770 1610 et
822 1573 856 1609 a
909 1555 1074 1610 falsis
1127 1557 1410 1612 fratribus
1453 1562 1510 1610 et
1540 1557 1610 1611 ab
1645 1557 1716 1610 iis
1747 1557 1847 1626 qui
1880 1557 1941 1611 in

290 1644 590 1715 hypocrisi
622 1661 842 1698 nomen
877 1645 1114 1698 Domini
1144 1646 1364 1715 ferunt,
1402 1646 1502 1716 qui
1535 1663 1715 1701 vanos
1748 1646 1941 1700 homi-

292 1749 398 1788 nes
431 1734 492 1788 in
519 1749 782 1788 errorem
808 1733 1120 1788 inducunt.

2047 576 2190 650 χὲως
2222 576 2564 638 πιστεύοντες
2617 577 2753 631 κατὰ
2807 593 2970 638 τινος”
3035 577 3111 648 μὴ
3173 575 3448 648 ἀπότομοι
3490 573 3541 630 ἒν
3576 577 3694 650 κρί-

2047 686 2150 731 σει,
2199 662 2406 729 εἶδότες
2463 664 2546 721 ὅτι
2609 665 2799 727 πάντες
2861 664 3137 743 ὀφειλέται
3194 665 3349 736 ἐσμὲν
3406 665 3698 740 ἁμαρτίας,

2047 753 2115 810 Εἴ
2145 753 2236 808 οὖν
2271 752 2502 826 δεόμεθα
2558 759 2653 810 τοῦ
2715 754 2918 830 Κυρίου
2973 751 3064 806 ἵνα
3123 755 3260 826 ἡμῖν
3294 754 3426 833 ἁφῇ,
3469 755 3699 834 ὀφείλο-

2052 864 2144 915 μεν
2204 843 2294 897 καὶ
2352 845 2513 916 ἡμεῖς
2569 842 2796 921 ἀφιέναι·
2850 844 3099 898 ἀπὲνσντι
3158 842 3258 918 γὰρ
3305 847 3415 898 τῶν
3445 847 3541 898 τοῦ
3576 850 3697 899 Κυ-

2049 930 2167 1006 ρίου
2220 933 2310 986 καὶ
2366 935 2499 986 Θεοῦ
2568 931 3054 1006 ἑσμενόφθαλμῶν,
3127 931 3216 986 καὶ
3280 955 3300 983 ι
3358 934 3559 994 πάντας
3619 931 3704 988 δεῖ

2048 1027 2387 1095 παραστῆναι
2444 1024 2523 1092 τῷ
2581 1023 2789 1094 βήματι
2845 1023 2943 1075 τοῦ
3007 1022 3271 1091 Χριστοῦ,
3327 1021 3419 1074 καὶ
3475 1017 3703 1076 ἕκαστον

2058 1111 2071 1132 ε
2127 1110 2141 1128 \
2380 1113 2404 1124 ~
2521 1109 2532 1128 I
2758 1113 2783 1124 ~
3075 1105 3099 1125 υ
3296 1107 3323 1128 ν
3392 1107 3415 1126 λ
3559 1110 3582 1144 ,ι

2053 1129 2184 1183 υπερ
2218 1111 2409 1164 ἑαυτου
2469 1107 2633 1185 λογον
2692 1107 2898 1166 δουναι.
2936 1132 2962 1160 »ι
3022 1111 3210 1172 Ουτως
3264 1131 3354 1164 ουν
3389 1109 3701 1165 οουλεδσω-

2053 1219 2146 1272 μεν
2179 1199 2330 1270 αύτῷ
2391 1199 2525 1270 μετᾶ
2581 1193 2755 1274 φόϐου
2814 1197 2904 1252 καὶ
2961 1199 3139 1267 πάσης
3184 1193 3488 1263 εὐλαϐείας,
3521 1200 3704 1259 καθὼς

2049 1287 2212 1349 αὐτὸς
2245 1287 2567 1356 ἐνετείλατο,
2625 1287 2716 1341 καὶ
2775 1288 2826 1341 οἱ
2886 1285 3372 1362 εύαγγελισάμενοι
3421 1290 3557 1360 ἡμῖν
3588 1291 3705 1361 (72)

2050 1376 2374 1445 ἀπόστολοι,
2413 1377 2501 1430 καὶ
2563 1377 2616 1430 οἱ
2672 1383 2969 1453 προφῆται,
3031 1376 3082 1430 οἱ
3141 1377 3574 1450 προγηρύξαντες
3606 1378 3708 1446 τήν

2051 1464 2258 1520 ἔλευσιν
2306 1469 2400 1519 τοῦ
2458 1466 2662 1540 Κυρίου
2720 1469 2902 1538 ⁵ἡμῶν·
2964 1463 3208 1534 ζηλωταὶ
3266 1466 3389 1538 περῖ
3419 1466 3481 1520 τὸ
3509 1465 3705 1536 καλὸν,

2051 1549 2392 1633 ἀπεχόμενοι
2449 1559 2556 1608 τῶν
2609 1552 2926 1608 σκανδάλων
2985 1555 3077 1608 καὶ
3143 1558 3249 1609 τῶν
3311 1552 3701 1633 ψευδαδὲλιρων

2048 1645 2277 1699 καὶτῶν
2311 1641 2363 1696 ἒν
2423 1643 2703 1716 ὑποκρίσει
2759 1643 3026 1721 φερόντων
3084 1644 3146 1698 τὸ
3199 1642 3374 1714 ὄνομα
3603 1649 3702 1700 τοῦ

1973 1721 2018 1785 Β
2051 1733 2270 1808 Κυρίου,
2307 1730 2501 1794 οτίτινες
2532 1731 2886 1788 ἀποπλανῶσι
2927 1733 3112 1794 κενοὺς
3143 1733 3480 1804 ἀνθρώπους,

1105 1889 1221 1943 VII.
1253 1889 1448 1958 Fugite
1481 1890 1720 1956 Docetas,
1757 1896 1806 1945 et
1827 1896 2173 1961 perseverate
2205 1892 2261 1945 in
2281 1891 2519 1961 jejuniis
2549 1897 2599 1945 et
2632 1893 2899 1945 oratione.

363 2054 390 2081 ι(
427 2032 628 2087 Omnis
661 2032 821 2086 enim
865 2033 965 2102 qui
1025 2049 1144 2086 non
1201 2033 1508 2087 confessus
1539 2033 1718 2088 fuerit
1744 2035 1945 2088 Jesum

291 2121 591 2175 Christum
623 2121 685 2175 in
728 2137 906 2175 carne
959 2121 1212 2189 venisse,
1244 2122 1643 2176 Antichristus
1683 2127 1772 2176 est
1799 2122 1844 2155 ³³
1873 2139 1886 2188 ;
1916 2143 1943 2171 ››

290 2214 350 2263 et
380 2209 479 2278 qui
515 2225 635 2264 non
667 2209 973 2263 confessus
1017 2209 1198 2263 fuerit
1245 2209 1595 2279 martyrium
1627 2210 1838 2273 crucis,
1878 2227 1947 2264 ex

294 2297 532 2353 diabolo
565 2304 690 2362 est;
752 2302 809 2352 et
849 2299 950 2368 qui
977 2298 1226 2368 Eloquia
1278 2299 1513 2353 Domini
1547 2299 1619 2352 ad
1653 2299 1949 2354 desideria

295 2403 403 2440 sua
434 2386 782 2454 traduxerit,
815 2388 1152 2457 dixeritque
1174 2404 1284 2442 nec
1308 2388 1806 2442 resurrectionem
1839 2405 1949 2442 nec

291 2472 584 2542 judicium
613 2488 762 2539 esse,
795 2475 893 2530 hic
951 2475 1379 2546 primogenitus
1410 2481 1500 2530 est
1529 2477 1778 2530 Satanm.
1812 2477 1947 2531 ldeo

293 2561 706 2632 relinquentes
738 2564 1055 2618 vanitatem
1089 2563 1408 2618 multorum
1442 2570 1500 2618 et
1527 2564 1706 2619 falsas
1737 2564 1951 2619 doctri-

295 2666 427 2717 nas,
461 2651 533 2706 ad
569 2652 845 2708 traditam
901 2653 1073 2708 nobis
1132 2653 1204 2707 ab
1263 2653 1436 2707 initio
1492 2653 1824 2708 doctrinam
1854 2669 1951 2707 re-

293 2741 594 2794 vertamur
613 2740 679 2804 33,
713 2763 740 2790 «
771 2741 1078 2813 vigilantes
1109 2743 1171 2796 in
1205 2742 1576 2797 orationibus
1599 2742 1646 2776 3"
1671 2765 1697 2791 ››
1732 2749 1790 2797 et
1818 2759 1952 2812 per-

295 2833 634 2884 severantes
663 2830 724 2884 in
751 2831 1024 2901 jejuniis,
1060 2831 1334 2902 precibus
1375 2837 1651 2904 rogantes
1683 2831 1950 2886 omnium

294 2927 740 2989 conspectorem
779 2923 978 2982 Deum.
1015 2941 1042 2970 ‹‹
1076 2937 1151 2975 ne
1175 2938 1281 2976 nos
1301 2921 1544 2976 inducat
1573 2923 1635 2975 in
1669 2921 1949 2977 tentatio-

292 3023 431 3062 nem
452 3007 518 3076 ⁸⁵,
553 3027 580 3058 ››
615 3010 768 3063 sicut
798 3009 940 3064 dicit
972 3011 1296 3065 Dominus:
1348 3029 1378 3062 ‹ι
1412 3010 1664 3080 Spiritus
1707 3009 1950 3080 quidem

294 3102 607 3167 promptus
640 3104 748 3167 est,
783 3114 917 3152 caro
950 3105 1147 3153 autem
1179 3099 1419 3154 inﬁrma
1439 3098 1504 3153 ³⁸.
1530 3122 1550 3148 ιι

2125 2055 2153 2083 «
2193 2035 2302 2092 Ηᾶς
2350 2033 2476 2106 γὰρ,
2536 2033 2595 2093 ὅς
2655 2029 2714 2085 ἂν
2775 2033 2851 2104 μὴ
2911 2030 3188 2107 ὁμολογῇ,
3223 2035 3431 2102 Ἰησοῦν
3475 2035 3708 2108 Χριστὸν

2056 2119 2110 2174 ἐν
2170 2120 2327 2194 σαρκὶ
2386 2117 2730 2189 ἐληλυθέναι,
2788 2119 3158 2194 Ἀντίχριστος
3214 2120 3347 2176 ἐστι·
3382 2145 3411 2173 ››
3443 2123 3532 2177 καὶ
3564 2124 3624 2186 ὃς
3647 2122 3709 2177 ἃν

2061 2213 2135 2282 μή
2170 2210 2421 2283 ὁμολογῇ
2468 2211 2531 2264 τὸ
2585 2209 2880 2284 μαρτύριον
2927 2214 3023 2264 τοῦ
3073 2216 3324 2284 σταυροῦ,
3375 2209 3435 2265 ὲκ
3464 2216 3558 2266 τοῦ
3591 2210 3715 2266 δια-

2058 2294 2228 2354 ϐόλου
2289 2298 2422 2354 ἐστί’·
2483 2299 2571 2353 καὶ
2621 2300 2679 2360 ὃς
2731 2299 2790 2354 ἂν
2852 2297 3117 2374 μεθοδεύῃ
3153 2300 3219 2354 τὰ
3249 2301 3423 2376 Λόγια
3469 2306 3567 2356 τοῦ
3609 2309 3712 2357 Κυ-

2058 2387 2179 2462 ρίου
2237 2389 2374 2464 πρὸς
2427 2389 2522 2450 τὰς
2601 2387 2740 2450 ἰδίας
2826 2387 3141 2462 ἐπιθυμίας,
3195 2390 3284 2443 καὶ
3344 2387 3507 2466 λέγῃ,
3569 2394 3713 2464 μήτε

2057 2477 2342 2532 ἀνάστασιν
2393 2479 2530 2550 μήτε
2585 2477 2760 2552 κρίσιν
2811 2484 2968 2548 εἰναι,
3003 2478 3162 2538 οὗτος
3200 2479 3552 2551 πρωτότοκός
3599 2479 3712 2534 ἐστι

2055 2571 2158 2623 τοῦ
2191 2572 2416 2621 Σατανᾶ.
2453 2567 2546 2621 Διὸ
2601 2564 2992 2628 ἀπολείποντες
3051 2569 3162 2638 (74)
3217 2569 3317 2635 τήν
3375 2568 3712 2638 ματαιότητα

2056 2657 2166 2712 τῶν
2199 2653 2426 2710 πολλῶν
2477 2655 2567 2708 καὶ
2625 2655 2720 2717 τὰς
2779 2651 3308 2729 ψευδοδιδασκαλίας
3341 2658 3475 2727 (75),
3509 2657 3594 2711 ἐπὶ
3620 2658 3714 2711 τὸν

2060 2743 2111 2815 ἐξ
2172 2744 2353 2818 ἀρχῆς
2411 2746 2547 2818 ἡμῖν
2609 2741 2978 2817 παραδοθέντα
3059 2743 3220 2817 λόγον
3275 2744 3708 2820 ἐπιστρέψωμεν,

2062 2857 2090 2887 ‹‹
2124 2836 2386 2905 νήφοντες
2419 2833 2554 2906 πρὸς
2584 2834 2678 2894 τὰς
2722 2833 2912 2908 εὐχὰς,
2949 2857 2976 2884 ››
3033 2833 3124 2887 καὶ
3183 2839 3714 2909 προπαρτεροῦντες

2060 2923 2357 2992 νηστείαις,
2430 2920 2675 2991 δεήσεσιν
2762 2921 3080 2995 αῗτοὺμενοι
3161 2923 3253 2977 τὸν
3331 2924 3715 2992 παντεπόπτην

2064 3012 2216 3081 Θεὸν,
2302 3037 2329 3062 ι(
2397 3013 2470 3084 μὴ
2535 3011 2851 3086 εἰσενεγκεῖν
2929 3014 3079 3085 ἡμᾶς
3154 3012 3228 3071 εἰς
3296 3011 3610 3084 πειρασμὸν,
3673 3034 3702 3061 κ

1991 3105 2034 3170 C
2065 3101 2240 3162 καθὼς
2273 3101 2423 3155 εἶπεν
2454 3101 2480 3154 ὁ
2514 3101 2742 3174 Κύριος·
2807 3124 2834 3151 ε(
2868 3101 2943 3157 Τὸ
3004 3101 3098 3174 μὶν
3153 3103 3360 3171 πνεῦμα
3398 3100 3705 3172 πρόθυμον,

2056 3192 2091 3258 ἡ
2126 3187 2182 3244 δὲ
2216 3190 2340 3262 σὰρξ
2374 3188 2628 3260 ἀσθενής,
2675 3214 2701 3240 ››

1409 3324 1552 3378 VIII.
1583 3325 1921 3379 Perseverate
1942 3324 2001 3378 in
2030 3338 2124 3394 spe
2149 3330 2201 3378 et
2232 3323 2291 3379 in
2315 3326 2617 3395 patientia.

380 3471 793 3527 Indesinenter
845 3489 982 3545 ergo
1039 3487 1485 3545 perseveremus
1513 3475 1575 3529 in
1626 3491 1728 3546 spe
1759 3479 1960 3529 nostra

308 3567 368 3618 et
397 3563 906 3634 pignorejustitim
929 3569 1166 3630 nostras,
1193 3564 1348 3633 quod
1371 3569 1462 3618 est
1485 3565 1750 3619 Christus
1770 3565 1958 3630 Jesus,

307 3675 337 3704 ‹‹
367 3653 467 3723 qui
501 3659 742 3723 peccata
767 3659 970 3707 nostra
1000 3654 1062 3708 in
1093 3670 1342 3724 corpore
1387 3671 1492 3708 suo
1525 3671 1705 3724 super
1732 3654 1960 3726 lignum

307 3742 635 3814 pertulit",
671 3743 769 3811 qui
815 3747 1123 3813 peccatum
1173 3759 1294 3797 non
1344 3742 1500 3811 fecit,
1533 3759 1642 3797 nec
1687 3743 1962 3796 inventus

309 3839 400 3887 est
428 3832 597 3887 dolus
628 3833 689 3886 in
721 3849 822 3886 ore
848 3833 977 3903 ejus
998 3832 1084 3898 33;
1120 3856 1146 3883 »
1200 3833 1300 3888 sed
1351 3839 1591 3904 propter
1637 3851 1766 3898 nos,
1797 3838 1863 3888 ut
1901 3833 1963 3886 in

308 3922 437 3993 ipso
467 3920 728 3976 vivamus
746 3920 812 3987 3°,
847 3922 1046 3976 omnia
1092 3923 1392 3976 sustinuit.
1421 3921 1755 3976 lmitatores
1786 3921 1965 3990 igitur

312 4011 498 4066 simus
535 4010 832 4077 patientia:
865 4011 1032 4080 ejus;
1066 4017 1124 4065 et
1171 4012 1219 4064 si
1251 4012 1547 4081 patiamur
1577 4016 1820 4081 propter
1847 4026 1962 4063 no-

310 4115 451 4154 men
501 4101 631 4170 ejus
652 4101 719 4163 “,
779 4099 963 4171 gloria
1023 4099 1194 4154 illum
1251 4100 1602 4155 afﬁciamus.
1656 4100 1774 4153 Hoc
1807 4100 1964 4154 enim

314 4188 649 4260 exemplum
707 4189 879 4244 nobis
937 4189 1136 4259 posuit
1188 4190 1250 4244 in
1309 4206 1371 4244 se
1430 4191 1579 4260 ipso,
1640 4195 1697 4244 et
1746 4206 1857 4244 nos
1905 4188 1964 4242 id

316 4277 699 4333 credidimus.

2140 3471 2532 3535 Ἀδιαλείπτως
2606 3470 2696 3527 οὖν
2775 3475 3268 3546 προπαρτερῶμεν
3366 3474 3434 3543 τῇ
3537 3466 3724 3523 ἐλπίδι

2070 3566 2232 3636 ἡμῶν
2290 3563 2378 3617 καὶ
2436 3566 2517 3633 τῷ
2570 3557 2848 3635 ἆρῥαϐὣνι
2901 3567 2999 3630 τῆς
3061 3559 3410 3630 δικαιοσύνης
3450 3562 3632 3630 ἡμῶν,
3666 3556 3725 3616 3:

2071 3652 2181 3707 ἐστι
2240 3650 2474 3727 Χριστὸς
2531 3653 2766 3720 Ἰησοῦς,
2845 3674 2872 3700 ‹‹
2929 3651 2986 3710 ’ὀς
3045 3651 3330 3725 ἀνήνεγκεν
3407 3651 3568 3719 ἡμῶν
3629 3647 3728 3709 τὰς

2071 3741 2338 3815 ἅμαρτίας
2386 3745 2464 3810 τῷ
2523 3737 2644 3811 ῗδίῳ
2703 3739 2916 3811 σώματι
2975 3738 3062 3794 ἐπὶ
3119 3741 3182 3792 τὸ
3239 3737 3420 3807 ξύλον,
3454 3735 3513 3798 ὃς
3545 3738 3728 3810 ἁμαρ-

2069 3831 2186 3885 τίαν
2221 3830 2320 3885 ούκ
2350 3828 2624 3900 ἐποίησεν,
2683 3826 2807 3882 οὐδὲ
2854 3829 3042 3902 εὑρέθη
3077 3825 3242 3887 δόλος
3273 3825 3324 3880 ἐν
3374 3830 3453 3897 τῷ
3491 3828 3724 3896 στόματι

2074 3919 2258 3974 αὐτοῦ’
2327 3944 2346 3968 ι
2407 3916 2553 3972 ἀλλὰ
2613 3915 2682 3970 δι’
2771 3919 2939 3988 ἡμᾶς,
2991 3914 3082 3970 ’ίνα
3134 3918 3384 3988 ζήσωμεν
3443 3915 3496 3968 ἐν
3555 3913 3722 3983 αὐτῷ,

2072 4009 2245 4062 πάντα
2307 4006 2561 4078 ὑπέμεινε
2615 4008 2749 4079 (76).
2821 4004 3066 4078 Μιμηταὶ
3130 4003 3223 4058 οὖν
3281 4004 3564 4078 γενώμεθα
3619 4007 3723 4066 τῆς

2078 4099 2358 4169 ὑπομονῆς
2418 4094 2602 4149 αὐτοῦ·
2663 4095 2750 4148 καὶ
2811 4094 2898 4148 ἐὰν
2957 4096 3264 4168 πάσχωμεν
3297 4090 3386 4147 διὰ
3431 4093 3495 4146 τὸ
3552 4087 3726 4163 ὄνομα

2073 4187 2260 4254 αὐτοῦ,
2294 4183 2603 4255 δοξάζωμεν
2646 4187 2758 4254 (77)
2804 4183 2985 4240 αὐτόν.
3043 4184 3246 4238 Τοῦτον
3307 4182 3412 4258 γὰρ
3460 4184 3596 4254 ἡμῖν
3628 4180 3721 4234 τὸν

2078 4275 2442 4349 ὑπογραμμὸν
2504 4271 2665 4342 ἔθηκε
2712 4271 2780 4326 δι’
2839 4272 3052 4340 ἑαυτοῦ,
3083 4272 3170 4326 καὶ
3223 4273 3385 4344 ἡμεῖς
3415 4273 3576 4325 τοῦτο
3609 4272 3727 4342 (78)

2002 4357 2047 4421 D
2077 4365 2464 4438 ἐπιστεύσαμεν
2475 4408 2487 4420 .

1285 4517 1382 4574 IX.
1415 4519 1733 4573 Exerceatis
1754 4519 2088 4587 patientiam
2107 4511 2363 4583 exemplo
2393 4511 2622 4580 Ignatii,
2658 4515 2767 4565 etc.

396 4659 554 4729 Rogo
585 4657 784 4728 itaque
815 4674 919 4712 vos
969 4674 1196 4727 omnes,
1231 4666 1296 4716 ut
1343 4661 1633 4717 obediatis
1671 4661 1844 4716 verbo
1867 4661 1970 4732 ju—

393 4840 438 4875 ³ο
468 4838 636 4894 Mtth.
672 4855 747 4909 νι,
787 4843 865 4894 12.
908 4842 988 4895 14.

324 4915 388 4966 13
415 4929 427 4978 ;
459 4928 610 4977 πχνι,
643 4913 732 4965 41.

322 5001 376 5055 v,
409 4987 470 5039 41
501 4999 515 5050 ;
549 4985 571 5036 Ι
603 4983 758 5051 Petr,
792 4999 864 5049 iv,
901 4985 984 5038 16.

1067 4840 1110 4876 ³¹
1147 4843 1312 4896 Rom.
1348 4843 1699 4909 x1v,lO,l2.

397 5153 508 5224 (72)
541 5154 640 5207 Ms.
674 5151 846 5220 ἡμᾶς.

397 5223 510 5296 (‘73)
541 5225 656 5280 Cfr.
691 5225 811 5295 Ign.
872 5223 945 5278 ad
999 5223 1136 5294 Eph.
1196 5239 1246 5278 ο.
1296 5227 1364 5280 7;

329 5293 502 5366 ὄνομα
535 5293 864 5367 περιφέρειν.
897 5296 1014 5350 Lm.

399 5364 511 5437 (74)
538 5364 630 5437 ita
657 5364 943 5423 extribus
988 5364 1157 5422 codd.
1200 5367 1459 5421 restituit
1484 5365 1842 5421 Jacobsonus
1873 5382 1976 5435 pro

329 5436 908 5510 νοιιιζάπολεπόντες.
969 5439 1332 5510 Polycarpus
1386 5439 1728 5510 respexisse
1751 5437 1981 5492 videtur

332 5506 523 5581 locum
558 5510 619 5581 S._
648 5509 986 5573 Clementis,
1024 5506 1120 5581 ep.
1162 5527 1179 5563 ι
1210 5506 1283 5564 (id
1325 5506 1596 5576 Corinth.,
1630 5527 1678 5564 c.
1713 5507 1764 5562 7.

434 5583 523 5644 75)
555 5579 670 5650 Cfr.
705 5597 881 5650 supra
913 5597 963 5634 ο.
997 5583 1050 5634 2.

439 5651 526 5716 76)
558 5648 674 5704 (ΗΓ.
710 5648 831 5720 lgn.
883 5650 955 5704 ad
1011 5651 1198 5721 Polyc.
1239 5669 1289 5706 ο.
1345 5653 1415 5705 3:
1471 5648 1563 5703 τὸν
1618 5650 1752 5703 κατά
1810 5648 1983 5702 πάντα

1792 4840 1838 4875 ³⁸
1868 4841 1891 4894 I
1921 4841 2085 4896 Joan.
2119 4854 2196 4902 ιν,
2228 4840 2279 4891 3.

808 4911 854 4945 ³⁸
887 4912 1087 4966 Matth.
1122 4928 1275 4980 xxvi,
1311 4914 1372 4965 41
1406 4929 1419 4978 ;
1451 4915 1619 4968 Marc.
1655 4929 1764 4978 xxv,
1799 4914 1886 4966 38.
1957 4913 1999 4946 ³⁷
2031 4916 2055 4964 Ι
2085 4913 2241 4964 Petr,
2270 4925 2327 4973 ιι,
2361 4910 2449 4962 24.

1427 5220 1577 5295 δόλῳ
1632 5225 1857 5294 πονηρῷ
1913 5219 1975 5274 τὸ

2149 4660 2259 4730 (79)
2306 4651 2618 4730 Ηαρακαλῶ
2674 4647 2766 4708 οὖν
2827 4651 3026 4716 πάντας
3078 4651 3219 4724 ὑμᾶς
3270 4652 3587 4727 πειθαρχεῖν
3646 4651 3730 4717 τῷ

2375 4835 2422 4870 ⁸³
2450 4835 2580 4890 Jud.
2615 4837 2666 4889 3.
2761 4834 2854 4887 “I
2886 4835 3040 4888 Petr.
3081 4849 3156 4894 Iv,
3189 4836 3240 4887 7.
3346 4833 3392 4868 ³⁸
3421 4831 3620 4886 Matth.
3651 4846 3738 4893 v1,

2527 4906 2573 4941 ³⁸
2602 4906 2771 4975 Ibid.,
2805 4909 2892 4960 22.
2969 4905 3016 4940 ³9
3051 4905 3256 4960 lJoan.
3293 4921 3367 4972 ιν,
3401 4908 3453 4958 9.
3529 4902 3576 4938 ιο
3608 4906 3740 4956 Act.

2085 5147 2289 5223 τρόπον
2323 5143 2392 5200 δι’
2422 5147 2572 5223 ἡμᾶς
2604 5141 2987 5215 ὗπομείναντα.

2159 5221 2392 5290 (77)_Ita
2418 5213 2783 5273 Jacobsonus
2831 5234 2860 5272 e
2911 5215 3040 5273 cod.
3070 5213 3742 5272 Medico-Laurentiano.

2087 5286 2263 5363 Vulg;
2284 5286 2597 5363 δοξάζομεν.

2159 5356 2282 5434 (78)
2305 5356 2370 5416 ι’
2393 5356 2591 5431 τούτῳ·
2627 5361 2737 5427 vel,
2773 5361 2818 5416 si
2855 5360 3182 5415 retineatur
3211 5357 3398 5424 τοῦτο,
3445 5356 3740 5413 subintel-

2094 5435 2209 5506 lige
2241 5432 2371 5486 εἶναι
2406 5434 2594 5506 Sami.

2164 5498 2482 5577 (79)7Totus
2515 5504 2610 5558 hic
2643 5504 2806 5558 locus
2853 5519 3038 5577 usque
3091 5500 3182 5577 ad_
3203 5499 3520 5577 dilaniata
3555 5504 3645 5553 est
3678 5498 3754 5553 ab

2091 5571 2342 5632 Eusebio
2377 5577 2684 5648 repetitus,
2714 5577 2859 5631 Hist.
2893 5571 3023 5629 ecﬁcl.
3048 5589 3132 5639 ιιι,
3157 5571 3244 5628 36.
