4114 6148
437 319 593 382 1017

1558 317 1938 380 ΕΡΙΞΤΟῐιΑ
1984 322 2089 378 AD
2139 321 2733 382 PHILIPPENSES.

3689 321 3846 382 1018

434 461 526 511 tas
561 454 698 509 ﬁdei
730 459 937 509 vestra;
969 471 1002 509 a
1027 453 1317 525 principio
1348 470 1533 525 usque
1566 471 1725 509 nunc
1757 459 2086 525 permanet,
2120 456 2172 522 Α
2200 470 2387 522 mum,
2419 454 2724 510 ambulare
2756 455 2816 510 in
2843 453 3139 511 mandatis
3164 454 3395 510 Domini
3425 471 3437 521 ;
3471 460 3530 510 et
3574 459 3708 526 post
3735 454 3849 510 hoc

434 552 493 599 et
521 543 845 598 fructiﬁcat
874 543 934 596 in
969 541 1216 597 Domino
1246 544 1384 598 Jesu
1411 543 1665 612 Christo,
1695 544 1792 613 qui
1811 542 2092 597 sustinuit

438 652 541 706 pro
574 632 832 704 peccatis
864 633 1082 686 nostris
1143 650 1326 703 usque
1376 633 1448 687 ad
1507 638 1797 687 mortem:
1850 654 1877 681 «
1913 648 2090 702 quem

438 723 811 778 resuscitavit
845 724 1017 788 Deus,
1079 722 1406 776 dissolvens
1453 723 1684 777 dolores
1730 722 1941 776 inferni
1997 721 2088 774 M:

441 829 618 883 quem
651 829 784 866 cum
820 829 940 866 non
973 811 1256 877 videritis,
1291 829 1449 866 nunc
1482 811 1724 882 diligitis
1752 829 1764 876 ;
1803 811 1861 864 in
1913 827 2090 880 quem

439 917 598 956 nunc
629 916 749 955 non
782 901 1159 972 aspicientes,
1193 901 1473 966 creditis;
1525 901 1833 954 credentes
1890 905 2091 954 autem

437 990 770 1062 gaudebitis
791 989 1006 1061 gaudio
1031 989 1506 1053 inenarrabili,ct
1529 990 1823 1062 gloriﬁcat
1849 1019 1857 1036 ο
1881 987 1954 1055 l"5;
1983 1011 2010 1038 »
2031 990 2092 1044 in

438 1078 594 1150 quod
624 1079 794 1134 multi
814 1078 1157 1134 desiderant
1178 1079 1452 1146 introire;
1479 1080 1734 1133 scientes
1756 1079 1894 1149 quia
1912 1101 1938 1127 «
1960 1094 2090 1150 gra-

436 1169 518 1222 tia
547 1167 690 1223 salvi
723 1168 860 1222 facti
894 1169 1056 1235 estis,
1093 1187 1118 1219 ι
1156 1185 1277 1223 non
1311 1185 1380 1224 ex
1437 1168 1716 1239 Operibus
1763 1167 1830 1234 ⁵⁸,
1881 1167 1976 1222 sed
2028 1167 2090 1222 in

437 1255 737 1310 voluntate
767 1255 895 1322 Dei,
929 1270 1034 1326 per
1063 1256 1259 1309 Jesum
1293 1254 1612 1309 Christum.

512 1345 581 1400 II.
617 1368 642 1393 «
680 1348 922 1415 Propter
951 1343 1111 1415 quod
1142 1344 1428 1399 succincti
1489 1343 1720 1398 lumbos
1769 1347 1992 1397 vestros
2023 1342 2087 1410 ⁵⁸⁷,

445 1435 655 1490 servite
688 1435 806 1489 Deo
827 1451 960 1489 cum
987 1435 1196 1490 timore
1215 1434 1280 1495 ⁸⁸,
1307 1456 1332 1483 ››
1364 1439 1420 1488 et
1447 1435 1509 1488 in
1531 1435 1812 1499 veritate;
1845 1433 2090 1488 dimisso

435 1524 604 1578 inani
629 1523 966 1593 vaniloquio
982 1529 1040 1578 et
1063 1523 1248 1577 multo
1265 1521 1312 1557 ³9
1332 1539 1552 1579 errore.
1572 1545 1598 1572 «
1616 1521 1845 1576 Credite
1869 1538 2006 1593 ergo
2028 1521 2088 1575 in

437 1611 604 1666 illum
639 1612 738 1682 qui
782 1612 1156 1667 resuscitavit
1205 1613 1524 1666 Dominum
1573 1618 1842 1667 nostrum
1889 1612 2089 1665 Jesum

439 1702 736 1756 Christum
768 1719 837 1755 ex
871 1702 1138 1766 mortuis,
1174 1707 1230 1755 et
1261 1700 1424 1756 dedit
1477 1702 1530 1756 ei
1578 1700 1825 1772 gloriam
1855 1700 1922 1768 ⁸ο,
1962 1723 1985 1748 »›
2031 1705 2090 1754 et

439 1790 641 1844 sedem
668 1791 726 1845 in
749 1790 991 1845 dextera
1011 1807 1148 1846 sua:
1172 1791 1264 1844 cui
1289 1790 1556 1861 subjecta
1577 1797 1714 1845 sunt
1745 1789 1945 1844 omnia
1974 1806 2056 1843 cae
2121 1821 2164 1885 Β

437 1879 628 1943 lestia,
662 1885 721 1933 et
752 1879 1074 1947 terrestria,
1107 1885 1165 1934 et
1203 1879 1590 1934 subterranea
1618 1880 1658 1912 ⁶¹
1689 1896 1701 1932 ;
1736 1879 1826 1932 cui
1888 1878 2082 1933 omnis

437 1968 680 2039 spiritus
714 1968 891 2022 servit
926 1969 1062 2038 ;qui
1095 1974 1378 2022 venturus
1411 1967 1790 2038 estjudicare
1840 1967 1996 2020 vivos
2027 1971 2085 2020 et

437 2064 741 2112 mortuos:
775 2059 946 2127 cujus
978 2058 1328 2128 sanguinem
1361 2058 1625 2127 requiret
1673 2058 1828 2112 Deus
1879 2055 1951 2111 ab
1998 2057 2084 2110 eis

435 2145 536 2214 qui
569 2162 687 2198 non
720 2144 1100 2200 crediderunt
1130 2145 1191 2198 in
1222 2161 1356 2198 eum
1385 2161 1396 2198 :
1453 2144 1555 2214 qui
1615 2149 1672 2198 et
1715 2143 2086 2198 resuscitavit

435 2251 569 2288 eum
601 2251 636 2288 a
677 2235 923 2288 mortuis
953 2251 966 2288 :
1003 2234 1101 2304 qui
1138 2240 1193 2286 et
1235 2250 1342 2288 nos
1373 2233 1835 2288 resuscitaturus
1886 2238 1973 2286 est
2020 2232 2082 2286 in

433 2325 550 2378 vita
577 2322 645 2389 δ’,
680 2323 728 2376 si
759 2323 1076 2377 fecerimus
1097 2322 1460 2380 voluntatem
1485 2322 1634 2392 ejus,
1652 2327 1711 2376 et
1730 2321 2080 2376 ambulave-

435 2414 623 2467 rimus
655 2412 716 2466 in
751 2411 1044 2467 mandatis
1077 2412 1284 2482 ipsius,
1307 2418 1365 2465 et
1386 2411 1772 2466 dilexerimus
1794 2427 1924 2480 qua:
1957 2410 2080 2480 ipse

437 2502 646 2556 dilexit
672 2519 684 2556 :
721 2500 1086 2556 abstinentes
1117 2517 1224 2554 nos
1247 2499 1318 2554 ab
1338 2500 1500 2554 omni
1525 2499 1956 2570 injustitia,hoc
1971 2505 2078 2566 est,

437 2608 469 2646 a
527 2590 1028 2660 concupiscentia,
1086 2589 1158 2644 ab
1218 2589 1481 2653 avaritia,
1541 2605 1575 2643 a
1631 2587 2083 2657 detractione,a

436 2679 581 2735 falso
615 2678 993 2734 testimonio:
1060 2702 1078 2726 ι
1143 2694 1264 2732 non
1321 2675 1639 2731 reddentes
1697 2675 1918 2730 malum
1975 2693 2082 2747 pro

437 2769 615 2837 malo,
647 2774 750 2824 aut
779 2768 1060 2840 injuriam
1094 2785 1198 2838 pro
1230 2766 1453 2838 injuria
1483 2765 1552 2834 63,
1584 2791 1610 2820 ι)
1644 2772 1746 2821 aut
1775 2772 2084 2821 contume-

438 2859 578 2913 liam
610 2876 710 2929 pro
742 2857 1126 2922 contumelia,
1159 2863 1260 2912 aut
1292 2856 1675 2912 maledictum
1707 2873 1810 2926 pro
1847 2855 2084 2909 maledi-

437 2955 548 3003 cto.
586 2953 931 3004 Mementote
965 2948 1122 3019 quod
1158 2947 1442 3002 Dominus
1472 2947 1693 3002 docens
1716 2945 1898 3000 dixit:
1929 2968 1952 2997 α
1977 2947 2083 3000 Νο-

434 3038 926 3108 litejudicare,ne
945 3037 1300 3108 judicemini
1321 3055 1332 3103 ;
1356 3036 1656 3102 dimittite,
1680 3035 2083 3092 etdimittetur

431 3128 594 3182 vobis
628 3145 640 3181 :
677 3150 704 3175 »
740 3127 1129 3194 miseremini,
1166 3131 1222 3181 et
1255 3127 1541 3181 Dominus
1583 3126 1961 3181 miserebitur
1993 3144 2082 3182 ve-

2199 544 2378 598 etiam
2405 544 2685 600 mulieres
2707 550 2948 612 vestras,
2979 545 3038 598 in
3070 544 3185 598 fide
3203 561 3333 614 qua:
3356 544 3494 598 data
3516 549 3604 598 est
3651 543 3756 611 eis,
3787 548 3846 599 et

2199 632 2536 701 dilectione,
2562 638 2618 686 et
2643 634 2954 698 castitate;
2980 637 3249 687 amantes
3274 649 3412 687 suos
3427 632 3579 686 viros
3600 632 3658 684 in
3677 631 3841 685 omni

2201 722 2443 777 veritate
2467 729 2526 776 et
2545 723 2852 785 charitate,
2879 722 3196 793 diligentes
3214 739 3421 776 omnes
3445 719 3752 792 aequaliter
3783 720 3844 775 in

2201 812 2361 865 omni
2395 812 2775 866 continentia.
2823 817 2881 866 et
2911 811 3064 866 ﬁlios
3098 810 3332 865 erudire
3365 811 3426 864 in
3449 809 3765 880 disciplina
3789 815 3848 862 et

2203 900 2412 955 timore
2447 901 2568 956 Dei.
2606 901 2803 956 Vidua)
2837 918 2968 956 vero
3001 900 3230 972 pudica)
3250 900 3406 954 circa
3432 899 3607 953 ﬁdem
3635 899 3731 952 Dei
3759 899 3846 952 in-

2200 989 2516 1060 terpellent
2544 991 2913 1044 incessanter
2942 1007 3045 1060 pro
3069 989 3345 1044 omnibus
3371 1007 3382 1043 :
3417 988 3765 1058 elongantes
3782 1003 3842 1042 se

2200 1077 2270 1132 ab
2304 1079 2578 1134 omnibus
2601 1078 2912 1134 diabolicis
2932 1077 2977 1114 ⁸⁸
3008 1077 3562 1145 detractionibus,et
3583 1076 3728 1130 falso
3763 1082 3846 1130 te-

2201 1167 2500 1232 stimonio,
2533 1173 2592 1222 et
2621 1168 2692 1222 ab
2725 1168 2886 1222 omni
2919 1167 3074 1222 malo
3102 1183 3114 1232 ;
3148 1171 3572 1238 cognoscentes
3598 1165 3843 1236 seipsas,

2200 1256 2339 1326 quia
2369 1262 2507 1311 sunt
2537 1257 2862 1312 sacrarium
2909 1257 3043 1322 Dei;
3105 1257 3386 1326 quoniam
3438 1254 3642 1310 omnia
3691 1255 3842 1308 Deus

2198 1345 2502 1418 prospicit,
2537 1351 2596 1400 et
2625 1345 2772 1400 nihil
2804 1363 2940 1401 eum
2972 1345 3116 1400 latet
3144 1361 3156 1410 ;
3182 1361 3375 1415 neque
3408 1343 3705 1416 cogitatio,
3739 1358 3842 1396 ne-

2199 1452 2312 1505 que
2343 1435 2730 1503 conscientia,
2763 1451 2954 1505 neque
2987 1434 3224 1505 aliquod
3259 1433 3522 1489 abditum
3555 1432 3770 1487 cordis.

2271 1525 2329 1578 V.
2367 1525 2631 1580 Scientes
2663 1541 2799 1596 ergo
2831 1524 2972 1594 quia
3001 1548 3028 1573 ‹‹
3065 1525 3218 1578 Deus
3252 1539 3370 1577 non
3399 1521 3702 1576 deridetur
3721 1519 3786 1587 ‘9,
3815 1542 3844 1569 ››

2199 1613 2484 1668 debemus
2515 1613 2687 1684 digne
2721 1614 2780 1667 in
2814 1612 3106 1667 mandatis
3138 1613 3288 1680 ejus,
3320 1616 3378 1665 et
3407 1610 3593 1682 gloria
3637 1608 3844 1664 ambu-

2197 1701 2338 1757 lare.
2376 1702 2663 1757 Similiter
2693 1702 2926 1756 diaconi
2952 1700 3342 1771 inculpabilcs
3365 1700 3485 1753 sint
3515 1699 3573 1752 in
3602 1713 3842 1767 conspe-

2198 1799 2293 1845 ctu
2317 1791 2568 1863 justitiae
2600 1792 2749 1861 ejus,
2783 1791 2934 1844 sicut
2961 1788 3063 1844 Dei
3095 1794 3150 1842 et
3181 1787 3394 1842 Christi
3455 1786 3733 1849 ministri,
3782 1790 3842 1840 et

2193 1897 2313 1934 non
2343 1880 2656 1935 hominum
2684 1897 2697 1947 ;
2730 1896 2850 1934 non
2879 1879 3311 1944 criminatores,
3334 1893 3527 1946 neque
3552 1876 3840 1930 detracto-

2193 1986 2309 2037 res,
2342 1986 2536 2040 neque
2567 1971 2722 2024 avari
2751 1987 2763 2034 ;
2796 1967 2898 2023 sed
2930 1968 3134 2022 omnia
3165 1967 3506 2033 tolerantes,
3540 1965 3600 2018 in
3642 1963 3840 2017 omni-

2193 2058 2303 2112 bus
2332 2059 2769 2126 misericordes,
2802 2058 3117 2129 diligentes
3139 2057 3198 2110 in
3223 2053 3840 2122 omnibus,ambulan-

2195 2152 2282 2200 tes
2314 2147 2374 2202 in
2407 2148 2650 2202 veritate
2683 2147 2938 2214 Domini,
2971 2145 3069 2217 qui
3093 2145 3282 2200 factus
3311 2149 3399 2198 est
3422 2143 3693 2197 minister
3713 2157 3839 2195 om-

2194 2235 2360 2290 nium
2387 2255 2400 2302 ;
2435 2237 2528 2291 cui
2561 2236 2608 2290 si
2640 2236 3118 2307 complaceamus
3139 2234 3183 2267 το
3215 2233 3273 2286 in
3303 2233 3414 2287 hoc
3436 2230 3668 2294 saeculo,
3702 2246 3840 2300 per-

2194 2325 2482 2396 cipiemus
2511 2342 2578 2380 ea
2609 2343 2740 2395 qua)
2767 2325 2962 2380 futura
2996 2328 3170 2386 sunt;
3203 2321 3530 2376 secundum
3556 2318 3713 2389 quod
3745 2334 3839 2372 re-

2193 2415 2466 2485 promisit
2502 2414 2854 2469 resuscitare
2888 2430 2996 2467 nos
3028 2429 3061 2466 a
3095 2411 3361 2477 mortuis,
3387 2410 3511 2464 etsi
3559 2408 3731 2478 digne
3765 2423 3832 2462 eo

2193 2504 2519 2558 conversati
2542 2504 2854 2572 fuerimus,
2874 2508 2932 2558 et
2951 2504 2998 2557 si
3031 2501 3478 2563 crediderimus,
3505 2513 3831 2570 conregna-

2193 2593 2388 2648 bimus
2420 2610 2552 2648 cum
2595 2609 2683 2648 eo.
2715 2594 2966 2648 Iuvenes
2996 2590 3268 2645 similiter
3299 2587 3686 2658 inculpabiles
3718 2587 3836 2641 sint

2193 2684 2254 2737 in
2285 2682 2558 2737 omnibus
2584 2699 2597 2748 ;
2631 2698 2869 2736 omnem
2900 2679 3295 2752 ignorantiam
3327 2677 3370 2711 ⁷¹
3418 2675 3837 2749 ριέενὶἁθιιῐθε,

2192 2771 2560 2826 refrenantes
2593 2789 2653 2826 se
2684 2770 2756 2826 ab
2793 2771 2956 2825 omni
2986 2769 3164 2824 malo.
3200 2769 3428 2822 Bonum
3451 2772 3541 2822 est
3566 2766 3723 2819 enim
3743 2763 3842 2818 ab-

2192 2861 2378 2916 scindi
2401 2861 2473 2916 ab
2500 2860 2776 2916 omnibus
2793 2858 3290 2930 concupiscentiis
3314 2853 3837 2919 mundi.Quoniam

2191 2950 2386 3004 omnis
2415 2950 2899 3020 concupiscentia
2951 2947 3292 3002 «adversus
3349 2945 3620 3015 spiritum
3678 2942 3835 2996 mili-

2191 3045 2276 3094 tat
2294 3041 2340 3073 ⁷²
2369 3055 2382 3105 ;
2419 3062 2445 3088 »
2478 3039 2617 3110 quia
2650 3060 2672 3090 ι
2700 3055 2893 3108 neque
2915 3037 3452 3104 fornicarii,neque
3479 3031 3709 3096 molles,
3733 3047 3834 3086 ne-

2191 3146 2304 3199 que
2334 3128 2736 3183 masculorum
2759 3126 3194 3191 concubitores,
3227 3139 3474 3196 regnum
3508 3121 3608 3176 Dei
3641 3119 3836 3191 possi-

432 3215 558 3272 stri.
593 3238 618 3264 ‹‹
649 3215 774 3278 Qua
804 3215 962 3269 enim
994 3231 1276 3269 mensura
1305 3214 1495 3268 mensi
1529 3213 1778 3277 fueritis,
1804 3215 2078 3268 remetie-
2119 3189 2160 3254 (ἶ
2191 3219 2416 3273 dabunt
2441 3219 2508 3286 73,
2544 3241 2571 3267 ››
2598 3235 2792 3288 neque
2824 3217 3033 3272 illicita
3061 3215 3367 3270 facientes.
3397 3214 3643 3281 Propter
3673 3207 3832 3279 quod

435 3308 530 3358 tur
562 3303 768 3358 eadem
801 3303 964 3358 vobis
993 3302 1062 3360 ⁶⁴.
1101 3327 1121 3355 ι
1160 3305 1229 3356 Et
1261 3303 1418 3373 quod
1449 3302 1673 3357 dictum
1706 3308 1830 3357 est:
1857 3326 1882 3352 ‹‹
1923 3303 2082 3358 Beati

434 3409 725 3464 pauperes
755 3393 987 3463 spiritu,
1021 3397 1079 3447 et
1103 3393 1204 3463 qui
1249 3392 1726 3463 persecutionem
1778 3391 2084 3464 patiuntur

435 3487 677 3553 propter
699 3481 1032 3552 justitiam:
1068 3481 1350 3550 quoniam
1383 3480 1644 3552 ipsorum
1700 3485 1786 3535 est
1833 3497 2079 3553 regnum

435 3574 717 3629 caelorum
747 3573 813 3627 ⁸⁵.
848 3593 876 3621 ››

501 3665 600 3719 Ill.
634 3665 765 3718 Haec
796 3665 1017 3725 autem,
1052 3661 1262 3716 fratres
1295 3661 1432 3724 mei,
1463 3677 1582 3716 non
1613 3677 1647 3716 a
1678 3661 1905 3732 meipso
1965 3661 2075 3715 im-

430 3769 645 3824 perans
675 3751 742 3822 6⁸,
778 3751 970 3806 scribo
998 3749 1159 3804 vobis
1189 3749 1262 3805 de
1313 3749 1549 3821 justitia
1578 3770 1592 3816 ;
1642 3749 1744 3804 sed
1794 3750 2076 3820 quoniam

422 3859 523 3897 vos
546 3841 927 3913 provocastis.
959 3842 1207 3910 Propter
1231 3838 1388 3910 quod
1413 3854 1607 3909 neque
1638 3855 1761 3910 ego,
1780 3856 1971 3910 neque
2006 3839 2080 3893 si-

421 3932 582 3986 milis
612 3931 764 3986 alius
797 3929 936 3996 mei,
960 3929 1179 4000 poterit
1211 3928 1378 3998 sequi
1430 3927 1780 3999 sapientiam
1835 3928 1989 3983 beati
2021 3935 2078 3983 et

423 4021 662 4092 gloriosi
700 4018 857 4074 Pauli
885 4038 898 4086 ;
934 4017 1032 4088 qui
1065 4018 1177 4072 fuit
1205 4016 1360 4087 apud
1393 4033 1518 4086 vos,
1559 4023 1617 4071 et
1646 4017 1802 4071 visus
1858 4021 1946 4071 est
1976 4033 2070 4071 se-

427 4109 687 4166 cundum
719 4108 928 4163 faciem
956 4107 1092 4174 illis,
1126 4106 1224 4176 qui
1259 4111 1396 4159 tunc
1451 4111 1639 4169 erant,
1689 4105 2066 4160 hominibus:

423 4200 524 4268 qui
558 4198 758 4254 docuit
787 4197 1115 4252 certissime
1145 4203 1320 4265 atque
1353 4193 1683 4248 ﬁrmissime
1706 4193 1947 4248 verbum
1972 4210 2067 4248 ve-

421 4288 651 4342 ritatis:
686 4287 786 4358 qui
819 4292 877 4341 et
906 4285 1122 4340 absens
1155 4284 1392 4354 scripsit
1420 4282 1582 4336 vobis
1630 4283 1944 4354 epistolas;
1992 4284 2065 4340 ad

419 4394 564 4448 quas
597 4376 1020 4444 deflectamini,
1048 4379 1112 4428 ut
1130 4373 1371 4443 possitis
1403 4371 1683 4427 mdiﬁcari
1708 4372 1768 4426 in
1796 4371 1908 4426 ﬁde
1933 4389 2064 4442 quas

421 4467 553 4522 data
584 4472 674 4522 est
701 4466 888 4533 vobis,
923 4481 1053 4535 qua)
1089 4469 1178 4518 est
1209 4467 1398 4517 mater
1455 4462 1721 4516 omnium
1770 4467 2059 4529 nostrum,

2189 3307 2476 3362 abstineri
2509 3312 2742 3378 oportet
2771 3305 2843 3361 ab
2876 3304 3151 3361 omnibus
3182 3303 3292 3357 his.
3328 3299 3586 3371 Subjecti
3648 3301 3836 3352 estote

2187 3398 2549 3470 presbyteris
2579 3403 2637 3452 et
2661 3396 3104 3464 diaconis,sicut
3129 3395 3244 3448 Deo
3277 3397 3336 3445 et
3361 3390 3611 3445 Christo.
3646 3387 3836 3459 Virgi-

2186 3502 2312 3553 nes,
2342 3487 2724 3542 immaculata
2755 3490 2812 3540 et
2841 3489 3004 3540 casta
3029 3479 3390 3538 conscientia
3430 3476 3746 3533 ambulate.

2258 3577 2345 3632 VI.
2378 3576 2713 3648 Presbyteri
2748 3573 3044 3646 simplices
3076 3573 3216 3633 sint,
3248 3569 3310 3622 in
3341 3566 3617 3622 omnibus
3644 3565 3827 3619 mise-

2182 3664 2464 3729 ricordes,
2488 3682 2697 3721 omnes
2718 3663 2790 3720 ab
2811 3678 3008 3718 errore
3030 3661 3460 3720 convertentes,
3493 3670 3699 3710 omnes
3731 3653 3827 3707 in-

2182 3754 2385 3809 ﬁrmos
2413 3751 2967 3820 visitantes,viduas
3025 3755 3081 3804 et
3130 3746 3386 3820 pupillos
3435 3749 3492 3798 et
3531 3759 3820 3814 panperes

2175 3859 2296 3898 non
2319 3843 2708 3916 negligentes;
2733 3840 2836 3896 sed
2854 3855 3126 3911 sempem
3150 3834 3525 3908 providentes
3548 3833 3702 3887 bona
3721 3847 3820 3886 co-

2173 3949 2300 3988 ram
2333 3934 2449 3987 Deo
2482 3937 2539 3986 et
2567 3930 2910 3986 hominibus
2939 3927 3006 3982 Ἠ.
3036 3951 3064 3979 »
3096 3925 3401 3981 Abstinete
3432 3940 3531 3978 vos
3562 3921 3635 3976 ab
3655 3921 3816 3976 omni

2176 4021 2504 4090 iracundia,
2536 4040 2568 4075 ιι
2590 4020 2816 4091 judicio
2849 4019 3095 4089 injuste,
3128 4016 3296 4086 longe
3331 4013 3402 4068 ab
3435 4011 3595 4066 omni
3627 4009 3816 4066 avari-

2176 4111 2256 4166 tia
2273 4115 2456 4166 estote
2488 4128 2499 4164 :
2527 4127 2647 4165 non
2671 4110 2786 4164 cito
2815 4105 3204 4164 consentiatis
3226 4103 3504 4158 adversus
3534 4101 3816 4172 aliquem,

2175 4217 2248 4255 ne
2277 4199 2742 4272 prmvaricemini
2771 4198 2828 4252 in
2851 4197 3078 4269 judicio
3103 4213 3117 4263 ;
3151 4194 3406 4248 scientes
3429 4191 3568 4262 quia
3595 4189 3819 4244 debito-

2173 4303 2269 4342 res
2299 4304 2503 4342 sumus
2535 4285 2779 4357 peccati.
2814 4285 2869 4338 Si
2904 4300 3038 4356 ergo
3061 4283 3451 4354 deprecamur
3473 4278 3814 4345 Dominum,

2172 4381 2236 4430 ut
2267 4376 2439 4430 nobis
2469 4376 2762 4440 dimittat;
2797 4374 3081 4429 debemus
3104 4372 3284 4428 etiam
3309 4365 3812 4425 nosdimittere".

2170 4469 2321 4520 Ante
2345 4469 2724 4536 conspectum
2749 4464 2909 4518 enim
2923 4462 3228 4518 oculorum
3253 4460 3734 4523 Dominisumus;
3760 4460 3819 4510 et

421 4558 819 4629 subsequente
839 4573 962 4627 spe,
985 4553 1358 4627 praecedente
1382 4551 1720 4622 dilectione,
1748 4569 1878 4623 quae
1897 4557 1986 4607 est
2006 4553 2067 4608 in
2099 4552 2146 4616 D
2179 4577 2205 4603 ‹‹
2240 4571 2446 4609 omnes
2478 4559 2712 4625 oportet
2739 4558 2932 4608 astare
2962 4556 3096 4607 ante
3153 4548 3414 4606 tribunal
3463 4547 3699 4612 Christi,
3756 4549 3814 4599 et

421 4649 560 4717 Deo,
595 4655 652 4702 et
682 4648 743 4701 in
775 4647 1027 4712 Christo,
1061 4650 1120 4699 et
1168 4645 1228 4698 in
1273 4643 1564 4714 proximo.
1617 4643 1672 4696 Si
1722 4644 1882 4697 enim
1932 4642 2062 4712 quis

424 4735 635 4791 horum
670 4735 1031 4790 intrinsecus
1062 4732 1325 4803 repletus
1355 4731 1535 4786 fuerit
1564 4731 1861 4787 mandatis
1883 4731 2064 4804 justi-

421 4826 538 4894 tiaa,
572 4830 631 4879 et
655 4823 932 4878 habuerit
977 4821 1379 4890 dilectionem,
1421 4819 1592 4892 longe
1649 4826 1739 4874 est
1780 4819 1852 4875 ab
1901 4820 2062 4876 omni

417 4920 679 4986 peccato.

485 5005 572 5057 ιν.
609 5001 975 5072 Principium
1035 5005 1235 5055 autem
1295 4999 1565 5054 omnium
1624 4999 1917 5054 malorum
1977 5006 2066 5056 est

419 5093 680 5147 avaritia.
717 5091 933 5146 Scitote
977 5105 1137 5159 ergo,
1198 5088 1337 5158 quia
1389 5109 1416 5136 ‹‹
1449 5087 1602 5141 nihil
1648 5089 1962 5145 intulimus
2001 5092 2062 5146 in

415 5184 573 5237 hunc
593 5180 1106 5249 mundum,neque
1126 5179 1358 5232 auferre
1373 5194 1688 5248 possumus
1706 5176 1771 5230 ⁸⁷.
1794 5201 1822 5227 ››
1853 5181 2062 5235 Arme-

416 5290 552 5329 mur
568 5272 750 5328 armis
762 5270 1012 5343 justitia;
1034 5287 1047 5336 ;
1073 5273 1132 5323 et
1161 5267 1479 5324 doceamus
1510 5267 1908 5339 nosmetipsos
1937 5267 2062 5340 pri-

481 5399 530 5432 5‘
559 5403 686 5454 Act.
718 5415 775 5463 ιι,
808 5399 896 5452 24.
975 5395 1020 5428 ⁸⁵
1053 5395 1070 5450 l
1103 5395 1257 5449 Petr.
1293 5411 1328 5461 1,
1362 5395 1412 5447 8.
1518 5393 1564 5428 ⁵⁸
1595 5392 1806 5464 Ephes.
1842 5409 1905 5462 ιι,
1935 5397 1988 5460 8,
2020 5399 2072 5450 9.

409 5471 456 5504 ⁸ο
492 5473 508 5526 ι
542 5473 694 5524 Petr.
731 5487 766 5530 ι.
799 5473 886 5522 21.
963 5468 1007 5502 ⁸⁸
1038 5465 1293 5537 Philipp.
1318 5481 1378 5530 ιι,
1415 5466 1498 5519 10.

411 5541 460 5575 ⁸⁵
491 5543 690 5596 Matth.
727 5559 776 5606 v,
805 5542 856 5610 3,
891 5541 992 5605 10;
1027 5538 1160 5592 Luc.
1200 5535 1282 5610 vi,
1332 5539 1420 5610 20.
1470 5604 1480 5610 _
1536 5535 1580 5570 ⁸⁸

415 5612 462 5684 ῖο
491 5613 564 5667 al.
590 5613 737 5684 huic
765 5604 817 5684 si
843 5604 1177 5684 placemus.
1249 5604 1565 5684 ""hixvoiac.

417 5683 508 5743 47.
586 5683 632 5720 ⁷⁵
660 5677 869 5741 Matth:
893 5697 966 5753 Vl,
999 5681 1087 5750 12,
1119 5680 1208 5736 14.
1282 5677 1329 5714 ⁷⁸

1626 5538 1670 5604 f.
1726 5537 2074 5607 impetraris.

1577 5463 1726 5519 “at.
1759 5465 1834 5519 ad
1865 5467 1949 5520 vel
1979 5468 2039 5522 in
2068 5468 2269 5523 vitam.

1643 5607 1687 5639 τ’
1721 5609 1918 5679 lPetr.
1952 5626 2007 5679 ιι,
2045 5611 2127 5664 ll.

1410 5694 1529 5741 om.
1561 5694 1680 5746 xiv,
1713 5678 1799 5748 10,
1834 5678 1902 5741 12
1930 5678 2060 5756 βῑΙΙ
2089 5682 2220 5740 Cor.
2250 5697 2308 5751 ν,
2342 5685 2430 5742 10.

2177 4660 2662 4714 unumquemque
2693 4660 2798 4714 pro
2831 4659 2892 4698 se
2934 4643 3227 4697 rationem
3284 4637 3532 4694 reddere
3563 4637 3626 4690 ⁷⁸.
3663 4656 3691 4685 ››
3725 4634 3818 4689 Sic

2176 4749 2310 4805 ergo
2331 4733 2652 4788 serviamus
2680 4732 2730 4786 ei
2758 4749 2893 4788 cum
2916 4732 3148 4800 timore,
3178 4734 3236 4785 et
3258 4728 3420 4784 omni
3445 4724 3775 4781 reverentia
3799 4739 3813 4790 ;

2176 4822 2502 4877 secundum
2534 4821 2691 4892 quod
2749 4821 3291 4893 evangelizaverunt
3337 4816 3510 4871 nobis
3563 4809 3816 4885 apostoli

2174 4911 2428 4981 Domini,
2473 4917 2530 4965 et
2585 4910 2888 4982 prOphetaa
2938 4907 3442 4964 annuntiaverunt
3496 4903 3815 4958 adventum

2174 5001 2406 5056 Domini
2437 5000 2625 5055 nostri
2655 5000 2790 5054 Jesu
2820 4999 3035 5054 Christi
3065 5015 3078 5052 :
3112 4996 3368 5051 zelantes
3407 4993 3600 5056 bona;
3633 4989 3816 5044 absti-

2172 5096 2385 5145 nentes
2414 5106 2450 5144 a
2478 5087 2794 5153 scandulis,
2823 5092 2881 5142 et
2935 5087 3102 5141 falsis
3148 5083 3446 5146 fratribus,
3501 5085 3560 5135 et
3602 5078 3703 5149 qui
3753 5076 3814 5130 in

2174 5179 2532 5252 hypocrisim
2561 5181 2798 5249 portant
2827 5192 3048 5230 nomen
3078 5172 3334 5242 Domini,
3385 5170 3487 5242 qui
3540 5168 3817 5224 aberrare

2172 5269 2397 5324 faciunt
2425 5270 2632 5324 inanes
2671 5266 2964 5322 homines.

2178 5397 2220 5435 ⁸⁷
2251 5398 2274 5450 Ι
2305 5398 2458 5452 Petr.
2494 5416 2530 5464 ι,
2573 5397 2658 5450 13.
2761 5392 2808 5428 ⁸⁸
2837 5391 2987 5446 Psal.
3020 5408 3086 5456 ιι,
3123 5395 3206 5446 tt.
3310 5389 3358 5423 ⁵⁸
3383 5391 3430 5457 f.
3463 5384 3811 5441 multorum.

2178 5485 2244 5496 ...η
2348 5467 2446 5496 est
2480 5471 2613 5496 ηηι..
2777 5468 2808 5496 ο
2906 5462 2953 5496 64
2985 5463 3158 5496 Mlth
3217 5478 3286 5496 νη
3346 5463 3364 5496 Δ
3401 5480 3414 5493 .
3451 5458 3563 5496 Iun
3618 5473 3666 5496 m
3720 5456 3788 5496 2‘7

2178 5485 2269 5523 Lm.
2348 5467 2394 5502 ⁸³
2423 5469 2446 5522 Ι
2478 5456 2631 5523 Ρέίιι.
2664 5483 2745 5532 ιιι,
2777 5468 2829 5520 9.
2906 5462 2953 5496 ⁶⁴
2985 5463 3184 5517 Matth.
3217 5478 3312 5530 vn,
3346 5456 3416 5525 ti;
3450 5458 3585 5513 Luc.
3618 5473 3688 5525 vi,
3720 5456 3813 5510 3’7.

2178 5539 2224 5574 ⁸⁷
2269 5540 2292 5592 I
2339 5540 2474 5596 Tim.
2520 5556 2599 5604 νι,
2649 5542 2700 5593 7.
2815 5534 2864 5569 ⁸⁸
2912 5527 3250 5601 διαϐολικῆς.
3367 5532 3425 5604 "7
3461 5528 3580 5586 Gal.
3634 5544 3708 5594 v1,
3761 5529 3814 5582 7.

2234 5609 2280 5643 73
2311 5611 2334 5664 Ι
2365 5614 2495 5666 Cor.
2528 5603 2599 5682 vi,
2632 5613 2682 5664 9.
2724 5611 2808 5662 to.
2903 5606 2949 5641 “²⁴
2979 5607 3029 5660 ΙΙ
3058 5607 3187 5663 Cor.
3220 5619 3340 5673 v1",
3372 5603 3434 5658 21
3464 5619 3479 5672 ;
3513 5603 3680 5658 Rom.
3716 5612 3815 5670 xu,
