4114 6148
271 324 428 387 1019

1471 316 1535 380 S.
1581 316 1944 380 POLYCAR
1958 319 2028 380 PI
2078 321 2126 380 Si
2140 323 2180 379 A
2197 320 2484 383 RTYRIS

3529 313 3685 376 10αο

346 460 463 513 VII.
494 479 516 508 κ
542 460 748 515 Omnts
773 455 934 511 enim
958 455 1054 526 qui
1071 469 1190 510 non
1212 453 1743 508 conﬂteturJesum
1768 452 1933 507 Chri-
1958 456 2006 522 Α
2043 459 2108 509 ut
2133 454 2480 511 abstineatis
2512 455 2584 510 ab
2615 452 2878 519 avaritia,
2913 456 2972 507 et
3000 450 3128 506 sitis
3158 449 3302 506 casti
3334 453 3394 503 et
3423 463 3682 503 veraces.

271 553 431 605 stum
454 547 513 601 in
547 561 721 601 carne
751 545 1006 607 venisse,
1037 542 1134 596 hic
1165 541 1563 596 Antichristus
1590 546 1680 595 est
1700 538 1782 607 77;
1825 564 1838 589 ›
1869 547 1929 595 et

271 637 373 707 qui
411 651 529 691 non
559 634 875 690 confitetur
920 632 1267 703 martyrium
1318 630 1530 697 crucis,
1585 647 1656 685 ex
1688 629 1927 684 diabolo

270 732 396 792 est;
430 730 489 779 et
520 725 621 795 qui
653 722 968 779 deviaverit
1001 721 1239 791 eloquia
1286 718 1521 775 Domini
1567 719 1640 774 ad
1689 719 1930 791 propria

272 814 590 877 desideria,
623 819 682 868 et
710 812 925 868 dixerit
952 827 1145 882 neque
1177 811 1701 878 resurrectionem,
1732 827 1927 881 neque

266 900 563 972 judicium
595 917 724 954 esse
750 920 763 968 ;
798 899 895 953 hic
925 897 1356 970 primogenitus
1385 902 1474 953 est
1502 898 1753 954 Satanm.
1788 900 1927 952 Pro-

270 995 405 1063 pter
425 989 583 1061 quod
607 988 1013 1059 relinquentes
1037 988 1357 1042 vanitatem
1374 987 1718 1056 multorum,
1739 992 1797 1041 et
1814 986 1924 1042 fal-

275 1095 371 1136 sas
402 1078 722 1142 doctrinas,
757 1076 831 1132 ad
858 1076 1008 1132 illud
1039 1076 1200 1147 quod
1231 1076 1518 1132 traditum
1552 1082 1642 1131 est
1690 1075 1862 1131 nobis
1893 1091 1929 1130 a

273 1168 569 1242 principio
591 1167 831 1222 verbum
859 1166 1448 1224 revertamur.Sobrii
1473 1167 1659 1221 simus
1699 1165 1761 1221 in
1794 1180 1929 1219 ora-

272 1257 539 1314 tionibus
568 1254 636 1327 78,
653 1255 887 1329 jejunia
918 1255 1275 1323 tolerantes;
1306 1261 1364 1311 et
1395 1253 1928 1327 supplicationibus

272 1355 544 1424 petentes
567 1350 834 1405 omnium
860 1354 1299 1421 perspectorem
1314 1349 1653 1416 Dominum,
1673 1370 1699 1397 α
1722 1363 1796 1401 ne
1818 1362 1928 1401 nos

274 1439 519 1495 inducat
548 1439 609 1494 in
641 1439 1032 1494 tentationem
1064 1436 1149 1505 79;
1184 1459 1211 1487 η
1245 1437 1573 1493 secundum
1601 1435 1761 1507 quod
1783 1435 1929 1490 dixit

274 1529 565 1585 Dominus
594 1546 607 1584 :
639 1553 667 1579 «
702 1528 953 1600 Spiritus
983 1528 1222 1599 quidem
1272 1532 1582 1599 promptus
1632 1532 1740 1593 est,
1792 1541 1927 1580 caro

277 1624 476 1674 autem
508 1618 747 1673 infirma
774 1618 836 1670 '°.
884 1639 912 1667 »

349 1708 490 1763 VIII.
526 1706 945 1761 Indeﬁcienter
975 1721 1112 1778 ergo
1147 1704 1467 1760 toleramus
1489 1709 1732 1776 propter
1763 1718 1929 1775 spem

276 1803 541 1853 nostram
574 1802 634 1851 et
660 1796 873 1869 pignus
904 1795 1176 1866 justitiae,
1211 1794 1367 1865 quod
1400 1800 1488 1849 est
1543 1796 1712 1850 Iesus
1760 1793 1929 1848 Chri-

275 1892 441 1951 stus;
477 1906 506 1935 ‹‹
541 1884 641 1955 qui
675 1883 917 1939 sustulit
944 1888 1185 1955 peccata
1212 1889 1418 1938 nostra
1446 1885 1505 1938 in
1539 1899 1788 1953 corpore
1823 1898 1928 1937 suo

275 1974 697 2047 superlignum
724 1990 737 2040 ;
763 1973 863 2043 qui
890 1978 1197 2043 peccatum
1223 1989 1343 2027 non
1366 1972 1934 2041 fecit,necinventus

280 2069 372 2119 est
401 2062 573 2117 dolus
605 2063 667 2116 in
705 2077 805 2117 ore
837 2063 966 2133 ejus
995 2061 1062 2127 ⁸⁸,
1097 2082 1124 2110 »
1159 2060 1263 2115 sed
1294 2066 1535 2133 propter
1565 2077 1674 2115 nos
1734 2061 1936 2115 omnia

285 2151 587 2219 sustinuit,
620 2154 688 2207 ut
716 2151 979 2206 vivamus
1008 2149 1069 2204 in
1102 2151 1251 2221 ipso.
1290 2151 1620 2206 Imitatores
1642 2167 1779 2224 ergo
1807 2149 1935 2204 effi-

288 2243 516 2298 ciamur
542 2240 873 2296 tolerantia)
903 2240 1031 2312 ejus
1060 2256 1074 2295 :
1109 2245 1186 2307 et,
1221 2240 1268 2295 si
1310 2240 1468 2311 passi
1510 2240 1801 2296 fuerimus
1830 2255 1935 2311 pro

286 2333 529 2388 nomine
562 2332 709 2402 ejus,
733 2330 1134 2403 gloriﬁcemus
1162 2330 1448 2385 eum.lloc
1468 2330 1628 2386 enim
1651 2330 1823 2385 nobis
1845 2330 1935 2384 in-

285 2421 509 2477 dicium
540 2421 740 2492 posuit
777 2419 849 2474 de
882 2419 1115 2491 seipso;
1161 2424 1219 2474 et
1250 2435 1357 2474 nos
1390 2420 1500 2474 hoc
1550 2419 1935 2477 credidimus.

355 2510 453 2564 IX.
489 2511 648 2580 Rogo
680 2507 859 2581 igitur
888 2524 988 2562 vos
1019 2523 1226 2562 omnes
1256 2508 1533 2563 insistere
1564 2507 1741 2563 verbo
1756 2508 1940 2579 justi-

286 2599 385 2652 tiaa
417 2602 476 2653 et
503 2597 828 2669 patientiae,
862 2613 1041 2667 quam
1073 2602 1130 2651 et
1155 2596 1390 2652 oculata
1423 2597 1537 2652 fide
1561 2596 1939 2666 vidistis,uon

284 2687 480 2742 solum
502 2687 561 2741 in
590 2686 953 2742 beatissimis
975 2686 1097 2741 illis
1117 2687 1342 2758 Ignatio
1366 2691 1423 2741 et
1444 2687 1670 2741 Zozimo
1686 2690 1744 2740 et
1765 2686 1938 2752 Rufo,

288 2775 391 2831 sed
413 2781 473 2831 et
497 2776 556 2830 in
583 2775 718 2831 aliis
745 2776 844 2847 qui
869 2791 939 2830 ex
957 2775 1121 2830 vobis
1158 2781 1316 2843 sunt,
1345 2778 1402 2829 et
1421 2776 1482 2830 in
1504 2776 1635 2848 ipso
1657 2774 1857 2842 Paulo,
1884 2780 1943 2829 et

290 2866 520 2920 cmteris
539 2864 824 2936 apostolis
844 2881 857 2918 :
877 2862 1243 2919 conﬁdentes
1265 2863 1405 2935 quia
1428 2863 1489 2918 hi
1512 2879 1720 2919 omnes
1737 2879 1856 2917 non
1881 2863 1940 2916 in

288 2971 534 3010 vacuum
568 2958 959 3009 cucurrerunt
987 2951 1056 3020 ⁸³,
1078 2953 1181 3008 sed
1200 2954 1258 3008 in
1284 2952 1401 3008 fide
1423 2953 1764 3025 etjustitia;
1790 2957 1849 3008 et
1867 2951 1942 3007 ad

289 3043 555 3100 debitum
588 3042 699 3098 sibi
727 3042 923 3098 locum
964 3058 999 3097 a
1025 3043 1072 3077 ⁸⁸
1104 3042 1370 3105 Domino,
1404 3042 1499 3096 cui
1533 3048 1590 3097 et
1647 3040 1941 3113 compassi

287 3140 444 3198 sunt,
480 3133 794 3199 abierunt;
820 3133 961 3202 quia
991 3148 1111 3186 non
1135 3132 1245 3187 hoc
1267 3131 1551 3187 saculum
1580 3131 1937 3197 dilexerunt,

289 3223 392 3278 sed
423 3240 557 3278 eum
591 3223 692 3294 qui
719 3238 824 3293 pro
850 3221 999 3293 ipsis
1031 3228 1088 3276 et
1118 3238 1224 3293 pro
1257 3221 1430 3277 nobis
1448 3226 1718 3277 mortuus
1735 3225 1839 3285 est
1879 3226 1938 3275 et
1977 3202 2020 3268 (ἶ

289 3329 322 3367 a
356 3313 470 3366 Deo
502 3311 911 3366 resuscitatus.

362 3402 429 3457 X.
465 3401 528 3455 In
562 3400 655 3455 his
688 3417 824 3473 ergo
855 3403 1027 3463 state,
1060 3406 1119 3455 et
1149 3400 1379 3455 Domini
1413 3400 1717 3471 exemplar
1741 3400 1941 3472 sequi-

292 3492 478 3559 mini;
513 3491 667 3546 firmi
700 3491 762 3545 in
794 3490 909 3545 fide
964 3494 1022 3543 et
1069 3489 1496 3557 immutabiles,
1548 3489 1941 3545 fraternitatis

291 3584 608 3647 amatores,
640 3580 952 3649 diligentes
978 3579 1254 3648 invicem,
1304 3578 1364 3633 in
1418 3580 1662 3635 veritate
1712 3579 1938 3635 sociati,

291 3671 811 3728 mansuetudinem
826 3668 1057 3724 Domini
1081 3668 1350 3724 alterutri
1375 3674 1727 3740 praestantes
1741 3668 1944 3735 ",nul-

294 3762 418 3816 tum
451 3761 867 3832 despicientes.
901 3760 1045 3813 Cum
1077 3757 1327 3829 potestis
1351 3757 1727 3823 benefacere,
1755 3757 1940 3812 nolite

295 3852 535 3907 differre
563 3868 575 3905 :
609 3850 751 3922 quia
783 3868 807 3899 α
844 3848 1220 3920 eleemosyna
1253 3848 1325 3902 de
1358 3852 1547 3903 morte
1578 3848 1793 3902 liberat
1819 3845 1884 3900 ⁸⁵.
1912 3867 1940 3895 ››

296 3942 513 3997 Omnes
543 3939 705 3995 vobis
736 3936 987 3993 invicem
1014 3937 1266 4009 subjecti
1298 3941 1485 3993 estote
1512 3955 1525 4006 ;
1579 3960 1606 3987 ‹‹
1632 3950 1943 3992 conversa-

296 4032 521 4087 tionem
554 4035 809 4085 vestram
849 4028 1439 4101 irreprehensibilem
1489 4026 1773 4082 habentes
1804 4024 1851 4060 ⁸⁸
1880 4025 1942 4080 in

300 4120 577 4194 gentibus
608 4119 688 4186 '7;
737 4141 756 4167 ι
795 4122 860 4173 ut
889 4134 958 4172 ex
988 4116 1160 4172 bonis
1192 4116 1471 4187 operibus
1502 4116 1709 4171 vestris
1740 4120 1798 4168 et
1844 4131 1945 4169 vos

296 4209 535 4266 laudem
566 4207 957 4280 accipiatis,et
976 4205 1261 4261 Dominus
1283 4206 1345 4261 in
1364 4205 1527 4261 vobis
1547 4221 1665 4260 non
1681 4202 1948 4275 blasphe-

297 4304 509 4354 metur.
548 4320 575 4347 ‹‹
611 4299 708 4353 Vas
740 4302 938 4352 autem
971 4294 1081 4361 illi,
1116 4311 1222 4366 per
1253 4311 1429 4366 quem
1464 4309 1680 4349 nomen
1715 4291 1948 4348 Domini

296 4387 745 4458 blasphematur
772 4384 839 4439 ³⁸.
866 4406 894 4435 ››
915 4384 1304 4439 Sobrietatem
1331 4398 1466 4456 ergo
1497 4382 1703 4438 docete
1718 4397 1947 4452 omnes,

298 4477 361 4531 in
394 4491 512 4545 qua
543 4479 600 4528 et
628 4490 729 4528 vos
760 4472 1214 4528 conversamini.

374 4566 469 4627 XI,
498 4562 683 4617 Nimis
706 4561 1085 4660 contristatus
1109 4576 1237 4660 sum
1265 4577 1370 4631 pro
1395 4559 1661 4660 Yalente,
1687 4559 1951 4660 qui‘pre-
1982 4557 2028 4623 D

303 4654 503 4726 sbyter
535 4651 720 4707 factus
752 4654 843 4704 est
897 4647 1217 4719 aliquando
1271 4648 1425 4719 apud
1476 4663 1614 4713 vos;
1661 4646 1820 4719 quod
1867 4647 1951 4701 sic

302 4744 533 4817 ignoret
553 4742 603 4795 is
626 4738 821 4795 locum
845 4738 945 4810 qui
974 4737 1145 4792 datus
1168 4741 1258 4791 est
1278 4737 1352 4791 ei.
1386 4738 1591 4791 Moneo
1617 4736 1818 4806 itaque
1849 4750 1950 4790 vos

376 4858 423 4893 ’⁷⁷
462 4860 485 4914 Ι
515 4859 679 4915 Joan.
725 4873 794 4916 tv.
827 4856 878 4910 3.
955 4852 1003 4888 ⁷³
1028 4855 1049 4909 Ι
1079 4853 1236 4908 Petr.
1270 4870 1343 4919 1v,
1375 4857 1426 4907 7.
1504 4852 1550 4887 τ’
1579 4853 1755 4908 Matth
1814 4868 1889 4920 vi,
1924 4855 1937 4905 l

376 4949 443 4975 ιη
478 4948 531 4975 n,
572 4932 655 4975 46-
731 4926 779 4963 ⁸³
810 4928 886 4975 αι.
919 4940 1075 4975 cum.
1174 4922 1223 4959 ⁸⁸
1251 4925 1326 4975 αι.
1361 4928 1809 4975 nrmsentantes.
1918 4923 1937 4956 '

2096 4849 2141 4882 ⁸ο
2170 4847 2369 4902 Matth.
2403 4864 2555 4915 xxvx,
2594 4845 2683 4901 41.

2052 4921 2135 4975 )1).
2167 4936 2271 4975 xu.
2302 4922 2355 4974 9.
2456 4916 2504 4952 ⁸⁸
2536 4917 2613 4972 al.
2643 4933 2683 4971 ct

2039 4937 2135 4975 OD.
2167 4937 2271 4979 XII.
2302 4937 2355 4974 ν.

301 4932 445 5005 lipp.
478 4948 536 4998 ιι,
572 4932 655 4984 16.
731 4926 779 5005 ⁸1
810 4928 886 5005 a_l.
919 4940 1075 5005 cum.
1104 4997 1121 5005 -
1155 4922 1223 5005 ξι
1251 4925 1326 5005 at.
1360 4928 1809 5005 praesen-tantes.

302 4995 490 5060 u‘l'su,
523 4995 618 5073 ut,
653 5005 723 5067 5;
760 5002 800 5054 l.
831 5001 1017 5105 Isgnat.
1038 4997 1122 5078 .ᾱά
1153 4995 1324 5051 Τταιι.
1358 4995 1411 5050 8.

302 5076 345 5105 ι.
372 5078 393 5105 ι
422 5078 534 5105 ρ..-
586 5090 638 5105 ...
694 5075 727 5105 ο
822 5071 846 5105 ο
904 5068 1133 5105 ῡιυιιηη
1190 5084 1204 5105 1
1303 5067 1348 5102 οδ
1377 5084 1410 5105 α

298 5076 345 5116 ³³
372 5078 394 5132 I
422 5078 552 5133 Cor.
586 5071 661 5137 vi,
694 5075 747 5131 ἢ.
822 5071 846 5107 ⁹

297 5166 339 5216 ι,
374 5151 424 5204 1.
501 5144 549 5184 θ’
582 5148 603 5200 l
631 5136 775 5204 Tim.
811 5159 873 5212 ιι,
907 5144 958 5201 2.
1040 5136 1072 5177 ι’
1091 5136 1294 5205 Matth.
1326 5156 1381 5209 v,
1406 5140 1496 5196 44.
1574 5138 1596 5173 ³
1623 5141 1658 5209 f
1680 5136 1874 5194 nobis.

375 5265 451 5338 (6)
498 5267 561 5319 In
601 5263 851 5317 omnibus
918 5257 1186 5338 Ecclesiis,
1229 5272 1359 5338 gul
1417 5256 1589 5312 Dem
1640 5254 1770 5338 sal?
1823 5259 1953 5308 tunc

301 5326 667 5407 cognoverant
691 5346 866 5407 [ηοε-
878 5336 1075 5407 autem
1090 5326 1339 5407 nondum
1358 5341 1704 5407 noveramus.
1725 5326 1837 5377 Per
1854 5340 1952 5380 nos

299 5398 694 5477 Polycarpum
724 5399 1323 5477 intelligit__Usserius.
1373 5398 1484 5477 Ego
1538 5398 1948 5466 Smyrnenses.

304 5469 447 5531 Vide
481 5469 605 5531 can.
641 5480 687 5530 3.
725 5483 853 5529 Cor.
887 5469 956 5514 ἐ-
987 5474 1088 5527 Nos
1119 5475 1301 5525 autem
1327 5469 1575 5522 nondum
1608 5481 1949 5521 noveramus.

300 5546 529 5602 Vixisse
552 5536 654 5601 his
684 5545 878 5599 verbis
909 5560 972 5597 se
1002 5543 1221 5608 innuit,
1255 5555 1390 5594 cum
1432 5555 1571 5594 suas
1620 5537 1835 5592 Paulus
1878 5536 1950 5591 ad

299 5618 594 5675 Ecclesias
626 5616 867 5687 scripsit
893 5613 1197 5685 epistolas,
1235 5610 1373 5664 licet
1401 5609 1691 5687 nondum_
1718 5608 1952 5662 Christo

302 5704 528 5751 nomen
556 5679 835 5744 dedisset.
868 5679 1064 5756 A'quo
1096 5689 1387 5754 tempore,
1430 5697 1566 5740 cum
1622 5679 1955 5738 ad-annum

901 5004 1017 5053 nat.
1047 4997 1122 5051 ad
1153 4995 1324 5051 Trall.
1358 4993 1411 5050 Β.
1512 4996 1559 5031 ⁸⁸
1587 4997 1611 5049 ι
1641 4997 1842 5050 Thess.
1876 5008 1929 5053 v.

901 5068 1154 5197 Philipﬁ.
1190 5084 1226 5122 ι.
1303 5067 1348 5102 ⁰⁴
1376 5068 1452 5122 al.
1486 5072 1762 5173 ves'tram.
1806 5063 1887 5147 f5
1916 5065 1937 5121 Ι

907 5144 958 5197 2.
1040 5144 1058 5177 ¹
1146 5138 1294 5197 atth.
1326 5156 1381 5197 ν.
1406 5140 1496 5196 44.
1624 5141 1658 5197 f
1680 5136 1874 5194 nobis.

2052 5038 2053 5043 η
2164 4993 2211 5026 ⁹⁰
2237 4993 2448 5062 Ephes.
2480 5005 2536 5058 ν,
2563 4993 2599 5042 5
2626 5005 2641 5054 ε
2672 4993 2793 5042 Col.
2825 5002 2916 5051 ιιι,
2947 4993 3001 5039 5.
3104 4993 3150 5019 νι
3180 4993 3256 5038 αι.
3290 4993 3433 5047 Quis
3462 4993 3714 5054 ignorat.

2054 5106 2067 5119 .
2102 5080 2181 5132 1v,
2213 5065 2267 5119 5.
2342 5060 2391 5096 ⁹⁶
2419 5061 2632 5132 Ephes.
2667 5075 2739 5128 iv,
2770 5060 2861 5114 26.
2939 5054 2984 5090 9"
3007 5055 3083 5114 at.
3105 5053 3445 5111 crediderit.
3522 5053 3567 5089 ⁹³
3591 5052 3716 5110 Gal.

2036 567 2064 595 «
2089 545 2395 601 Abstinete
2416 563 2516 602 vos
2537 546 2611 602 ab
2628 544 2791 601 omni
2814 542 2969 599 malo
2987 541 3054 598 ⁸⁸.
3082 564 3109 591 ››
3131 540 3237 606 Qui
3272 545 3472 595 autem
3506 539 3566 593 in
3590 537 3687 592 his

2036 651 2158 690 non
2180 640 2376 707 potest
2396 653 2456 691 se
2479 635 2828 707 gubernare,
2862 649 2977 705 quo
3012 630 3184 687 modo
3208 629 3307 685 alii
3332 627 3690 701 pronuntiat

2037 724 2151 780 hoc
2172 725 2199 778 ‘?
2215 725 2270 779 Si
2295 727 2429 797 quis
2450 742 2571 781 non
2596 724 2950 780 abstinuerit
2979 739 3040 778 se
3064 721 3137 777 ab
3155 720 3420 786 avaritia,
3452 717 3525 773 ab
3557 716 3691 771 ido-

2036 812 2277 870 lolatria
2307 815 2791 886 coinquinabitur
2818 813 2887 883 9°,
2920 818 2978 869 et
3000 818 3282 882 tanquam
3304 809 3462 864 inter
3482 814 3689 880 gentes

2029 903 2418 977 judicabitur.
2452 904 2560 970 Qui
2592 910 2788 960 autem
2820 904 3094 976 ignorant
3138 901 3183 937 ’ί
3226 899 3524 972 judicium
3573 898 3688 952 Do-

2036 995 2234 1051 mini?
2260 1022 2283 1043 α
2310 998 2399 1051 An
2419 995 2743 1066 nescimus,
2776 995 2876 1067 qui
2909 993 3096 1050 sancti
3126 991 3416 1048 mundum
3453 989 3690 1060 judica-

2038 1084 2293 1142 bant“?
2319 1110 2344 1135 ι»
2369 1086 2522 1143 sicut
2552 1085 2770 1142 Paulus
2802 1085 2990 1141 docet.
3025 1086 3142 1157 Ego
3173 1088 3369 1138 autem
3398 1080 3550 1136 nihil
3573 1080 3691 1136 tale

2038 1174 2196 1228 sensi
2220 1173 2280 1228 in
2298 1172 2584 1243 vobis,vel
2617 1172 2834 1243 audivi,
2859 1172 2920 1227 in
2944 1170 3158 1242 quibus
3182 1166 3689 1225 laboravitbeatus

2037 1263 2275 1333 Paulus,
2309 1265 2409 1335 qui
2441 1263 2584 1320 estis
2616 1264 2677 1318 in
2707 1261 2999 1335 principio
3051 1258 3316 1332 epistolas
3350 1258 3479 1330 ejus
3507 1255 3573 1313 9’.
3608 1257 3689 1311 De

2036 1353 2201 1408 vobis
2233 1354 2454 1409 etenim
2484 1353 2772 1426 gloriatur
2802 1353 2863 1407 in
2891 1350 3166 1407 omnibus
3225 1347 3522 1413 Ecclesiis,
3557 1363 3690 1417 quae

2037 1442 2223 1497 Deum
2254 1442 2394 1497 solas
2426 1447 2568 1498 tunc
2587 1443 2983 1514 cognoverant
3010 1456 3023 1506 ;
3058 1455 3167 1494 nos
3188 1441 3387 1492 autem
3417 1433 3691 1490 nondum

2037 1547 2390 1587 noveramus
2421 1531 2518 1605 (6).
2554 1530 2726 1586 Valde
2760 1545 2916 1603 ergo,
2947 1528 3183 1591 fratres,
3207 1525 3528 1581 contristor
3581 1539 3690 1594 pro

2037 1619 2142 1676 illo
2165 1625 2222 1675 et
2236 1638 2342 1693 pro
2360 1619 2616 1692 conjuge
2647 1617 3023 1690 ejus,quibus
3055 1617 3153 1671 det
3173 1615 3460 1670 Dominus
3490 1611 3691 1684 pumi-

2039 1711 2288 1764 tentiam
2320 1725 2518 1764 veram
2549 1708 2612 1761 “.
2643 1706 2833 1762 Sobrii
2862 1721 2998 1776 ergo
3032 1708 3217 1760 estote
3248 1707 3307 1757 et
3328 1719 3429 1757 vos
3460 1701 3523 1756 in
3552 1700 3689 1767 hoc,

2040 1803 2245 1853 etnon
2279 1798 2431 1853 sicut
2460 1797 2732 1853 inimicos
2777 1796 2928 1851 tales
2968 1794 3338 1861 existimetis,
3385 1790 3488 1847 sed
3540 1790 3693 1845 sicut

2038 1886 2346 1958 passibilia
2371 1886 2638 1941 membra
2660 1889 2717 1940 et
2739 1884 2998 1939 errantia
3019 1899 3119 1938 eos
3138 1884 3428 1947 revocate,
3461 1884 3527 1934 ut
3557 1895 3682 1934 om-

2035 1976 2203 2031 nium
2231 1982 2487 2031 vestrum
2519 1991 2732 2045 corpus
2762 1973 3019 2028 salvetis.
3051 1972 3169 2026 Hoc
3210 1970 3371 2025 enim
3423 1973 3690 2040 agentes,

2036 2083 2136 2123 vos
2168 2067 2327 2139 ipsos
2358 2065 2685 2121 mdiﬂcatis.

2108 2157 2225 2211 XII.
2259 2155 2500 2211 Confido
2533 2156 2694 2211 enim
2724 2172 2819 2210 vos
2853 2154 3006 2210 bene
3039 2151 3396 2207 exercitatos
3448 2165 3578 2204 esse
3634 2148 3696 2203 iu

2042 2245 2223 2301 sacris
2253 2244 2491 2312 litteris,
2527 2250 2583 2299 et
2612 2243 2759 2298 nihil
2795 2260 2896 2298 vos
2927 2242 3109 2309 latet,
3144 2239 3288 2295 mihi
3338 2242 3537 2293 autem
3570 2253 3689 2292 non

2041 2339 2129 2389 est
2160 2349 2507 2389 concessum
2530 2332 2727 2389 modo.
2752 2335 2822 2388 Ut
2843 2332 2938 2387 his
2960 2329 3280 2401 Scripturis
3302 2327 3525 2383 dictum
3558 2331 3648 2381 est
3682 2341 3695 2379 :

2041 2445 2069 2472 ‹‹
2100 2422 2457 2492 Irascimini,
2491 2427 2550 2478 et
2573 2420 2759 2477 nolite
2792 2436 3037 2493 peccare
3068 2417 3135 2473 9'.
3171 2440 3199 2467 ››
3232 2418 3338 2482 Et;
3380 2438 3409 2466 «
3447 2415 3544 2471 Sol
3575 2429 3695 2469 non

2043 2511 2274 2568 occidat
2331 2528 2510 2584 super
2557 2509 2926 2566 iracundiam
2984 2514 3239 2567 vestram
3296 2504 3362 2561 '°.
3402 2528 3421 2553 ι
3486 2505 3701 2559 Beatus

2044 2602 2145 2673 qui
2171 2600 2514 2657 meminerit
2542 2598 2609 2668 97,
2639 2598 2799 2672 quod
2833 2615 2937 2671 ego
2996 2596 3171 2653 credo
3223 2611 3352 2651 esse
3401 2595 3463 2650 in
3513 2594 3698 2648 vobis.

2044 2694 2198 2748 Deus
2227 2696 2425 2747 autem
2460 2696 2516 2746 et
2544 2693 2721 2746 Pater
2747 2690 2981 2745 Domini
3018 2688 3203 2743 nostri
3225 2688 3365 2742 Jesu
3398 2684 3701 2752 Christi,et

2044 2782 2170 2854 ipse
2202 2781 2605 2853 sempiternus
2628 2779 2918 2844 Pontifex,
2946 2779 3045 2833 Dei
3072 2776 3276 2841 Filius,
3302 2775 3571 2830 Christus
3598 2774 3697 2829 Je-

2045 2887 2164 2939 sus,
2200 2869 2457 2925 aedificet
2476 2887 2578 2925 vos
2601 2869 2662 2923 in
2684 2869 2798 2923 fide
2821 2872 2880 2923 et
2896 2868 3162 2934 veritate,
3188 2870 3245 2920 et
3265 2865 3327 2919 in
3353 2863 3514 2918 omni
3533 2878 3701 2917 man-

2044 2958 2384 3022 suetudine,
2418 2963 2477 3013 et
2497 2959 2625 3013 sine
2646 2956 2975 3018 iracundia,
3011 2961 3069 3010 et
3090 2955 3151 3009 in
3170 2953 3457 3025 patientia
3482 2956 3539 3007 et
3570 2951 3700 3005 lon-

2044 3048 2391 3122 ganimitate
2419 3053 2476 3103 et
2507 3047 2826 3103 tolerantia
2857 3050 2916 3099 et
2945 3044 3255 3109 castitate;
3286 3047 3344 3097 et
3384 3040 3480 3096 det
3535 3038 3695 3093 vobis

2053 3141 2272 3192 sortem
2294 3141 2353 3191 et
2372 3141 2601 3208 partem
2630 3135 2788 3190 inter
2808 3140 3044 3188 sanctos
3069 3138 3296 3198 suos,et
3315 3129 3486 3185 nobis
3506 3126 3697 3182 vobis-

2049 3244 2207 3295 cum,
2241 3231 2300 3281 et
2329 3225 2609 3282 omnibus
2640 3224 2741 3295 qui
2775 3227 2914 3279 sunt
2943 3221 3051 3276 sub
3084 3219 3251 3286 coelo,
3286 3220 3385 3291 qui
3418 3216 3698 3274 credituri

2048 3320 2188 3372 sunt
2218 3316 2278 3370 in
2310 3314 2629 3371 Dominum
2661 3318 2929 3369 nostrum
2960 3312 3162 3365 Jesum
3193 3308 3494 3364 Christum
3553 3311 3610 3361 et
3640 3305 3701 3360 in

2047 3404 2234 3477 ipsius
2258 3405 2515 3465 Patrem,
2542 3424 2570 3451 «
2595 3401 2695 3471 qui
2715 3398 3087 3455 resuscitavit
3110 3412 3242 3451 eum
3265 3413 3299 3451 a
3324 3394 3652 3451 mortuis”.
3672 3415 3700 3444 »

2046 3494 2159 3547 Pro
2192 3491 2471 3547 omnibus
2501 3489 2723 3545 sanctis
2754 3492 2936 3543 orate.
2974 3486 3148 3541 Orate
3179 3485 3359 3539 etiam
3404 3500 3510 3555 pro
3546 3482 3702 3554 regi-

2047 3581 2156 3635 bus
2188 3586 2246 3634 et
2292 3576 2682 3649 potestatibus
2741 3579 2798 3629 et
2854 3571 3226 3644 principibus
3256 3571 3321 3636 '9,
3356 3577 3534 3640 atque
3593 3588 3700 3640 pro

2046 3665 2537 3740 persequentibus
2558 3668 2617 3718 et
2645 3660 2985 3717 odientibus
3016 3675 3116 3712 vos
3152 3661 3195 3725 ³,
3226 3662 3287 3711 et
3311 3674 3415 3728 pro
3436 3656 3699 3710 inimicis

2047 3755 2237 3811 crucis
2262 3756 2360 3819 ;ut
2379 3753 2603 3807 fructus
2633 3755 2825 3805 vester
2842 3746 3194 3804 manifestus
3216 3746 3292 3800 sit
3311 3746 3373 3799 in
3401 3743 3696 3813 omnibus,

2044 3848 2110 3900 ut
2140 3843 2268 3898 sitis
2299 3842 2358 3896 in
2391 3841 2493 3896 illo
2526 3839 2794 3913 perfecti.

2117 4020 2264 4076 XIII.
2298 4017 2628 4090 Scripsistis
2677 4015 2833 4090 mihi,
2974 4013 3143 4090 Apud
3185 4009 3500 4090 Itysebiugz,
3553 4009 3702 4090 Hist.

2051 4099 2110 4147 et
2140 4107 2240 4147 vos
2270 4097 2329 4145 et
2356 4080 2638 4159 Ignatius,
2678 4093 2764 4159 ut,
2789 4087 2837 4142 si
2916 4080 3060 4142 eccl.
3079 4100 3165 4159 In.
3192 4085 3278 4159 3_6.
3304 4112 3369 4159 -τ-
3395 4080 3706 4159 Ἐγ-ρῇψαιςέ

2054 4164 2189 4238 quis
2209 4150 2841 4238 vaditadSyriam,de-
2922 4175 3017 4226 μοι
3073 4153 3165 4238 ξιὶ
3218 4152 3373 4238 epsit;
3540 4150 3711 4238 ςὶλγνάξ,

2054 4220 2204 4313 ferat
2230 4235 2457 4313 litteras
2485 4220 2669 4313 meas,
2694 4220 2842 4313 quas
2919 4220 3058 4294 Ῑτιος,
3088 4223 3179 4313 Eva
3204 4220 3426 4313 fiv'nc
3457 4220 3709 4313 ἀπέρχῃ,

2054 4305 2251 4362 fecero
2283 4305 2354 4360 ad
2393 4322 2515 4374 vos,
2542 4304 2590 4358 si
2624 4293 2846 4359 habue-
2920 4293 3177 4374 musici
3200 4293 3423 4374 anlav,
3456 4367 3471 4374 _
3497 4293 3713 4374 καῖξᾶ

2054 4379 2242 4433 rimus
2274 4365 2513 4447 tempus,
2553 4380 2834 4447 opportu-
2910 4367 3039 4443 παρ’
3065 4367 3637 4447 ὑμῶν-(Νξορρξωῐνιιε

2055 4466 2224 4510 num.
2257 4450 2377 4503 sive
2397 4434 2663 4518 lego.seu
2685 4445 2838 4517 lega-
2916 4434 3044 4512 cap.
3082 4434 3169 4518 1:9,
3218 4434 3713 4518 tuast—Momm:

2058 4529 2155 4602 tus
2182 4508 2358 4591 quem
2379 4508 2595 4599 misero
2619 4534 2726 4587 pro
2745 4508 2843 4571 ἴτο-
2917 4508 3331 4639 στι-γὲἀμιτιᾳτω
3368 4508 3501 4597 ξπερ
3542 4508 3714 4595 ποιή-

2061 4592 2172 4639 bis-
2225 4594 2301 4639 (Ἡ
2356 4587 2645 4639 Epistolas
2694 4603 2836 4639 sane
2915 4591 3037 4639 σω(
3084 4582 3125 4639 l.
3176 4602 3265 4636 εαν
3317 4574 3474 4634 λαϐω
3522 4598 3711 4639 καιρου

2618 4574 2645 4643 ἐ
2694 4603 2836 4642 sane
2915 4574 2993 4657 σῷ
3024 4574 3137 4656 (8),’
3172 4574 3265 4657 ’ἐᾴν
3317 4574 3481 4657 ᾏάβώ
3522 4577 3711 4657 ascripti”

2060 4647 2832 4732 Igtiatii,'qum_transmissaa
2912 4647 3150 4732 eteae»,
3182 4650 3451 4732 ε’ἰτεέχὼ,
3505 4647 3711 4726 6716-8;

2062 4716 2202 4788 sitm
2252 4716 2416 4786 vobis
2447 4730 2471 4765 ε
2501 4730 2573 4785 ab
2624 4745 2716 4796 eo,
2767 4734 2826 4783 et
2899 4716 3104 4799 πέμψω
3137 4716 3553 4797 ’πριτϐεὖσὸντα
3617 4716 3715 4799 καὶ

2789 4840 2833 4877 ³¹
2867 4843 2894 4897 I
2921 4843 3079 4897 Petr.
3114 4859 3177 4907 ιι,
3207 4842 3295 4907 24,
3328 4839 3417 4896 22.
3510 4839 3559 4875 ⁸²
3590 4839 3717 4896 Phi.

2456 4916 2504 4952 ⁸⁸
2536 4910 2613 4972 ἀι.
2643 4914 3112 4971 considerantes.
3214 4910 3261 4947 ⁸⁷
3294 4912 3318 4964 Ι
3347 4913 3501 4965 Petr.
3539 4928 3593 4977 ιι,
3630 4914 3716 4964 12.

2164 4990 2211 5026 ⁹⁰
2237 4991 2448 5062 Ephes-
2480 5005 2536 5062 ι,
2563 4989 2599 5042 5
2626 5005 2641 5054 ε
2672 4987 2794 5062 Col:
2819 5002 2916 5062 μιν
3051 5055 3063 5062 .
3104 4982 3150 5019 ⁹¹
3180 4983 3262 5062 at:
3290 4982 3433 5062 Qui?
3462 4983 3714 5062 i820?!-

2063 5267 2252 5321 usque
2281 5249 2493 5304 Christi
2527 5250 2650 5321 169.
2676 5263 2793 5321 quo
2814 5242 3167 5321 martyrium
3193 5240 3595 5321 subiit,_vi_tam
3616 5240 3720 5296 ille

2064 5312 2446 5394 produxerit;
2481 5312 2805 5394 admodum
2827 5312 3361 5394 longaivumjllum
3394 5313 3575 5367 fuisse
3608 5329 3714 5394 ne-

2063 5383 2227 5449 Eesse
2259 5399 2368 5451 est.
2400 5383 2472 5446 de
2502 5406 2620 5462 quo
2650 5392 2709 5444 in
2761 5383 3124 5462 Prmtoquio,
3175 5383 3614 5462 _S_m_yrnaaorum
3647 5383 3721 5438 de

2065 5480 2309 5535 excessu
2342 5454 2537 5535 ipsius.
2557 5459 2827 5535 Epistolas
2860 5454 3130 5535 praellae,
3163 5454 3449 5511 diximus.
3485 5457 3684 5511 Usssn.

2135 5538 2209 5603 (7)
2239 5528 2500 5599 Photius,
2535 5528 2979 5603 Biblioth.,cod.
3016 5528 3141 5603 126.

2134 5595 2217 5676 (‘8')
2274 5605 2358 5660 Ῥἁ
2417 5595 2543 5676 πάρ’
2597 5603 2752 5676 ὑμῶν
2813 5598 3131 5676 ᾁποκρμίσῃ
3176 5595 3516 5676 Δγράιςιίμέιιιτςκ,
3586 5596 3723 5676 ὃέερ

2066 5666 2308 5748 κολάσω.
2338 5676 2455 5734 Pro
2485 5666 2662 5748 ὑμῶν’,
2691 5675 2756 5732 in
2777 5666 3117 5745 Nlceph'oro'
3135 5673 3197 5724 et
3209 5666 3580 5741 quibusdam
3608 5666 3724 5729 Eni
3810 5689 3818 5696 -
