4114 6148
334 320 484 382 ίο23
952 279 956 283 ⁷
1528 318 1591 378 s.
1639 317 2080 380 POLYGABPI
2123 314 2531 376 MARTYRIS
3580 313 3737 372 4024

326 454 426 524 qui
461 453 714 508 omniaa
744 453 804 504 Β.
830 453 1052 507 Joanne
1084 455 1234 520 acta,
1253 457 1537 522 tanquam
1560 451 1690 522 ejus
1711 449 1973 520 discipu-
2002 450 2051 514 Α
2084 448 2337 520 gravius,
2376 447 2748 514 accedamus,
2781 445 2939 516 quod
2989 445 3052 499 in
3101 443 3432 516 fragmento
3477 443 3736 500 secundo

320 542 434 608 lus,
462 541 549 596 vel
581 539 815 595 videbat
846 541 994 611 ipse,
1019 541 1108 594 vel
1140 558 1210 595 ex
1234 557 1300 594 eo
1334 540 1632 607 audiebat,
1660 540 1751 594 vel
1782 557 1852 594 ex
1874 556 1970 593 co-
2079 543 2244 592 notat
2273 537 2686 592 Tillemontius
2708 535 2821 606 [19)
2855 551 2869 602 ;
2901 533 3003 588 ubi
3034 534 3222 589 fertur
3267 533 3519 588 Jacobus
3563 534 3741 588 Joan-

325 629 569 685 mitibus
591 629 953 694 addiscebat,
981 630 1337 700 scripsisset,
1372 630 1599 698 legitur,
1637 629 1806 698 quasi
1865 628 1972 682 sci-
2077 628 2172 681 nis
2202 627 2404 692 frater,
2427 628 2748 680 novissimus
2778 625 3060 694 martyrio
3083 623 3372 690 sublatus;
3408 623 3509 693 qui
3537 629 3738 678 tamen

323 718 481 783 licet,
508 718 564 773 id
597 735 716 772 non
749 717 984 772 aliunde
1003 735 1182 788 quam
1213 734 1282 772 ex
1308 718 1478 772 libris
1505 718 1718 782 sciret;
1743 716 1845 771 sed
1867 733 1976 787 po-
2071 717 2285 786 primus
2316 716 2474 769 inter
2493 714 2790 785 apostolos
2820 729 2926 783 pro
2959 713 3186 767 Lhristo
3232 712 3585 783 sanguinem
3639 712 3736 766 fu-

325 809 444 862 tius
477 808 826 878 simpliciter
881 816 1059 878 atque
1117 808 1384 862 absolute
1454 807 1703 862 dixisset
1757 823 1769 860 :
1830 806 1975 860 Idem
2080 804 2236 859 disse
2267 804 2614 875 perhibetur
2647 819 2659 858 :
2695 807 2758 858 ut
2783 802 3034 873 proinde
3087 802 3384 856 sententia
3436 799 3736 872 ejusmodi

324 898 564 951 Joannes
589 900 646 950 in
678 897 824 951 (lolio
854 898 1121 964 ferventis
1152 898 1281 962 olei,
1344 898 1548 953 Christi
1603 899 1819 950 nomine
1877 895 1969 949 de-
2080 893 2399 964 Polycarpo
2435 909 2680 963 prorsus
2704 891 2949 962 indigna
2973 889 3260 945 videatur.
3285 888 3505 943 Verum
3529 907 3603 944 ne
3627 889 3741 944 ista

326 1001 530 1040 mersus
558 987 717 1054 fuit:
764 985 922 1056 quod
982 986 1154 1058 longe
1200 986 1490 1058 majorem
1541 986 1657 1040 vim
1707 984 1972 1052 haberet,
2079 983 2322 1053 quidem
2349 981 2602 1052 objectio
2634 980 2940 1051 negotium
2971 979 3156 1034 ullum
3216 979 3510 1034 facessere
3570 995 3736 1034 com-

328 1091 502 1144 quam
529 1074 687 1129 istud
714 1076 1040 1144 legitur.Est
1069 1075 1228 1130 enim
1248 1076 1371 1130 haec
1395 1092 1503 1129 vox
1526 1075 1596 1130 de
1628 1073 1807 1128 rebus
1833 1078 1971 1127 ante
2079 1072 2309 1142 peritur
2349 1089 2363 1137 ;
2399 1071 2626 1142 Agesis,
2658 1070 2750 1124 fac
2784 1067 3050 1136 demum,
3086 1069 3143 1123 in
3173 1085 3279 1123 suo
3314 1073 3477 1123 textu
3505 1061 3740 1140 ἔσχατον

329 1170 530 1218 nostra
559 1170 830 1233 tempora
851 1165 1318 1235 prmteritis,non
1340 1181 1475 1219 vero
1506 1163 1576 1218 de
1610 1163 1682 1218 iis
1714 1179 1842 1232 quas
1861 1178 1974 1216 no-
2079 1161 2290 1231 legisse
2347 1161 2733 1231 interpretem
2759 1179 2773 1224 ;
2808 1174 2986 1228 quam
3017 1158 3259 1227 quidem
3309 1174 3514 1212 vocem
3564 1158 3737 1213 obvio

330 1255 451 1305 stra
483 1253 1087 1322 memoria,nobisque
1119 1252 1447 1308 viventibus
1479 1259 1537 1307 et
1563 1253 1685 1307 fere
1716 1251 1968 1306 videnti-
2079 1266 2258 1305 sensu
2314 1255 2639 1320 acceptam,
2693 1247 3046 1302 novissimum
3097 1247 3299 1302 Latine
3366 1245 3737 1302 reddendam

331 1340 464 1410 bus,
496 1341 652 1396 circa
676 1341 898 1396 amicos
928 1347 1160 1397 nostros
1191 1349 1250 1396 et
1279 1344 1592 1413 magistros
1623 1341 1919 1396 accidunt.
1942 1359 1971 1392 ι
2079 1337 2314 1392 duxerit
2342 1352 2355 1402 ;
2389 1352 2466 1390 an
2512 1335 2646 1390 ideo
2686 1335 2887 1390 statim
2917 1335 3136 1389 erroris
3195 1334 3534 1405 arguendus
3570 1335 3742 1406 Frag-

334 1429 467 1484 Hasc
498 1429 843 1485 Halloixius.
877 1433 944 1484 Et
974 1436 1133 1486 recte
1160 1447 1323 1485 sane.
1357 1431 1503 1486 Hinc
1534 1430 1700 1485 locus
1732 1429 1834 1484 ille
1886 1426 1976 1482 vel
2078 1432 2417 1482 mentorum
2449 1424 2700 1480 auctor?
2725 1426 2848 1479 lmo
2881 1441 3014 1478 vero
3050 1423 3151 1478 ille
3202 1423 3531 1478 rectissime
3591 1423 3733 1478 scri-

333 1536 404 1574 ex
431 1519 784 1575 Tertulliano
805 1519 934 1590 (l7),
966 1520 1055 1574 vel
1103 1537 1172 1574 ex
1230 1521 1586 1592 Hieronymo
1625 1519 1727 1590 qui
1760 1518 1831 1573 ab
1864 1519 1975 1572 hoc
2081 1516 2284 1589 pserit,
2313 1515 2594 1570 Jacobum
2615 1509 2845 1589 ἔσχατον
2866 1512 3152 1583 martyrio
3185 1517 3741 1583 consumptum,ea-

333 1609 618 1679 scriptore
659 1609 932 1664 Africano
965 1626 1095 1664 eam
1151 1610 1555 1664 narrationem
1585 1608 1811 1679 accepit
1838 1608 1972 1675 (18),
2082 1622 2194 1676 que
2225 1622 2335 1659 vox
2366 1601 2648 1658 vertenda
2677 1603 2855 1657 fuerit
2909 1602 3174 1672 primum,
3205 1617 3324 1654 non
3360 1607 3558 1656 autem
3589 1603 3747 1656 novis

331 1697 562 1770 videtur
589 1697 873 1769 adjectus.
901 1699 1050 1763 Quid
1080 1715 1214 1753 vero
1245 1699 1294 1752 si
1335 1699 1669 1753 membrum
1697 1697 1867 1763 illud,
1901 1695 1973 1750 ab
2079 1693 2525 1751 simum.Vadem
2557 1693 2711 1748 ultro
2735 1693 2832 1747 hic
2863 1709 2989 1747 sese
3012 1692 3348 1746 mihioll‘ert
3382 1692 3731 1762 Hesychius:

332 1788 529 1842 aliena
556 1804 734 1842 manu
756 1804 872 1842 ora:
895 1786 1115 1842 codicis
1146 1787 1329 1842 Graaci
1348 1804 1462 1858 quo
1496 1804 1638 1842 usus
1669 1786 1975 1841 estVictor
2011 1817 2053 1879 Β
2082 1784 2354 1856 Ἐσχατον
2387 1801 2458 1835 :
2483 1785 2719 1856 πρῶτον.
2778 1781 3046 1836 Glossam
3103 1779 3534 1851 Hesychianam
3595 1797 3735 1835 con-

335 1873 624 1942 additum,
649 1877 942 1947 interpres
990 1876 1201 1930 exinde
1254 1875 1414 1931 aliud
1457 1891 1638 1947 agens
1692 1875 1754 1928 in
1809 1889 1978 1928 suam
2011 1869 2051 1879 ”
2089 1877 2430 1930 ﬁrmaturus
2462 1871 2728 1926 eruditus
2757 1870 3116 1925 Abreschius
3147 1871 3208 1924 in
3239 1869 3466 1924 Miscell.
3514 1869 3737 1924 Pinda-

338 1964 667 2019 versionem
701 1965 1014 2019 intulerit?
1057 1965 1207 2029 Quid
1230 1965 1278 2020 si
1319 1964 1614 2032 librarius,
1649 1966 1908 2018 Catenam
1947 1978 1982 2016 a
2088 1979 2219 2018 rum
2252 1962 2468 2017 excitat
2497 1963 2581 2016 sic
2610 1960 2956 2030 loquentem
2986 1961 3100 2029 (20)
3127 1976 3139 2012 :

339 2054 570 2108 Victore
604 2053 804 2109 Latine
858 2053 1149 2108 redditam
1180 2054 1543 2118 exscribens,
1587 2058 1764 2123 atque
1822 2051 1982 2106 idem

337 2142 671 2197 membrum
694 2143 850 2213 quod
881 2143 1095 2214 aliquis
1113 2143 1378 2200 eruditus
1399 2143 1651 2214 margini
1673 2140 1981 2212 adjecerit,

338 2233 636 2302 pertinere
660 2232 733 2286 ad
782 2249 954 2288 suum
1007 2238 1232 2287 textum
1273 2233 1641 2299 existimans,
1692 2231 1754 2285 in
1808 2246 1981 2285 suum

340 2321 642 2392 exemplar
667 2320 1112 2391 conjiciendum
1134 2321 1404 2391 putarit?
2168 2312 2390 2368 Videsis
2420 2316 2804 2383 praestantem
2846 2309 3115 2380 Hesychii
3175 2309 3524 2378 editionem,
3583 2325 3617 2363 a
3666 2307 3743 2363 cl.

412 2409 585 2465 Aliud
617 2410 861 2480 insuper
883 2426 1136 2464 censura
1158 2409 1562 2464 notandumin
1582 2410 1674 2464 his
1695 2408 1990 2477 fragmen-
2091 2404 2315 2458 Joanne
2349 2401 2573 2455 Alberti
2605 2400 2955 2455 adornatam
2989 2400 3121 2470 (2t).
3165 2400 3247 2452 Ex
3301 2397 3516 2469 quibus
3573 2396 3744 2464 libet,

2681 2073 2986 2148 ἁμιλλὰται
3017 2074 3139 2147 περὶ

2496 2195 2778 2272 Ἐσχπὶτων
2811 2190 3019 2256 ἀέθλων
3059 2193 3329 2271 πορυφαίς

341 2501 413 2554 tis
429 2499 720 2554 detexisse
753 2499 864 2553 sibi
898 2499 1127 2554 videtur
1166 2500 1454 2567 Usserius,
1498 2514 1822 2568 eorumque
1882 2512 1987 2551 au—
2097 2493 2309 2547 horum
2341 2491 2813 2563 fragmentorum
2842 2489 3181 2544 auctoritati
3209 2505 3419 2559 parum
3455 2492 3555 2542 aut
3587 2485 3740 2540 nihil

340 2593 562 2642 ctorem
629 2585 983 2661 ἀκυρολογεῖν
1047 2588 1416 2658 pronuntiat,
1462 2587 1604 2642 dum
1662 2587 1722 2640 in
1780 2585 1987 2655 quinto
2096 2582 2333 2639 ofﬁcere
2365 2598 2498 2651 quaa
2529 2579 2894 2652 objiciuntur
2934 2599 2946 2646 ;
2985 2593 3172 2648 eaque
3214 2576 3454 2632 demum
3515 2581 3580 2630 ut
3628 2575 3744 2630 vim

340 2677 639 2731 Christum
665 2678 839 2732 crucis
869 2676 1135 2731 vexillum
1157 2675 1532 2731 conscendisse
1554 2675 1985 2738 scribit.«Nam,
2097 2671 2386 2724 haberent
2415 2667 2698 2738 aliquam,
2745 2684 2775 2722 e
2809 2668 3006 2721 Graeco
3048 2666 3240 2738 potius
3267 2669 3431 2719 textu
3464 2681 3640 2735 quam
3671 2679 3743 2718 ex

338 2766 664 2836 ait,gestari
692 2765 933 2837 quidem
964 2765 1243 2820 vexillum
1283 2767 1475 2820 crucis
1507 2782 1625 2819 non
1653 2763 1832 2819 semel
1880 2779 1988 2818 au-
2097 2761 2364 2815 versione
2388 2762 2589 2813 essent
2617 2755 2977 2811 deﬁnienda.

339 2855 592 2910 divimus
626 2872 640 2921 ;
673 2855 776 2910 sed
801 2871 1145 2911 conscensum
1168 2872 1201 2908 a
1230 2855 1458 2910 Christo
1499 2854 1680 2909 fuisse
1713 2852 1990 2908 vexillum
2169 2847 2457 2902 Caaterum
2491 2845 2538 2900 si
2573 2844 2716 2916 quid
2764 2843 2958 2899 adhuc
3014 2842 3480 2899 animadvertere
3542 2840 3736 2912 liceat,

337 2945 508 3012 illud,
541 2945 755 3000 nullibi
780 2944 973 3000 adhuc
1016 2945 1372 2999 invenimus.
1409 2967 1435 2992 »
1467 2946 1541 2998 At
1591 2945 1700 2998 hoc
1749 2943 1989 2997 demum
2097 2936 2423 3009 putaverim
2455 2933 2730 3004 equidem
2763 2933 3092 3005 fragmenta
3117 2933 3214 2988 illa
3244 2949 3371 2987 esse
3419 2932 3737 3001 Responsio-

342 3033 489 3090 tanti
523 3051 642 3089 non
669 3040 779 3099 est,
811 3039 957 3088 utea
986 3033 1057 3088 de
1079 3050 1256 3089 causa
1276 3033 1606 3106 fragmenta
1629 3032 1724 3087 illa
1754 3032 1990 3104 penitus
2097 3043 2228 3080 num
2257 3030 2552 3094 excerpta,
2595 3027 2661 3077 ut
2692 3022 2806 3077 fert
2832 3021 3070 3092 quidem
3103 3021 3432 3092 inscriptio,
3459 3035 3601 3090 quas
3624 3019 3733 3071 Po-

341 3123 670 3195 rejicienda
698 3124 981 3193 quisjure
1003 3123 1503 3178 definiat.Nullam
1533 3129 1692 3177 certe
1721 3119 1988 3195 ἀκυρολο-
2031 3187 2064 3195 Δ
2101 3115 2396 3187 lycarpus,
2427 3130 2460 3167 a
2491 3112 2612 3166 suis
2643 3110 3186 3183 interrogatus,sive
3209 3109 3601 3181 praesentibus
3622 3107 3736 3162 sive

343 3187 464 3289 γίξιν
508 3187 734 3268 ibidem
785 3187 1036 3267 advertit
1066 3213 1301 3268 Grotius
1350 3212 1435 3266 vir
1492 3228 1780 3266 summus.
1829 3187 1992 3274 'Quid
2022 3187 2066 3251 (ἶ
2099 3201 2647 3265 absentibus,edere
2680 3204 3094 3263 consueverat;
3119 3215 3367 3269 quaeque
3391 3198 3641 3269 proinde
3671 3195 3741 3251 ab

341 3285 520 3374 porro
551 3303 599 3358 si
633 3303 827 3356 Graece
859 3301 1416 3372 scripseritonpstov
1454 3301 1835 3373 Polycarpus,
1869 3315 1992 3353 cru-
2101 3293 2297 3364 aliquo
2328 3290 2415 3344 vel
2447 3288 2786 3343 auditorum
2811 3287 2896 3341 vel
2923 3304 3127 3342 eorum
3161 3289 3375 3358 quibus
3430 3288 3561 3358 ejus
3622 3285 3745 3357 epi-

341 3409 456 3446 cem
486 3390 844 3461 intelligens,
869 3395 1045 3462 atque
1079 3391 1217 3446 huic
1247 3391 1370 3445 voci
1403 3390 1644 3446 verbum
1666 3392 1987 3444 consenta-
2100 3381 2265 3436 stolm
2305 3376 2804 3439 inscribebantur,
2850 3375 3128 3446 deinceps
3155 3383 3412 3446 exceptae
3445 3376 3747 3430 fuerintac

343 3497 522 3536 neum
579 3480 842 3552 aptarit?
899 3479 991 3534 Sic
1045 3496 1186 3534 sane
1215 3479 1445 3535 locutus
1466 3484 1556 3534 est
1587 3477 1884 3532 Barnabas
1928 3475 1988 3530 in
2096 3468 2312 3524 litteris
2343 3465 2590 3520 traditas.
2625 3463 2930 3532 Siquidem
2961 3463 3169 3518 beatus
3200 3465 3298 3517 ille
3329 3465 3580 3519 antistes
3611 3465 3747 3534 ple-

343 3571 528 3640 Epist.
568 3586 695 3640 cap.
761 3571 844 3624 12.
897 3569 990 3623 Sic
1049 3569 1189 3623 item
1239 3569 1495 3640 lgnatius
1546 3569 1607 3622 in
1679 3566 1860 3637 Epist.
1916 3563 1990 3619 ad
2097 3555 2549 3627 rumquesedens
2580 3553 2895 3640 disserebat,
2929 3560 3096 3640 atque
3127 3553 3201 3640 ad
3240 3553 3510 3640 populum
3541 3568 3747 3640 sermo-

348 3633 581 3730 Sinyrn.
639 3633 767 3730 cap.
851 3662 902 3727 1,
987 3657 1088 3714 ubi
1147 3633 1394 3729 phrasin
1470 3653 1641 3729 αἴρειν
1712 3633 1973 3724 diaconum

2121 3663 2190 3701 tes
2231 3644 2462 3699 habebat
2489 3660 2500 3696 :
2536 3659 2548 3695 :
2583 3637 2957 3711 Καθεζόμενος
2990 3635 3394 3710 διελέγετο,καῖ
3425 3637 3519 3696 τὰς
3560 3633 3746 3690 διαλέ-

351 3725 597 3820 usurpat
645 3725 968 3818 S.—Martyr
1028 3765 1039 3801 :
1119 3725 1419 3818 σῦσσημον,
1506 3725 1773 3817 inquam,
1834 3740 1976 3814 quod

2118 3744 2203 3804 ξεις
2263 3732 2496 3787 ἐποιεῖτο
2566 3729 2702 3802 πρὸς
2755 3727 2816 3781 τὸ
2873 3725 3110 3798 πλῆθος,
3153 3734 3220 3782 ut
3249 3745 3356 3782 nos
3385 3726 3592 3780 edocet
3619 3727 3743 3780 Ire-

354 3813 640 3908 Hesy-chio
668 3842 726 3891 et
772 3813 965 3892 Suidae
1015 3843 1104 3891 est
1159 3813 1820 3908 σημέῖονξΗοο-ἱιεῳιε
1854 3813 1979 3886 ίῑοτ-

2121 3841 2267 3880 unus
2287 3818 2563 3887 αὐτόπτης
2593 3818 2704 3891 (22)
2742 3836 2755 3886 ;
2789 3818 2890 3890 qui
2921 3823 2980 3872 et
3009 3817 3203 3888 ipsum
3235 3817 3307 3872 ad
3339 3813 3626 3886 quosdam
3676 3830 3746 3868 ex

352 3901 508 3981 tasse
538 3926 804 3980 imitatus
837 3931 1075 3980 sanctus
1130 3901 1508 3996 Sniyrnensis
1565 3901 1833 3988 antistes,
1865 3919 1992 3992 pari
2101 3913 2383 3970 fratribus
2405 3908 2681 3981 epistolas
2699 3905 3256 3996 missitasseibidem
3277 3901 3748 3996 refert.Accedit,

346 4015 624 4086 loquendi
656 4015 885 4070 ratione
918 4031 1058 4069 usus
1088 3994 1288 4084 fuerit,
1321 4029 1499 4085 quam
1516 4013 1710 4067 minus
1730 4009 1995 4082 apposite
2103 4005 2435 4073 fragmenta
2457 3998 2560 4053 illa
2578 3997 2774 4053 smculi
2800 3995 3106 4068 apostolici
3130 3996 3367 4067 genium
3394 3994 3751 4086 exprimere,

347 4079 670 4159 reddiderit
701 4109 866 4158 vetus
898 4102 1211 4174 interpres.
1274 4079 1284 4084 '
1337 4079 1357 4085 —
1769 4079 1786 4082 —
1808 4079 1827 4082 τ
2107 4107 2356 4161 eamque
2387 4087 2832 4158 simplicitatem
2853 4101 3058 4155 sapere
3090 4099 3270 4154 quam
3309 4079 3755 4154 ipsametPoly—

418 4195 656 4262 Verum,
688 4192 780 4248 his
812 4192 1030 4259 missis,
1060 4173 1134 4247 ad
1186 4191 1334 4246 illud
1365 4191 1584 4261 potius,
1637 4195 1695 4244 et
1753 4187 1998 4259 quidem
2110 4181 2271 4252 carpi
2300 4176 2563 4250 Epistola
2583 4177 2806 4247 spirare
2846 4173 3230 4246 dignoscitur.

554 4351 798 4438 Iertull.
836 4353 905 4438 De
936 4353 1279 4438 Praescriptz,
1311 4351 1552 4438 cap.
1587 4421 1650 4438 Μ
2017 4375 2040 4438 [

2169 4341 2281 4408 (21ὶ
2319 4334 2569 4406 Hesych.
2603 4331 2744 4388 edit.
2781 4332 2912 4386 Alb.
2948 4337 3090 4386 tom.
3127 4332 3168 4385 Ι.
3204 4329 3315 4384 col.
3353 4331 3510 4396 1475,
3533 4332 3660 4382 not.
3704 4330 3755 4381 1.

2172 4414 2285 4438 mm
2309 4411 2436 4438 ιη...
2505 4406 2641 4438 ,κλει
2696 4405 2768 4438 mi
2814 4403 2994 4438 Πιηυδη
3088 4401 3239 4438 οηιπι
3295 4400 3484 4438 Rnan
3565 4401 3609 4438 Π
3665 4400 3703 4438 Ιῖ

421 4400 528 4490 uss
554 4400 798 4477 ᾗῐεὲιῖεῖἱὶξ
825 4400 952 4477 (Liv:
977 4400 1410 4486 ὰόὗῖἠξῖίἰῦξῖῗ
1428 4400 1554 4492 belli;
1587 4421 1676 4473 26.
1942 4489 1953 4492 _
2017 4400 2046 4438 υ

2127 4400 2286 4492 ..(22)
2309 4400 2661 4492 lrenine‘pist.
2694 4405 2768 4458 ad
2807 4403 3041 4470 Florin.,
3086 4401 3244 4471 apud
3293 4400 3528 4466 Euseb.,
3559 4401 3628 4456 Η.
3656 4400 3748 4464 Ε.,

419 4480 532 4564 (19)
563 4492 790 4548 Tillem.
828 4498 988 4549 Mem.
1013 4480 1437 4561 eccl.,'tom.ll,
1491 4480 1548 4564 ξ),
1599 4493 1726 4561 645,
1765 4495 1890 4547 not.
1931 4489 1984 4544 4.

936 4510 988 4549 n.
1013 4480 1437 4561 eccl.,'tom.ll,
1491 4480 1548 4564 ξ),
1599 4493 1726 4561 645,
1765 4495 1890 4547 not.
1931 4489 1984 4544 4.
2100 4484 2204 4538 lib.
2231 4497 2284 4549 ν,
2315 4495 2445 4549 cap.
2473 4480 2561 4532 20.

419 4499 508 4559 (19
563 4499 790 4548 Tillem.
828 4499 988 4549 Mem.
1013 4499 1165 4557 eccl.,
1197 4499 1270 4547 tm

419 4499 532 4636 (20;
563 4564 731 4618 Pind.
765 4567 917 4622 Nem.
951 4564 1052 4622 od.
1092 4581 1150 4632 x,
1183 4567 1270 4618 59.
