4114 6148
356 321 509 384 1025

1823 320 2316 384 FRAGMENTA

3614 326 3770 390 1026

1687 695 2274 789 FBAGMEN
2285 696 2436 789 TA

1064 931 1108 984 E
1146 928 1686 984 RESPONSIONUM
1725 928 2093 983 CAPITUL'S
2134 928 2190 984 S.
2234 929 2652 984 POLYCARPO
2691 931 3075 1002 ASCRIPTIS,

1058 1137 1302 1199 Victoris
1331 1138 1592 1218 episcopi
1627 1135 1900 1217 σαρααηὶ
1932 1142 2172 1201 Caleno:
2203 1138 2265 1196 in
2294 1154 2356 1196 1v
2389 1135 2814 1217 Evangelistas
2847 1140 3090 1202 inserta.

435 1537 740 1592 Matthaeus
800 1536 1116 1591 Dominum
1175 1534 1396 1590 dixisse
1478 1536 1730 1589 testatur
1755 1533 1798 1598 ⁸,
1855 1530 2012 1603 quod
2044 1533 2095 1598 Α
2126 1531 2519 1603 inspiratione
2549 1533 2747 1589 divina
2776 1535 3167 1606 prophetavit,
3218 1537 3346 1608 ipse
3375 1554 3409 1593 a
3438 1541 3632 1610 Moyse
3662 1541 3775 1596 hoc

366 1627 598 1698 Moyses
640 1623 846 1679 scribit
875 1624 1054 1678 Adam
1086 1623 1353 1678 locutum
1395 1621 1577 1676 fuisse
1625 1623 1738 1676 hoc
1793 1620 2014 1676 modo:

371 1737 392 1763 α
431 1716 548 1769 Hoc
579 1730 738 1769 nunc
765 1729 831 1766 os
861 1728 933 1766 ex
966 1711 1196 1766 ossibus
1229 1711 1399 1775 meis,
1435 1716 1491 1764 et
1543 1726 1678 1765 caro
1725 1726 1792 1764 ex
1841 1725 2018 1764 carne

369 1820 503 1858 mea
531 1819 542 1856 :
588 1806 831 1873 propter
860 1801 973 1854 hoc
1003 1799 1305 1870 relinquet
1335 1799 1510 1853 homo
1550 1803 1780 1870 patrem
1815 1803 1873 1852 et
1902 1813 2028 1852 ma-

364 1898 516 1947 trem
549 1893 590 1959 ι,
624 1913 650 1940 ››
686 1895 795 1944 etc.
830 1889 941 1944 Sed
974 1888 1337 1944 concordant
1372 1887 1606 1942 Domini
1658 1887 1837 1942 verba
1884 1903 2019 1942 cum

364 1981 546 2052 Moysi
577 1979 987 2043 sermonibus;
1021 1978 1122 2048 qui
1163 1977 1352 2032 Adam
1407 1977 1682 2047 praebens
1730 1976 2012 2045 officium,

2037 2147 2109 2205 Ῑῐ.

2125 1620 2346 1676 dixisse
2377 1622 2650 1677 refertur.
2684 1625 2839 1678 Deus
2870 1641 3004 1678 vero
3033 1625 3132 1696 qui
3166 1642 3273 1696 per
3320 1626 3770 1698 inspirationem

2126 1709 2384 1765 divinam
2419 1711 2479 1765 in
2511 1711 2687 1766 corde
2719 1713 2904 1768 Adam
2940 1713 3053 1767 ista
3083 1713 3259 1768 verba
3298 1715 3593 1784 formavit,
3647 1719 3773 1790 ipse

2125 1799 2298 1853 Pater
2327 1815 2362 1853 a
2389 1800 2637 1855 Domino
2668 1806 2826 1856 recte
2858 1801 3090 1857 locutus
3117 1802 3300 1859 fuisse
3323 1804 3592 1859 refertur.
3627 1807 3768 1862 Nam

2127 1892 2184 1941 et
2207 1887 2394 1942 Adam
2430 1889 2583 1944 hanc
2611 1891 2982 1961 prophetiam
3016 1891 3297 1962 protulit;
3349 1898 3408 1948 et
3453 1895 3627 1949 Pater
3671 1894 3771 1966 qui

2126 1992 2263 2032 eum
2295 1977 2625 2049 inspiravit,
2657 1985 2816 2035 recte
2847 1980 3065 2036 dicitur
3091 1983 3428 2054 protulisse,

897 2323 1053 2389 locu,
1095 2320 1169 2376 ad
1199 2320 1317 2376 haec
1345 2320 1511 2374 verba
1541 2319 1784 2374 Christi:
1819 2340 1840 2367 ι
1877 2317 2116 2374 Calicem
2140 2336 2319 2375 meum
2353 2321 2566 2389 bibatis,
2599 2326 2709 2376 etc.
2745 2321 2964 2393 (Matth.
2997 2340 3094 2391 xx,
3127 2325 3240 2393 23.)

435 2506 548 2558 Per
573 2501 918 2574 hujusmodi
951 2507 1177 2572 potum,
1211 2499 1506 2572 signiﬁcat
1546 2499 1906 2570 passionem.
1946 2500 2016 2552 Et

365 2593 650 2649 Iacobum
679 2592 921 2664 quidem
951 2591 1340 2646 novissimum
1394 2589 1678 2660 martyrio
1728 2603 2015 2643 consum-

367 2684 654 2740 mandum
683 2701 696 2751 ;
728 2683 973 2737 fratrem
993 2699 1128 2736 vero
1158 2682 1286 2752 ejus
1306 2681 1600 2735 Joannem
1624 2679 2016 2733 transiturum

369 2773 591 2842 absque
619 2772 900 2843 martyrio
928 2788 941 2824 ε
963 2771 1230 2840 quamvis
1252 2775 1312 2824 et
1326 2768 1682 2823 afﬂictiones
1704 2767 2014 2838 plurimas,

372 2867 431 2917 et
455 2861 660 2917 exsilia
671 2858 1142 2925 toleraverit;sed
1154 2863 1545 2930 prmparatam
1558 2857 1841 2928 martyrio
1855 2873 2019 2911 men-

373 2954 512 3010 tem,
547 2951 806 3004 Christus
829 2954 1154 3020 martyrem
1168 2945 1519 3019 judicaviti‘.
1545 2948 1687 3000 Nam
1712 2945 2017 3016 apostolus

365 3040 603 3108 Paulus,
639 3061 668 3089 «
699 3036 1229 3111 Quotidie(inquit)
1254 3035 1517 3092 morior6
1541 3051 1554 3090 :
1576 3057 1604 3087 »
1633 3035 2014 3107 dumimpos-

2127 2498 2299 2555 sibile
2330 2501 2406 2555 sit
2434 2500 2697 2572 quotidie
2725 2503 2878 2557 mori
2911 2503 3214 2558 hominem
3272 2521 3342 2559 ea
3387 2511 3600 2575 morte,
3652 2522 3769 2578 qua

2129 2589 2313 2644 semel
2344 2590 2461 2644 vita
2480 2590 2608 2644 hzec
2630 2590 2855 2645 finitur.
2892 2592 3004 2646 Sed
3031 2593 3313 2662 quoniam
3331 2611 3436 2666 pro
3457 2595 3771 2668 Evangelio

2128 2678 2202 2733 ad
2232 2683 2483 2733 mortem
2509 2679 2734 2751 jugiter
2767 2686 2894 2736 erat
2924 2687 3306 2752 praeparatus,
3340 2700 3401 2737 se
3443 2685 3593 2739 mori
3627 2701 3778 2755 quo—

2129 2767 2274 2822 tidie
2305 2767 2413 2822 sub
2447 2784 2516 2823 ea
2548 2768 2985 2840 significatione
3006 2775 3256 2826 testatus
3313 2778 3420 2828 est.
3457 2773 3690 2845 Legitur
3721 2779 3780 2827 et

2128 2858 2192 2912 in
2222 2857 2382 2913 dolio
2414 2858 2698 2912 ferventis
2732 2859 2868 2928 olei,
2898 2877 3004 2931 pro
3035 2861 3278 2917 nomine
3309 2863 3546 2927 Christi,
3574 2863 3782 2918 beatus

2125 2947 2385 3001 Joannes
2417 2946 2599 3002 fuisse
2634 2947 2964 3003 demersus.

2037 3204 2136 3260 III.

1374 3369 1532 3435 locu,
1575 3371 1652 3423 De
1681 3365 1845 3421 initio
1879 3365 2195 3436 Evangelisi
2221 3367 2520 3422 secundum
2549 3371 2824 3425 Marcum.

450 3529 904 3588 Rationabiliter
931 3529 1304 3602 evangelista
1333 3527 1643 3600 principiis
1685 3527 1930 3582 diversis
1960 3542 2026 3581 u-
2061 3528 2108 3593 B
2137 3527 2385 3599 incipit:
2420 3533 2486 3584 ut
2515 3529 2643 3601 ejus
2673 3530 2779 3584 ﬁlii
2808 3530 3096 3587 miraculo
3128 3533 3471 3600 nativitatis,
3532 3540 3588 3589 et
3634 3536 3782 3589 tanti

378 3620 882 3691 tuntur;quamvis
895 3635 1014 3674 una
1028 3618 1354 3688 eademque
1374 3615 1810 3688 evangelizandi
1825 3631 2031 3670 eorum

377 3710 663 3782 probetur
693 3709 966 3764 intentio.
1001 3707 1330 3774 Mattheus,
1363 3711 1428 3760 ut
1457 3705 1718 3760 Hebraais
1741 3704 2029 3774 scribens,

378 3798 736 3871 genealogiam
768 3797 983 3852 Christi
1015 3795 1286 3851 ordinem
1317 3795 1539 3851 texuit:
1572 3799 1636 3848 ut
1668 3793 2031 3862 ostenderet,

379 3888 452 3943 ab
488 3904 556 3943 ea
587 3886 887 3942 Christum
916 3884 1297 3941 descendisse
1333 3883 1630 3956 progenie,
1655 3882 1726 3938 de
1753 3899 1870 3953 qua
1896 3898 2034 3936 eum

377 3977 748 4032 nasciturum
778 3975 1040 4031 universi
1074 3973 1380 4046 propheta
1410 3972 2033 4027 cecinerant.Joannes

376 4072 575 4122 autem
597 4066 671 4120 ad
691 4066 987 4136 Ephesum
1015 4061 1513 4133 constitutus,qui
1537 4061 1728 4134 legem
1748 4066 2034 4132 tanquam

375 4172 444 4211 ex
475 4155 747 4228 gentibus
779 4155 1157 4227 ignorabant,
1183 4169 1218 4207 a
1240 4168 1418 4207 causa
1435 4158 1652 4206 nostrae
1679 4149 2033 4221 redemptio-

379 4245 473 4299 nis
504 4244 800 4316 Evangelii
835 4243 1088 4315 sumpsit
1117 4241 1428 4298 exordium
1458 4257 1623 4311 :quaa
1648 4256 1828 4295 causa
1860 4257 1933 4294 ex
1965 4256 2033 4293 eo

379 4338 643 4406 apparet,
668 4333 825 4404 quod
853 4333 1069 4387 Filium
1099 4347 1273 4387 suum
1304 4331 1458 4384 Deus
1477 4346 1589 4401 pro
1614 4335 1818 4384 nostra
1839 4327 2033 4383 salute

376 4421 561 4478 voluit
590 4422 905 4478 incarnari.
942 4423 1124 4477 Lucas
1157 4435 1291 4474 vero
1325 4418 1669 4474 aZachariaa
1705 4415 2033 4473 sacerdotio

2138 3617 2545 3688 praedicatoris
2576 3619 2792 3688 officio,
2825 3619 3195 3676 divinitatem
3243 3622 3457 3677 Christi
3511 3623 3785 3695 gentibus

2139 3705 2490 3762 declararet.
2515 3709 2679 3764 Unde
2701 3715 2759 3764 et
2791 3711 3015 3764 Marcus
3047 3711 3290 3781 antiqua
3319 3711 3644 3782 prophetici
3669 3729 3785 3783 my-

2141 3795 2305 3849 sterii
2323 3797 2723 3867 competentia
2743 3797 3021 3853 adventui
3037 3799 3253 3854 Christi
3276 3799 3566 3868 declarat;
3583 3807 3647 3855 ut
3665 3817 3783 3856 non

2140 3901 2309 3952 nova,
2343 3884 2447 3940 sed
2475 3887 2806 3957 antiquitus
2833 3887 3064 3958 prolata
3093 3890 3221 3959 ejus
3276 3889 3616 3960 praedicatio
3648 3907 3781 3962 pro-

2140 3974 2402 4030 baretur.
2436 3978 2550 4030 Aut
2579 3991 2685 4046 per
2713 3975 2825 4030 hoc
2857 3977 3230 4049 evangelistis
3259 3994 3416 4033 curm
3447 3979 3578 4044 fuit,
3603 3995 3672 4033 eo
3698 3979 3785 4034 uti

2142 4065 2448 4137 prooemio,
2481 4065 2638 4135 quod
2660 4065 3070 4135 unusquisque
3079 4065 3388 4136 judicabat
3416 4067 3787 4122 auditoribus

2143 4158 2436 4225 expetere.
2472 4153 2629 4208 Nihil
2651 4169 2787 4224 ergo
2805 4153 3169 4209 contrarium
3193 4155 3616 4225 reperitur,ubi
3651 4155 3789 4210 licet

2142 4244 2390 4300 diversis
2421 4243 2679 4314 scriptis,
2715 4243 2790 4299 ad
2821 4243 3090 4299 eamdem
3123 4249 3323 4300 tamen
3363 4245 3618 4316 patriam
3649 4261 3788 4315 per-

2141 4334 2392 4388 venitur.

2038 4589 2132 4643 IV.

713 4761 864 4824 Ion,
897 4757 955 4810 in
987 4755 1130 4810 illud
1159 4773 1178 4808 :
1216 4773 1237 4800 α
1270 4753 1396 4809 Noli
1423 4767 1616 4808 vocare
1646 4753 1848 4807 amicos
1879 4756 2018 4820 tuos,
2045 4747 2140 4804 sed
2158 4761 2430 4819 pauperes
2461 4752 2513 4800 et
2544 4744 2768 4815 debiles,
2812 4766 2840 4795 »
2872 4751 2983 4801 etc.
3018 4746 3171 4816 (Luc.
3203 4765 3317 4815 xiv,
3363 4750 3472 4822 12.)

454 4929 757 5000 Ρτωοερίῐ,
793 4944 914 4983 non
944 4927 1189 4995 amicos,
1223 4925 1327 4980 sed
1358 4925 1629 4980 infirmos
1652 4938 1918 4994 quosque
1939 4938 2035 4976 vo-
2073 4921 2116 4988 C
2147 4919 2391 4984 amicos,
2425 4917 2700 4981 arbitror,
2735 4917 2988 4990 intelligi
3019 4919 3132 4974 hoc
3162 4920 3292 4976 loco
3316 4920 3600 4980 debemus
3634 4926 3792 4998 illos,

386 5019 603 5075 candos
635 5017 707 5074 ad
738 5017 1074 5089 prandium.
1111 5014 1274 5082 Quod
1309 5015 1357 5069 si
1389 5013 1637 5069 claudus
1658 5018 1761 5067 aut
1786 5011 2036 5082 quilibet

387 5128 590 5168 eorum
619 5111 696 5165 sit
725 5109 972 5177 amicus,
1016 5109 1141 5163 sine
1200 5107 1382 5162 dubio
1434 5105 1570 5161 talis
1619 5120 1724 5175 pro
1774 5101 2037 5158 amicitia

386 5201 630 5255 minime
661 5204 751 5254 est
778 5197 1078 5270 rogandus
1103 5216 1117 5264 ;
1151 5196 1308 5251 unde
1331 5195 1458 5266 ipsa
1488 5193 1654 5264 quasi
1679 5191 1953 5246 videntur
1975 5206 2036 5244 se

387 5290 733 5361 impugnare
766 5287 1066 5343 mandata.
1096 5287 1242 5340 Nam
1276 5284 1324 5339 si
1355 5299 1474 5338 non
1505 5279 1812 5351 amici,sed
1839 5277 2036 5334 claudi

388 5384 447 5434 et
473 5378 612 5433 casei
645 5381 783 5432 sunt
823 5375 1137 5442 invitandi,
1207 5373 1486 5446 ipsosque
1528 5385 1763 5442 quoque
1814 5367 2038 5423 amicos

391 5483 519 5522 esse
551 5466 874 5537 contingat,
907 5479 1288 5535 nequaquam
1318 5477 1523 5534 rogare
1573 5459 1880 5514 debemus.
1923 5455 2036 5512 Sed

2145 5026 2293 5081 quos
2323 5025 2428 5079 pro
2460 5005 2669 5061 mundi
2700 5007 2877 5075 hujus
2908 5011 3145 5064 terrena
3165 5010 3639 5069 consideratione
3665 5016 3796 5072 dili-

2145 5099 2359 5170 gimus,
2391 5112 2512 5150 non
2544 5111 2650 5165 pro
2684 5095 2896 5148 divinae
2919 5098 3436 5168 contemplationis
3466 5101 3792 5159 intuitu.Hi

2147 5192 2282 5242 sunt
2315 5185 2494 5256 igitur
2524 5183 2695 5239 amici
2731 5183 3128 5254 relinquendi.
3164 5187 3448 5258 Denique,
3481 5190 3614 5246 ideo
3634 5191 3795 5248 debi-

2145 5273 2294 5328 lium
2313 5270 2588 5341 exempla
2610 5270 3093 5340 proposuit,quos
3115 5288 3221 5342 pro
3245 5273 3469 5330 nullius
3481 5293 3796 5348 possumus

2148 5366 2425 5433 appetere
2449 5358 2805 5414 necessitate
2822 5359 3063 5432 negotii,
3081 5361 3195 5416 nisi
3227 5366 3455 5418 tantum
3481 5382 3586 5436 pro
3601 5366 3798 5425 fructu

2145 5448 2557 5506 retributionis
2589 5453 2846 5502 aaternaa.

464 5607 485 5642 ³
516 5606 716 5662 Matth.
758 5624 878 5676 xix,
911 5611 963 5661 5.
1041 5605 1064 5638 ⁴
1095 5607 1237 5661 Gen.
1270 5621 1333 5660 ιι.
1366 5605 1456 5661 24.
1530 5602 1555 5637 ⁵
1583 5603 1710 5657 Act.
1741 5617 1845 5668 ιιι,
1870 5603 1926 5668 2,
2004 5596 2026 5632 ⁸

2136 5596 2243 5653 lor.
2275 5608 2366 5659 xv,
2399 5593 2487 5645 31.
