4114 6148
393 354 423 413 1
440 354 558 414 029

1153 645 1395 739 ΤΗΣ
1515 638 2258 738 ΣΜΥΡΝΑΙΩΝ

976 349 1222 413 EPIST.
1271 349 1667 411 ECCLESLE
1709 348 2006 411 SMYRN.
2057 337 2157 408 DE
2205 347 2625 410 MARTYRIO
2667 349 2730 409 S.
2777 344 3228 409 POLYCABPI

3654 347 3810 409 1030

2367 641 3074 736 ΕΚΚΑΗΣΙΑΣ

1817 833 1981 890 ΠΕΡΙ
2023 832 2418 888 ΜΑΡΤΥΡΙΟΥ

603 999 1077 1173 ΤΟΥ
1157 998 1869 1172 ΑΓΙΟΥ
1951 997 3591 1172 ΠΟΛΥΚΑΡΠΟΥ

958 1296 1864 1430 ΕΠΙΣΤΟΛΗ
2001 1297 2998 1428 ΕΓΚΥΚΛΙΟΣ
3095 1272 3228 1344 (28')

1367 1649 2000 1744 ECCLESIZE
2068 1646 2859 1742 SMYRNENSIS

580 2045 1140 2208 MART
1152 2041 1632 2210 YRIO
1718 2041 2436 2207 SANCTI
2513 2041 3643 2209 POLYCARPI

1398 2311 1990 2406 EPISTULA
2082 2309 2824 2406 CIBCULABIS

413 2676 450 2729 11
481 2673 784 2744 Ἐκκλησία
832 2679 929 2730 τοῦ
983 2677 1142 2740 Θεοῦ,
1173 2675 1208 2741 ἡ
1236 2675 1572 2747 παροικοῦσα
1631 2669 1883 2744 Σμύρναν
1912 2671 2045 2742 (29),
2072 2715 2083 2740 λ

2181 2670 2418 2725 Ecclesia
2446 2670 2548 2725 Dei
2581 2687 2711 2740 quae
2743 2670 3007 2741 Smyrnaa
3058 2672 3494 2742 peregrinatur,
3539 2672 3816 2728 Ecclesia:

468 2767 535 2835 τῇ
569 2760 870 2833 Ἐκκλησία
924 2766 1021 2817 τοῦ
1079 2766 1214 2817 Θεοῦ
1251 2765 1320 2834 τῇ
1379 2761 1717 2834 παροικούσῃ
1759 2756 1812 2812 ἐν
1867 2759 2050 2813 Φιλοι-

475 2849 661 2922 μηλίῳ
721 2855 861 2923 (30),
909 2852 1002 2905 καὶ
1051 2851 1249 2912 πάσαις
1305 2854 1424 2910 ταῖς
1477 2849 1614 2903 κατά
1668 2848 1842 2902 πάντα
1881 2847 2049 2901 τόπον

468 2945 565 3006 τῆς
620 2939 779 3015 ἁγίας
838 2939 929 2994 καὶ
989 2939 1291 3007 καθολικῆς
1350 2935 1678 3008 Ἐκκλησίας
1735 2934 2050 3009 παροικίαις

475 3032 611 3100 (31).
664 3029 840 3100 ἔλεος,
899 3030 1086 3106 εἰρήνη
1145 3030 1237 3085 καὶ
1299 3030 1481 3104 ἂγάπη
1531 3028 1639 3083 ἀπὸ
1670 3032 1804 3082 Θεοῦ
1838 3028 2052 3101 Πατρὸς

465 3120 554 3171 καὶ
611 3123 706 3172 τοῦ
771 3120 976 3193 Κυρίου
1043 3121 1206 3192 ἡμῶν
1273 3120 1456 3189 Ἰησοῦ
1512 3118 1746 3193 Χριστοῦ
1804 3114 2052 3186 πληθυν-

469 3207 609 3276 θείη.

2229 2761 2332 2814 Dei
2366 2777 2496 2829 quas
2556 2760 2892 2814 Philomelii
2946 2761 3379 2832 peregrinatur,
3423 2767 3481 2816 et
3537 2762 3815 2816 omnibus

2233 2849 2452 2919 ubique
2485 2855 2776 2904 terrarum
2809 2855 3026 2906 sanctas
3059 2856 3118 2904 et
3169 2850 3476 2906 catholica)
3536 2851 3814 2906 Ecclesia;

2233 2940 2542 3012 paruaciis:
2589 2939 3022 3006 misericordia,
3072 2957 3185 3011 pax
3235 2946 3290 2994 et
3347 2941 3602 2996 Charitas
3633 2957 3665 2996 a
3695 2941 3813 2996 Deo

2233 3029 2404 3083 Patre
2433 3034 2490 3083 et
2519 3030 2771 3084 Domino
2819 3034 3021 3084 nostro
3052 3031 3191 3084 .lesu
3247 3031 3478 3086 Christo
3529 3029 3815 3100 multipli-

2235 3123 2421 3171 cetur.

1319 3327 1365 3380 Ι.
1410 3327 1487 3380 De
1516 3327 1781 3395 martyrio
1818 3322 2116 3396 Polycarpi
2168 3330 2222 3378 et
2275 3322 2547 3379 sociorum
2573 3324 2876 3379 scribimus.

467 3465 813 3540 Ἐγράψαμεν
863 3467 1014 3539 ὑμῖν,
1063 3465 1316 3546 ἀδελφοὶ,
1364 3468 1433 3522 τὰ
1478 3467 1612 3522 κατὰ
1667 3466 1793 3527 τοὺς
1845 3485 2051 3539 μαρτυ-

397 3555 696 3628 ρήσαντας,
727 3557 817 3610 καὶ
863 3557 953 3610 τὸν
1010 3557 1273 3628 μακάριον
1323 3556 1706 3631 ΙΙολύκαρπον,
1738 3553 1886 3616 ὅστις
1939 3555 2051 3610 ὥσ-

393 3661 496 3716 περ
553 3641 942 3718 ἐπισφραγίσας
1019 3650 1087 3719 τῇ
1166 3645 1433 3718 μαρτυρίᾳ
1521 3645 1686 3698 αὐτοῦ
1752 3643 2049 3698 κατέπαυσε

391 3732 482 3784 τὸν
512 3729 776 3806 διωγμόν.
811 3731 1018 3812 Σχεδὸν
1075 3734 1179 3810 γὰρ
1240 3734 1407 3788 πάντα
1464 3733 1529 3787 τὰ
1586 3733 1900 3808 προάγοντα
1932 3732 2050 3808 ἐγὲ-

392 3839 536 3889 νετο,
561 3817 655 3873 ’ἕνα
703 3822 838 3892 ἡμῖν
871 3823 897 3873 ὁ
942 3822 1135 3893 Κύριος
1198 3819 1399 3874 ἄνωθεν
1457 3817 1695 3893 ἐπιδείξῃ
1729 3820 1791 3874 τὸ
1820 3821 1957 3873 κατὰ
1984 3817 2046 3873 τὸ

395 3905 733 3983 Εὖαγγὲλιον
803 3909 1117 3984 μαρτύριον.
1183 3909 1501 3982 Ιιεριέμενεν
1560 3909 1684 3981 γὰρ,
1736 3906 1828 3961 ’ίνα
1879 3927 2050 3981 παρα-

2231 3466 2586 3537 Scripsimus
2615 3466 2805 3535 vobis,
2846 3468 3080 3535 fratres,
3136 3467 3206 3522 de
3267 3469 3622 3539 martyribus
3655 3475 3712 3524 et
3744 3469 3815 3524 de

2158 3555 2329 3610 beato
2361 3555 2707 3627 Polycarpo.
2741 3555 2841 3625 qui
2863 3556 3146 3626 martyrio
3179 3573 3307 3621 suo,
3329 3557 3490 3612 velut
3511 3558 3813 3629 signaculo

2160 3644 2438 3713 quodam,
2472 3645 2872 3715 persecutioni
2933 3645 3112 3698 ﬁnem
3144 3646 3446 3716 imposuit.
3482 3647 3622 3700 Fere
3656 3648 3816 3702 enim

2159 3737 2394 3799 cuncta,
2417 3749 2549 3802 quas
2581 3739 3037 3804 prmcesserunt,
3057 3732 3190 3787 ideo
3214 3740 3629 3802 evenerunt,ut
3648 3735 3819 3789 nobis

2159 3820 2446 3875 Dominus
2469 3820 2725 3891 desuper
2744 3822 3085 3875 ostenderet
3106 3823 3476 3893 martyrium,
3504 3823 3833 3895 Evangelio-

2159 3925 2517 3980 congruum.
2548 3909 2916 3979 Exspectavit
2944 3909 3103 3964 enim
3136 3910 3308 3974 tradi,
3343 3911 3496 3965 sicut
3527 3917 3585 3966 et
3615 3912 3819 3966 Domi-

397 3991 555 4067 δοθῇ,
616 3998 689 4059 ὡς
747 3998 837 4052 καί
895 4000 922 4054 ὁ
982 3999 1205 4072 Κύριος,
1255 3996 1349 4052 ’ίνα
1409 3997 1648 4069 μιμηταὶ
1695 3999 1857 4069 ἡμεῖς
1888 3996 2052 4050 αὐτοῦ

2181 4013 2300 4062 nus,
2324 4005 2392 4052 ut
2423 4003 2481 4051 et
2499 4014 2609 4052 nos
2633 3998 2819 4068 ipsius
2842 4014 3106 4052 essemus
3125 3998 3600 4068 imitatores,non
3620 4001 3814 4055 solum

397 4084 700 4157 γενώμεθα,
765 4089 840 4158 μὴ
897 4087 1060 4160 μόνον
1116 4091 1439 4148 σκοποῦντες
1506 4087 1569 4141 τὸ
1626 4087 1744 4148 καθ’
1804 4084 2052 4155 ἑαυτοὺς,

398 4169 546 4226 ἀλλὰ
575 4174 663 4228 καὶ
693 4174 755 4228 τὸ
784 4175 920 4229 κατὰ
967 4174 1095 4238 τοὺς
1151 4173 1344 4235 πὲλας.
1406 4175 1655 4248 Ἀγάπης
1681 4173 1783 4247 γὰρ
1815 4171 2053 4241 ἀληθοῦς

398 4263 488 4314 καὶ
534 4257 756 4336 βεϐαίας
786 4262 949 4336 ἐστὶν,
1011 4267 1086 4336 μὴ
1137 4263 1300 4335 μόνον
1332 4263 1518 4318 ἑαυτὸν
1553 4260 1728 4326 θέλειν
1760 4262 2048 4331 σώζεσθαι,

397 4347 544 4404 αλλὰ
570 4351 656 4405 καὶ
697 4353 894 4413 πάντας
923 4351 1050 4413 τοὺς
1082 4348 1370 4430 ἀδελφούς.

2165 4092 2372 4142 nostra
2402 4086 2870 4151 considerantes,
2905 4087 3008 4142 sed
3039 4092 3098 4142 et
3127 4103 3216 4153 ea,
3249 4104 3381 4157 quas
3412 4089 3486 4143 ad
3511 4090 3812 4160 proximos

2163 4175 2484 4246 pertinent.
2518 4175 2834 4230 Charitatis
2865 4176 3025 4230 enim
3055 4191 3206 4230 veras
3237 4193 3306 4231 ac
3335 4177 3538 4232 solidae
3563 4184 3669 4246 est,
3694 4195 3817 4235 non

2161 4263 2338 4319 modo
2371 4280 2432 4319 se
2463 4263 2658 4334 ipsum
2691 4263 2842 4318 velle
2874 4265 3114 4334 servari,
3146 4265 3251 4321 sed
3279 4265 3459 4322 etiam
3479 4283 3688 4322 omnes
3709 4267 3821 4323 fra-

2165 4358 2307 4409 tres.

1614 4498 1685 4552 II.
1716 4497 2029 4566 Martyrum
2069 4497 2215 4552 mira
2262 4494 2598 4551 constantia.

471 4640 722 4708 Μακάρια
756 4639 849 4710 μὶν
879 4639 968 4693 οῦν
1001 4638 1088 4693 καὶ
1123 4642 1343 4713 γενναῖα
1369 4639 1436 4693 τὰ
1480 4637 1750 4713 μαρτύρια
1778 4637 1957 4692 πάντα
1980 4637 2048 4691 τὰ

393 4728 529 4782 κατὰ
548 4728 611 4783 τὸ
632 4727 853 4799 θέλημα
871 4731 968 4781 τοῦ
989 4730 1124 4782 Θεοῦ
1144 4727 1422 4804 γεγονότα.
1448 4731 1538 4781 Δεῖ
1557 4729 1657 4801 γὰρ
1685 4729 1798 4799 (23)
1821 4719 2050 4780 εὐλαϐε-

392 4819 615 4892 στὲρους
646 4819 793 4888 ἡμᾶς
849 4816 1213 4890 ὑπάρχοντας,
1264 4820 1343 4886 τῷ
1382 4820 1498 4887 Θεῷ
1536 4817 1638 4884 τήν
1666 4816 1804 4869 κατὰ
1833 4814 2048 4869 πάντων

394 4907 635 4976 ἐξουσίαν
667 4907 970 4962 ἀνατιθέναι
1002 4910 1132 4979 (33).
1166 4909 1279 4979 (34)
1307 4907 1380 4961 Τὸ
1436 4907 1536 4980 γὰρ
1595 4910 1841 4982 γενναῖον
1873 4904 2047 4960 αότῶν

473 5061 584 5133 (28)
615 5062 730 5118 Cfr.
765 5063 1054 5129 Neander,
1115 5063 1350 5116 Kirchen
1407 5061 1594 5133 Gesch.
1643 5066 1686 5116 t.
1751 5061 1792 5126 l,
1827 5077 1884 5130 p.
1927 5063 2046 5128 107,

400 5132 528 5204 sqq.
566 5139 625 5189 et
654 5134 866 5191 Euseb.
903 5136 1044 5188 Hist.
1081 5133 1207 5188 θεοὶ.
1242 5133 1344 5189 lib.
1377 5149 1448 5200 1v,
1481 5150 1530 5188 c.
1567 5132 1650 5186 15.

471 5201 584 5276 (ΞΩ)
619 5207 759 5260 Vide
792 5222 926 5275 quae
956 5204 1031 5260 ad
1064 5205 1232 5276 epist.
1260 5221 1276 5258 ι
1306 5205 1488 5259 Clem.
1521 5205 1595 5258 ad
1627 5201 1872 5258 Corinth.
1907 5219 1958 5257 c.
1996 5203 2046 5270 1,

399 5283 524 5332 not.
560 5279 590 5330 3
623 5278 1057 5332 adnotavimus.

467 5350 576 5417 (30)
608 5349 695 5403 Ita
724 5347 1040 5420 legendum
1097 5363 1230 5402 cum
1275 5346 1405 5403 cod.
1441 5344 1714 5420 Vindob.,
1766 5360 1898 5420 cum
1935 5348 2042 5420 vet.

394 5413 500 5474 int.
535 5413 595 5473 et
616 5413 826 5475 Euseb.
853 5421 1061 5475 Histor.
1084 5419 1210 5474 eccl.
1238 5435 1312 5483 iv,
1339 5417 1663 5483 15.Reliqui
1690 5413 2049 5470 coddxbika-

394 5484 610 5560 ὂελφίᾳ,
641 5492 763 5547 ἔλα.
798 5489 1220 5546 Philomelium
1251 5495 1343 5544 est
1371 5490 1513 5546 urbs
1545 5484 1828 5560 Phrvgiai.

466 5561 577 5632 (31)
610 5562 726 5616 Cfr.
759 5563 881 5632 Ign.
915 5561 989 5616 ad
1014 5561 1234 5630 Smyrn.
1265 5577 1314 5616 c.
1349 5563 1402 5617 8.

463 5629 578 5701 (32)
610 5634 698 5688 Ita
725 5629 1087 5688 Jacobsonus
1116 5629 1150 5686 ε
1180 5632 1382 5688 codice
1417 5629 1662 5686 Vindob.
1690 5629 1837 5685 Male
1863 5629 2040 5685 Editi:

2228 4639 2405 4693 Beata
2433 4642 2491 4692 et
2515 4653 2802 4710 generosa
2831 4636 3074 4694 fuerunt
3100 4644 3314 4696 cuncta
3341 4643 3646 4715 martyria,
3679 4661 3810 4716 quas

2152 4727 2323 4798 juxta
2351 4725 2715 4781 voluntatem
2763 4725 2864 4780 Dei
2926 4734 3270 4784 evenerunt.
3304 4731 3448 4786 Cum
3497 4733 3657 4788 enim
3705 4751 3815 4790 nos

2159 4814 2557 4887 religiosiores
2619 4813 2828 4882 simus,
2883 4815 3002 4870 Deo
3073 4817 3341 4873 omnium
3396 4836 3597 4876 rerum
3653 4828 3818 4894 pote-

2159 4909 2372 4960 statem
2403 4901 2773 4957 ascribamus
2805 4909 3056 4974 oportet.
3091 4906 3233 4970 Quis
3264 4907 3423 4962 enim
3453 4911 3817 4980 generosita-

2154 5057 2245 5111 καὶ
2277 5054 2400 5129 γάρ,
2427 5070 2608 5109 sensu
2641 5054 2817 5179 plane
2849 5055 3036 5110 nullo.
3069 5055 3392 5112 Cotelerius
3415 5074 3446 5113 e
3471 5063 3814 5133 conjectura

2157 5129 2268 5179 νοῆ
2301 5127 2376 5179 ad
2407 5142 2571 5179 oram
2604 5125 2645 5179 li
2692 5127 2741 5179 ri
2764 5133 3062 5179 nosuerat.
3087 5127 3308 5179 Sensus
3328 5136 3457 5179 est:
3482 5153 3511 5179 ‹‹
3534 5134 3674 5179 Cum
3711 5137 3807 5179 Πρί

2157 5129 2268 5203 χρή
2290 5127 2376 5182 ad
2407 5142 2571 5180 oram
2604 5127 2741 5207 libri
2762 5133 3062 5198 posuerat.
3087 5127 3308 5208 Sensus
3328 5136 3420 5184 est
3443 5146 3457 5184 ε
3482 5153 3511 5182 ‹‹
3534 5127 3679 5189 ϐίω]
3707 5137 3811 5192 Dei

2156 5201 2457 5277 voluntate
2503 5213 2706 5277 omnia
2763 5204 3074 5277 regantur,
3125 5205 3300 5254 etiam
3357 5201 3720 5277 Polycarpus
3752 5213 3812 5262 et

2155 5272 2299 5328 socii
2312 5348 2318 5352 ι
2323 5272 2496 5352 juxta
2524 5269 2784 5324 divinam
2816 5269 3181 5325 voluntatem
3213 5269 3499 5343 martyrio
3538 5269 3678 5332 sunt
3708 5295 3812 5334 co-

2157 5348 2461 5485 Γοξὶέίῖίέι
2487 5410 2873 5485 Jacobsonus,
2924 5412 3026 5484 qui
3061 5411 3280 5485 multis
3334 5414 3481 5472 locis
3524 5423 3751 5479 textum
3781 5439 3812 5478 e

2155 5483 2360 5542 codice
2391 5483 2834 5538 Vindobonensi
2867 5483 3219 5539 emendavit.

2227 5557 2342 5628 (34)
2370 5554 2870 5635 Probaturnunc,
2919 5555 3084 5635 quod
3136 5555 3309 5635 initio
3343 5560 3556 5632 capitis
3581 5563 3808 5626 dictum

2153 5624 2264 5694 est,
2298 5624 2581 5696 martyria
2611 5624 2716 5680 illa
2742 5624 3130 5682 fuisse’beata
3162 5632 3221 5682 et
3248 5624 3556 5701 generosa.
