4114 6148
334 342 481 406 1031

1522 342 1587 401 S.
1634 340 2153 405 POLYCAllPUS
2202 343 2556 406 MARTYR.

3588 340 3745 406 1032

328 481 451 533 tem
485 492 689 532 eorum
718 478 772 529 et
803 472 1152 547 patientiam
1185 476 1244 528 et
1274 487 1410 545 erga
1438 471 1758 528 Dominum
1785 474 1981 530 chari-

2094 473 2183 528 καὶ
2217 474 2619 546 ὑπομονητικὸν
2652 475 2740 530 καὶ
2793 472 3186 552 φιλοδέσποτον
3239 473 3323 536 τίς
3364 476 3464 529 οὐκ
3494 475 3553 529 ἂν
3600 476 3745 529 θαυ-

329 572 515 623 tatem
545 582 664 621 non
690 564 1036 631 admiretur,
1062 562 1163 634 qui
1185 561 1436 635 flagellis
1458 562 1604 617 adeo
1628 562 1891 630 lacerati,
1915 569 1979 618 ut

330 655 405 711 ad
436 656 677 711 intimas
707 668 896 725 usque
926 668 1106 708 venas
1139 657 1196 706 et
1225 650 1473 707 arterias
1506 652 1770 723 corporis
1820 658 1979 708 stru-

329 750 499 801 ctura
519 748 883 811 cerneretur,
909 746 1109 797 tamen
1132 743 1544 797 sustinuerunt
1566 758 1579 807 ;
1599 741 1771 807 ita,ut
1797 742 1975 797 etiam

326 839 589 891 astantes
620 834 1051 888 miserarentur
1098 836 1157 885 et
1200 831 1568 903 plangerent,
1596 830 1710 903 ipsi
1739 846 1874 887 vero
1906 847 1975 886 eo

322 924 691 981 fortitudinis
720 922 1008 989 venirent,
1033 926 1099 976 ut
1118 938 1293 977 nemo
1325 921 1562 975 illorum
1594 937 1790 991 neque
1818 938 1975 976 mur-

321 1016 589 1069 muraret
610 1027 803 1083 neque
826 1009 1547 1083 ingemisceret,omnibus
1570 1010 1972 1076 ostendentes,

325 1102 485 1174 quod
514 1106 804 1174 martyres
828 1100 1043 1156 Christi
1065 1101 1211 1155 hora
1231 1099 1343 1154 ista
1372 1115 1491 1170 qua
1520 1098 1974 1169 torquebantur,

326 1199 494 1249 extra
540 1208 780 1248 carnem
824 1190 1068 1257 fuerint,
1116 1195 1219 1245 aut
1265 1188 1647 1261 potius,quod
1689 1189 1973 1251 Dominus

325 1283 613 1339 assistens
636 1298 771 1337 cum
790 1281 933 1353 ipsis
951 1285 1108 1336 esset
1124 1279 1454 1336 collocutus
1471 1282 1494 1334 ξ’
1510 1282 1698 1349 Atque
1720 1278 1795 1334 ad
1815 1278 1975 1334 Chri-

322 1373 396 1429 sti
419 1373 667 1445 gratiam
688 1370 1064 1428 attendentes
1083 1369 1388 1425 mundana
1412 1374 1709 1424 tormenta
1729 1384 1975 1440 sperne-

322 1462 487 1530 bant,
519 1463 699 1517 unius
729 1462 890 1516 hora
924 1460 1114 1532 spatio
1146 1475 1208 1514 se
1238 1459 1311 1514 ab
1358 1464 1583 1513 aeterna
1611 1474 1783 1529 pcnna
1814 1457 1970 1511 redi-

322 1550 967 1623 mentes.Frigidusque
985 1548 1132 1620 ipsis
1148 1548 1456 1603 videbatur
1471 1547 1623 1618 ignis
1640 1546 1969 1601 crudelium

323 1641 691 1697 carniﬁcum.
716 1641 842 1694 Prae
870 1638 1057 1694 oculis
1082 1637 1242 1693 enim
1270 1636 1571 1693 habebant
1591 1635 1785 1709 fugam
1811 1636 1973 1690 illius

321 1729 496 1800 ignis,
531 1728 630 1799 qui
664 1731 923 1782 asternus
968 1732 1060 1781 est
1106 1731 1165 1781 et
1206 1742 1514 1796 nunquam
1546 1726 1973 1796 exstinguetur,

326 1824 385 1871 et
414 1816 601 1871 oculis
623 1815 819 1870 cordis
839 1813 1240 1885 respiciebant
1258 1813 1331 1868 ad
1355 1830 1425 1868 ea
1444 1813 1757 1882 bona,quaa
1784 1828 1973 1867 reser-

324 1912 535 1962 vantur
565 1904 1017 1973 sustinentibus,
1050 1926 1076 1954 «
1108 1920 1239 1976 quas
1271 1920 1381 1959 nec
1410 1903 1570 1958 auris
1610 1902 1833 1958 audivit
1860 1919 1972 1958 nec

322 1995 529 2051 oculus
560 1994 726 2060 vidit,
760 2011 871 2050 nec
900 1993 962 2047 in
995 2010 1097 2049 cor
1144 1992 1405 2048 hominis
1436 1990 1905 2058 ascenderunt",
1939 2012 1969 2042 ››

319 2102 452 2158 quas
488 2100 623 2139 vero
655 2100 689 2139 a
720 2084 969 2139 Domino
1002 2086 1332 2137 monstrata
1362 2086 1501 2137 sunt
1521 2080 1613 2151 iis,
1635 2086 1841 2153 utpote
1867 2080 1970 2152 qui

318 2191 440 2231 non
471 2173 743 2230 homines
774 2173 1048 2244 amplius,
1074 2171 1175 2227 sed
1191 2172 1318 2243 jam
1341 2171 1535 2241 angeli
1557 2175 1775 2225 essent.
1793 2169 1968 2224 Simi-

288 2264 455 2320 .liter
484 2263 585 2335 qui
619 2262 691 2318 ad
720 2262 941 2317 bestias
971 2265 1141 2317 erant
1170 2259 1573 2329 condemnati,
1596 2276 1800 2333 graves
1831 2276 1965 2315 cru-

317 2356 506 2410 ciatus
536 2352 929 2424 pertulerunt,
991 2368 1169 2423 super
1226 2349 1482 2406 murices
1538 2349 1837 2421 prostrati,
1869 2365 1969 2404 va-

315 2444 539 2513 riisque
571 2441 704 2497 aliis
736 2442 1048 2496 tormentis
1105 2440 1451 2505 excruciati,
1484 2444 1569 2505 ut,
1612 2440 1661 2494 si
1703 2440 1829 2495 ﬁeri
1859 2455 1968 2511 po-

316 2532 550 2598 tuisset,
586 2536 873 2602 tyrannus
903 2547 1003 2585 eos
1020 2529 1369 2585 assiduitate
1396 2528 1672 2600 supplicii
1698 2529 1772 2584 ad
1797 2545 1966 2602 nega-

314 2621 539 2677 tionem
570 2620 783 2676 Christi
814 2618 1179 2674 adduxisset.

2095 562 2312 637 μάσειεν
2335 583 2348 632 ;
2377 561 2428 617 ο⁸ί
2454 565 2667 638 μάστιξι
2694 564 2789 636 μὲν
2809 563 3241 634 καταξανθέντες,
3266 562 3408 619 ὥστε
3444 565 3609 642 μέχρι
3632 570 3742 621 τῶν

2090 645 2196 706 ἔσω
2223 648 2439 728 φλεϐῶν
2485 654 2576 708 καὶ
2624 652 2902 729 ἀρτηριῶν
2932 655 3031 724 τὴν
3063 659 3164 722 τῆς
3196 655 3392 725 σακρὸς
3425 652 3745 726 οἰκονομίαν

2090 744 2430 815 θεωρεῖσθαι,
2510 743 2821 814 ὑπέμειναν,
2888 743 2962 801 ὠς
3020 744 3109 797 καὶ
3185 742 3314 805 τοὺς
3373 747 3744 817 περιεστῶτας

2088 829 2258 886 ἆλεεῖν
2288 833 2376 885 καὶ
2411 828 2713 907 ὀδύρεσθαι·
2756 830 2885 894 τοὺς
2943 828 3001 886 δὲ
3056 832 3147 886 καὶ
3206 830 3282 895 εἷς
3323 835 3580 887 τοσοῦτον
3614 852 3743 905 γεν-

2086 921 2378 991 ναιότητος
2436 920 2633 987 ἐλθεῖν,
2696 922 2835 977 ὥστε
2894 923 3034 995 μήτε
3086 923 3273 998 γρύξαι
3326 923 3464 994 μήτε
3494 922 3739 991 στενάξαι

2083 1010 2208 1066 τινὰ
2264 1012 2467 1081 αὐτῶν,
2526 1008 3002 1085 ἐπιδεικνυμένους
3059 1012 3252 1066 ἅπασιν
3314 1014 3471 1085 ἡμῖν,
3530 1013 3613 1066 ὅτι
3682 1012 3737 1068 ἐν

2086 1100 2259 1175 ἐκείνῃ
2292 1104 2360 1176 τῇ
2393 1101 2507 1174 ὥρᾳ
2552 1102 2991 1175 βασανιζόμενοι,
3041 1108 3140 1171 τῆς
3186 1101 3382 1177 σαρκὸς
3413 1099 3735 1173 ἀπεδήμουν

2084 1190 2137 1243 οἱ
2181 1190 2446 1266 μάρτυρες
2485 1195 2583 1244 τοῦ
2639 1193 2899 1259 Χριστοῦ,
2934 1187 3150 1261 μᾶλλον
3178 1186 3255 1253 δὲ,
3284 1188 3369 1244 ὅτι
3397 1190 3681 1263 παρεστὼς
3707 1190 3737 1245 ὁ

2084 1279 2279 1354 Κύριος
2309 1277 2513 1353 ὡμίλει
2545 1281 2730 1343 αὐτοῖς
2756 1299 2769 1349 ;
2820 1279 2923 1337 Καὶ
2975 1278 3344 1355 προσέχοντες
3373 1282 3441 1352 τῇ
3471 1282 3569 1334 τοῦ
3601 1284 3740 1353 Χρι-

2084 1373 2211 1423 στοῦ
2243 1369 2433 1446 χάριτι
2470 1372 2578 1423 τῶν
2624 1373 2902 1442 κοσμικῶν
2948 1368 3311 1446 κατεφρόνουν
3349 1368 3611 1444 βασάνων,
3647 1364 3741 1423 διὰ

2088 1462 2213 1531 μιᾶς
2243 1455 2389 1525 ὥρας
2416 1460 2517 1527 τήν
2550 1456 2772 1512 αῗώνιον
2820 1454 3046 1512 κόλασιν
3106 1456 3591 1534 ἐξαγοραζόμενοι.
3629 1457 3737 1513 Καὶ

2083 1547 2145 1601 τὸ
2184 1550 2291 1621 πῦρ
2322 1548 2390 1616 ἦν
2427 1546 2611 1607 αὐτοῖς
2640 1547 2852 1621 ψυχρὸν
2884 1548 2948 1602 τὸ
2976 1551 3083 1601 τῶν
3114 1548 3335 1616 ciu-qvam
3367 1549 3735 1622 βασανιστῶν,

2087 1635 2197 1709 Πρὸ
2229 1636 2528 1714 ὀφθαλμῶν
2560 1634 2659 1711 γὰρ
2701 1636 2855 1711 εἶχον
2915 1641 3105 1714 φυγεῖν
3155 1637 3217 1691 τὸ
3249 1636 3470 1692 αἰώνιον
3494 1638 3585 1691 καὶ
3622 1659 3739 1710 μη-

2083 1722 2277 1780 δέποτε
2308 1719 2658 1797 σϐεννύμενον
2693 1728 2822 1799 πῦρ,
2853 1724 2941 1779 καὶ
2972 1731 3091 1789 τοῖς
3129 1732 3231 1795 τῆς
3261 1722 3486 1800 καρδίας
3529 1726 3738 1806 ὀφθαλ-

2086 1818 2210 1886 μοῖς
2242 1808 2535 1869 ἀνὲϐλεπον
2583 1816 2651 1868 τά
2705 1818 3023 1889 τηρούμενα
3061 1820 3180 1877 τοῖς
3212 1815 3566 1888 ὑπομείνασιν
3595 1816 3737 1891 ἀγα-

2079 1904 2163 1974 θὰ,
2195 1929 2223 1957 ‹‹
2257 1903 2291 1957 ’ἀ
2322 1901 2445 1959 οὔτε
2483 1902 2575 1966 οὖς
2607 1905 2863 1975 ἤκουσεν,
2926 1901 3050 1959 οὔτε
3107 1904 3390 1981 ὀφθαλμὸς
3424 1902 3583 1973 εἶδεν,
3612 1902 3738 1961 οὔτε

2079 1993 2168 2048 ἐπὶ
2225 1990 2448 2068 καρδίαν
2495 1992 2780 2068 ἀνθρώπου
2838 1987 3026 2065 ἀνέϐη,
3059 2018 3087 2044 »
3136 1992 3360 2057 ἐκείνοις
3411 1990 3467 2049 δὲ
3519 1991 3737 2050 ὑπεδεί-

2077 2103 2239 2137 κνυτο
2272 2082 2375 2137 ὑπὸ
2405 2086 2500 2137 τοῦ
2534 2081 2751 2155 Κυρίου,
2813 2079 2967 2157 οἵπερ
3031 2083 3226 2155 μηκέτι
3268 2081 3571 2157 ἄνθρωποι,
3601 2082 3731 2139 ἀλλ’

2076 2169 2186 2241 ἢδη
2220 2170 2449 2247 ἄγγελοι
2472 2171 2627 2240 ἦσαν.
2682 2171 2914 2244 Ὁμοίως
2950 2168 3008 2225 δὲ
3035 2172 3126 2226 καὶ
3187 2172 3263 2233 εἰς
3293 2173 3360 2227 τά
3416 2172 3579 2246 θηρία
3608 2192 3728 2247 κριη

2078 2259 2251 2321 θέντες
2298 2260 2583 2332 ὑπέμειναν
2636 2262 2750 2333 (35)
2804 2256 2979 2321 δεινὰς
3036 2259 3309 2329 κολάσεις,
3358 2262 3601 2336 κήρυκας
3634 2261 3731 2333 μὶν

2078 2348 2609 2424 ὑποστρωννύμενοι,
2653 2350 2741 2403 καὶ
2775 2346 2971 2410 ἄλλαις
3022 2347 3307 2412 ποικίλαις
3349 2350 3604 2424 βασάνοις
3633 2370 3730 2404 κο-

2077 2436 2600 2518 λαφιζόμενοι,⁹ίνα,
2670 2439 2715 2493 εἰ
2775 2436 3029 2509 δυνηθείη
3090 2439 3117 2493 ὁ
3174 2438 3436 2514 τύραννος
3496 2436 3585 2493 διὰ
3626 2445 3723 2508 τῆς

2074 2527 2341 2602 ἐπιμόνου
2371 2527 2651 2589 κολάσεως
2684 2526 2760 2590 εἷς
2794 2527 3017 2603 ἄρνησιν
3050 2526 3249 2592 αὐτοὺς
3287 2527 3479 2604 τρέψῃ.

1162 2746 1258 2799 III.
1290 2745 1609 2803 Germanici
1637 2749 1969 2804 constantia.
2018 2748 2316 2819 Polycarpi
2358 2763 2502 2803 mors
2525 2748 2867 2818 postulatur.

381 2890 560 2947 Multa
589 2891 749 2947 enim
780 2890 1062 2946 adversus
1093 2888 1226 2943 illos
1269 2887 1537 2944 diabolus
1582 2889 1957 2945 machinatus
1989 2893 2032 2959 C

310 2986 419 3037 est.
454 2979 564 3036 Sed
594 2980 783 3052 gratia
813 2980 890 3035 sit
912 2980 1028 3034 Deo
1050 2999 1065 3044 ;
1088 2994 1227 3033 nam
1251 2978 1555 3033 neminem
1585 2978 1695 3034 iste
1728 2979 1961 3035 vincere

306 3069 518 3144 potuit.
551 3069 931 3124 Fortissimus
962 3069 1123 3123 enim
1156 3067 1539 3123 Germanicus
1570 3084 1778 3122 eorum
1812 3067 1961 3122 timi-

308 3159 556 3214 ditatem
583 3158 918 3214 constantia
948 3174 1056 3213 sua
1096 3156 1498 3212 corroboravit
1529 3174 1543 3224 ;
1606 3157 1828 3229 quippe
1860 3157 1963 3228 qui

309 3246 620 3320 splendide
652 3263 789 3302 cum
823 3245 1029 3300 bestiis
1081 3245 1448 3317 pugnaverit.
1480 3246 1628 3301 Nam
1658 3261 1793 3301 cum
1824 3262 1963 3317 pro-

304 3336 516 3392 consul
547 3352 683 3390 eum
714 3334 953 3390 ﬂectere
975 3333 1153 3389 vellet
1174 3331 1538 3404 diceretque,
1558 3339 1624 3389 ut
1643 3349 1809 3389 suam
1832 3335 1958 3406 ipse

305 3430 543 3481 aetatem
576 3425 983 3490 miseraretur,
1005 3423 1106 3478 ille
1129 3423 1379 3479 bestiam
1400 3423 1558 3479 ultro
1585 3423 1659 3478 ad
1690 3440 1751 3478 se
1782 3429 1960 3480 attra-

303 3517 390 3573 xit
420 3517 591 3587 eique
625 3516 742 3573 vim
763 3516 983 3581 intulit,
1005 3515 1251 3587 cupiens
1274 3514 1526 3570 velocius
1557 3532 1628 3569 ex
1650 3515 1877 3587 injusta
1903 3522 1960 3572 et

308 3607 515 3678 iniqua
544 3606 782 3661 illorum
804 3604 1117 3659 hominum
1147 3603 1265 3658 vita
1295 3603 1573 3675 effugere.
1596 3603 1821 3659 Exinde
1848 3621 1959 3660 au-

304 3701 426 3753 tem
456 3696 733 3752 universa
778 3693 1118 3759 multitudo,
1164 3692 1578 3749 fortitudinem
1608 3693 1689 3765 pii
1720 3710 1788 3749 ac
1818 3694 1957 3749 reli-

301 3785 449 3858 giosi
479 3784 947 3841 Christianorum
969 3782 1204 3856 generis
1227 3781 1540 3851 admirata,
1565 3782 1951 3839 exclamavit:

296 3896 318 3924 α
353 3874 513 3930 Tolle
545 3874 800 3945 impios;
836 3873 1195 3945 Polycarpus
1226 3871 1604 3942 requiratur!
1640 3896 1667 3922 ››

2143 2887 2337 2944 Πολλὰ
2394 2889 2493 2965 γὰρ
2535 2887 2858 2968 ἐμηχανᾶτο
2917 2890 3035 2944 κατ’
3091 2887 3266 2943 αὐτῶν
3334 2889 3363 2944 ὁ
3433 2884 3721 2949 διάϐολος.

2074 2976 2252 3035 Ἀλλὰ
2283 2977 2446 3056 χάρις
2475 2983 2554 3051 τῷ
2585 2983 2721 3052 Θεῷ’
2760 2977 2895 3033 κατά
2937 2980 3153 3033 πάντων
3200 2978 3303 3055 γὰρ
3348 2979 3449 3034 οὐκ
3474 2978 3720 3054 ἲσχυσεν.

2068 3068 2129 3125 Ὀ
2176 3069 2277 3143 γάρ
2335 3070 2714 3143 γενναιότατος
2796 3068 3133 3143 Γερμανικὸς
3192 3071 3304 3139 (36)
3367 3066 3723 3145 ἐπερῥώννυεν

2074 3155 2249 3211 αὐτῶν
2277 3158 2378 3226 τήν
2418 3153 2624 3212 δειλίαν
2652 3153 2743 3211 διά
2795 3163 2895 3225 τῆς
2950 3154 3003 3211 έν
3032 3155 3181 3228 αὖτῷ
3213 3156 3521 3229 ὑπομονῆς·
3554 3157 3614 3216 ’ὸς
3638 3154 3728 3209 καὶ

2071 3244 2360 3319 ἐπισήμως
2411 3245 2877 3322 ἐθηριομάχησεν.
2928 3243 3282 3317 Βουλομένού
3330 3245 3435 3320 γὰρ
3474 3248 3571 3299 τοῦ
3603 3244 3728 3299 ἀνθ-

2071 3335 2277 3392 υπάτου
2329 3338 2534 3392 πείθειν
2596 3335 2756 3392 αὐτὸν
2815 3339 2948 3407 (37),
3006 3336 3093 3390 καὶ
3158 3334 3414 3409 λέγοντος
3455 3337 3729 3409 (38),τῆν

2069 3424 2293 3497 ἠλικίαν
2351 3426 2516 3481 αὐτοῦ
2576 3430 2963 3499 κατοικτεῖραι,
3024 3423 3201 3496 ἐαυτῷ
3266 3424 3604 3479 ἐπεσπάσατο
3663 3424 3728 3479 τὸ

2068 3515 2255 3592 θηρίον
2286 3509 2778 3586 προσϐιασάμενος,
2809 3514 3005 3590 τάχιον
3035 3516 3133 3566 τοῦ
3176 3510 3366 3566 ἀδίκου
3396 3512 3484 3566 καὶ
3514 3511 3725 3583 ἀνόμου

2070 3605 2194 3680 βίου
2226 3604 2398 3659 αὐτῶν
2430 3602 2812 3675 ἀπαλλαγῆναι
2848 3599 3214 3675 βουλόμενος.
3249 3603 3344 3657 Ἐκ
3388 3598 3592 3654 τούτου
3625 3601 3718 3655 οὗν

2065 3700 2168 3748 πᾶν
2199 3694 2261 3747 τὸ
2292 3690 2527 3760 πλῆθος,
2561 3689 2837 3763 θαυμάσαν
2893 3692 3007 3762 (39)
3055 3690 3157 3757 τήν
3214 3689 3573 3762 γενναιότητα
3620 3694 3720 3743 τοῦ

2065 3779 2353 3856 θεοφιλοῦς
2412 3779 2500 3831 καὶ
2561 3772 2845 3840 θεοσεϐοῦς
2928 3777 3117 3851 γένους
3181 3780 3289 3829 τῶν
3352 3776 3716 3850 Χριστιανῶν,

2061 3864 2371 3939 ἐπεϐόησεν·
2426 3865 2615 3943 «Αἶρε
2676 3867 2801 3930 τοὺς
2859 3866 3066 3931 ἀθέους·
3129 3864 3396 3936 ξητείσθω
3428 3861 3709 3940 Πολύκαρ·

2060 3978 2181 4020 πος.
2218 3981 2245 4009 ››

1655 4080 1744 4134 IV.
1797 4079 2033 4143 Quintus
2082 4082 2354 4148 apostata.

370 4215 618 4282 Quidam
651 4230 808 4282 vero,
842 4210 1085 4268 nomine
1130 4212 1401 4280 Quintus,
1464 4212 1706 4268 natione
1736 4212 1951 4283 Phryx,

2144 4211 2240 4273 Εἷς
2270 4207 2349 4277 δὲ,
2403 4209 2631 4283 ὀνόματι
2682 4211 2922 4278 Κόϊντος,
2961 4207 3130 4284 Φρὺξ,
3162 4208 3491 4283 προσφάτως
3522 4204 3723 4276 ἐληλυ-

299 4305 400 4377 qui
428 4321 620 4375 nuper
649 4320 719 4357 ex
748 4302 1002 4373 Phrygia
1041 4300 1379 4368 advenerat,
1412 4318 1548 4356 cum
1578 4301 1822 4357 vidisset
1848 4301 1952 4358 be-

296 4394 462 4462 stias,
494 4392 709 4447 timore
740 4390 1053 4463 perculsus
1084 4394 1189 4445 est.
1217 4389 1319 4444 Hic
1353 4394 1552 4445 autem
1584 4397 1729 4457 erat,
1755 4390 1855 4463 qui
1889 4408 1952 4447 se

296 4484 493 4555 ipsum
524 4486 583 4536 et
611 4480 761 4536 alios
791 4478 1083 4551 quosdam
1126 4478 1466 4551 impulerat,
1498 4484 1564 4535 ut
1591 4479 1748 4535 ultro
1779 4496 1948 4537 acce-

297 4571 530 4627 derent.
553 4569 703 4624 Huic
726 4567 1050 4640 proconsul
1066 4567 1270 4622 multis
1293 4567 1800 4624 obsecrationibus
1823 4587 1952 4641 per-

296 4659 485 4717 suasit
515 4659 723 4731 jurare
780 4672 849 4712 ac
906 4655 1261 4712 sacriﬁcare.
1323 4658 1571 4728 Propter
1611 4656 1721 4712 hoc
1752 4657 1951 4731 igitur,

296 4749 660 4813 fratres,non
678 4745 991 4802 laudamus
1015 4761 1137 4812 eos,
1162 4745 1262 4815 qui
1284 4751 1491 4816 sponte
1513 4761 1641 4800 sese
1674 4746 1950 4817 oﬂ‘erunt;

299 4835 790 4913 quandoquidem
820 4852 942 4891 non
984 4835 1067 4889 ita
1096 4833 1270 4889 docet
1297 4833 1699 4907 Evangelium.

366 4995 387 5029 "
442 4993 461 5048 Ι
493 4993 622 5048 Cor.
659 5008 720 5060 ιι,
753 4993 805 5046 9.

367 5138 480 5206 (35)
512 5137 595 5191 lta
622 5133 992 5206 Jacobsonus
1018 5148 1049 5188 e
1078 5130 1252 5206 codd.
1287 5127 1542 5206 Vindob.
1586 5133 1645 5184 et
1664 5129 1851 5185 Paris.
1883 5131 1947 5186 In

296 5201 484 5264 Editis
518 5223 624 5290 pro
657 5203 946 5287 ὑπέμειναν
978 5203 1196 5331 legitur
1227 5201 1447 5284 χρόνον.

369 5280 482 5331 (36)
508 5281 652 5331 Eius
675 5292 1027 5331 memonam
1080 5291 1176 5331 an.
1199 5278 1263 5330 19
1287 5274 1447 5329 Latin

369 5280 482 5349 (36)
508 5271 1027 5349 Ejusme'moriam
1040 5271 1176 5331 Wan.
1199 5271 1625 5330 iG'Latinorum
1647 5271 1953 5329 celebrant

299 5348 729 5421 Martyrologia.
764 5350 961 5403 Usssn.

377 5414 485 5491 (37')
514 5414 743 5491 Nomen
801 5415 1199 5491 proconsulis,
1255 5415 1415 5471 Lucii
1446 5414 1612 5469 Statii
1646 5415 1948 5484 Quadrati,

299 5489 484 5546 habes
516 5490 675 5545 infra
704 5507 752 5545 ο.
787 5489 875 5544 21.

370 5558 488 5631 (38)
515 5558 605 5617 Ita
633 5560 798 5617 dedit
839 5560 1202 5616 Jacobsonus
1256 5575 1288 5614 e
1346 5556 1477 5613 cod.
1535 5557 1722 5612 Paris.
1756 5558 1948 5614 Editi:

301 5626 506 5706 mea.

2062 4299 2170 4364 θὼς
2230 4299 2336 4355 ἀπὸ
2387 4301 2485 4370 τῆς
2545 4299 2807 4375 Φρυγίας,
2866 4295 3017 4363 ἰδὼν,
3065 4297 3134 4352 τὰ
3183 4295 3349 4371 θηρία
3407 4292 3719 4351 έδειλίασεν.

2061 4390 2238 4451 Οὗτος
2289 4385 2347 4443 δὲ
2403 4388 2469 4457 ἦν
2527 4389 2555 4443 ὀ
2614 4384 3089 4462 παραϐιασάμενος
3129 4386 3319 4440 ἑαυτόν
3348 4406 3407 4440 τε
3435 4383 3524 4439 καί
3567 4404 3720 4445 τινας

2060 4475 2379 4552 προσελθεῖν
2409 4477 2627 4539 ἑκόντας
2657 4479 2792 4551 (40).
2837 4479 3049 4534 Τοῦτον
3100 4476 3127 4530 ὁ
3175 4474 3500 4542 ἀνθύπατος,
3533 4470 3720 4528 πολλὰ

2060 4566 2455 4641 ἐκλιπαρήσας,
2487 4561 2694 4621 ἔπεισεν
2727 4564 2929 4640 ὀμόσαι
2977 4565 3067 4619 καὶ
3119 4562 3391 4627 ὲπιθόσαι.
3427 4563 3525 4618 Διὰ
3553 4565 3717 4616 τοῦτο

2062 4655 2183 4727 οὖν,
2218 4652 2467 4731 ἀδελφοὶ,
2500 4655 2601 4709 οὐκ
2629 4655 2953 4728 ἐπαινοῦμεν
2997 4653 3124 4715 τοὺς
3174 4649 3563 4727 προσδιδόντας
3595 4651 3715 4705 itau-

2059 4743 2186 4805 τούς
2244 4746 2377 4816 (41)
2440 4740 2628 4812 ἐπειδῆ
2688 4745 2802 4818 οὐχ
2854 4741 3029 4805 οὕτως
3087 4738 3327 4796 διδάσκέι
3374 4740 3436 4795 τὸ
3471 4737 3711 4814 Εὐαγγέ-

2064 4830 2184 4887 λιον
2217 4836 2352 4907 (42).

2130 5132 2243 5203 (39)
2273 5133 2361 5187 Ita
2392 5134 2510 5188 Jac.
2546 5147 2576 5203 e
2608 5130 2780 5186 codd.
2816 5131 3066 5186 Vindob.
3104 5136 3161 5185 et
3215 5130 3397 5185 Paris.
3443 5128 3714 5201 reposuit

2059 5202 2166 5275 pro
2197 5204 2350 5276 vulg.
2384 5202 2677 5275 θαυμάσας.

2133 5277 2243 5346 (40)
2274 5272 2323 5328 Ιῖ
2350 5292 2399 5330 e.
2439 5298 2467 5325 ‹‹
2494 5272 2708 5346 Sponte
2739 5288 2800 5328 se
2832 5272 3311 5346 persecutoribus
3342 5273 3643 5346 offerrent.
3681 5292 3709 5321 ››

2134 5342 2249 5413 (41)
2281 5348 2366 5402 Ita
2394 5342 2775 5402 Jacobsonus.
2810 5342 2961 5400 Editi
2990 5362 3004 5401 :
3035 5342 3358 5414 προσιόντας
3404 5343 3636 5406 ὲαυθοῖς.

2132 5421 2245 5488 (42)
2274 5418 2446 5473 Jubet
2498 5418 2656 5473 enim
2710 5417 2906 5488 potius
2963 5413 3370 5488 Evangelium,
3401 5414 3602 5487 fugere
3634 5413 3711 5488 ad

2062 5484 2238 5545 aliam
2272 5490 2567 5545 civitatem
2616 5484 2841 5555 (Hatth.
2888 5504 2943 5555 x,
3003 5490 3092 5552 25)
3118 5484 3153 5555 ;’
3177 5487 3260 5541 ita
3304 5484 3502 5540 tamen
3541 5492 3625 5546 ut,
3660 5484 3711 5539 si

2061 5560 2265 5632 fugere
2296 5577 2416 5616 non
2460 5560 2656 5625 liceat,
2688 5577 2850 5615 mors
2899 5562 3240 5614 constanter
3267 5556 3513 5613 feratur.
3545 5558 3710 5612 CLER.
