4114 6148
350 333 508 396 1033

923 331 1170 394 EPIST.
1216 329 1614 394 ECCLESIA
1657 328 1953 393 SMYRN.
2000 329 2102 392 DE
2143 330 2558 395 MARTYRIO
2599 334 2661 394 Β.
2709 332 3188 396 POLYCARPI.

3607 327 3764 398 1034

1579 466 1671 520 VI.
1719 465 2018 538 Polycarpi
2044 475 2273 522 secessus
2300 473 2356 522 et
2384 469 2542 522 visio.

417 580 476 632 Ὁ
506 571 564 630 δὲ
608 572 1059 648 θαυμασιώτατος
1099 571 1484 645 Πολύκαρπος,
1531 571 1596 626 τὸ
1648 573 1740 645 μὲν
1774 575 2026 645 πρῶτονε

2172 574 2530 646 Polycarpus
2553 580 2774 644 autem,
2806 577 2894 632 vir
2923 578 3173 634 maxime
3206 577 3598 648 admirabilis,
3634 581 3766 651 pri-

346 663 582 726 ἀκούσας
633 665 734 718 οὑκ
792 662 1097 736 ἐταράχθη,
1158 659 1286 716 ἀλλ’
1343 655 1602 715 ἐϐούλετο
1653 661 1791 714 κατᾶ
1832 657 1996 714 πόλιν

351 753 552 828 μένειν·
590 753 642 806 οἱ
673 749 730 807 δὲ
775 749 1000 812 πλείους
1059 747 1272 812 ἔπειθον
1333 748 1492 804 αὐτὸν
1531 749 1861 818 ὑπεξελθεῖν.
1896 749 1998 806 Καὶ

351 841 651 914 ὑπεξῆλθεν
684 839 759 901 εἲς
819 837 1090 914 ἀγρίδιον,
1125 840 1190 894 οὐ
1230 839 1440 912 μακρὰν
1475 838 1680 912 ἀπέχον
1741 839 1847 892 ἀπὸ
1899 845 1999 907 τῆς

347 930 585 994 πόλεως⁸
622 930 712 984 καὶ
773 923 1010 1001 διέτριϐε
1057 930 1168 1001 (45)
1229 929 1341 1001 μετ’
1400 926 1629 1002 ὀλίγων,
1688 927 1853 982 νύκτα
1908 926 1999 981 καὶ

349 1023 559 1095 ἡμέραν
614 1016 769 1074 οὐδὲν
824 1015 1004 1093 ἕτερον
1062 1021 1261 1085 ποιῶν,
1313 1016 1348 1086 ἢ
1397 1021 1843 1095 προσευχόμενος
1881 1016 1999 1090 περὶ

351 1107 704 1176 πάντων,νκαὶ
756 1113 864 1162 τῶν
919 1106 1057 1161 κατᾶ
1110 1109 1211 1173 τὴν
1254 1106 1583 1178 οἶκουμὲνην
1637 1106 1997 1174 Ἐκκλησιῶν·

350 1200 482 1273 ὅπερ
511 1199 578 1267 ἦν
613 1196 834 1267 σύνηθες
876 1197 1040 1266 αὐτῷ.
1093 1195 1190 1250 Καὶ
1247 1195 1695 1268 προσευχόμενος
1726 1193 1778 1249 ἐν
1830 1193 2000 1248 ὀπτα-

351 1290 443 1360 σίᾳ
471 1288 657 1364 γέγονε
684 1287 789 1360 πρὸ
819 1289 988 1358 τριῶν
1037 1287 1258 1359 ἡμερῶν
1318 1289 1416 1338 τοῦ
1483 1281 1868 1362 συλληφθῆναι
1901 1285 2001 1338 αύ-

349 1379 463 1434 τόν·
498 1376 589 1431 καὶ
630 1373 769 1431 εἶδεν
830 1371 1269 1448 προσκεφάλαιον
1338 1373 1503 1428 αὐτοῦ
1561 1373 1665 1427 ὑπὸ
1711 1374 1880 1448 πυρὸς
1913 1393 2003 1428 κα-

346 1467 729 1539 τακαιόμενον.
762 1465 863 1522 Καὶ
903 1464 1156 1540 στραφεὶς
1190 1465 1338 1518 εἴπεν
1371 1463 1508 1537 πρὸς
1567 1463 1696 1524 τοὺς
1747 1462 2000 1518 συνόντας

346 1557 500 1628 αὐτῷ
518 1557 894 1634 προφητικῶςο
929 1577 958 1606 ι(
993 1557 1082 1606 Δεῖ
1118 1573 1184 1625 με
1217 1557 1392 1621 ζῶντα
1431 1552 1698 1620 καυθῆναι
1729 1556 1860 1624 (44).
1896 1576 1924 1604 ››

2109 679 2294 730 mum,
2327 679 2388 718 re
2419 664 2619 720 audita
2649 681 2770 720 non
2803 666 3092 733 turbatus,
3125 666 3187 720 in
3228 667 3372 722 urbe
3404 683 3761 738 permanere

2110 751 2382 807 volebat:
2418 753 2683 824 plerique
2710 759 2906 809 tamen
2940 756 2992 809 ei
3025 762 3470 826 persuaserunt,
3505 763 3571 812 ut
3603 774 3766 814 sece-

2110 840 2295 896 deret.
2331 843 2398 895 Et
2422 843 2666 896 secessit
2715 842 2775 896 in
2805 843 3028 912 villam,
3073 860 3193 898 non
3228 845 3477 900 multum
3512 846 3583 900 ab
3619 846 3763 902 urbe

2112 928 2379 984 dissitam
2407 945 2420 995 ;
2454 930 2554 984 ubi
2587 947 2722 985 cum
2754 933 2956 1002 paucis
2989 933 3349 1000 mansit,diu
3370 941 3666 1006 noctuque
3681 935 3767 991 nil

2111 1019 2273 1074 aliud
2300 1035 2500 1091 agens,
2526 1020 2638 1073 nisi
2673 1021 2830 1091 quod
2862 1029 3059 1076 oraret
3111 1039 3215 1093 pro
3243 1023 3532 1079 universis
3565 1028 3622 1079 et
3652 1042 3762 1096 pro

2111 1107 2389 1162 omnibus
2429 1125 2536 1179 per
2565 1108 2768 1164 orbem
2800 1110 3114 1177 Ecclesiis;
3149 1111 3307 1182 quod
3359 1112 3470 1183 ipsi
3505 1119 3629 1168 erat
3663 1131 3762 1169 so-

2111 1195 2325 1251 lemne.
2358 1199 2426 1252 Et
2457 1213 2589 1252 cum
2622 1203 2839 1266 oraret,
2891 1200 3084 1255 triduo
3133 1206 3452 1272 antequam
3485 1219 3762 1274 compre-

2112 1285 2492 1351 henderetur,
2526 1287 2670 1342 visio
2702 1288 2755 1342 ei
2778 1289 3007 1360 obtigit,
3030 1289 3291 1359 viditque
3315 1291 3564 1346 cervical
3587 1309 3762 1348 suum

2112 1373 2394 1429 incendio
2418 1376 2815 1447 conﬂagrans.
2849 1379 2918 1431 Et
2947 1394 3265 1433 conversus
3295 1380 3368 1434 ad
3398 1381 3590 1436 socios
3621 1399 3764 1453 pro-

2112 1465 2344 1535 phetice
2376 1465 2562 1520 dixit:
2593 1489 2619 1516 «
2646 1467 2889 1538 Oportet
2917 1483 3012 1522 me
3042 1468 3234 1523 vivum
3266 1469 3553 1526 comburi.
3591 1491 3619 1520 »

1209 1661 1300 1716 Vl.
1323 1662 1660 1732 Polycarpus
1689 1678 1724 1716 α
1750 1662 1964 1716 servulo
2001 1661 2284 1733 proditur,
2324 1663 2562 1718 Herodes
2592 1664 2904 1719 irenarcha.

424 1762 528 1818 Καὶ
575 1759 941 1834 ἐπιμενόντων
969 1762 1078 1814 τῶν
1129 1759 1438 1829 ζητούντων
1472 1758 1654 1824 αὐτὸν,
1690 1752 1889 1830 μετέϐη
1929 1758 2003 1822 εἲς

348 1853 531 1922 ἓτερον
561 1847 835 1925 ἂγρίδιον·
877 1849 966 1903 καὶ
1021 1847 1220 1911 εύθὲως
1276 1845 1572 1917 ἐπέστησαν
1616 1847 1668 1902 οἱ
1713 1851 2001 1916 ζητοῦντες

351 1942 532 1996 αὐτὸν.
569 1940 661 1996 Καὶ
704 1940 777 2011 μὴ
813 1937 1077 2013 εὑρόντες,
1141 1931 1505 1991 συνελάϐοντο
1562 1934 1824 2009 παιδάρια
1882 1932 2000 2006 δύο,

353 2033 424 2086 ὧν
493 2031 554 2085 τὸ
613 2027 792 2104 ἕτερον
844 2028 1268 2104 βασανιζόμενον
1322 2025 1705 2100 ὡμολόγησεν.
1757 2033 1854 2082 Ἤν
1899 2028 2003 2103 γὰρ

351 2121 440 2175 καὶ
475 2117 733 2174 ἀδύνατον
766 2116 950 2172 λαθεῖν
1013 2116 1196 2182 αὐτὸν,
1259 2116 1374 2171 ἐπεὶ
1433 2118 1523 2171 καὶ
1575 2119 1624 2170 οἱ
1657 2113 2007 2191 προδιδόντες

355 2210 516 2266 αὐτὸν
548 2209 741 2263 οἰκεῖοι
799 2207 1049 2282 ὓπῆρχον
1109 2211 1236 2275 (45).
1299 2207 1396 2260 Καὶ
1455 2207 1482 2260 ὁ
1516 2205 2004 2284 εἶρήναρχοςμϐ),

354 2303 382 2355 ὁ
422 2300 513 2354 καὶ
562 2296 916 2372 κληρονόμος
948 2301 1078 2362 (47),
1109 2295 1172 2350 τὸ
1203 2294 1333 2350 αὐτὸ
1366 2295 1538 2368 ὄνομα
1566 2299 1698 2365 (48),
1754 2293 2005 2368 Ἡρώδης

354 2389 771 2462 ἐπιλεγόμενος,
805 2383 1056 2441 ἔσπευδεν
1118 2385 1192 2442 εἷς
1250 2384 1312 2439 τὸ
1352 2381 1567 2439 στάδιον
1601 2383 1759 2438 αὐτὸν
1789 2385 2009 2460 εἰσαγα-

352 2483 490 2553 γεῖν·
531 2477 624 2530 ἳνα
679 2475 880 2536 ἐκεῖνος
939 2475 1032 2548 μὲν
1092 2474 1182 2529 τὸν
1249 2469 1388 2527 ἴδιον
1447 2472 1656 2544 κλῆρον
1715 2472 2006 2547 ἀπαρτίσῃ,

355 2568 596 2642 Χριστοῦ
653 2566 917 2625 κοινωνὸς
957 2563 1273 2637 γενόμενος’
1332 2563 1383 2616 οἱ
1443 2559 1500 2616 δὲ
1530 2559 1822 2633 προδόντες
1847 2561 2008 2617 αὐτὸν

354 2659 454 2726 τήν
499 2655 668 2711 αὐτοῦ
699 2658 808 2719 (4-9)
840 2658 936 2710 τοῦ
963 2650 1142 2710 Ἰούδα
1173 2653 1469 2726 ὑπόσχοιεν
1495 2652 1766 2726 τιμωρίαν
1811 2653 1823 2707 l

2186 1760 2552 1816 Instantibus
2583 1765 2780 1816 autem
2837 1761 2909 1816 iis
2941 1762 3041 1832 qui
3099 1763 3445 1832 quaerebant
3502 1781 3660 1832 eum,
3699 1766 3760 1820 in

2113 1849 2290 1904 aliam
2322 1850 2521 1905 villam
2545 1850 2852 1922 migravit;
2884 1856 2940 1905 et
2973 1852 3172 1906 statim
3202 1852 3451 1908 aderant
3499 1855 3763 1925 explora-

2114 1943 2290 1993 tores.
2319 1940 2581 2010 Cumque
2614 1939 2915 1994 illumnon
2937 1940 3320 2012 reperissent,
3340 1942 3488 1997 duos
3501 1943 3764 1998 servulos

2116 2029 2716 2099 comprehenderunt,
2742 2046 2994 2100 quorum
3016 2030 3186 2100 alter,
3219 2033 3534 2086 tormentis
3566 2032 3766 2088 subdi-

2119 2124 2230 2184 tus,
2265 2119 2568 2174 confessus
2602 2124 2708 2172 est.
2742 2119 3111 2190 Impossibile
3162 2126 3360 2174 autem
3420 2127 3548 2175 erat
3578 2121 3764 2176 latere

2118 2210 2335 2280 ipsum,
2369 2226 2502 2263 cum
2534 2210 2868 2279 proditores
2897 2209 3203 2263 domestici
3230 2209 3359 2281 ejus
3381 2211 3767 2266 essent.Iren-

2119 2299 2297 2354 archa
2326 2315 2482 2363 vero,
2515 2299 2603 2353 vel
2636 2298 3033 2367 cleronomus,
3057 2298 3381 2369 quodidem
3418 2316 3633 2355 munus
3653 2306 3762 2368 est,

2117 2389 2356 2442 nomine
2390 2388 2669 2455 Herodes,
2704 2389 2763 2442 in
2792 2388 3048 2442 stadium
3081 2388 3250 2442 illum
3283 2388 3497 2442 ducere
3551 2407 3766 2461 prope-

2118 2477 2304 2543 rabat,
2338 2481 2403 2530 ut
2432 2476 2526 2529 hic
2550 2481 2767 2531 sortem
2793 2493 2958 2530 suam
2978 2476 3496 2547 impleret,Christi
3521 2495 3765 2533 consors

2116 2565 2345 2631 factus;
2379 2564 2713 2636 proditores
2763 2571 2961 2619 autem
2994 2566 3124 2636 ejus
3178 2565 3341 2620 Judaa
3391 2583 3598 2637 pmnas
3632 2566 3766 2622 sub-

2119 2654 2302 2710 eant!

1397 2744 1509 2798 VII.
1547 2744 1885 2813 Polycarpus
1915 2759 1948 2797 a
1971 2744 2410 2813 persecutoribus
2442 2745 2738 2799 invenitur.

428 2837 692 2909 Ἔχοντες
725 2832 815 2888 οὗν
843 2832 906 2888 τὸ
958 2829 1274 2906 παιδάριον,
1317 2836 1387 2905 τῇ
1419 2833 1750 2904 παρασκευῇ,
1787 2828 2003 2886 δείπνου

365 2922 500 2998 ὥρᾳ,
551 2921 778 2992 ἐξῆλθον
821 2918 1121 2994 διωγμῖται
1178 2920 1265 2974 καὶ
1300 2921 1504 2987 ἱππεῖς,
1561 2918 1694 2992 μετὰ
1743 2922 1850 2973 τῶν
1885 2939 2003 2972 συν-

363 3013 510 3081 ήθων
550 3011 732 3072 αὐτοῖς
785 3008 994 3077 ὅπλων,
1061 3031 1082 3057 ε
1117 3008 1192 3069 ὡς
1221 3007 1336 3062 ἐπεὶ
1369 3007 1576 3081 λῃστὴν
1635 3007 1943 3085 τρέχοντες.
1977 3031 2004 3058 ιι

364 3101 456 3156 Καὶ
492 3101 592 3174 ὁψὶ
636 3106 736 3167 τῆς
799 3099 944 3171 ὥρας
1003 3095 1418 3160 συνεπελθόντες
1473 3099 1615 3172 (50),
1670 3095 1877 3152 ἐκεῖνον
1911 3097 2005 3168 μὲν

359 3189 510 3264 εὗρον
541 3187 592 3243 ἕν
633 3209 738 3243 τινι
773 3184 1034 3258 δωματίῳ
1067 3185 1475 3256 κατακείμενον,
1517 3185 1568 3239 ἐν
1612 3190 1722 3248 (51)
1755 3186 2006 3257 ὑπερῴῳ*

355 3279 602 3341 κάκεῖθεν
631 3276 864 3345 ἠδύνατο
926 3275 1002 3337 εἰς
1044 3272 1230 3349 ἕτερον
1265 3273 1474 3349 χωρίον
1545 3273 1824 3340 ἀπελθεῖν,
1877 3273 2005 3329 ἀλλ’

2186 2833 2478 2888 Habentes
2509 2849 2644 2905 ergo
2671 2832 3167 2903 puerulum,feria
3199 2838 3382 2901 sexta,
3417 2833 3524 2889 sub
3558 2833 3767 2889 horam

2114 2939 2315 2990 caena),
2348 2923 2566 2994 egressi
2599 2928 2738 2977 sunt
2787 2928 3196 2993 persecutores
3247 2929 3304 2978 et
3358 2925 3586 2995 equites
3632 2940 3768 2978 cum

2115 3013 2416 3068 consuetis
2447 3012 2648 3077 armis,
2670 3017 2996 3081 «tanquam
3027 3012 3613 3068 adversuslatronem
3637 3030 3768 3085 pro-

2118 3102 2448 3156 ﬁciscentes
2474 3099 2516 3156 ⁸.
2547 3123 2574 3149 ››
2610 3103 2680 3155 Ει
2734 3100 2842 3156 sub
2873 3101 3276 3172 vespertinum
3325 3107 3557 3174 tempus
3590 3102 3771 3158 adve-

2116 3190 2370 3254 nientes,
2404 3188 2575 3244 illum
2607 3189 2668 3242 in
2703 3189 2993 3260 superiori
3027 3189 3300 3245 cubiculo
3334 3208 3525 3262 parvae
3556 3189 3769 3261 cujus-

2119 3279 2254 3334 dam
2285 3279 2496 3333 domus
2553 3279 3028 3334 discumbentem
3075 3281 3468 3348 invenerunt;
3516 3280 3675 3336 unde
3707 3280 3770 3334 in

359 3370 462 3424 οὐκ
501 3363 804 3437 ἐϐουλήθη,
861 3363 1054 3419 εἰπών·
1113 3364 1246 3420 «Τὸ
1307 3362 1523 3435 θέλημα
1578 3367 1676 3417 τοῦ
1733 3368 1866 3419 Θεοῦ
1899 3369 2007 3436 (52)

2130 3367 2283 3423 aliud
2315 3368 2602 3439 prsidium
2633 3367 2798 3422 abire
2827 3373 3079 3439 poterat,
3113 3367 3216 3423 sed
3259 3369 3472 3435 noluit,
3527 3369 3764 3424 dicens:

357 3459 588 3532 γενέσθω
618 3457 662 3514 9.
697 3480 725 3507 »
760 3455 1019 3516 Ἀκούσας
1064 3450 1121 3508 δὲ
1180 3451 1374 3515 αὐτοὺς
1428 3451 1698 3527 παρόντας
1757 3455 1888 3521 (53),
1918 3453 2009 3508 καὶ

359 3543 622 3612 καταϐὰς,
656 3543 918 3619 διελέχθη
961 3543 1173 3604 αὐτοῖς’
1233 3545 1617 3612 θαυμαζόντων
1671 3549 1779 3598 τῶν
1809 3544 2008 3618 παρόν-

361 3660 468 3694 των
527 3639 628 3705 τὴν
683 3634 907 3704 ἡλικίαν
965 3633 1130 3688 αὐτοῦ
1187 3635 1277 3687 καὶ
1330 3633 1394 3688 τὸ
1443 3633 1720 3702 εὐσταθὲς,
1779 3635 1870 3688 καὶ
1927 3635 2012 3689 δτι

360 3723 601 3797 τοσαύτῃ
635 3719 849 3794 σπουδῇ
884 3720 1192 3799 ἐχρήσαντο
1220 3725 1318 3774 τοῦ
1351 3718 1730 3795 συλληφθῆναι
1763 3724 2010 3774 τοιοῦτον

364 3809 678 3889 πρεσϐύτην
716 3809 886 3885 ἄνδρα
913 3815 1048 3873 (54).
1107 3807 1320 3870 Εὐθέως
1377 3809 1468 3862 οὖν
1525 3808 1711 3871 αὐτοῖς
1768 3807 2014 3864 ἐκέλευσε

368 3905 736 3979 παρατεθῆναι
772 3906 962 3981 φαγεῖν
1012 3901 1099 3954 καὶ
1135 3905 1274 3953 πιεῖν
1314 3897 1366 3952 ἐν
1395 3897 1567 3971 ἐκείνῃ
1621 3903 1688 3972 τῇ
1722 3898 1858 3973 ὥρᾳ,
1891 3897 2016 3953 ὅσον

367 3993 428 4049 ἂν
463 3991 792 4068 βούλωνται·
830 3991 1125 4063 εξῃτήσατο
1186 3985 1243 4043 δὲ
1294 3987 1507 4055 αὐτοὺς,
1539 3989 1630 4042 ἳνα
1670 3985 1833 4042 δῶσιν
1865 3988 2015 4059 αύτῷ

371 4083 517 4156 ὥραν
549 4080 685 4154 πρὸς
743 4079 805 4134 τό
868 4077 1257 4152 προσεύξασθαι
1289 4074 1483 4138 ἀδεῶς.
1541 4080 1661 4132 Τῶν
1717 4073 1775 4131 δὲ
1804 4075 2018 4150 ἐπιτρε-

372 4175 609 4246 ψάντων,
643 4170 854 4234 σταθεὶς
889 4169 1257 4244 προσηύξατο,
1288 4166 1511 4240 πλήρης
1553 4166 1627 4221 ὢν
1655 4173 1756 4236 τῆς
1789 4167 2016 4242 χάριτος

369 4267 466 4316 τοῦ
516 4265 672 4330 Θεοῦ,
719 4260 911 4326 οὕτως,
947 4257 1084 4312 ὥστε
1137 4256 1226 4312 ἐπὶ
1276 4255 1371 4311 δύο
1419 4251 1566 4330 ὥρας
1629 4259 1702 4329 μή
1765 4254 2019 4311 δύνασθαι

373 4357 670 4419 σιωπῆσαι,
702 4349 792 4404 καὶ
825 4345 1222 4416 ἐκπλήττεσθαι
1263 4347 1391 4409 τοὺς
1421 4345 1740 4413 ἀκούοντας,
1772 4344 2019 4408 πολλοὺς

372 4460 430 4494 τε
465 4443 741 4512 μετανοεῖν
775 4435 862 4492 ἐπὶ
907 4440 985 4507 τῷ
1017 4433 1336 4506 ἐληλυθέναι
1396 4433 1480 4490 ἐπὶ
1514 4438 1760 4490 τοιοῦτον
1795 4445 2021 4510 θεοπρε-

375 4533 451 4597 πῆ
483 4521 813 4601 πρεσϐύτην.

441 4657 463 4692 ⁸
493 4657 694 4712 Matth.
727 4671 882 4721 xxvr,
915 4656 1004 4709 55.
1081 4654 1103 4688 ⁹
1133 4653 1336 4708 Matth.
1368 4669 1442 4722 v1,
1480 4653 1582 4718 10;
1616 4656 1741 4708 Act.
1771 4670 1892 4721 xxx,
1927 4653 2012 4709 14.

448 4797 558 4870 (43)
591 4799 677 4853 Ita
708 4795 1069 4870 Jacobsonus
1102 4811 1132 4850 e
1163 4794 1303 4870 cod_._
1329 4793 1696 4870 Paris._1§diti
1723 4787 1924 4870 ἔτριβε.

445 4865 562 4935 (44)
593 4871 678 4924 Ita
716 4868 1082 4923 Jacobsonus
1112 4883 1142 4921 e
1175 4866 1480 4921 codicibus
1531 4865 1803 4936 Vindob.,
1838 4867 2022 4924 Paris.

381 4948 440 4998 et
474 4943 710 4995 Barocc.
743 4939 894 4994 Editi
922 4955 934 4992 :
966 4939 1384 5005 κατακαυθῆναι.

453 5014 568 5082 (45)
595 5012 695 5067 Ἠν
727 5010 898 5084 γὰρ...
944 5009 1196 5084 ὑπῆρχον
1241 5027 1323 5084 ex
1372 5007 1817 5081 interpolatoris
1848 5025 2030 5064 manu

383 5101 510 5161 esse
523 5082 749 5161 _censet‘
769 5082 1187 5161 Dalrymplius.
1231 5083 1350 5161 Jac.

455 5156 566 5227 (46)
602 5150 932 5227 Irenarcha}
963 5150 1182 5227 munus
1215 5158 1360 5216 erat,
1410 5150 1725 5227 seditiosos
1759 5151 2032 5227 homines

384 5230 442 5281 et
458 5222 618 5297 pacis
632 5226 882 5297 publicae
906 5225 1238 5279 turbatores
1263 5222 1787 5297 comprehendere.
1833 5225 2031 5279 VALES.

479 5298 569 5367 47)
631 5294 983 5367 Κληρονόμοι
1025 5301 1166 5351 sunt
1215 5316 1240 5346 ε
1290 5294 1752 5367 magistratatus,
1795 5316 1832 5367 Δ››
1877 5300 2034 5349 sorte

386 5363 592 5440 electi.
617 5363 912 5440 CorJgMihi
943 5367 1100 5422 idem
1126 5363 1505 5440 magistratus
1533 5371 1656 5420 tum
1682 5363 2034 5440 εἰρήναρχος,

387 5447 511 5494 tum
544 5438 652 5506 κλη
695 5439 896 5510 ονόμος
928 5446 1166 5494 vocatus
1192 5438 1374 5494 fuisse
1407 5437 1656 5492 videtur.

455 5510 586 5582 (48)
619 5458 854 5582 ’ὄνομῳ
885 5517 952 5564 ut
981 5510 1218 5582 sapius,
1267 5531 1297 5559 «
1330 5525 1568 5576 munus,
1610 5514 1656 5563 ot

388 5597 521 5637 nor.
567 5604 594 5632 ιι

464 5654 574 5724 (49)
609 5654 757 5727 Lege
789 5651 982 5720 αὐτὴν.
1015 5653 1134 5708 hc.

712 5771 976 5834 Ρληοι..
1024 5771 1132 5832 Gn.
1178 5769 1251 5832 V.

2057 4807 2103 4873 D

692 5508 854 5582 νομα,
885 5517 952 5564 ut
981 5510 1218 5582 sapius,
1267 5531 1297 5559 «
1330 5525 1568 5576 munus,
1610 5508 1895 5579 ofﬁcium,
1933 5510 2038 5564 ho-

2125 3480 2149 3507 ‹ι
2173 3457 2301 3512 Fiat
2328 3455 2600 3511 voluntas
2631 3455 2810 3512 Dei9.-
2859 3459 3001 3512 Cum
3061 3473 3195 3512 vero
3229 3474 3327 3513 eos
3360 3465 3623 3514 astantes
3665 3476 3768 3514 au-

2121 3547 2306 3602 disset
2358 3563 2425 3602 ac
2477 3546 2900 3613 descendisset,
2958 3564 3092 3602 cum
3153 3548 3238 3602 eis
3294 3549 3623 3603 collocutus
3656 3552 3767 3613 est,

2122 3637 2477 3691 mirantibus
2511 3637 2608 3701 iis,
2641 3637 2742 3707 qui
2775 3637 3042 3702 aderant,
3075 3641 3310 3691 aitatem
3359 3639 3487 3708 ejus
3519 3644 3576 3693 et
3627 3654 3768 3694 con-

2124 3725 2424 3790 stantiam,
2458 3725 2731 3795 quodque
2766 3725 2874 3795 ipsi
2907 3730 3068 3780 tanto
3096 3725 3290 3780 studio
3320 3727 3411 3781 usi
3444 3726 3666 3781 fuerint
3695 3725 3770 3781 ad

2123 3814 2465 3885 hujusmodi
2480 3815 2665 3868 virum
2689 3829 2892 3868 senem
2913 3814 3770 3885 comprehendendum.Statim

2125 3920 2283 3958 nunc
2314 3901 2416 3956 illa
2446 3902 2593 3956 hora
2621 3902 2694 3957 iis
2725 3902 2920 3957 cibum
2953 3908 3012 3957 et
3053 3908 3256 3974 potum
3305 3905 3519 3974 apponi
3563 3904 3767 3974 jussit,

2126 3995 2412 4062 quantum
2445 3990 2699 4056 vellent;
2734 3991 2903 4061 petiit
2932 3996 3130 4045 autem
3161 3991 3234 4045 ab
3265 3991 3406 4059 illis,
3439 3997 3504 4046 ut
3531 3991 3643 4063 ipsi
3676 3992 3772 4046 da-

2125 4085 2261 4135 rent
2289 4079 2448 4134 horas
2479 4079 2734 4150 spatium
2765 4079 2837 4134 ad
2885 4079 3069 4134 libere
3099 4080 3410 4136 orandum.
3444 4081 3607 4145 Quod
3636 4098 3770 4136 cum

2129 4169 2581 4232 concessissent,
2644 4174 2805 4222 stans
2864 4169 3087 4233 orabat,
3143 4169 3354 4240 plenus
3411 4170 3599 4242 gratia
3628 4171 3769 4238 Dei;

2130 4258 2274 4314 adeo
2306 4263 2373 4312 ut
2403 4275 2510 4328 per
2537 4257 2684 4311 duas
2706 4257 2882 4312 horas
2912 4263 3107 4312 tacere
3167 4275 3283 4313 non
3316 4263 3535 4330 posset,
3570 4275 3637 4314 ac
3669 4258 3775 4313 ob-

2131 4351 2542 4420 stupescerent
2570 4345 2893 4411 auditores,
2916 4347 3256 4418 multosque
3278 4364 3483 4403 eorum
3524 4348 3777 4420 paenite-

2132 4442 2242 4504 ret,
2276 4436 2434 4508 quod
2460 4436 2740 4491 adversus
2797 4451 3024 4502 senem,
3057 4438 3174 4492 Deo
3211 4441 3519 4510 tantOpere
3545 4444 3776 4510 gratum

2132 4526 2451 4583 venissent.

2208 4799 2321 4868 (50)
2349 4797 2434 4868 Ita
2465 4795 2733 4868 Usserius
2765 4800 2824 4868 et
2857 4796 3164 4868 _Smithius
3197 4813 3267 4850 ex
3324 4796 3558 4868 Eusebii
3591 4797 3679 4868 (Ε.
3712 4798 3785 4851 Η.

2138 4863 2226 4933 IV,
2267 4868 2350 4935 15)
2387 4867 2639 4920 lectione
2672 4863 2992 4938 ἐπελθόντες
3047 4867 3462 4938 corrigendum
3516 4863 3642 4923 essLe
3675 4884 3787 4938 pu-

2139 4943 2284 4994 tant.
2318 4934 2467 4991 Editi
2495 4954 2507 4991 :
2540 4934 2979 4997 συναπελθόντες,

2211 5010 2319 5079 (5i)
2351 5009 2833 5080 Praepositionem
2866 5028 2917 5060 εν
2949 5010 3021 5064 ab
3053 5009 3187 5064 aliis
3219 5008 3502 5064 omissam
3524 5009 3792 5079 reposuit

2137 5081 2499 5137 Jacobsonus
2530 5097 2560 5134 e
2593 5080 2723 5135 cod.
2761 5080 3002 5136 Vindob.

2184 5155 2323 5240 '(52)
2356 5155 2444 5207 Ita
2499 5151 2862 5206 Jacobsonus
2894 5169 2924 5206 e
2957 5152 3145 5207 tribus
3203 5149 3376 5206 codd.
3405 5165 3418 5216 ;
3479 5149 3643 5222 Vulg.
3679 5149 3791 5204 Ku-

2182 5243 2262 5276 ιου
2278 5265 2289 5280 ο

2142 5242 2325 5366 μῖξίς)
2357 5295 2442 5349 Ita
2472 5293 2838 5366 Jacobsonus
2871 5310 2900 5346 e
2928 5292 3098 5348 codd.
3133 5292 3302 5348 Vind.
3340 5297 3399 5346 et
3429 5291 3789 5365 Paris.Vulg.

2145 5363 2381 5423 ἀκούσας
2413 5368 2506 5417 οὖν
2533 5363 2661 5423 τοὺς
2693 5363 2988 5435 παρόντας.

2215 5439 2322 5508 (54)
2356 5432 2860 5508 Ιιαώιειοοὺεοιιιιδ
2895 5452 2924 5490 e
2948 5435 3086 5508 cod.
3138 5435 3303 5508 Paris
3336 5435 3500 5508 Vulg.
3539 5452 3551 5489 :
3612 5432 3794 5508 εὐστα-

2145 5501 2252 5582 θὶς,
2287 5501 2427 5568 τινες
2459 5501 2670 5582 ἔλεγον·
2703 5508 2765 5561 Ἠ
2796 5506 3033 5582 τοία-ότη
3071 5503 3307 5582 σπουδὴ,
3341 5507 3376 5575 ἡ
3407 5501 3504 5562 τόὕ
3533 5509 3630 5562 τοῦ
3662 5503 3791 5560 συλ-

2149 5571 2422 5657 ληφθῆναι
2462 5571 2710 5635 τοιόὖτον
2736 5571 3045 5651 πρεσϐύτην
3079 5573 3243 5653 ἄνδρα
3273 5571 3340 5648 ἦν

3403 5772 3480 5832 33
