4114 6148
354 273 516 335 1038

1563 271 1628 331 S.
1673 265 2194 331 POLYCARPUS
2240 267 2607 332 MARTYR.

3613 257 3768 331 1036

1522 405 1665 461 VIII.
1697 402 2031 474 Polycarpus
2050 404 2110 460 in
2139 405 2329 459 urbem
2358 405 2602 462 ducitur.

427 509 573 564 Cum
606 512 804 563 autem
834 507 1238 578 precationem
1264 506 1536 575 finiisset,
1559 507 1620 560 in
1635 504 2012 577 quamentio-
2042 504 2094 571 Α

357 615 498 656 nem
529 597 751 653 fecerat
769 597 1034 651 omnium
1066 596 1167 667 qui
1199 595 1521 667 aliquando
1552 612 1688 650 cum
1718 595 1844 666 ipso
1874 609 2015 648 con-

358 687 544 762 gressi
575 686 834 751 fuerant,
889 702 1206 757 parvorum
1257 685 1497 756 quidem
1555 690 1612 740 et
1644 699 2016 756 magnorum,

358 776 657 833 clarorum
683 780 743 831 et
762 774 1172 844 obscurorum,
1198 775 1495 846 totiusque
1525 791 1631 846 per
1661 773 1867 828 orbem
1898 777 2018 826 ter—

360 882 567 922 rarum
599 864 908 920 catholicis
940 865 1256 920 Ecclesiae:
1305 881 1558 935 cumque
1592 864 1738 918 hora
1785 862 2018 933 profici-

361 955 567 1013 scendi
599 954 879 1018 venisset,
912 953 1080 1008 asino
1115 970 1250 1008 eum
1284 954 1678 1024 imponentes,
1713 953 1775 1006 in
1806 952 2015 1006 urbem

359 1045 660 1101 duxerunt
692 1043 786 1098 die
818 1043 1019 1115 magni
1052 1043 1308 1098 Sabbati.
1344 1043 1650 1098 Etoccurit
1671 1042 1722 1096 ei
1756 1041 2015 1096 Herodes

361 1133 696 1200 irenarcha,
729 1149 796 1187 ac
828 1137 998 1203 pater
1029 1132 1160 1203 ejus
1177 1132 1619 1195 Nicetas,curru
1649 1131 1926 1202 vecti,qui
1959 1134 2018 1185 et

363 1239 499 1278 eum
533 1223 595 1277 in
630 1237 937 1278 carrucam
969 1237 1137 1277 suam
1169 1222 1621 1290 transtulerunt,
1655 1221 2013 1276 assidentes-

369 1328 485 1383 que
517 1310 930 1379 hortabantur,
990 1311 1293 1366 dicentes:
1352 1333 1379 1360 «
1403 1311 1511 1376 Qui
1544 1311 1702 1365 enim
1736 1310 1872 1364 mali
1904 1314 2012 1374 est,

361 1401 558 1456 dicere
599 1423 627 1450 «
657 1399 903 1456 Domine
936 1401 1151 1469 Caesar,
1176 1421 1204 1449 »
1240 1405 1298 1455 et
1329 1400 1687 1468 sacriﬁcare,
1727 1405 1903 1470 atque
1935 1399 2016 1453 ita

365 1491 594 1547 salvum
625 1489 874 1545 evadere
895 1489 923 1544 ‘?
954 1512 982 1539 »
1016 1489 1121 1544 Ille
1154 1494 1354 1545 autem
1375 1490 1634 1561 primum
1656 1490 1898 1561 quidem
1929 1489 2015 1544 eis

362 1596 485 1635 non
515 1578 862 1651 respondit;
897 1578 1000 1633 sed
1031 1577 1679 1647 cuminstarent,dixit:
1701 1579 2014 1634 «Facturus

361 1685 484 1724 non
515 1684 664 1736 sum,
693 1666 853 1739 quod
876 1665 1138 1722 suadetis
1167 1667 1336 1722 mihi.
1360 1689 1388 1717 »
1434 1669 1581 1722 Tum
1611 1667 1717 1734 illi,
1750 1667 2014 1723 frustrati

362 1774 466 1831 spe
498 1755 778 1812 flectendi
801 1772 960 1822 eum,
983 1756 1418 1812 contumeliosa
1440 1757 1494 1812 ei
1515 1758 1691 1813 verba
1715 1757 2011 1823 dixerunt,

365 1852 425 1903 et
445 1863 582 1902 cum
609 1845 983 1901 vehementia
1012 1846 1356 1918 dejecerunt
1387 1863 1522 1902 eum
1572 1864 1602 1902 e
1634 1863 1833 1915 curru,
1866 1847 2010 1901 adeo

2194 503 2282 564 Ὡς
2341 499 2398 558 δὲ
2455 505 2750 560 κατέπαυσε
2806 505 2904 573 τήν
2960 505 3278 580 προσευχὴν
3316 547 3329 574 ,
3389 501 3771 578 μνημονεύσας

2123 591 2369 646 ἀπάντων
2397 591 2625 648 καὶτῶν
2684 594 2909 648 πώποτε
2955 595 3064 662 (55)
3123 587 3554 665 συμϐεϐηκότων
3599 591 3770 664 αὐτῷ,

2125 685 2332 754 μικρῶν
2359 701 2418 736 τε
2446 681 2536 736 καὶ
2573 680 2848 756 μηπὶλων,
2908 679 3135 751 ἐνδόξων
3181 702 3240 736 τε
3278 682 3363 736 καὶ
3402 678 3632 750 ἀδόξων,
3677 682 3769 736 καὶ

2122 769 2333 840 ἀπάσης
2362 777 2464 840 τῆς
2499 773 2643 826 κατὰ
2662 773 2761 840 τὴν
2803 770 3130 844 οῗκουμένην
3187 769 3488 840 καθολικῆς
3529 771 3770 841 Ἐκκληο

2123 858 2258 923 σίας,
2312 867 2412 930 τῆς
2471 857 2619 934 ὥρας
2677 860 2944 930 ἐλθούσης
2997 865 3094 915 τοῦ
3133 856 3348 933 ἐξιέναι,
3397 859 3447 913 ἐν
3481 854 3587 914 ῧνω
3618 861 3776 915 καθέ-

2123 968 2308 1011 σαντες
2341 947 2526 1019 αὐτὸν,
2585 950 2722 1024 ἦγον
2777 950 2855 1012 εἷς
2887 951 2987 1019 τὴν
3019 946 3208 1015 πόλιν,
3268 945 3424 1011 ὄντος
3486 944 3774 1005 Σαϐϐατου

2125 1036 2366 1112 μεγάλου
2401 1043 2526 1102 (56).
2563 1039 2666 1095 Καὶ
2709 1040 2918 1108 ὑπήντα
2975 1039 3122 1111 αύτῷ
3153 1039 3181 1093 6
3213 1038 3545 1118 εἷργίναρχος
3593 1040 3779 1113 Ἡρώ-

2122 1125 2220 1197 δης
2249 1128 2338 1181 καὶ
2372 1129 2400 1182 6
2433 1129 2613 1203 πατὴρ
2650 1127 2811 1182 αὐτοῦ
2844 1129 3092 1198 Νικήτης
3150 1125 3238 1182 ἐπὶ
3292 1129 3355 1182 τὸ
3412 1124 3608 1207 ὄχημα
3638 1134 3774 1198 (57),

2122 1215 2175 1272 οἳ
2205 1216 2295 1270 καὶ
2345 1218 2657 1289 μεταθέντες
2706 1216 2866 1272 αὐτὸν
2907 1215 2995 1272 ἐπὶ
3054 1220 3155 1286 τὴν
3215 1221 3518 1292 καροῦχαν,
3560 1213 3774 1273 ἔπειθον

2120 1305 2620 1380 παρακαθεζόμενοι
2679 1305 2770 1360 καὶ
2827 1303 3095 1380 λέγοντες·
3132 1330 3158 1357 ‹‹
3190 1306 3251 1360 Τί
3280 1306 3380 1381 γὰρ
3413 1306 3575 1361 κακόν
3628 1306 3774 1365 ἐστιν

2122 1393 2311 1447 εἰπεῖν·
2373 1391 2571 1468 Κύριος
2629 1395 2738 1457 (58)
2798 1397 3022 1468 Καῖσαρ,
3081 1394 3171 1448 καὶ
3231 1393 3500 1464 ἐπιθῦσαι,
3558 1395 3647 1449 καὶ
3704 1397 3774 1450 τὰ

2118 1483 2336 1544 τούτοις
2368 1482 2666 1555 ἀκόλουθα,
2693 1484 2784 1539 καὶ
2845 1481 3204 1553 διασώζεσθαι
3234 1511 3248 1553 ς
3281 1508 3308 1535 ››
3366 1486 3427 1542 Ὁ
3486 1482 3542 1540 δὲ
3573 1487 3640 1540 τὰ
3672 1486 3770 1559 μὶν

2120 1577 2312 1648 πρῶτα
2341 1572 2440 1628 οὐκ
2488 1573 2807 1649 ἀπεκρίνατο
2867 1572 3074 1635 αὐτοῖς’
3147 1573 3517 1648 ἐπιμενόντων
3578 1572 3634 1630 δὲ
3663 1575 3770 1630 αὐ-

2119 1668 2251 1734 τῶν,
2283 1656 2409 1737 ἔφη’
2445 1673 2473 1714 ἐ(
2506 1662 2583 1720 Οὐ
2619 1662 2812 1737 μέλλω
2856 1668 3059 1731 ποιεῖν,
3093 1664 3120 1717 ὃ
3154 1658 3556 1736 συμϐουλεύετέ
3588 1686 3702 1738 μοι.
3743 1691 3764 1721 ι
3847 1718 3864 1729 ,

2120 1753 2186 1810 Οἱ
2237 1750 2294 1806 δὲ
2333 1751 2703 1827 ἀποτυχόντες
2750 1755 2849 1806 τοῦ
2897 1757 3081 1806 πεῖσαι
3127 1751 3308 1821 αὐτὸν,
3360 1748 3508 1807 δεινὰ
3551 1752 3774 1828 ῥήματα

2123 1836 2312 1915 ἔλεγον
2337 1840 2508 1912 αὐτῷ,
2542 1840 2632 1895 καὶ
2668 1840 2802 1914 μετά
2849 1837 3093 1909 σπουδῆς
3151 1841 3420 1916 καθῄρουν
3455 1842 3616 1897 αὐτὸν
3669 1843 3776 1898 ἀπὸ

365 1941 434 1992 ut
464 1952 493 1990 e
524 1951 770 1990 carruca
795 1936 999 1991 exiens
1031 1935 1234 1990 tibiam
1256 1936 1631 1992 distraheret.
1657 1937 1768 1992 Sed
1798 1951 2017 2007 nequa-

2129 1911 2538 2004 τοῦ-ὀχήματος
2579 1911 2710 2003 (59),
2741 1930 2814 1993 ὡς
2847 1929 2937 1984 καὶ
2993 1911 3272 1986 κατιόντα·
3298 1911 3412 1986 ’ἀπὸ
3442 1938 3542 2000 τῆς
3575 1933 3776 2006 καρού-

367 2041 547 2096 quam
573 2029 925 2093 commotus,
953 2031 1010 2079 et
1031 2025 1200 2095 quasi
1242 2025 1394 2079 nihil
1422 2025 1565 2080 mali
1596 2041 1808 2096 passus
1839 2029 2012 2092 esset,

365 2113 644 2169 alacriter
673 2118 732 2168 et
761 2130 1012 2185 propere
1043 2113 1344 2187 pergebat,
1391 2114 1601 2170 ductus
1630 2114 1704 2170 ad
1733 2113 2011 2169 stadium.

369 2204 590 2258 Tantus
620 2219 755 2258 vero
788 2208 914 2258 erat
943 2203 1005 2258 in
1035 2203 1225 2259 stadio
1259 2203 1566 2274 tumultus,
1600 2208 1666 2260 ut
1681 2219 1854 2259 nemo
1878 2220 2016 2274 pos-

368 2294 459 2348 set
486 2290 702 2347 audiri.

2124 2040 2227 2098 χας
2279 2019 2620 2092 ἀποσυρῆναι
2676 2020 2739 2074 τὸ
2789 2019 3158 2091 ἀντικνήμιον.
3210 2021 3303 2076 Καὶ
3380 2021 3454 2094 μή
3518 2020 3775 2090 ἐπιστρα-

2124 2109 2263 2185 φεὶς,
2317 2109 2391 2169 ὡς
2444 2105 2600 2163 οὐδὲν
2654 2109 2957 2176 πεπονθὼς,
3013 2107 3315 2183 προθύμως
3350 2111 3484 2182 μετά
3524 2109 3770 2180 σπουδῆς

2124 2197 2438 2274 ἐπορεύετο,
2477 2199 2745 2276 ἀγόμενος
2792 2199 2868 2262 εἷς
2923 2199 2985 2253 τὸ
3034 2195 3276 2267 στάδιον,
3336 2195 3574 2274 θορύϐου
3603 2199 3770 2272 τηλι-

2122 2286 2325 2341 κούτου
2355 2281 2515 2350 ὄντος
2547 2285 2598 2341 ἐν
2629 2291 2710 2359 τῷ
2750 2283 2974 2358 σταδίῳ,
3009 2287 3085 2350 ὡς
3115 2285 3259 2361 μηδὲ
3289 2288 3614 2358 ἀκουσθῆναί
3646 2311 3767 2346 τινα

2126 2373 2399 2433 δύνασθαι.

1274 2482 1365 2538 IX.
1397 2483 1733 2554 Polycarpus
1761 2483 1975 2539 Christo
2005 2486 2241 2539 Domino
2281 2501 2378 2540 suo
2410 2501 2522 2541 non
2549 2485 2852 2541 maledicit.

430 2588 754 2660 Polycarpo
777 2591 1252 2658 autem,intranti
1284 2591 1345 2645 in
1377 2592 1778 2654 stadium.vox
1807 2609 1837 2647 e
1873 2593 2016 2648 caelo

357 2678 641 2750 contigit:
668 2700 696 2729 «
730 2679 922 2734 Fortis
953 2685 1078 2735 esto
1111 2681 1434 2736 etviriliter
1465 2697 1593 2753 age,
1626 2681 2011 2752 Polycarpe!»

358 2767 430 2820 Et
459 2783 596 2822 eum
627 2767 892 2838 quidem,
927 2769 1029 2840 qui
1059 2786 1261 2825 vocem
1295 2771 1514 2840 emisit,
1548 2788 1723 2826 nemo
1743 2771 1907 2836 vidit;
1927 2789 2018 2826 vo-

361 2870 490 2912 cem
521 2860 720 2911 autem
745 2857 785 2911 ii
815 2858 1158 2928 audierunt,
1195 2859 1297 2930 qui
1330 2877 1399 2914 ex
1441 2861 1660 2915 nostris
1691 2865 2016 2931 prasentes

364 2949 552 2999 erant.
578 2947 868 3001 Caeterum
891 2947 1226 3003 introducto
1251 2949 1354 3004 illo
1378 2965 1626 3021 magnus
1646 2956 1773 3004 erat
1794 2949 2013 3003 tumul-

363 3038 460 3089 tus
484 3051 713 3106 eorum,
747 3036 850 3106 qui
904 3037 1298 3109 Polycarpum
1356 3039 1853 3110 comprehensum
1887 3055 2014 3093 esse

365 3122 704 3178 audierunt.
741 3128 819 3177 De
850 3128 1063 3180 caetero
1112 3126 1434 3181 adductum
1467 3143 1602 3181 eum
1635 3127 2015 3197 interrogavit

2203 2595 2292 2661 Τῷ
2323 2588 2379 2645 δὲ
2411 2591 2781 2666 Πολυκάρπῳ,
2818 2591 3043 2647 εισιόντι
3102 2592 3179 2654 εἷς
3227 2593 3290 2647 τὸ
3351 2589 3586 2664 στάδιον,
3618 2594 3770 2672 φωνή

2125 2678 2174 2753 ἐξ
2209 2679 2442 2755 ούρανοῦ
2474 2680 2699 2755 ἐγένετο’
2739 2705 2768 2732 ‹‹
2801 2686 2986 2756 ’Ίσχυε
3043 2681 3132 2735 καὶ
3186 2679 3459 2755 ἀνδρίζου,
3493 2681 3780 2758 Πολύχαρ-

2125 2788 2212 2822 πε.
2245 2792 2274 2819 ››
2317 2769 2413 2822 Καί
2442 2769 2533 2824 τὸν
2581 2770 2674 2841 μὲν
2703 2768 2923 2824 εἰπόντα
2955 2766 3132 2831 οὐδεὶς
3165 2767 3324 2824 εἶδεν·
3376 2772 3474 2840 τὴν
3504 2767 3562 2825 δὲ
3593 2773 3779 2840 φωνὴν

2123 2861 2232 2910 τῶν
2266 2854 2551 2932 ἡμετέρων
2596 2858 2647 2911 οἱ
2679 2857 2936 2932 παρόντες
2965 2855 3224 2927 ἤκουσαν.
3258 2859 3360 2914 Καῖ
3387 2858 3604 2932 [λοιπὸν
3634 2862 3779 2934 (60)]

2129 2946 2538 3020 προσαχθέντος
2560 2942 2988 3022 αύτοῦ,θόρυϐος
3011 2948 3078 3016 ἦν
3102 2948 3272 3022 μέγας
3298 2945 3662 3019 ἀκουσάντων,
3689 2948 3774 3004 ὅτι

2125 3033 2489 3110 Πολύκαρπος
2515 3034 2896 3107 συνείληπται.
2933 3037 3142 3091 Λοιπὸν
3194 3038 3574 3112 προσαχθέντα
3611 3039 3776 3093 αὐτὸν

2123 3125 2380 3199 ἀνηρώτα
2418 3126 2446 3180 6
2478 3125 2805 3193 ἀνθύπατος,
2837 3125 2881 3178 εἰ
2915 3126 3075 3187 αὐτὸς
3108 3123 3192 3195 εἴη
3229 3126 3609 3200 Πολύκαρπος.
3659 3131 3773 3185 Τοῦ

360 3212 787 3282 proconsul,an
804 3213 931 3284 ipse
955 3220 1111 3270 esset
1134 3215 2014 3287 Polycarpus.Cumqueannue-

2130 3211 2188 3268 δὲ
2221 3215 2656 3291 ὁμολογοῦντος,
2691 3213 2898 3268 ἔπειθεν
2950 3213 3248 3288 ἀρνεῖσθαι,
3306 3213 3504 3292 λέγων·
3555 3241 3581 3268 ‹‹
3611 3215 3772 3274 Alas-

360 3305 474 3365 ret,
502 3300 856 3357 hortabatur
876 3302 977 3358 ille
1008 3308 1074 3358 ut
1102 3310 1363 3376 negaret,
1396 3305 1633 3359 dicens:
1668 3326 1697 3354 «
1731 3303 2016 3360 Reverere

361 3394 606 3444 {etatem
640 3395 823 3456 tuam,
861 3412 887 3440 »
919 3392 1152 3463 aliaque
1184 3393 1278 3449 his
1309 3398 1731 3461 consentanea,
1764 3410 1894 3464 quas
1917 3393 2014 3448 isti

363 3480 638 3549 proferre
665 3480 880 3536 solent:
914 3483 1099 3538 «Iura
1126 3499 1232 3555 per
1257 3483 1557 3538 fortunam
1589 3485 2014 3554 Cmsaris,resi-

356 3568 551 3640 pisce,
585 3570 895 3626 conclama
929 3588 943 3626 :
977 3572 1125 3626 Tolle
1153 3574 1368 3643 impios.
1403 3596 1430 3622 «
1463 3575 1623 3629 Tunc
1653 3575 2014 3647 Polycarpus

356 3659 514 3728 gravi
547 3674 614 3714 ac
644 3675 845 3714 severo
870 3660 1035 3716 vultu
1057 3662 1290 3717 turbam
1308 3678 1546 3718 omnem
1565 3663 2010 3732 sceleratorum,

357 3747 460 3816 qui
492 3746 553 3802 in
585 3748 775 3804 stadio
798 3750 1307 3822 erant,gentilium
1331 3757 2008 3821 contuens,manumque

356 3835 418 3890 in
451 3851 550 3890 eos
582 3838 915 3910 porrigens,
949 3840 1242 3910 simulque
1269 3857 1512 3912 gemens
1543 3858 1611 3896 ac
1643 3842 1856 3896 caelum
1889 3857 2010 3895 sus-

355 3924 584 3996 piciens
615 3927 768 3984 dixit
797 3943 811 3983 :
848 3947 876 3979 ιι
905 3928 1066 3983 Tolle
1099 3929 1334 4001 impios.
1369 3951 1398 3980 »
1431 3933 1680 4003 Urgente
1711 3946 1845 3984 vero
1878 3946 2009 4000 pro-

356 4014 601 4069 consule
625 4020 802 4086 atque
824 4016 1083 4073 dicente:
1110 4038 1134 4069 ιι
1164 4019 1321 4086 Jura,
1352 4023 1412 4074 et
1435 4019 1669 4074 dimitto
1714 4024 1791 4086 te,
1823 4017 2011 4072 male-

355 4101 451 4157 dic
484 4103 738 4171 Christo;
766 4125 794 4155 »
827 4105 1192 4178 Polycarpus
1222 4108 1532 4178 respondit
1562 4127 1582 4162 .·
1646 4130 1671 4160 υ
1702 4108 2007 4179 Octoginta

356 4195 414 4245 et
433 4207 537 4245 sex
567 4194 706 4248 anui
731 4199 888 4259 sunt,
923 4211 992 4249 ex
1013 4212 1130 4266 quo
1162 4197 1350 4250 servio
1373 4196 1446 4266 ei,
1473 4213 1582 4252 nec
1605 4213 1700 4252 me
1724 4197 1848 4252 ulla
1873 4197 2008 4251 affe-

354 4279 435 4334 cit
464 4279 724 4349 injuria;
769 4288 828 4336 et
857 4285 1155 4353 quomodo
1216 4285 1441 4356 possim
1501 4285 1858 4342 maledicere
1887 4286 2010 4357 regi

356 4382 514 4436 meo,
549 4369 651 4438 qui
685 4368 908 4426 salvum
934 4388 1030 4427 me
1064 4373 1258 4428 fecit?
1288 4395 1318 4423 υ

2131 3305 2287 3373 σθητί
2323 3324 2418 3358 σου
2460 3306 2559 3372 τὴν
2613 3301 2852 3370 ἡλικίαν,
2888 3326 2916 3353 ››
2959 3303 3047 3356 καὶ
3077 3299 3234 3376 ἕτερα
3283 3303 3499 3367 τούτοις
3525 3305 3768 3362 ἀκόλου-

2125 3396 2210 3458 θα,
2243 3394 2316 3453 ὼς
2347 3389 2464 3453 ἔθος
2498 3390 2682 3453 αὐτοῖς
2711 3388 2889 3464 λέγειν
2922 3395 3054 3461 (61)’
3106 3415 3133 3442 ‹‹
3166 3394 3411 3464 ’Όμοσον
3439 3396 3539 3462 τὴν
3571 3396 3768 3450 tiam-

2126 3501 2217 3555 ρος
2240 3480 2436 3554 τύχην,
2471 3479 2827 3550 μετανόησον,
2861 3479 2998 3531 εἶπέο
3037 3478 3165 3552 Αἶρε
3193 3478 3318 3540 τοὺς
3351 3481 3541 3542 ἀθέους
3572 3487 3701 3547 (62).
3737 3509 3766 3537 »

2121 3569 2181 3625 Ὁ
2230 3567 2286 3621 δὲ
2341 3568 2699 3639 Πολύκαρπος
2759 3561 3011 3639 ἐμϐριθεῖ
3038 3571 3115 3636 τῷ
3155 3568 3432 3641 προσώπῳ
3491 3569 3566 3631 εἰς
3597 3572 3768 3628 πάντα

2118 3657 2208 3710 τὸν
2243 3653 2414 3732 ὀχλον
2446 3660 2552 3708 τῶν
2583 3653 2634 3708 ἐν
2663 3658 2740 3724 τῷ
2777 3651 2976 3725 σταδίῳ
3007 3655 3224 3727 ἀνόμων
3258 3654 3424 3708 ἐθνῶν
3459 3652 3761 3730 ἐμϐλέψας,

2117 3743 2206 3798 καὶ
2236 3741 2507 3804 ἐπισείσας
2547 3741 2730 3804 αὐτοῖς
2778 3744 2879 3812 τήν
2910 3748 3093 3820 χεῖρα,
3127 3743 3371 3813 στενάξας
3400 3764 3459 3798 τε
3486 3747 3574 3799 καὶ
3637 3747 3761 3800 ἀνα-

2117 3829 2320 3906 ϐλέψας
2345 3831 2421 3892 εἰς
2441 3831 2532 3885 τὸν
2557 3831 2803 3904 οὐρανὸν,
2826 3831 2994 3886 εἶπεν·
3023 3856 3051 3884 ιε
3073 3832 3342 3906 Αἶρετοὺς
3365 3833 3553 3894 ἀθέους
3579 3837 3705 3898 (63).
3732 3859 3760 3885 »

2115 3921 2466 3996 Ἐγκειμένου
2496 3917 2554 3975 δὲ
2579 3925 2678 3975 τοῦ
2719 3922 3023 3976 ἀνθυπάτου
3075 3921 3163 3974 καὶ
3217 3919 3493 3997 λέγόντος·
3529 3946 3556 3973 ‹‹
3589 3924 3764 3997 Ὁμο-

2118 4033 2233 4081 σον,
2266 4012 2355 4066 καὶ
2388 4009 2614 4066 ἀπολύω
2639 4032 2716 4081 σε,
2750 4008 3083 4086 λοιδόρησον
3115 4012 3209 4066 τὸν
3248 4013 3498 4086 Χριστόν·
3535 4035 3563 4064 »
3597 4013 3625 4067 6
3656 4018 3768 4068 Ilo-

2118 4099 2397 4176 λύκαρπος
2440 4097 2562 4178 ἔφη’
2635 4123 2663 4151 ‹‹
2694 4097 3066 4174 Ὀγδοήκοντα
3105 4101 3195 4155 καὶ
3261 4099 3312 4171 ἔξ
3359 4095 3452 4172 ἔτη
3487 4100 3604 4180 ἔχω
3637 4100 3771 4157 δου-

2119 4190 2294 4246 λεύων
2316 4191 2488 4262 αὐτῷ,
2520 4188 2609 4244 καὶ
2644 4186 2795 4244 οὐδέν
2851 4209 2917 4262 με
2969 4186 3252 4258 ἠδίκησεν·
3313 4189 3404 4244 καὶ
3456 4195 3574 4252 πῶς
3606 4189 3770 4246 δύνα-

2123 4302 2220 4354 μαι
2287 4279 2684 4357 βλασφημῆσαι
2753 4277 2845 4332 τὸν
2909 4278 3137 4353 βασιλέα
3193 4300 3320 4352 μου,
3373 4280 3466 4334 τὸν
3519 4281 3769 4336 σώσαντά

2125 4389 2300 4444 μες»

1025 4481 1092 4535 Χ.
1125 4480 1465 4552 Polycarpus
1493 4498 1548 4538 se
1581 4481 1955 4537 Christianum
1979 4482 2294 4552 proﬁtetur,
2339 4480 2386 4532 et
2419 4477 2485 4530 de
2513 4476 2726 4532 Christo
2767 4477 2919 4546 loqui
2947 4476 3083 4531 vult.

421 4573 675 4646 Urgente
706 4591 912 4631 rursus
941 4575 1042 4631 illo
1073 4582 1132 4632 et
1161 4577 1387 4634 diceate
1413 4596 1426 4634 :
1464 4600 1492 4629 ‹‹
1514 4581 1652 4635 Jura
1690 4597 1798 4651 per
1822 4579 2001 4634 fortu-
2031 4583 2078 4646 D

347 4678 491 4719 nam
522 4663 790 4733 Cassaris,
822 4687 851 4715 »
879 4667 1184 4738 respondit
1210 4685 1222 4722 :
1259 4691 1286 4718 (ι
1315 4669 1373 4724 Si
1404 4685 1614 4725 vanam
1646 4686 1717 4724 ex
1749 4686 1818 4725 eo
1849 4686 2005 4740 quaa-

347 4754 432 4809 ris
460 4752 727 4826 gloriam,
761 4758 828 4809 ut
856 4772 962 4828 ego
991 4773 1099 4828 per
1114 4759 1358 4813 Cassaris
1383 4759 1701 4825 fortunam,
1721 4764 1787 4814 ut
1807 4764 1870 4814 tu
1891 4759 2000 4830 ais,

340 4843 566 4917 jurem,
599 4843 846 4899 simulas
902 4850 1099 4900 autem
1133 4847 1362 4903 nescire
1421 4849 1554 4919 quis
1607 4849 1720 4903 sim
1755 4865 1768 4902 :
1802 4848 2001 4920 palam

349 4931 508 4987 audi:
534 4931 907 4989 Christianus
939 4949 1090 4989 sum.
1126 4933 1183 4988 Si
1231 4951 1367 4990 vero
1399 4936 1747 4991 Christiana;
1779 4935 2001 4990 doctri-

347 5037 440 5077 nm
468 5022 762 5079 rationem
792 5022 876 5078 vis
911 5023 1160 5093 discere,
1191 5023 1264 5080 da
1293 5023 1410 5081 diei
1435 5025 1692 5096 spatium
1714 5031 1772 5080 et
1799 5025 1997 5080 audi.»

417 5147 527 5218 (55)
551 5146 638 5221 Ita
649 5146 1010 5221 Jacobsonus
1025 5163 1054 5203 e
1069 5147 1259 5203 tribus
1280 5148 1602 5204 codicibus.
1647 5149 1808 5221 Vulg.
1843 5147 1995 5204 πετὲ.

415 5221 526 5290 (56)
557 5219 601 5272 Ι.
636 5235 687 5273 ο·
724 5219 929 5290 Vigilia
959 5221 1283 5276 Paschatis.

421 5288 534 5364 (£37)
568 5289 697 5364 1131:}
721 5287 1010 5363 τὸῖίχημα
1040 5292 1336 5364 glossema
1365 5307 1496 5364 esse
1533 5290 1782 5364 videtur.
1821 5292 1964 5364 hic"

347 5427 373 5481 J
418 5359 529 5483 (658)
562 5361 805 5417 Codices
830 5359 1295 5418 omnes'babent
1344 5360 1557 5438 Κύριος.
1595 5363 1780 5417 Editi:
1816 5363 2002 5435 Κύριε.

379 5445 410 5481 Α
461 5469 473 5482 .

379 5445 473 5482 ΑΟ.

419 5501 531 5577 (ti?)
562 5499 701 5577 ξᾼπὸ
730 5505 826 5577 τού
850 5502 1140 5577 ὀχήματος
1172 5505 1464 5577 glossema
1485 5521 1615 5561 esse
1630 5503 2004 5577 videturJAc.

419 5571 529 5639 (60)
563 5571 775 5628 Vocem
808 5571 1024 5645 λοεεῑτδν,
1059 5571 1203 5646 quas"
1224 5576 1421 5632 statim
1462 5577 1738 5647 recurrit,
1771 5576 2012 5632 uncinis

2178 4573 2569 4645 Ἐπιμένοντος
2596 4569 2652 4628 δὲ
2681 4571 2846 4628 πάλιν
2879 4572 3043 4627 αὐτοῦ
3071 4573 3157 4627 καὶ
3195 4570 3474 4648 λέγοντος·
3506 4598 3534 4625 ‹‹
3579 4576 3726 4648 Ὅμο
3745 4610 3769 4622 ο

2116 4685 2210 4719 σον
2239 4665 2337 4732 τὴν
2367 4663 2637 4736 Καίσαρος
2693 4663 2890 4736 τύχην,
2918 4686 2945 4714 ››
2978 4663 3320 4738 ἀπεκρίνατο·
3385 4688 3412 4715 ι(
3446 4664 3510 4722 Εἰ
3545 4664 3768 4722 κενοδο-

2111 4756 2241 4826 ξεῖς,
2271 4749 2366 4805 ’ἶνα
2410 4750 2598 4823 όμόσω
2626 4752 2726 4820 τὴν
2788 4751 3056 4826 Καίσαρος
3108 4752 3305 4828 τύχην,
3335 4754 3410 4817 ὡς
3461 4753 3522 4809 σὺ
3557 4754 3763 4830 λέγεις,

2110 4845 2402 4916 προσποιεῖ
2431 4843 2540 4904 (64)
2574 4837 2630 4895 δὲ
2662 4841 2870 4914 ἀγνοεῖν
2901 4862 2986 4913 με,
3035 4841 3116 4903 τίς
3181 4841 3316 4915 εἰμι’
3381 4843 3514 4916 μετά
3544 4843 3762 4919 παρῥη-

2111 4933 2227 4994 σίας
2259 4930 2440 5000 ἄκουε,
2473 4931 2797 5004 Χριστιανὸς
2831 4928 2970 4988 ετίῆι.
3033 4930 3095 4986 Εἰ
3145 4927 3202 4985 δέ
3235 4933 3421 5000 μαθεῖν
3450 4931 3625 4996 θέλεις
3665 4934 3761 4988 τὸν

2106 5027 2204 5078 τοῦ
2234 5024 2656 5097 Χριστιανισμοῦ
2688 5018 2879 5096 λόγον,
2916 5017 3007 5082 δός
3051 5021 3282 5094 ἡμέραν,
3315 5022 3405 5077 καὶ
3439 5022 3690 5080 ἄκουσον.
3733 5048 3761 5076 ι»

2108 5147 2346 5205 inclusit
2372 5144 2758 5202 Jacobsonus.

2200 5221 2289 5292 61)
2322 5220 2407 5292 Ita
2434 5216 2795 5292 Jacobsonus
2845 5231 2875 5270 e
2897 5217 3026 5271 cod.
3063 5218 3311 5292 Vindob.
3333 5219 3484 5292 Editi
3515 5236 3528 5273 :
3555 5217 3758 5292 λέγων.

2200 5225 2289 5290 61)
2324 5225 2407 5273 Ita
2434 5225 2795 5273 Jacobsonus
2845 5231 2875 5270 e
2897 5225 3026 5271 cod.
3065 5225 3311 5273 Vindob.
3333 5225 3484 5274 Editi
3515 5236 3528 5273 :
3557 5225 3758 5292 λέγων.

2180 5225 2296 5364 (62)
2328 5291 2371 5344 Ι.
2393 5306 2456 5364 _e.
2491 5310 2519 5337 ‹‹
2555 5289 2681 5344 Una
2710 5304 2846 5344 cum
2879 5291 3122 5360 paganis
3148 5289 3620 5346 Christianorum
3652 5308 3762 5364 op-

2111 5361 2200 5418 tes
2229 5361 2561 5417 interitum.
2598 5381 2625 5410 ››

2185 5433 2298 5504 (63)
2327 5433 2376 5504 l.
2410 5447 2462 5486 e.
2497 5447 2756 5504 paganos
2788 5438 3221 5504 persecutores.
3255 5456 3274 5481 ι.

2191 5448 2298 5504 (ea)
2331 5448 2376 5485 ι.
2410 5448 2462 5486 e.
2497 5448 2756 5557 paganos
2788 5448 3221 5502 persecutores.
3255 5456 3274 5481 ι
3555 5505 3566 5517 ⁸

2191 5506 2300 5574 ι64)
2326 5503 2409 5558 lta
2436 5504 2571 5558 Jaco
2618 5519 2802 5558 sonus
2824 5520 2862 5574 7e
2893 5503 3064 5562 codd.
3101 5505 3334 5561 Barocc.
3387 5511 3446 5560 et
3501 5504 3760 5562 deob.

2119 5575 2310 5633 Editi:
2343 5578 2688 5647 προσποιεῖς,
2720 5573 2899 5631 male.
