4114 6148
344 355 498 420 1037
903 357 1150 420 EPIST.
1198 357 1595 421 ECCLESIIE
1637 358 1935 422 SMYRN.
1983 358 2084 421 DE
2127 361 2553 423 MARTYltIO
2599 363 2661 424 S.
2708 362 3178 425 POLYCARPI.
3597 366 3754 428 1038

341 493 404 550 Ὁ
437 489 739 556 ἀνθύπατος
772 485 896 571 ἔφη·
932 515 959 543 ι(
995 497 1185 547 Πεῖσον
1219 493 1310 547 τὸν
1354 489 1530 565 δῆμον
1587 493 1718 567 (65).
1753 517 1780 545 ››
1831 493 1892 550 Ὀ
1943 491 1981 548 δῖ

2116 497 2439 552 Proconsul
2470 496 2652 552 dixit:
2713 521 2741 548 ‹‹
2772 499 3067 555 Persuade
3097 499 3336 572 pOpulo.
3399 499 3756 573 Polycarpus

343 580 710 656 Πυλύκαρπος
743 581 910 636 εἶπεν·
941 605 969 633 ‹‹
1005 583 1075 636 Σὲ
1119 582 1214 654 μὲν
1269 582 1358 636 καὶ
1409 581 1579 658 λόγου
1621 581 1857 656 ἠξίωσα·
1915 581 1981 638 δει

2109 587 2455 657 respondit:
2491 609 2520 637 ‹‹
2553 589 2627 642 Te
2658 588 2898 658 quidem
2956 605 3229 644 sermone
3277 590 3521 662 dignum
3571 596 3752 662 puto;

347 668 652 745 διδάγμεθα
700 670 804 746 γὰρ
849 671 1050 745 ἀρχαῖς
1106 671 1196 726 καὶ
1241 670 1506 741 ἐξουσίαις
1561 671 1664 726 ὑπὸ
1713 676 1808 726 τοῦ
1866 677 1981 728 Θεοῐ

2110 677 2301 733 edocti
2335 677 2495 732 enim
2528 694 2751 745 sumus,
2785 678 3152 750 principibus
3196 683 3254 733 et
3302 681 3693 750 potestatibus
3724 697 3758 736 a

2110 767 2228 821 Deo
2261 765 2752 837 ordinatis,prout
2780 768 2969 837 decet,
2992 769 3281 824 honorem
3313 769 3484 825 nobis
3506 786 3625 825 non
3647 787 3758 825 no-

2109 860 2338 910 centem
2372 854 2642 922 deferre;
2676 855 2808 911 illos
2836 873 2972 912 vero
3021 856 3298 929 indignos
3337 862 3501 929 puto,
3538 859 3751 930 quibus

2108 943 2402 998 rationem
2433 943 2678 998 reddam
2708 943 2772 999 1°.
2806 967 2833 993 ››

342 765 697 838 τεταγμέναις
727 765 897 836 τιμὴν
937 764 1072 818 κατὰ
1121 763 1184 819 τὸ
1236 765 1540 839 προσῆκον,
1574 766 1673 834 τὴν
1728 766 1804 837 μὴ
1861 763 1997 840 βλά-

342 873 579 908 πτουσαν
609 853 779 924 ἡμᾶς,
825 851 1140 924 ἀπονέμειν·
1192 850 1430 914 ἐκείνους
1480 849 1538 907 δὲ
1592 852 1700 928 οὐχ
1757 856 1998 928 ἡγοῦμαι

342 941 519 1013 ἀξίους
549 944 649 996 τοῦ
680 938 1077 1018 ἀπολογεῖσθαι
1107 940 1314 1002 αὐτοῖς.
1351 965 1380 992 ››

1145 1061 1234 1115 XI.
1268 1062 1374 1115 Nec
1401 1061 1720 1128 bestiarum,
1749 1077 1847 1116 ncc
1878 1062 2024 1129 ignis
2052 1061 2220 1116 mina:
2247 1059 2614 1129 Polycarpum
2640 1067 2968 1130 perterrent.

412 1157 473 1213 Ὁ
505 1153 562 1211 ’δὲ
592 1155 894 1219 ἀνθύπατος
949 1157 1088 1231 πρὸς
1149 1154 1305 1211 αὐτὸν
1376 1157 1514 1210 εἶπεν
1561 1180 1588 1208 ‹‹
1620 1156 1798 1232 Θηρία
1853 1155 1981 1230 ἔχω,

2174 1160 2248 1212 At
2277 1158 2594 1228 proconsul
2627 1158 2699 1213 ad
2726 1159 2920 1230 ipsum
2952 1159 3138 1214 dixit:
3177 1183 3205 1211 ‹‹
3240 1161 3462 1216 Bestias
3520 1159 3708 1215 habeo
3736 1175 3750 1226 ;

338 1246 555 1306 τούτοις
587 1265 643 1300 σε
691 1240 1019 1320 παραϐαλῶ,
1077 1244 1168 1300 ἐὰν
1229 1246 1304 1318 μή
1351 1247 1710 1319 μετανοήσῃς.
1747 1270 1774 1299 ››
1827 1248 1889 1304 Ὁ
1937 1245 1981 1301 δέ

2103 1246 2196 1300 his
2226 1252 2282 1301 te
2312 1247 2611 1318 objiciam,
2657 1248 2770 1302 nisi
2822 1250 3209 1304 convertaris.
3244 1273 3271 1301 »
3321 1251 3452 1321 Ipse
3495 1267 3630 1304 vero
3657 1267 3750 1305 re-

340 1337 508 1389 εἶπεν·
533 1358 561 1386 ‹‹
592 1335 778 1402 Κάλει,
805 1335 1138 1408 ἀμετάθετος
1170 1335 1271 1410 γὰρ
1296 1336 1431 1406 ἡμῖν
1464 1336 1498 1403 ἡ
1532 1333 1638 1388 ἀπὸ
1668 1338 1778 1388 τῶν
1812 1355 1981 1408 κρειτ-

2103 1335 2378 1406 spondit:
2403 1356 2427 1386 α
2449 1342 2689 1391 Arcesse
2713 1353 2832 1404 eas,
2853 1355 2960 1392 nos
2984 1338 3142 1392 enim
3167 1338 3381 1392 mutari
3405 1355 3525 1393 non
3548 1355 3755 1410 possu-

334 1423 508 1478 τόνων
540 1423 626 1478 ἐπὶ
648 1424 714 1478 τὰ
747 1425 922 1499 χείρω
958 1423 1233 1497 μετάνοια·
1289 1422 1457 1478 καλὸν
1504 1420 1560 1478 δὲ
1613 1425 1981 1496 μετατίθεσθαί

2102 1440 2233 1479 mus
2264 1425 2649 1480 conversione
2674 1441 2708 1480 a
2728 1425 3076 1481 melioribus
3103 1427 3176 1481 ad
3200 1426 3750 1491 deteriora;bonum

340 1533 406 1585 με
438 1513 541 1567 ἀπὸ
571 1516 678 1566 τῶν
729 1511 989 1587 χαλεπῶν
1042 1511 1130 1567 ἐπὶ
1177 1512 1242 1567 τὲ
1292 1510 1493 1567 δίκαια.
1529 1537 1551 1565 ι
1605 1513 1666 1570 Ὁ
1716 1509 1772 1567 δὲ
1820 1512 1981 1569 πάλιν

2101 1520 2299 1568 autem
2324 1519 2432 1579 est,
2477 1531 2569 1568 me
2603 1531 2637 1568 a
2667 1515 2862 1584 malis)
2892 1515 2965 1569 ad
2990 1515 3155 1586 justa
3185 1517 3493 1572 transire.»
3528 1519 3749 1572 Rursus

333 1603 472 1676 πρὸς
504 1602 684 1656 αὐτόν·
722 1627 748 1654 ‹‹
788 1602 922 1677 [lupi
955 1623 1010 1656 σε
1049 1607 1193 1656 ποιῶ
1225 1598 1620 1672 δαπανηθῆναι,
1656 1602 1700 1654 εἰ
1730 1607 1838 1657 τῶν
1886 1605 1981 1670 Θη-

2101 1602 2210 1656 iste
2236 1602 2309 1657 ad
2335 1602 2748 1673 Polycarpum:
2771 1625 2798 1654 ‹‹
2823 1603 3313 1674 Quandoquidem
3338 1605 3559 1660 bestias
3585 1623 3748 1677 sper-

337 1661 468 1765 ρίων
499 1661 879 1768 καταφρονεῖς,
910 1690 996 1745 ἐὰν
1034 1691 1109 1763 μή
1146 1661 1511 1764 μετανοήσξιγς..
1541 1715 1569 1742 υ
1601 1661 1661 1748 ἔΟ
1693 1688 1748 1746 δὲ
1806 1661 1981 1746 Πολύ-

2101 1692 2216 1759 nis,
2251 1691 2373 1762 igni
2398 1696 2452 1745 te
2476 1691 2704 1746 tradam
2731 1693 3224 1760 consumendum,
3249 1693 3362 1746 nisi
3387 1695 3747 1750 sententiam

291 1767 563 1852 ’καρπος·
619 1767 792 1854 «Πῦρ
852 1777 1096 1842 ἀπειλεῖς
1149 1779 1211 1832 τὸ
1272 1779 1408 1853 πρὸς
1467 1777 1609 1853 ὥραν
1670 1780 1981 1852 καιόμενον,

2101 1785 2311 1836 mutes.
2348 1804 2368 1831 ι
2408 1781 2510 1834 Cui
2535 1780 2896 1851 Polycarpus
2922 1797 2934 1834 :
2961 1803 2988 1830 «
3025 1783 3220 1852 Ignem
3255 1783 3524 1850 minaris,
3550 1784 3649 1853 qui
3673 1785 3745 1839 ad

327 1868 419 1924 καὶ
456 1870 568 1942 μετ’
602 1867 794 1942 ὀλίγον
830 1863 1208 1936 σϐεννύμενον·
1243 1868 1457 1942 ἀγνοεῖς
1487 1869 1589 1943 γὰρ
1619 1869 1680 1924 τὸ
1710 1876 1810 1938 τῆς
1847 1869 1981 1941 μελ-

2101 1870 2257 1923 horas
2288 1869 2544 1940 spatium
2585 1869 2773 1936 ardet,
2807 1885 2872 1923 ac
2915 1869 3090 1940 paulo
3122 1876 3255 1940 post
3310 1872 3742 1941 exstinguitur;

329 1956 536 2024 λούσης
566 1956 800 2031 κρίσεως
827 1957 917 2011 καὶ
976 1956 1200 2011 αἰωνίου
1259 1954 1543 2020 κολάσεως
1602 1962 1717 2020 τοῖς
1769 1951 1981 2012 ἀσεϐέσι

2101 1959 2328 2029 ignoras
2362 1958 2521 2012 enim
2545 1957 2713 2012 illum
2736 1957 2916 2012 futuri
2943 1956 3156 2028 judicii
3189 1964 3247 2013 et
3288 1964 3523 2014 aeternae
3555 1977 3744 2030 poma;

327 2045 666 2120 τηρούμενον
697 2043 831 2119 πῦρ.
864 2042 1040 2099 ’Λλλά
1094 2045 1146 2100 τί
1206 2041 1532 2119 βραδύνεις;
1584 2045 1744 2118 Φέρε,
1787 2046 1816 2099 6'
1851 2043 1981 2120 βού-

2101 2047 2418 2119 iguem,qui
2451 2046 2650 2118 impiis
2680 2051 3033 2102 reservatur.
3053 2049 3266 2103 Verum
3299 2049 3442 2119 quid
3462 2049 3743 2104 moraris?

332 2135 437 2192 λει.
473 2159 503 2186 ››
2090 2134 2313 2202 Profer,
2345 2134 2738 2206 quodcunque
2761 2134 3038 2190 volueris.
3074 2157 3102 2184 »

1453 2251 1571 2306 ΧΙΙ.
1606 2251 1940 2323 Polycarpus
1973 2251 2048 2306 ad
2075 2267 2270 2322 rogum
2300 2251 2616 2306 damnatur.

398 2353 583 2407 Ταῦτα
615 2346 671 2403 δὲ
713 2348 801 2403 καὶ
854 2345 1000 2403 ἄλλα
1050 2347 1278 2404 πλείονα
1337 2348 1541 2426 λέγων,
1601 2350 1833 2424 θάρσους
1890 2348 1978 2404 καί

325 2443 502 2515 χαρᾶς
542 2437 940 2511 ἐνεπίμπλατο,
973 2439 1063 2492 καὶ
1096 2439 1158 2493 τὸ
1189 2439 1482 2512 πρόσωπον
1531 2439 1698 2492 αὐτοῦ
1747 2437 1977 2512 χάριτος

321 2528 656 2601 ἆπληροῦτο,
689 2527 828 2582 ὥστε
860 2528 924 2581 οὐ
969 2527 1138 2601 μόνον
1182 2529 1258 2599 μή
1304 2533 1618 2599 συμπεσεῖν,
1673 2525 1978 2602 ταραχθέν-

325 2639 393 2673 τα
420 2620 532 2691 (66)
565 2615 668 2672 ὑπὸ
696 2621 806 2671 τῶν
841 2616 1148 2690 λεγομένων
1187 2617 1324 2692 πρὸς
1365 2616 1544 2682 αὐτὸν,
1577 2615 1722 2671 ἀλλὰ
1750 2616 1977 2671 τούναν·

325 2707 440 2762 τίον
470 2707 560 2761 τὸν
608 2704 911 2761 ἀνθύπατον
960 2704 1238 2774 ἐκστῆναι,
1293 2705 1506 2779 πέμψαι
1546 2725 1604 2760 τε
1654 2709 1745 2759 τὸν
1785 2706 1976 2759 ἑαυτοῦ

327 2799 562 2869 κήρυκα,
595 2795 646 2849 ἒν
684 2795 834 2868 μέσῳ
884 2798 962 2865 τῷ
1016 2791 1216 2866 σταδίῳ
1261 2794 1488 2867 κηρύξαι
1545 2793 1752 2869 τρίτον
1807 2817 1834 2844 ‹‹
1871 2799 1974 2847 Uo-

332 2883 606 2957 λύκαρπος
665 2882 1024 2959 ὡμολόγησεν
1085 2881 1271 2937 ἑαυτὸν
1341 2883 1661 2958 Χριστιανὸν
1721 2883 1878 2940 εἶναι.
1945 2904 1970 2935 ι

330 2975 540 3030 Τούτου
571 2973 860 3049 λεγθέντος
896 2975 996 3029 ὑπὸ
1026 2978 1122 3029 τοῦ
1152 2975 1412 3049 κήρυκος,
1466 2972 1605 3030 ἅπαν
1649 2974 1712 3029 τὸ
1759 2973 1971 3042 πλῆθος

325 3063 488 3118 ἐθνῶν
519 3085 576 3118 τε
614 3063 704 3116 καὶ
738 3060 1015 3120 Ἰουδαίων
1043 3064 1150 3116 τῶν
1205 3064 1302 3131 τὴν
1358 3063 1611 3136 Σμύρναν
1658 3062 1968 3118 κατοικούν-

321 3174 450 3218 των,
498 3152 854 3230 ἀκατασχέτῳ
911 3155 1070 3224 Θυμῷ
1130 3153 1220 3207 καὶ
1282 3153 1492 3227 μεγάλῃ
1541 3157 1695 3230 φωνῇ
1749 3148 1966 3208 ἐπεϐόα.

322 3263 350 3293 ‹‹
383 3241 557 3302 Οὗτός
590 3241 729 3295 ἐστιν
760 3241 787 3295 ὀ
813 3243 912 3309 τῆς
954 3237 1204 3303 ἀσεϐείας
1265 3245 1372 3314 (67)
1429 3239 1778 3314 διδάσκαλος,
1815 3244 1842 3296 6
1874 3263 1976 3296 πα-

314 3333 420 3404 τὴρ
450 3335 556 3386 τῶν
603 3333 969 3406 Χριστιανῶν,
1025 3331 1052 3385 6
1110 3336 1217 3385 τῶν
1248 3331 1528 3406 ἡμετέρων
1588 3334 1722 3387 θεῶν
1778 3344 1968 3396 καθαι·

326 3420 508 3496 ρὲτης,
542 3421 570 3474 6
603 3417 848 3480 πολλοὺς
881 3417 1146 3474 διδάσκων
1181 3421 1257 3492 μὴ
1291 3421 1454 3488 θύειν,
1491 3419 1632 3493 μηδὲ
1650 3427 1972 3495 προσκυνεῖν

325 3515 442 3568 τοῖς
475 3514 637 3572 θεοῖς.
674 3532 702 3558 ››
760 3513 938 3563 Ταῦτα
995 3507 1238 3583 λέγοντες
1295 3504 1536 3563 ἐπεϐόων
1590 3509 1679 3563 καὶ
1737 3511 1971 3581 ἠρώτων

321 3598 414 3652 τὸν
446 3598 750 3671 Ἀσιάρχην
796 3600 908 3670 (68)
943 3595 1249 3664 Φίλιππον,
1303 3594 1390 3651 ἵνα
1439 3595 1618 3674 ἐπαφῇ
1673 3602 1751 3668 τῷ
1796 3599 1976 3652 Πολυ-

321 3687 518 3758 κάρπῳ
561 3684 775 3740 λέοντα.
803 3687 865 3743 Ὀ
916 3682 973 3740 δὲ
1025 3686 1308 3748 Φίλιππος
1362 3683 1487 3761 ἔφη,
1545 3687 1621 3759 μὴ
1681 3689 1818 3741 εῖναι
1860 3687 1973 3760 ἐξὸν

321 3776 495 3847 αὐτῷ,
528 3772 714 3844 ἐπειδή
777 3773 1131 3849 πεπληρώκει
1193 3777 1304 3848 (69)
1361 3774 1426 3830 τά
1482 3776 1790 3850 κυνηγέσια.
1842 3777 1978 3832 Τότε

326 3860 501 3934 ἔδοξεν
536 3863 716 3925 αύτεῖς
751 3862 1107 3936 ὁμοθυμαδὸν
1137 3859 1452 3933 ἐπιϐοῆσαι,
1490 3864 1628 3919 ὥστε
1655 3867 1746 3919 τὸν
1797 3865 1976 3920 [Ιολύ-

326 3974 534 4028 καρπον
567 3957 744 4022 ζῶντα
775 3956 889 4026 (70)
942 3961 1364 4023 κατακαυθῆναι.
1420 3951 1568 4008 Ἔδει
1621 3953 1723 4030 γὰρ
1774 3956 1835 4009 τὸ
1879 3961 1979 4023 τῆς

327 4043 731 4121 φανερωθείσης
765 4042 853 4096 ἐπὶ
883 4046 979 4096 τοῦ
1038 4040 1477 4122 προσκεφαλαίου
1529 4041 1788 4104 ὀπτασίας
1831 4042 1982 4115 πλη-

334 4139 600 4207 ρωθῆναι,
637 4129 729 4185 ὅτε
801 4127 928 4185 ἰδὼν
985 4130 1115 4185 αὐτὸ
1172 4132 1464 4203 καῖόμενον
1509 4134 1984 4223 προσευχόμενος,

329 4225 478 4279 εἶπεν
512 4222 860 4297 ἐπιστραφεὶς
900 4228 1016 4285 τοῖς
1076 4224 1168 4278 σὺν
1228 4223 1378 4296 αὐτῷ
1433 4229 1648 4286 πιστοῖς
1713 4222 1984 4303 προφητιὲ

324 4317 461 4376 κῶς·
496 4336 521 4364 ‹‹
556 4316 645 4367 Δεῖ
679 4333 745 4385 με
778 4316 953 4381 ζῶντα
982 4313 1402 4382 κατακαυθῆναι.
1449 4337 1477 4365 ››

2160 2350 2294 2404 Haec
2327 2365 2460 2404 vero
2489 2354 2665 2418 atque
2696 2350 2814 2405 alia
2838 2350 3008 2420 plura
3031 2366 3164 2404 cum
3197 2349 3661 2418 diceret,ﬁducia
3683 2357 3740 2408 et

2087 2437 2301 2511 gaudio
2332 2437 2694 2508 replebatur,
2728 2438 3007 2509 illiusque
3038 2438 3231 2494 vultus
3273 2439 3484 2511 plenus
3533 2442 3735 2513 gratiaa

2089 2531 2233 2592 erat,
2268 2527 2414 2581 adeo
2447 2531 2512 2580 ut
2544 2543 2664 2580 non
2695 2527 2889 2582 solum
2919 2543 3040 2581 non
3074 2528 3434 2598 concideret,
3467 2531 3596 2601 ipso
3629 2548 3736 2602 per

2088 2616 2245 2671 dicta
2275 2615 2627 2670 conturbato
2658 2631 2671 2681 ;
2706 2616 2810 2670 sed
2841 2622 3045 2671 contra
3077 2618 3396 2687 proconsul
3443 2624 3729 2690 stuperet,

2088 2720 2381 2774 suumque
2411 2703 2674 2758 mitteret
2701 2721 3039 2776 prmconem
3074 2711 3166 2760 ter
3202 2707 3263 2760 in
3296 2706 3492 2762 medio
3536 2708 3726 2763 stadio

2085 2793 2612 2865 proclamaturum:
2647 2816 2675 2844 ‹‹
2700 2795 3058 2865 Polycarpus
3079 2794 3386 2851 confessus
3419 2801 3526 2861 est,
3561 2797 3726 2852 Chri-

2086 2883 2346 2938 stianum
2377 2898 2439 2936 se
2471 2899 2620 2938 esse.
2649 2905 2676 2932 »
2709 2883 2874 2948 Quod
2907 2883 3003 2937 ubi
3035 2885 3480 2955 pronuntiasset
3511 2903 3723 2956 praeco,

2083 2971 2358 3026 universa
2401 2971 2714 3027 multitudo
2771 2972 3082 3043 gentilium
3137 2989 3204 3028 ac
3231 2973 3588 3043 Iudaeorum,
3627 2977 3728 3046 qui

2086 3065 2396 3133 Smyrnam
2428 3061 2788 3125 incolebant,
2813 3063 3098 3118 etl‘renata
3128 3064 3217 3118 ira
3248 3069 3306 3118 et
3337 3080 3551 3136 magna
3593 3082 3731 3121 voce

2086 3150 2497 3207 conclamabat
2525 3167 2585 3204 ;‹‹
2611 3151 2714 3206 Hic
2743 3152 3062 3222 impietatis
3095 3158 3185 3206 est
3211 3159 3737 3225 praeceptor,pater

2089 3240 2579 3306 Christianorum,
2632 3239 2879 3295 deorum
2924 3245 3266 3296 nostrorum
3331 3258 3587 3310 eversor,
3637 3243 3736 3313 qui

2081 3328 2305 3383 multos
2329 3328 2524 3397 docet,
2559 3345 2634 3384 ne
2667 3329 3025 3396 sacriﬁcent,
3049 3346 3193 3385 neve
3228 3329 3367 3385 deos
3401 3332 3674 3387 adorent.
3711 3353 3740 3382 »

2086 3419 2218 3473 Haec
2249 3417 2514 3472 dicentes
2545 3417 2884 3474 clamabant
2939 3419 3342 3490 rogabantque
3395 3421 3741 3494 Philippum

2086 3507 2453 3574 Asiarcham,
2486 3513 2553 3562 ut
2581 3507 2818 3562 leonem
2840 3507 3117 3563 adversus
3145 3509 3538 3579 Polycarpum
3572 3511 3741 3565 emit-

2087 3600 2257 3652 teret.
2293 3598 2365 3650 At
2396 3596 2706 3668 Philippus
2737 3596 2794 3650 id
2819 3597 2928 3651 sibi
2967 3597 3146 3652 licere
3179 3599 3430 3668 negavit,
3464 3599 3603 3668 quia
3653 3598 3739 3653 lu-

2088 3686 2229 3741 dum
2255 3686 2580 3742 bestiarum
2600 3689 2728 3758 jam
2751 3687 3126 3758 explevisset.
3161 3689 3320 3743 Tunc
3349 3688 3570 3758 placuit
3598 3687 3737 3756 illis,

2086 3792 2209 3831 uno
2234 3792 2529 3830 consensu
2551 3776 2909 3843 clamare,ut
2927 3776 3289 3846 Polycarpus
3312 3777 3471 3832 vivus
3493 3776 3736 3832 combu-

2088 3865 2340 3916 reretur.
2373 3863 2620 3916 Necesse
2653 3861 2814 3915 enim
2847 3865 2993 3926 erat,
3026 3866 3090 3916 ut
3123 3861 3266 3916 visio
3299 3862 3403 3916 illa
3446 3862 3518 3917 de
3551 3861 3735 3917 cervi-

2092 3949 2200 4004 cali
2231 3949 2598 4019 impleretur,
2633 3967 2764 4020 quae
2813 3949 2864 4004 ei
2899 3954 3137 4005 ostensa
3177 3951 3367 4005 fuerat
3413 3967 3548 4006 cum
3582 3951 3740 4006 inter

2093 4037 2382 4092 orandum
2407 4039 2552 4093 illud
2580 4038 2796 4094 ardens
2821 4038 3065 4106 videret,
3083 4043 3140 4092 et
3162 4056 3479 4095 conversus
3505 4038 3579 4094 ad
3602 4039 3740 4094 ﬁde-

2095 4127 2182 4182 les
2211 4132 2472 4182 astantes
2502 4127 2844 4199 prophetice
2880 4128 3138 4183 diceret:
3178 4148 3202 4180 ι
3237 4129 3481 4200 Oportet
3519 4144 3614 4184 me
3654 4128 3739 4181 vi-

2096 4232 2233 4270 vum
2265 4216 2554 4272 comburi.
2591 4240 2619 4266 υ

1680 4405 1822 4462 ΧΙΙΙ.
1857 4411 2038 4481 Rogus
2068 4413 2395 4469 exstruitur.

399 4524 582 4577 Ταῦτα
612 4520 701 4574 οὗν
737 4520 871 4592 μετὰ
926 4517 1189 4574 τοσούτου
1246 4519 1454 4594 τάχους
1506 4517 1734 4594 ἐγίνετο,
1791 4527 1981 4586 θᾶττον

326 4613 426 4666 τοῦ
458 4610 744 4688 λεχθῆναι,
790 4611 897 4663 τῶν
937 4603 1125 4682 ὄχλων
1156 4614 1503 4686 παραχρῆμα
1543 4609 1880 4684 συναγόντων
1923 4609 1983 4670 ἔκ

405 4735 450 4770 ¹⁰
480 4737 646 4792 Rom.
677 4751 798 4801 xm,
834 4737 884 4802 1,
929 4736 1000 4800 7;
1032 4735 1139 4788 Tit.
1175 4751 1251 4803 ιιι,
1289 4737 1337 4788 1.

406 4894 514 4966 (65)
547 4895 591 4948 Ι.
625 4892 1249 4966 ευριιιιάίιο-ιοίνοιο,
1285 4893 1329 4947 si
1365 4910 1398 4948 a
1430 4894 1648 4966 populo

334 5111 462 5182 ejus
494 5108 1012 5182 Historiameccles.
1051 5125 1090 5174 ι,
1123 5125 1178 5180 p.
1217 5108 1487 5182 i(_)7-:l_10_.

409 5181 520 5250 (66)
553 5182 639 5234 Ita
668 5179 1036 5250 Jacobsonus
1069 5195 1098 5232 e
1125 5178 1298 5234 codd.
1334 5178 1584 5234 Vindob.
1620 5185 1679 5235 et
1708 5183 1894 5239 Paris.

2163 4530 2298 4584 Haac
2326 4547 2500 4601 porro
2522 4531 2697 4586 citius
2719 4538 2956 4603 peracta
2973 4538 3314 4604 sunt,quam
3337 4534 3742 4604 pronuntiata;

2092 4625 2305 4676 cuncta
2325 4619 2496 4692 plebe
2520 4621 2834 4678 confestim
2867 4639 2939 4678 ex
2957 4622 3212 4678 ofﬁcinis
3229 4640 3298 4680 ac
3326 4623 3556 4680 balneis
3583 4625 3746 4697 ligna

685 4898 1252 4975 .<<._audire'te'volo,_
1285 4898 1329 4947 si
1365 4910 1398 4948 a
1430 4898 1648 4975 populo
1697 4898 1983 4975 prolatio-
2016 4909 2062 4970 D
2093 4904 2397 4974 appellati.
2433 4907 2649 4960 ΜΑοειι.
2689 4907 2866 4963 Valde
2898 4925 3217 4965 onerosum
3251 4912 3375 4964 erat
3405 4909 3516 4963 hoc
3545 4921 3741 4963 sacer-

336 4964 472 5023 nem
506 4964 780 5042 supplicii
813 4964 1035 5037 poteris
1076 4965 1416 5042 impetrare.
1439 4964 1476 5014 5)
1509 4964 1792 5042 Neandro
1842 4989 1983 5042 pro-

331 5037 542 5094 consul
583 5036 879 5106 lgnatiu’m
939 5036 1178 5091 servare
1231 5036 1490 5091 voluisse
1545 5038 1793 5096 videtur.
1843 5036 1986 5099 V‘ide

2100 4975 2350 5050 dotium,
2383 4983 2559 5050 atque
2593 4977 2811 5050 idcirco
2836 4980 3077 5034 nonnisi
3135 4979 3548 5050 opulentiores
3576 4977 3650 5032 ad
3674 4976 3740 5050 _id

2098 5046 2423 5120 gerendum
2451 5046 2840 5120 eligebantur.
2870 5051 3016 5105 Hinc
3047 5057 3155 5118 est,
3173 5046 3347 5120 quod
3403 5048 3607 5104 Strabo
3634 5047 3740 5101 ob-

2101 5124 2314 5186 servat,
2365 5119 2676 5174 Asiarchas
2734 5121 2854 5175 fere
2905 5138 2977 5176 ex
3034 5119 3343 5176 Trallianis
3400 5121 3742 5188 desumptos

2100 5189 2303 5262 fuisse,
2338 5196 2652 5262 propterea
2681 5192 2838 5262 quod
2870 5192 2999 5262 ejus
3028 5192 3193 5248 urbis
3220 5192 3373 5246 cives
3398 5189 3745 5262 totiusAsim

412 5245 524 5321 (67)
557 5253 667 5305 Pro
699 5245 944 5309 ἀσεϐείας
974 5250 1408 5305 restituendum
1443 5268 1570 5306 esse
1595 5250 1988 5319 ’Acia¢,Euse.

337 5322 444 5390 bii,
478 5321 675 5378 Ruﬁni
709 5327 768 5377 et
811 5321 1025 5376 veteris
1076 5322 1414 5392 interpretis
1464 5324 1848 5382 consentiens
1897 5329 1993 5384 hic

339 5394 556 5449 evincit
587 5393 926 5448 auctoritas.
964 5393 1161 5448 Usssn.

409 5466 521 5530 (68)
555 5464 853 5519 Asiarchae
884 5470 1074 5525 erant,
1108 5465 1210 5534 qui
1241 5463 1410 5520 ludos
1443 5482 1642 5520 sacros
1689 5466 1750 5521 in
1802 5469 1995 5524 hono-

339 5550 468 5614 rem
501 5535 748 5590 deorum
767 5552 872 5614 pro
897 5535 1086 5614 salute
1107 5537 1418 5614 provinciae
1444 5553 1564 5591 suae
1588 5539 1757 5614 statis
1774 5545 1892 5596 tem
1902 5560 1999 5614 po-

337 5606 953 5683 ribusprocurabant.
983 5606 1150 5672 Quod
1188 5624 1322 5683 vero
1353 5609 1712 5683 spectacula,
1764 5606 1999 5683 quaa'ab

339 5676 468 5734 illis
499 5676 811 5750 dabantur,
845 5693 1015 5734 sacra
1057 5683 1246 5747 erant,
1289 5676 1428 5737 inde
1480 5676 1820 5738 sacerdotes
1862 5689 2002 5743 sunt

2103 5260 2536 5331 opulentissimi
2567 5260 2784 5318 essent.
2823 5260 3018 5318 VALES.
3055 5263 3217 5317 Idem
3268 5263 3377 5316 iste
3436 5261 3747 5331 Philippus

2104 5332 2258 5407 infra
2288 5350 2338 5407 c_.
2374 5334 2436 5386 21
2474 5331 2759 5407 ἀρχιερεὺς
2789 5331 3126 5407 Τραλλιανός
3155 5333 3504 5407 appellatur.
3536 5333 3658 5386 Jac.

2176 5405 2282 5472 (69)
2307 5405 2395 5460 ita
2424 5403 2679 5471 codices,
2712 5403 2893 5461 testes
2939 5403 3288 5473 Jacobsono,
3348 5403 3568 5459 omisso
3611 5417 3750 5474 aug-

2107 5480 2308 5548 mento
2341 5475 3103 5548 plusquamperfecti,quod
3123 5477 3337 5547 smpius
3364 5475 3491 5531 ﬁeri
3506 5478 3756 5530 testatur

2108 5546 2308 5599 Winer
2337 5547 2618 5604 Gramm..
2650 5546 2680 5616 §
2711 5552 2794 5617 l2,
2823 5565 2882 5603 n.
2917 5546 2980 5602 8.7
3002 5564 3060 5618 p.
3093 5549 3182 5613 69,
3210 5546 3308 5602 ed.
3337 5565 3407 5602 ιν.

2180 5618 2293 5683 (70)
2326 5619 2368 5672 E
2399 5619 2570 5674 codd.
2605 5620 2778 5677 Vind.
2811 5625 2870 5676 et
2908 5617 3226 5675 Parisiensi
3279 5617 3640 5676 Jacobsonus
3668 5631 3757 5672 re-

2111 5687 2311 5759 posuit
2342 5690 2540 5755 ζῶντα.
