4114 6148
364 319 522 382 1039

1551 315 1619 378 S.
1663 305 2183 376 POLYIIARPUS
2228 303 2588 366 MARTYR.

3626 304 3790 368 1040

365 459 424 510 et
455 456 755 509 sarmenta
784 456 1142 524 congerente
1168 469 1183 520 ;
1215 451 1511 523 praecipue
1539 451 1779 518 Iudaeis,
1828 447 1998 505 alacri

2123 463 2183 497 τε
2209 445 2317 496 τῶν
2349 439 2723 516 ἐργαστηρίων
2753 438 2847 494 καί
2881 439 3182 515 βαλανείων
3240 439 3376 510 ξύλα
3433 441 3522 497 καὶ
3581 443 3788 523 φρύγα-

366 544 589 610 animo,
621 548 687 596 ut
715 541 931 607 solent,
963 541 1037 596 ad
1068 541 1180 596 ista
1203 541 1568 612 juvantibus.
1612 541 1757 595 Cum
1815 543 2016 594 autem

362 648 540 704 rogus
571 635 886 702 apparatus
917 635 1094 700 esset,
1147 631 1523 702 Polycarpus,
1563 629 1675 684 sibi
1734 627 2014 683 detractis

361 720 640 776 omnibus
661 719 1029 775 vestimentis
1057 725 1117 774 et
1147 719 1381 791 cingulo
1414 719 1629 787 soluto,
1689 715 2016 772 conabatur

362 810 541 865 etiam
574 825 637 864 se
658 807 997 864 excalceare
1025 825 1038 874 ;
1064 807 1221 878 quod
1254 808 1419 878 prius
1445 824 1564 862 non
1595 803 2016 875 faciebat,quia

362 914 598 968 semper
628 897 827 952 cuncti
850 897 1056 952 fideles
1080 895 1541 962 contendebant,
1573 895 1849 966 quisnam
1872 891 2017 948 cele-

359 988 485 1042 rius
515 1003 728 1058 corpus
759 987 890 1058 ejus
921 992 1161 1058 tangere
1187 1004 1200 1052 ;
1235 985 1397 1040 omni
1422 985 1581 1040 enim
1605 985 1759 1040 bono
1775 987 2016 1054 propter

369 1081 605 1133 sanctos
632 1092 830 1131 mores
860 1092 998 1130 suos
1030 1075 1124 1129 ille
1154 1076 1333 1130 etiam
1366 1080 1502 1130 ante
1535 1073 1886 1144 martyrium
1918 1089 2013 1126 or-

360 1172 536 1220 natus
565 1169 709 1220 erat.
743 1165 907 1219 Illico
941 1181 1099 1220 nunc
1128 1164 1227 1220 ille
1273 1164 1548 1219 omnibus
1601 1161 2014 1216 instrumentis

363 1253 866 1317 circumdabatur,
901 1270 1031 1324 quae
1065 1269 1170 1324 pro
1199 1269 1337 1324 rogo
1390 1257 1596 1324 parata
1643 1256 1832 1307 erant.
1868 1249 2015 1305 Cum

360 1360 497 1399 vero
530 1347 587 1397 et
617 1342 794 1398 clavis
826 1342 1023 1412 ipsum
1055 1341 1296 1414 afﬁgere
1339 1341 1577 1404 vellent,
1621 1340 1768 1395 dixit
1797 1357 1809 1394 :
1863 1361 1890 1389 ‹‹
1925 1339 2016 1395 Si-

363 1433 487 1487 nite
509 1447 603 1485 me
635 1431 720 1485 sic
755 1447 769 1495 ;
813 1431 913 1502 qui
960 1430 1121 1485 enim
1150 1431 1298 1485 mihi
1334 1429 1434 1485 dat
1485 1430 1682 1502 ignem
1731 1429 1875 1500 pati,
1909 1427 2017 1482 da-

361 1521 470 1588 bit,
502 1525 560 1575 et
590 1519 718 1574 sine
749 1524 944 1574 vestra
975 1534 1046 1574 ex
1077 1519 1256 1574 clavis
1287 1518 1583 1588 cautione,
1615 1519 1930 1573 immotum
1954 1517 2014 1571 in

364 1626 513 1681 pyra
545 1623 921 1681 permanere.
957 1630 985 1658 ››

2126 550 2208 588 να·
2247 531 2487 604 μάλιστα
2518 526 2792 587 Ἰουδαίων
2827 529 3145 605 προθύμως,
3178 532 3253 594 ὡς
3285 527 3402 594 ἔθος
3434 533 3642 604 αὐτοῖς,
3703 535 3783 598 εἷς

2125 626 2291 678 ταῦτα
2325 619 2760 695 ὑπουργούντων.
2796 621 2927 676 ’Ὁτε
2976 617 3034 674 δὲ
3086 622 3121 690 ἡ
3155 622 3393 696 πυρκαϊὰ
3438 623 3780 698 ήτυιμάσθη,

2126 709 2458 785 ἀποθέμενος
2501 709 2674 781 ἐς.τῷ
2705 707 2877 763 πάντα
2933 709 2999 764 τὰ
3048 710 3260 782 ἱμάτια,
3315 712 3407 764 καῖ
3451 711 3621 774 λύσας
3676 716 3779 784 τήν

2129 801 2306 870 ζώνην
2340 798 2529 869 αὐτοῦ,
2561 796 2808 874 ἐπειρᾶτο
2841 797 2932 853 καὶ
2967 798 3227 854 ὑπολύειν
3261 801 3472 856 ἒαυτόνσ
3511 804 3587 874 μὴ
3637 805 3779 880 πρό-

2125 909 2277 962 τερον
2318 891 2479 942 τοῦτο
2511 891 2703 955 ποιῶν,
2747 884 2835 942 διὰ
2887 888 2949 942 τὸ
3000 889 3080 942 ἂεὶ
3136 884 3358 944 ἕκαστον
3405 895 3514 945 τῶν
3569 898 3776 948 πιστῶν

2128 975 2471 1047 σπουδάζειν,
2505 975 2653 1039 ὅστις
2685 977 2879 1052 τάχιον
2910 983 3007 1032 τοῦ
3065 979 3279 1052 χρωτὸς
3330 979 3496 1036 αὐτοῦ
3547 980 3774 1056 ἅψηται·

2124 1068 2284 1122 παντὶ
2326 1066 2563 1141 (71)γᾶρ
2601 1066 2794 1140 ςκαλῷ,
2846 1067 3047 1141 ἀγαθῆς
3095 1065 3270 1123 ἕνεκεν
3329 1069 3632 1139 πολιτείας,
3681 1073 3776 1128 καὶ

2123 1156 2230 1230 πρὸ
2269 1161 2368 1224 τῆς
2432 1153 2729 1229 μαρτυρίας
2785 1153 3144 1228 ἐκεκόσμητο.
3205 1155 3420 1219 Εὐθέως
3476 1157 3569 1214 οῦν
3624 1161 3778 1233 αὐτῷ

2122 1243 2454 1317 περιετίθετο
2506 1243 2573 1298 τὰ
2629 1245 2766 1318 πρὸς
2826 1245 2924 1312 τὴν
2993 1244 3164 1318 πυρὰν
3223 1248 3550 1322 ἡρμοσμένα
3607 1246 3780 1326 ἔργα·

2122 1354 2185 1389 να
2216 1337 2347 1408 (72),
2380 1330 2716 1388 Μελλόντων
2759 1329 2818 1388 δὲ
2875 1332 3051 1389 αὐτῶν
3121 1336 3211 1389 καὶ
3265 1341 3580 1410 προσηλοῦν
3638 1343 3776 1410 (73),

2124 1423 2291 1478 εἶπεν.
2333 1447 2354 1474 ι
2391 1422 2583 1500 Ἀφετέ
2619 1442 2684 1495 με
2716 1418 2910 1485 οὕτως’
2945 1422 2973 1475 6
3005 1423 3108 1497 γὰρ
3163 1421 3289 1486 δούς
3343 1445 3437 1498 μοι
3488 1425 3778 1500 ὑπομεῖναι

2120 1513 2184 1568 τὸ
2215 1516 2343 1588 πῦρ,
2378 1509 2539 1566 δώσει
2568 1511 2659 1565 καὶ
2692 1511 2868 1586 χωρὶς
2900 1517 2999 1580 τῆς
3043 1511 3307 1587 ἰιμετέρας
3353 1515 3415 1569 ’ἐκ
3463 1520 3571 1570 τῶν
3619 1515 3778 1586 ἥλων

2122 1602 2440 1681 ἀσφαλείας,
2472 1599 2765 1658 ἀσάλευτον
2797 1601 3069 1676 ἐπιμεῖναι
3101 1607 3170 1677 τῇ
3203 1609 3368 1677 πυρᾷ.
3404 1629 3431 1656 ››

1687 1697 1827 1752 XIV.
1860 1695 2152 1766 Polycarpi
2177 1697 2444 1766 precatio.

436 1794 529 1848 Illi
563 1810 698 1866 ergo
731 1811 850 1849 non
875 1793 1114 1866 quidem
1146 1794 1329 1849 clavis
1348 1793 1700 1858 deﬁxerunt,
1734 1793 1838 1848 sed
1867 1793 1998 1865 liga-

2193 1792 2260 1848 Οἱ
2292 1788 2349 1845 δὲ
2380 1791 2442 1846 ού
2493 1791 2820 1861 καθήλωσαν
2872 1791 2986 1863 μὶν,
3033 1784 3230 1861 ἔδησαν
3295 1789 3352 1847 δὲ
3407 1792 3585 1849 αύτον.
3617 1797 3675 1850 Ὀ
3712 1791 3774 1850 δὲ

364 1889 582 1938 verunt
611 1900 770 1939 eum.
805 1885 907 1938 Hic
937 1900 1073 1938 vero
1105 1885 1379 1940 manibus
1428 1884 1489 1938 in
1520 1884 1743 1956 letgum
1776 1883 2013 1955 rejectis

366 1989 432 2027 ac
456 1972 702 2037 vinctus,
739 1977 1022 2043 tanquam
1046 1973 1201 2027 aries
1225 1971 1475 2045 insignis
1508 1989 1577 2026 ex
1607 1989 1820 2044 magno
1839 1986 2012 2043 grege

365 2059 440 2115 ad
462 2059 843 2126 oblationem,
869 2061 1105 2115 victima
1121 2061 1503 2132 acceptabilis
1525 2062 1642 2116 Deo
1659 2067 2010 2132 praeparata,

365 2149 576 2204 caelum
625 2149 874 2203 intuitus
919 2148 1102 2202 dixit:
1167 2172 1186 2197 -
1223 2150 1468 2204 Domine
1531 2151 1684 2204 Deus
1743 2151 2012 2220 omnipo-

361 2243 516 2302 tens,
549 2240 722 2292 Pater
751 2237 953 2292 dilecti
983 2254 1051 2292 ac
1081 2238 1380 2292 benedicti
1410 2239 1540 2292 Filii
1575 2239 1656 2292 tui
1687 2240 1823 2294 Iesu
1839 2239 2012 2293 Chri-

360 2330 456 2397 sti,
492 2346 598 2400 per
628 2346 807 2400 quem
839 2330 923 2384 tui
956 2330 1229 2385 notitiam
1259 2331 1619 2402 accepimus,
1652 2333 1806 2385 Deus
1836 2346 2008 2402 ange-

356 2417 552 2474 lorum
575 2423 634 2474 et
653 2420 956 2488 virtutum,
979 2434 1046 2473 ac
1064 2419 1352 2474 universa
1375 2426 1682 2488 creaturae,
1706 2420 2004 2490 totiusque

354 2509 588 2580 generis
611 2508 909 2579 justorum
943 2508 1004 2562 in
1036 2514 1356 2580 conspectu
1383 2514 1486 2563 tuo
1516 2509 1870 2574 viventium;
1903 2509 2002 2564 be-

353 2595 564 2651 nedico
590 2596 722 2662 tibi,
748 2596 1033 2666 quoniam
1064 2612 1158 2650 me
1207 2597 1318 2652 hac
1365 2597 1460 2652 die
1510 2597 1687 2667 alque
1718 2597 1828 2652 hac
1858 2597 2004 2653 hora

353 2685 628 2757 dignatus
660 2701 745 2750 es,
777 2690 843 2739 ut
869 2690 1100 2757 partem
1130 2686 1463 2757 acciperem
1488 2687 1547 2741 in
1570 2702 1820 2742 numero
1853 2703 2003 2741 mar-

349 2778 549 2846 tyrum
579 2779 838 2843 tuorum,
871 2775 933 2829 in
965 2774 1145 2830 calice
1177 2775 1391 2830 Christi
1423 2776 1508 2830 tui
1539 2775 1605 2842 ίί,
1640 2777 1714 2831 ad
1744 2792 2002 2832 resurre-

349 2863 608 2919 ctionem
639 2863 702 2918 in
734 2863 912 2918 vitam
944 2869 1254 2931 aeternam,
1287 2865 1502 2919 animm
1535 2870 1593 2920 et
1623 2865 1908 2936 corporis,
1936 2865 1997 2919 in

347 2952 797 3024 incorruptione
827 2969 933 3022 per
961 2952 1242 3022 Spiritum
1287 2959 1597 3018 sanctum;
1647 2952 1805 3007 inter
1851 2970 1996 3023 quos

345 3041 576 3097 utinam
607 3042 900 3113 suscipiar
921 3041 1097 3096 hodie
1125 3058 1324 3096 coram
1357 3048 1413 3097 te
1445 3045 1506 3097 in
1539 3042 1829 3097 sacrificio
1867 3044 1996 3112 pin-

2125 1880 2300 1936 ὀπίσω
2356 1879 2451 1942 τὰς
2501 1885 2692 1953 χεῖρας
2746 1881 2979 1950 ποιήσας
3039 1880 3127 1934 καὶ
3191 1879 3529 1955 προσδεθεὶς,
3588 1881 3774 1959 ὣσπερ

2121 1970 2274 2044 κριὸς
2332 1967 2601 2042 ἐπίσημος
2651 1967 2710 2022 ἐκ
2774 1968 3018 2046 μεγάλου
3077 1970 3336 2043 ποιμνίου
3397 1971 3471 2032 εἰς
3527 1992 3775 2046 προσφο-

2124 2059 2215 2134 ρὰν
2250 2061 2384 2132 (74),
2419 2058 2800 2132 ὁλοκάρπωμα
2833 2061 2940 2131 (75)
2983 2055 3168 2112 δεκτὸν
3221 2060 3304 2132 τῷ
3339 2065 3455 2132 Θεῷ
3497 2063 3771 2134 ἡτοιμασ-

2123 2147 2306 2220 μένον,
2361 2141 2668 2220 ἀναϐλέψας
2726 2147 2801 2208 εἷς
2855 2147 2946 2201 τὸν
3003 2147 3252 2222 οὐρανὸν,
3313 2151 3455 2205 εἶπε·
3511 2176 3538 2202 ‹‹
3601 2150 3772 2226 Κύριε

2121 2239 2148 2292 ὁ
2181 2237 2333 2304 Θεὸς,
2366 2237 2393 2291 6
2424 2237 2840 2312 παντοκράτωρ,
2871 2237 2898 2290 ὁ
2932 2240 3030 2291 τοῦ
3060 2236 3348 2311 ἀγαπητοῦ
3390 2239 3480 2294 καὶ
3524 2239 3765 2315 εὐλογη-

2114 2331 2210 2383 τοῦ
2261 2323 2460 2387 Παιδός
2519 2345 2615 2379 σου
2669 2326 2848 2395 Ἰησοῦ
2905 2327 3142 2400 Χριστοῦ
3196 2330 3406 2402 Ηατῆρ,
3449 2326 3517 2384 δι’
3567 2330 3628 2384 οὗ
3657 2332 3763 2400 τήν

2114 2417 2237 2491 περὶ
2297 2421 2392 2470 σοῦ
2438 2414 2726 2492 ἐπίγνωσιν
2779 2412 3109 2493 εἰλήφαμεν,
3143 2418 3172 2471 6
3204 2419 3334 2480 Θεὸς
3382 2418 3633 2494 ἀγγέλων
3669 2420 3764 2475 καὶ

2113 2503 2413 2578 δυνάμεων,
2445 2506 2538 2559 καὶ
2585 2505 2764 2575 πάσης
2824 2511 2925 2574 τῆς
2975 2507 3224 2576 κτίσεως,
3270 2508 3361 2562 καὶ
3406 2510 3605 2571 παντὸς
3661 2513 3762 2564 τοῦ

2109 2595 2294 2671 γένους
2327 2599 2434 2649 τῶν
2473 2591 2718 2662 δικαίων,
2753 2591 2806 2649 ο⁹ί
2837 2598 2997 2664 ζῶσιν
3027 2595 3252 2652 ἐνώπιόν
3279 2615 3396 2652 σου·
3429 2597 3645 2672 εὐλογῶ
3676 2620 3759 2669 σε,

2110 2685 2192 2738 ὅτι
2223 2684 2464 2754 ἠξίωσάς
2497 2704 2563 2755 με
2609 2689 2709 2752 τῆς
2762 2681 2970 2758 ἡμέρας
3029 2685 3120 2739 καὶ
3177 2683 3324 2760 ὥρας
3377 2687 3601 2759 ταύτης,
3657 2691 3758 2743 τοῦ

2110 2769 2297 2829 λαϐεῖν
2335 2795 2403 2847 με
2444 2773 2609 2847 μέρος
2658 2771 2709 2826 ἐν
2765 2771 2983 2846 ἀριθμῷ
3031 2778 3138 2829 τῶν
3202 2776 3492 2852 μαρτύρων
3541 2799 3660 2847 σου,
3704 2779 3758 2834 ἐν

2103 2867 2184 2934 τῷ
2225 2862 2478 2936 ποτηρίῳ
2533 2865 2629 2916 τοῦ
2689 2863 2923 2936 Χριστοῦ
2981 2884 3074 2917 σου
3132 2863 3208 2926 είς
3266 2865 3548 2921 ἀνάστασιν
3609 2873 3760 2938 ζωῆς

2105 2950 2354 3019 αἰωνίου,
2387 2955 2573 3026 ψυχῆς
2602 2971 2660 3004 τε
2702 2951 2790 3006 καὶ
2838 2951 3114 3024 σώματος,
3167 2953 3217 3008 ἐν
3261 2954 3533 3034 ἀφθαρσίᾳ
3581 2958 3758 3012 Ilva-:3-

2109 3061 2276 3112 ματος
2306 3039 2480 3115 ἁγίου·
2518 3039 2570 3094 ἐν
2607 3041 2692 3101 οἷς
2725 3036 3126 3118 προσδεχθείην
3156 3041 3387 3098 ἐνώπιόν
3439 3065 3534 3100 σου
3586 3046 3760 3118 σήμε-

345 3131 442 3201 gui
477 3135 534 3184 et
561 3135 826 3200 accepto,
861 3130 1368 3199 quemadmodum
1397 3131 1742 3202 prmparasti
1763 3136 1820 3184 et
1848 3130 1989 3184 mihi

345 3219 810 3244 -......ς..--.-ι-Α-ιε
850 3224 901 3244 ..ι
933 3235 1090 3244 ..ι--..ιι
1117 3218 1506 3244 ..Δε...-ι..-.ε,.ι;
1560 3220 1707 3244 n-..-
1755 3219 1966 3244 ..ΑΛ-ελ..

2115 3148 2196 3203 ρον
2231 3127 2283 3183 ἐν
2315 3129 2473 3200 θυσίᾳ
2505 3127 2652 3183 πίονι
2683 3127 2772 3182 καὶ
2801 3127 3128 3204 προσδεκτῇ,
3186 3133 3366 3195 καθὼς
3407 3133 3754 3208 προητοίμα-

2115 3240 2198 3244 _--_
2231 3219 2317 3244 --Δ
2356 3219 2803 3244 -,--μ--μ.ι-..----
2864 3218 2951 3244 ---Α
3013 3218 3184 3244 ΖῌἿγι-
3284 3243 3289 3244 ,
3373 3226 3478 3244 I-In\
3544 3225 3556 3242 ο
3608 3225 3654 3244 τι

342 3219 815 3290 praamonstrasti
847 3224 906 3273 et
933 3235 1092 3274 nunc
1115 3218 1533 3290 adimplevisti,
1557 3220 1731 3284 Deus,
1755 3219 1996 3274 menda-

343 3307 416 3362 cii
449 3308 687 3362 nescius
717 3324 784 3361 ac
815 3323 1010 3362 verax.
1034 3309 1405 3379 Quapropter
1429 3307 1500 3362 de
1523 3307 1797 3363 omnibus
1819 3308 1997 3364 laudo

339 3402 418 3464 te,
449 3395 765 3451 benedicto
787 3396 918 3465 tibi,
953 3396 1216 3468 glorifico
1251 3403 1328 3467 te,
1361 3413 1495 3452 cum
1541 3397 1904 3468 sempiterno
1938 3404 1998 3454 et

339 3483 565 3540 cmlesti
594 3485 731 3540 Iesu
789 3485 1039 3555 Christo,
1068 3485 1286 3541 dilecto
1310 3490 1408 3540 tuo
1434 3485 1603 3553 Filio,
1628 3501 1763 3540 cum
1788 3503 1903 3557 quo
1920 3488 1994 3542 ti-

336 3571 396 3627 bi
430 3576 490 3627 et
519 3572 762 3643 Spiritui
795 3578 999 3628 sancto
1025 3572 1235 3645 gloria,
1291 3578 1352 3628 et
1381 3588 1540 3629 nunc
1573 3577 1629 3627 et
1677 3573 1740 3628 in
1789 3574 1990 3631 futura

337 3661 576 3718 sacula.
606 3663 814 3718 Amen.
849 3683 879 3713 ιι

2106 3240 2198 3280 σας
2230 3219 2321 3273 καὶ
2351 3219 2803 3294 προεφανέρωσας
2863 3218 2953 3273 καὶ
3011 3218 3336 3296 ἐπλήρωσας
3371 3226 3502 3296 (76),
3537 3225 3564 3278 ὁ
3597 3225 3759 3296 ἀψευ-

2108 3305 2207 3378 δὴς
2237 3309 2325 3362 καὶ
2375 3307 2631 3374 ἀληθινὸς
2666 3306 2814 3367 Θεός.
2866 3308 2963 3362 Διὰ
3009 3313 3174 3364 τοῦτο
3223 3311 3312 3365 καὶ
3360 3312 3484 3386 περὶ
3540 3313 3752 3368 πάντων

2107 3397 2241 3452 αἰνῶ
2268 3418 2345 3466 σε,
2373 3397 2592 3471 εὐλογῶ
2625 3417 2703 3465 σε,
2756 3393 2962 3470 δοξάζω
3008 3419 3085 3467 σε,
3138 3400 3230 3452 σὺν
3279 3405 3358 3472 τῷ
3405 3399 3612 3473 αἰωνίῳ
3661 3403 3752 3456 καὶ

2103 3485 2409 3560 ἐπουρανίῳ
2441 3489 2617 3551 Ἰησοῦ
2648 3491 2891 3560 Χριστῷ,
2934 3488 3201 3560 ἀγαπητῷ
3250 3509 3346 3541 σου
3397 3486 3577 3542 Παιδί·
3633 3493 3750 3562 μεθ’

2099 3572 2161 3628 οὗ
2193 3594 2275 3628 σοι
2303 3574 2391 3627 καὶ
2441 3573 2709 3646 Πνεύματι
2769 3573 2909 3647 ἁγίῳ
2956 3575 2990 3641 ἡ
3041 3570 3187 3643 δόξα,
3240 3575 3326 3628 καὶ
3376 3579 3466 3628 νῦν
3521 3577 3612 3630 καὶ
3669 3579 3748 3641 είς

2091 3662 2218 3724 τοὺς
2254 3661 2558 3734 μέλλοντας
2585 3661 2802 3723 αἰῶνας.
2839 3662 3040 3734 Ἀμήν.
3075 3685 3103 3712 ››

1520 3772 1636 3828 XV.
1667 3773 2004 3842 Polycarpus
2032 3774 2159 3840 igne
2185 3785 2296 3824 non
2328 3770 2566 3825 (editur.

410 3869 480 3923 Et
503 3872 817 3941 postquam
846 3869 1102 3925 «Amen»
1135 3869 1451 3938 emisisset,
1469 3870 1988 3940 precationemque

339 3958 1035 4031 complevisset,ministri
1049 3959 1408 4032 ignisignem
1422 3960 1988 4016 accenderunt.Cum

336 4064 472 4104 vero
505 4049 714 4122 ingens
747 4048 989 4103 ﬂamma
1009 4049 1342 4116 émicasset,
1371 4049 1593 4121 grande
1633 4047 1986 4104 miraculum

338 4137 619 4204 vidimus,
651 4155 785 4204 nos,
817 4137 1032 4208 quibus
1054 4137 1202 4191 illud
1226 4143 1848 4208 spectareconcessum
1875 4137 1988 4193 fuit

340 4227 442 4297 qui
465 4231 524 4280 et
553 4226 687 4281 ideo
718 4227 1000 4281 reservati
1025 4243 1254 4295 sumus,
1284 4231 1350 4281 ut
1380 4226 1534 4294 aliis,
1577 4244 1706 4298 quae
1733 4226 1988 4300 contige-

331 4318 492 4381 runt,
525 4314 1038 4370 annuntiaremus.
1072 4316 1228 4387 Ignis
1264 4316 1422 4370 enim
1452 4316 1694 4372 fornicis
1726 4318 1982 4388 speciem

331 4400 626 4472 praebens,
656 4406 939 4472 tanquam
969 4404 1131 4459 navis
1157 4404 1350 4459 velum
1382 4421 1417 4459 a
1466 4411 1638 4460 vento
1665 4406 1982 4476 repletum,

2169 3863 2614 3940 Ἀναπέμψαντος
2649 3865 2705 3922 δὶ
2734 3865 2899 3922 αὐτοῦ
2926 3867 2987 3921 τὸ
3027 3891 3047 3918 α
3082 3868 3277 3941 Ἀμὴν,
3312 3890 3340 3918 ››
3370 3867 3461 3922 καὶ
3507 3865 3744 3942 πληρώ-

2099 3976 2285 4020 σαντος
2311 3958 2411 4026 τήν
2443 3956 2637 4030 εὐχὴν,
2664 3957 2718 4012 οἱ
2766 3960 2864 4011 τοῦ
2903 3955 3071 4028 πυρὸς
3121 3957 3400 4031 ’ἅνθρωποι
3448 3956 3651 4030 ἆξῆψον
3680 3958 3746 4013 τὸ

2095 4049 2226 4118 πῦρ.
2269 4043 2529 4119 Μεγάλης
2563 4042 2621 4100 δὲ
2682 4044 3040 4120 ἐκλαμψάσης
3094 4045 3324 4122 φλογὸς,
3376 4049 3558 4119 θαῦμα
3608 4046 3745 4122 μέγα

2097 4132 2337 4208 εἴδομεν,
2371 4135 2447 4196 οἷς
2480 4131 2615 4189 ἰδεῖν
2662 4131 2847 4205 ἐδόθη⁶
2896 4134 2946 4188 ο’ί
2997 4133 3086 4188 καὶ
3138 4133 3508 4207 ἐτηρήθημεν,
3556 4133 3632 4197 εἷς
3678 4137 3742 4191 τὸ

2094 4223 2412 4300 ἀναγγεῖλαι
2466 4227 2583 4285 τοῖς
2623 4223 2843 4284 λοιποῖς
2888 4224 2954 4278 τὰ
3012 4224 3298 4300 γενόμενα.
3347 4225 3422 4278 Τὸ
3473 4223 3576 4298 γάρ
3631 4228 3740 4301 πῦρ

2093 4313 2341 4387 καμάρας
2389 4309 2530 4374 εἶδος
2590 4319 2848 4382 ποιῆσαν,
2909 4309 3092 4387 ὥσπερ
3153 4313 3318 4382 ὀθόνη
3377 4310 3576 4367 πλοίου
3635 4314 3740 4369 ὑπὸ

2094 4401 2401 4474 πνεύματος
2432 4399 2815 4475 πληρουμένη,
2839 4402 3031 4474 κύκλῳ
3069 4403 3436 4476 περιετείχισε
3485 4403 3549 4456 τὸ
3581 4406 3744 4474 σῶμα

331 4489 395 4544 in
427 4488 648 4545 circulo
681 4506 894 4562 corpus
928 4493 1205 4564 martyris
1236 4493 1664 4560 circumdedit;
1715 4494 1896 4564 quod,
1924 4494 1984 4548 in

2115 4494 2188 4545 τοῦ
2222 4491 2516 4564 μάρτυρος’
2551 4491 2639 4544 καὶ
2680 4490 2746 4558 ἦν
2783 4501 2951 4563 μέσον
2985 4489 3094 4564 οὐχ
3151 4489 3226 4551 ὡς
3275 4490 3400 4562 σὰρξ
3451 4491 3746 4562 καιομένη,

333 4577 531 4633 medio
564 4578 844 4648 positum,
901 4595 1022 4635 non
1058 4587 1124 4636 ut
1171 4599 1307 4637 caro
1338 4598 1471 4638 assa
1513 4583 1843 4650 videbatur,
1876 4582 1982 4637 sed

331 4665 516 4720 veluti
547 4666 719 4737 panis
741 4673 966 4736 coctus,
988 4669 1077 4724 vel
1100 4669 1252 4726 sicut
1269 4685 1480 4726 aurum
1507 4676 1565 4725 et
1586 4676 1896 4744 argentum
1920 4670 1981 4725 in

401 4790 446 4828 ¹¹
481 4790 682 4848 Matth.
712 4808 808 4861 xx,
841 4792 947 4863 22;
980 4809 1133 4862 xxvi,
1167 4797 1268 4861 39;
1299 4796 1472 4850 Marc.
1506 4813 1562 4863 ι,
1595 4796 1682 4851 38.

399 4965 513 5039 (71)
544 4961 994 5039 Prmpositioév,
1024 4981 1172 5039 quia
1204 4965 1420 5039 legitur
1449 4968 1510 5021 in
1543 4967 1910 5034 éditis,abest
1942 4982 1977 5021 a

327 5036 436 5092 ms.
473 5043 532 5091 et
560 5036 737 5108 plane
768 5037 915 5093 mihi
947 5036 1288 5093 redundare
1310 5039 1558 5093 videtur.
1592 5040 1711 5094 ΙΑσ.

421 5112 508 5178 72)
539 5111 598 5180 Ε.
636 5125 688 5179 g.
731 5127 752 5156 σ
786 5109 977 5180 palus,
1003 5115 1248 5174 catenas,
1283 5109 1478 5176 funes,
1516 5132 1543 5158 »ι
1577 5116 1687 5164 etc.

421 5181 508 5249 ‘73)
535 5179 664 5252 Non
695 5179 968 5234 videntur
999 5180 1124 5235 haec
1148 5181 1230 5235 ita
1260 5180 1842 5252 intelligenda,quasi
1866 5183 1977 5252 Po-

324 5250 559 5324 lycarpi
585 5266 792 5324 manus
837 5252 1014 5306 clavis
1068 5252 1408 5324 transfixuri
1439 5250 1706 5324 ressent,’
1741 5259 1799 5307 et
1845 5251 1975 5324 palo

325 5321 585 5394 afﬁguri;
618 5338 738 5376 non
769 5322 982 5377 fuisset
1010 5323 1168 5377 enim
1201 5324 1326 5376 haec
1357 5323 1566 5394 exigua
1590 5340 1726 5394 pars
1759 5321 1978 5394 suppli-

324 5391 397 5444 cii
429 5393 630 5463 [quam
664 5395 974 5449 carnifices
1007 5410 1127 5448 non
1163 5391 1978 5465 remisissent].'Credidérim

321 5476 483 5529 ergo,
519 5467 1050 5536 catenastquibus
1098 5466 1378 5519 revincta:
1429 5471 1601 5520 erant
1644 5465 1716 5519 ad
1751 5473 1978 5536 tergum

321 5545 558 5655 glanus,
593 5533 728 5603 palo
757 5533 935 5590 clavis
966 5535 1170 5591 afﬁxas
1219 5536 1405 5591 fuisse
1462 5553 1536 5591 ne
1580 5533 1976 5592 moverentur.

367 5616 488 5655 LER.

367 5616 467 5655 LER
475 5641 488 5653 .

2092 4577 2220 4634 ἀλλ’
2263 4578 2338 4640 ὡς
2388 4579 2552 4652 ἄρτος
2611 4577 2949 4651 ὀπτώμενος,
2983 4579 3017 4647 ἢ
3055 4579 3130 4640 ὡς
3184 4579 3388 4652 χρυσὸς
3447 4579 3536 4634 καὶ
3581 4577 3746 4656 ἄργυ-

2095 4687 2191 4742 ρος
2223 4666 2272 4721 ἐν
2317 4666 2532 4740 καμίνῳ
2588 4666 2930 4742 πυρούμενος
2989 4670 3121 4740 (77).
3190 4668 3292 4724 Καὶ
3347 4669 3450 4746 γὰρ
3508 4666 3743 4733 εὐωδίας

2153 4965 2269 5039 (74)
2311 4965 2541 5039 Similia
2572 4965 2630 5039 in
2663 4967 2937 5039 Martyrio
2963 4966 3224 5039 lgnat.ic.
3259 4971 3313 5031 2,

2157 5024 2270 5110 Z75)
2304 5039 2349 5092 A
2371 5037 2576 5110 grzecis
2608 5024 3033 5110 interpretibus
3071 5024 3448 5093 Hebraeorum
3481 5024 3599 5103 τήν
3617 5056 3740 5095 non

2085 5127 2191 5182 per
2205 5107 2574 5182 ὁλοκαῦτιυμα
2591 5107 2783 5182 solum
2797 5108 3086 5172 redditur,
3112 5111 3214 5164 sed
3241 5110 3538 5164 interdum
3558 5111 3742 5166 etiam

2085 5177 2193 5252 per
2221 5177 2617 5249 ὁλοκάρπωμα,
2650 5186 2716 5233 ut
2745 5179 2872 5252 Lev.
2910 5197 2944 5239 ι.
2982 5182 3066 5244 14,
3102 5198 3210 5245 xvr,
3244 5184 3331 5236 24.
3368 5183 3561 5237 Usssn.

2164 5252 2653 5321 (76)Patefecerat
2675 5251 2832 5304 enim
2858 5252 2908 5306 ei
2934 5253 3086 5307 Deus
3112 5253 3306 5324 ignem
3326 5252 3741 5323 martyrii.Cfr.

2090 5341 2250 5380 supr.
2284 5339 2334 5378 c.
2369 5327 2420 5378 5.

2159 5341 2469 5467 (libentia
2498 5393 2647 5467 ignis
2687 5392 2928 5467 fornicis
2961 5395 3230 5467 praabens
3265 5396 3523 5467 speciem
3553 5399 3745 5467 stete-

2090 5466 2188 5590 rilt,
2222 5465 2280 5518 id
2302 5467 2508 5592 Joausis
2532 5465 2795 5537 physicis
2829 5465 3003 5520 tribui
3037 5483 3210 5538 posse
3239 5465 3442 5522 censet
3467 5465 3748 5538 Dalrym-

2090 5553 2125 5592 ι)
2156 5553 2267 5591 ius.
2334 5553 2422 5591 AG.

2088 5553 2267 5608 pnus.
2302 5553 2422 5592 uc.
