4114 6148
356 392 508 455 1011

933 395 1173 457 EPIST.
1222 396 1620 460 ECCLESLE
1661 393 1966 461 SMYRN.
2013 401 2119 462 DE
2163 397 2580 462 MARTYRIO
2623 401 2686 464 S.
2732 402 3200 467 POLYCARPI.

3619 407 3775 467 1012

356 525 628 596 τοσαύτης
686 522 1117 602 ἀντελαϐόμεθα,
1173 529 1248 591 ὡς
1300 525 1610 586 λιϐανωτοῦ
1669 529 2004 602 πνίοντος,ἢ

2121 535 2358 592 fornace
2389 536 2667 592 candens.
2697 537 2942 592 Tantam
2973 542 3172 593 autem
3217 554 3330 594 nos
3385 541 3760 612 percepimus

353 613 530 671 ἄλλου
559 617 707 678 τινὸς
734 621 841 672 τῶν
868 617 1068 691 τιμίων
1101 618 1409 694 ἀρωμάτωκ
1441 623 1582 695 (78).

2114 625 2461 682 suavitatem
2493 625 2710 695 odoris,
2746 642 2814 681 ac
2845 625 2893 680 si
2926 627 3062 682 thus
3099 632 3202 684 aut
3244 627 3406 684 aliud
3455 630 3757 700 quoddam

2114 716 2512 788 pretiosorum
2545 719 2877 772 aromatum
2908 715 3174 773 oluisset.

1453 835 1596 890 XVI.
1644 834 1984 906 Polycarpus
2007 837 2257 906 pugione
2287 841 2650 909 trans/igitur.

423 948 594 1022 Πέρας
627 948 716 1002 οὖν
755 944 961 1011 ἰδόντες
1003 950 1054 1003 οἱ
1112 949 1330 1022 ἄνομοι,
1386 951 1450 1006 οὐ
1493 948 1784 1024 δυνάμενον
1839 950 2004 1008 αὐτοῦ

349 1038 412 1092 τὸ
468 1042 630 1108 σῶμα
679 1037 783 1092 ὑπὸ
847 1041 946 1092 τοῦ
1003 1039 1174 1112 πυρὸς
1234 1035 1659 1111 διαπανηθῆναι,
1720 1039 2000 1097 ἐκέλευσαν

350 1125 719 1200 προσελθόντα
747 1126 894 1198 αὐτῷ
942 1129 1291 1207 κομφὲκτορα
1348 1131 1460 1202 (79)
1517 1124 1825 1205 παραϐῦσαι
1857 1130 2002 1206 ξιφί-

349 1213 488 1274 διον.
545 1217 651 1272 Καὶ
707 1221 874 1273 τοῦτο
918 1221 1274 1288 ποιήσαντος,
1305 1216 1500 1292 ἐξῆλθε
1539 1220 1832 1295 περιστερά
1887 1222 2006 1292 (80)

346 1307 439 1364 καὶ
472 1305 683 1375 πλῆθος
716 1308 972 1380 αἳματος,
1041 1309 1182 1364 ὥστε
1236 1304 1558 1364 κατασϐέσαι
1626 1309 1689 1364 τὸ
1747 1314 1877 1383 πῦρ,
1909 1310 2000 1364 καὶ

347 1397 620 1468 θαυμάσαι
651 1397 821 1452 πάντα
852 1398 944 1452 τὸν
997 1394 1194 1472 ὄχλον,
1257 1398 1302 1454 εἰ
1362 1398 1597 1470 τοσαύτη
1655 1397 1736 1462 τίς
1769 1395 2002 1475 διαφορὰ

351 1485 547 1558 μεταξὺ
577 1489 685 1540 τῶν
731 1484 972 1540 ἀπίστων
1033 1488 1123 1541 καὶ
1179 1491 1285 1542 τῶν
1345 1485 1614 1543 ἐκλεκτῶν
1670 1488 1741 1542 ὧν
1803 1487 1878 1550 εἷς
1911 1487 2000 1542 καὶ

344 1565 504 1628 οὗτος
535 1566 741 1642 γεγόνει
774 1570 882 1634 (81)
915 1569 942 1620 ὁ
974 1569 1423 1640 θαυμασιώτατος
1476 1569 1679 1642 μάρτυς
1714 1565 2000 1642 Πολυχαρ-

342 1676 471 1726 πος,
499 1655 550 1710 ἐν
583 1661 700 1719 τοῖς
727 1657 842 1710 καθ’
877 1658 1024 1731 ἡμᾶς
1057 1657 1282 1732 χρόνοις
1331 1655 1658 1720 διδάσκαλος
1701 1655 2001 1712 ἀποστολι-

339 1745 436 1805 κὸς
473 1745 564 1800 καὶ
596 1745 938 1824 προφητικὸς
997 1746 1309 1823 γενόμενος,
1370 1746 1664 1810 ἐπίσκοπός
1727 1767 1783 1801 τε
1811 1753 1913 1816 τῆς
1945 1744 1998 1800 ἐν

343 1833 570 1908 Σμύρνῃ
625 1836 924 1905 καθολικῆς
975 1833 1349 1907 Ἐκκλησίας.
1410 1841 1517 1892 Πᾶν
1577 1837 1677 1910 γὰρ
1737 1835 1911 1912 ῥῆμα,
1969 1835 1998 1888 ὃ

340 1922 602 2001 ἐξαφῆκεν
634 1922 693 1979 ἐκ
721 1930 818 1980 τοῦ
852 1923 1118 1999 στόματος
1177 1925 1360 1996 αὐτοῦ,
1420 1927 1507 1981 καὶ
1570 1924 1860 1996 ἐτελειώθη
1902 1924 1992 1980 καὶ

337 2011 608 2086 τελειωθή
618 2035 762 2070 σεται
773 2060 784 2072 .

2184 958 2442 1014 Tandem
2493 960 2670 1032 igitur
2717 966 3028 1018 cernentes
3060 958 3340 1031 improbi,
3389 973 3606 1030 corpus
3635 959 3766 1030 ejus

2114 1045 2187 1101 ab
2218 1047 2350 1118 igne
2381 1065 2502 1103 non
2521 1065 2694 1120 posse
2717 1050 3009 1118 consumi,
3030 1049 3342 1120 jusserunt
3362 1046 3764 1103 coniectorem

2112 1136 2356 1207 propius
2403 1138 2684 1194 accedere
2744 1140 3120 1211 pugioneque
3180 1153 3318 1193 eum
3387 1136 3760 1208 transfigere.

2113 1224 2277 1288 Quod
2305 1242 2439 1282 cum
2471 1227 2570 1282 ille
2595 1227 2854 1295 fecisset,
2885 1226 3128 1283 evolavit
3151 1225 3427 1281 columba
3453 1229 3514 1280 et
3532 1224 3765 1280 efﬂuxit

2112 1318 2277 1369 tanta
2295 1317 2600 1387 sanguinis
2627 1318 2816 1388 copia,
2840 1322 2905 1371 ut
2935 1317 3134 1389 ignem
3151 1316 3760 1386 exstingueret,utque

2111 1405 2385 1460 universa
2401 1404 2565 1476 plebs
2588 1407 2924 1472 miraretur,
2940 1411 3172 1461 tantum
3191 1421 3319 1460 esse
3336 1403 3658 1458 discrimen
3677 1404 3762 1459 in-

2111 1498 2204 1547 ter
2233 1493 2502 1548 infideles
2529 1499 2586 1549 et
2616 1494 2833 1550 electos
2859 1509 2872 1560 ;
2898 1510 3151 1565 quorum
3180 1509 3334 1547 unus
3368 1493 3464 1547 hic
3494 1493 3605 1548 fuit
3632 1509 3759 1547 ma-

2111 1585 2270 1639 xime
2325 1583 2713 1640 admirandus
2745 1590 2970 1656 martyr
3000 1584 3359 1655 Polycarpus
3391 1583 3491 1655 qui
3541 1583 3760 1639 nostris

2113 1674 2482 1746 temporibus
2539 1673 2900 1745 apostolicus
2933 1678 2990 1728 et
3019 1673 3400 1744 propheticus
3431 1672 3638 1727 doctor
3666 1689 3760 1726 ex-

2111 1763 2462 1834 stitit,atque
2495 1762 2800 1818 catholicas
2830 1761 3106 1816 Ecclesiae
3129 1761 3507 1832 Smyrnensis
3525 1760 3756 1831 episco-

2109 1868 2242 1923 pus.
2276 1853 2461 1907 Omne
2512 1853 2672 1907 enim
2704 1851 2968 1918 verbum,
3024 1850 3182 1922 quod
3241 1867 3342 1906 ore
3400 1867 3506 1906 suo
3535 1850 3755 1918 emisit,

2108 1946 2211 1997 aut
2239 1941 2550 2012 impletum
2583 1945 2676 1996 est
2703 1946 2804 1996 aut
2829 1939 3192 2012 implebitur.

1272 2127 1447 2184 XVII.
1488 2125 1789 2198 Polycarpi
1817 2139 2016 2196 corpus
2045 2120 2377 2182 Christianis
2403 2137 2512 2176 non
2564 2121 2827 2176 traditur.

413 2221 470 2274 Ὀ
501 2218 558 2275 δὲ
593 2221 883 2292 ἀντῖζηλος
939 2221 1027 2276 καὶ
1099 2221 1361 2297 βάσκανος
1421 2222 1511 2278 καὶ
1549 2223 1814 2297 πονηρὸς,
1845 2221 1873 2276 ὁ
1902 2221 1987 2276 ἆν-

337 2308 648 2383 τικείμενος
673 2315 753 2383 τῷ
783 2311 927 2385 γένει
957 2317 1064 2365 τῶν
1095 2309 1319 2366 δικαίων
1350 2315 1488 2384 (82),
1551 2309 1680 2366 ἰδὼν
1713 2313 1776 2367 τὸ
1804 2333 1864 2366 τε
1897 2309 1992 2383 μὲ-

338 2409 500 2472 γεθος
555 2398 720 2453 αὐτοῦ
799 2406 898 2468 τῆς
977 2399 1296 2475 μαρτυρίας,
1357 2397 1446 2454 καί
1499 2402 1600 2470 τήν
1662 2399 1755 2454 ἀπ’
1810 2399 1992 2474 ἀρχῆς

339 2486 712 2558 ἀνεπίληπτον
769 2487 1052 2544 πολιτείαν
1088 2532 1102 2556 ,
1165 2489 1601 2567 ἐστεφανωμένον
1658 2509 1718 2544 τε
1772 2493 1852 2560 τῷ
1891 2495 1990 2557 τῆς

341 2575 640 2650 ἀφθαρσίας
674 2579 942 2654 στεφάνῳ,
973 2578 1064 2632 καὶ
1127 2572 1382 2654 βραϐεῖον
1441 2577 1826 2652 ἀναντίρρητον
1861 2578 1988 2631 άπε-

335 2664 694 2742 νηνεγμένον,
743 2663 1115 2738 ἕπετήδευσεν,
1157 2667 1231 2727 ὡς
1284 2663 1425 2740 μηδέ
1481 2667 1543 2722 τὸ
1611 2665 1863 2739 λείψανον
1897 2665 1990 2720 αὖ·

338 2757 441 2807 τοῦ
468 2754 553 2830 ὑφ’
579 2756 739 2827 ἡμῶν
772 2753 1046 2834 ληφθῆναι
1110 2759 1238 2826 (83),
1298 2753 1493 2829 καίπερ
1545 2754 1773 2808 πολλῶν
1805 2752 1989 2816 ἐπιθυ-

350 2841 593 2912 μούντων
652 2847 813 2898 τοῦτο
894 2847 1144 2912 ποιῆσαι,
1213 2844 1301 2898 καὶ
1353 2850 1684 2912 κοινωνῆσαι
1738 2848 1818 2916 τῷ
1849 2841 1990 2919 ἁγίῳ

350 2929 516 2985 αὐτοῦ
546 2934 771 3004 σαρκίῳ.
806 2928 1074 2988 Ὑπέϐαλε
1103 2937 1233 3007 γοῦν
1267 2935 1512 3003 Νικήτην
1546 2933 1635 2987 τὸν
1682 2936 1778 2987 τοῦ
1809 2932 1990 3008 ἸΙρώ-

343 3016 564 3096 πατέρα,
599 3018 834 3100 ἀδελφὸν
893 3019 950 3076 δὲ
1005 3023 1220 3093 Ἀλκης
1276 3026 1408 3093 (84),
1468 3020 1716 3099 ἐντυχεῖν
1783 3025 1863 3094 τῷ
1893 3020 1988 3096 ἄρ·

341 3131 519 3188 χοντι,
541 3109 680 3166 ὥστε
727 3113 802 3183 μή
837 3109 1021 3167 δοῦναι
1084 3111 1248 3167 αὐτοῦ
1306 3113 1367 3167 τὸ
1425 3117 1583 3185 σῶμα
1612 3115 1776 3191 ταφῇ·
1819 3138 1837 3164 ι
1873 3114 1986 3183 Μὴ,

341 3201 504 3278 φησὶν
564 3201 782 3276 ἀφέντες
831 3201 923 3255 τὸν
981 3201 1412 3275 ἐσταυρωμένον,
1471 3205 1666 3256 τοῦτον
1726 3201 1990 3276 ἄρξωνται

2181 2220 2292 2275 Sed
2326 2236 2459 2274 cum
2492 2220 2740 2276 aemulus
2773 2219 2871 2274 ille
2903 2223 2962 2273 et
2991 2218 3224 2273 invidus
3248 2223 3306 2272 et
3327 2217 3543 2284 malus,
3569 2217 3756 2288 justo-

2108 2326 2359 2380 rumque
2391 2310 2592 2381 generi
2623 2309 2924 2373 adversus,
2959 2307 3190 2378 insigne
3222 2306 3381 2360 illius
3404 2307 3756 2376 martyrium

2108 2403 2720 2468 cerneret,moresque
2749 2397 2821 2452 ab
2844 2396 3084 2450 ineunte
3110 2400 3281 2451 aatate
3305 2395 3749 2467 irreprehensos

2104 2493 2309 2542 eteum
2325 2502 2543 2542 corona
2565 2483 3030 2540 immortalitatis
3043 2483 3756 2556 coronatum,przemium-

2103 2593 2218 2647 que
2251 2576 2378 2630 sine
2409 2574 2808 2630 controversia
2831 2578 3232 2646 reportantem
3257 2592 3271 2644 ;
3297 2589 3536 2644 operam
3570 2572 3754 2640 dedit,

2103 2682 2177 2720 ne
2205 2665 2474 2735 reliquiaa
2505 2665 2680 2735 ejusa
2701 2663 2872 2718 nobis
2885 2662 3282 2731 auferrentur,
3299 2662 3566 2732 quamvis
3581 2660 3754 2716 multi

2103 2755 2163 2808 id
2185 2755 2376 2808 facere
2401 2759 2458 2808 et
2484 2759 2688 2808 sancto
2711 2752 2869 2807 illius
2893 2769 3138 2822 corpore
3168 2751 3488 2823 participes
3510 2751 3638 2804 fieri
3661 2765 3756 2805 cu-

2100 2849 2332 2915 perent.
2366 2843 2664 2915 Suggessit
2722 2859 2857 2914 ergo
2889 2841 3160 2896 diabolus
3213 2841 3450 2905 Nicetaa,
3503 2837 3751 2894 Herodis

2101 2932 2276 3003 patri,
2311 2931 2475 2986 fratri
2509 2937 2707 2987 autem
2738 2930 2928 2997 Alces,
2979 2930 3142 2985 adire
3203 2928 3645 3001 proconsulem,
3674 2942 3750 2982 ne

2102 3038 2315 3092 corpus
2347 3019 2506 3075 illius
2537 3021 2610 3075 ad
2643 3018 3049 3091 sepeliendum
3073 3018 3370 3074 traderet:
3401 3039 3423 3067 ι
3447 3017 3751 3088 Ne,inquit

2100 3110 2308 3165 relicto
2335 3109 2804 3176 cruciﬁxo,bunc
2823 3109 3014 3164 colere
3035 3108 3386 3178 incipiant.»
3405 3109 3595 3178 Atque
3619 3107 3747 3161 hanc

2099 3197 2397 3264 dicebant,
2429 3197 2878 3270 suggerentibus
2909 3203 2966 3252 et
2996 3197 3357 3252 instantibus
3385 3195 3624 3262 Judaais,
3646 3189 3749 3265 qui

339 3285 607 3345 σέϐεσθαι.
641 3312 666 3335 ι»
702 3290 798 3344 Καὶ
820 3295 984 3345 ταῦτα
1015 3292 1227 3365 εἴπονρ,
1263 3285 1692 3346 ὃποϐαλλόντων
1722 3291 1811 3345 καὶ
1842 3289 1984 3346 ἐνισ-

2109 3303 2340 3359 quoque
2369 3288 2822 3343 obser’vaverant
2850 3304 2982 3353 nos,
3017 3303 3086 3342 ex
3119 3287 3250 3359 igne
3283 3303 3419 3342 eum
3451 3291 3746 3342 extractu-

339 3379 590 3454 χυόντων
644 3385 752 3436 τῶν
782 3379 1080 3450 Ἰουδαίων,
1115 3382 1170 3436 οἳ
1207 3381 1297 3436 καὶ
1336 3380 1630 3453 ἐτήρησαν,
1668 3379 1982 3454 μελλόντων

337 3471 500 3542 ἡμῶν
535 3469 594 3524 ἐκ
621 3474 718 3524 τοῦ
771 3471 937 3544 πυρὸς
993 3465 1310 3544 λαμϐάνειν·
1371 3470 1714 3545 ἀγνοοῦντες,
1747 3469 1829 3526 ὅτι
1862 3470 1984 3525 οὕτε

334 3559 428 3613 τὸν
485 3559 718 3631 Χριστόν
768 3579 898 3613 ποτε
950 3559 1271 3614 καταλιπεῖν
1329 3557 1693 3633 δυνησόμεθα,
1722 3560 1814 3614 τὸν
1853 3560 1986 3634 ὑπὲρ

335 3655 436 3717 τῆς
465 3653 566 3702 τοῦ
621 3649 822 3710 παντὸς
873 3648 1084 3720 κόσμου
1155 3653 1262 3704 τῶν
1329 3648 1649 3722 σωζομένων
1711 3647 1984 3724 σωτηρίας

337 3737 579 3793 παθόντα
639 3733 895 3810 [ἄμωμον
939 3737 1072 3812 ὑπὲρ
1114 3736 1458 3812 ἁμαρτωλῶν
1490 3739 1645 3811 (85)],
1681 3734 1805 3792 οὕτε
1860 3734 1983 3791 ἓτε-

343 3827 436 3902 ρόν
465 3847 586 3880 τινα
617 3821 881 3880 σέϐεσθαι.
938 3828 1144 3883 Τοῦτον
1204 3827 1296 3898 μὲν
1355 3827 1478 3902 γάρ,
1537 3827 1658 3881 Υἱὸν
1707 3825 1836 3881 ὅντα
1888 3830 1986 3882 τοῦ

339 3919 496 3984 Θεοῦ,
536 3917 965 3989 προσκυνοῦμεν·
1016 3915 1143 3976 τοός
1189 3912 1246 3968 δὲ
1278 3915 1573 3989 μάρτυρας,
1606 3915 1679 3976 ὡς
1740 3916 1984 3987 μαθητάς

337 4004 429 4061 καὶ
490 4006 734 4078 μιμητάς
802 4007 897 4058 τοῦ
957 4003 1182 4080 Κυρίου,
1243 4003 1535 4079 ἀγαπῶμεν
1589 4003 1773 4075 ἀξίως,
1831 4001 1986 4059 ἕνεκα

339 4093 550 4155 εὐνοίας
583 4088 1000 4168 ἀνυπερϐλήτου
1030 4099 1129 4162 τῆς
1189 4093 1264 4155 εἱς
1318 4093 1413 4147 τὸν
1466 4090 1608 4147 ἴδιον
1640 4090 1865 4166 βασιλέα
1893 4093 1980 4147 καὶ

338 4179 687 4238 διδάσκαλον·
727 4183 800 4236 ὧν
840 4183 1047 4256 γένοιτο
1093 4181 1185 4236 καὶ
1241 4185 1390 4256 ἡμᾶς
1447 4180 1845 4256 συγκοινωνοὺς
1871 4184 1982 4254 (86)

334 4294 393 4331 τε
422 4274 513 4330 καὶ
545 4273 908 4346 συμμαθητὰς
943 4273 1207 4350 γενέσθαι.

410 4446 524 4518 (78)
559 4451 713 4500 Inter
731 4445 910 4518 ligna,
945 4461 974 4518 e
999 4443 1228 4518 balneis
1249 4447 1307 4498 et
1329 4443 1585 4499 officinis
1618 4449 1985 4518 comportata

338 4515 585 4573 fortasse
617 4515 907 4572 nonnulla
935 4515 1118 4570 fuisse
1136 4516 1380 4570 odorata
1411 4521 1468 4570 et
1497 4517 1819 4572 aromatica
1848 4535 1982 4573 sus-

337 4591 571 4662 picatur
587 4589 985 4662 flacobsonus.

2099 3394 2238 3444 ros;
2272 3378 2482 3450 ignari,
2513 3377 2671 3448 quod
2711 3394 2822 3433 nec
2877 3377 3200 3443 Christum,
3261 3377 3360 3446 qui
3417 3393 3525 3448 pro
3555 3376 3746 3430 salute

2099 3467 2390 3536 omnium,
2424 3467 2525 3537 qui
2565 3467 2624 3520 in
2658 3471 2778 3520 toto
2803 3466 3028 3520 mundo
3059 3464 3198 3520 salvi
3227 3465 3391 3529 fient,
3417 3481 3627 3535 passus
3657 3469 3748 3520 est

2095 3555 2456 3627 [inculpatus
2471 3572 2574 3626 pro
2590 3553 3037 3626 peccatoribus].
3057 3569 3319 3623 unquam
3332 3552 3743 3622 derelinquere

2095 3646 2442 3716 poterimus,
2475 3661 2668 3714 neque
2691 3644 2872 3700 alium
2905 3659 3268 3714 quemquam
3317 3641 3531 3697 colere.
3563 3641 3737 3696 Illum

2095 3734 2252 3789 enim
2286 3740 2488 3804 utpote
2519 3733 2730 3788 Filium
2764 3733 2865 3787 Dei
2896 3733 3212 3788 adoramus
3239 3750 3252 3799 ;
3286 3736 3576 3802 martyres
3606 3745 3739 3784 vero

2095 3828 2378 3893 tanquam
2410 3823 2646 3877 Domini
2675 3821 3002 3892 discipulos
3034 3826 3092 3875 et
3140 3821 3468 3875 imitatores
3524 3818 3738 3874 merito

2095 3912 2418 3984 diligimus,
2452 3918 2694 3984 propter
2719 3911 2954 3966 illorum
2989 3911 3264 3966 eximiam
3291 3926 3428 3982 erga
3447 3925 3646 3982 regem
3673 3925 3741 3964 ac

2093 4001 2444 4073 magistrum
2471 4017 2646 4056 suum
2677 3999 3178 4066 benevolentiam;
3227 4016 3480 4071 quorum
3510 3998 3741 4056 utinam

2095 4096 2154 4146 et
2182 4108 2292 4146 nos
2324 4091 2536 4146 fiamus
2568 4094 2871 4146 consortes
2900 4105 2970 4145 ac
3000 4088 3413 4161 condiscipuli.

2093 4446 2196 4502 ubi
2227 4445 2675 4523 animamsuam
2707 4445 2930 4523 efflavit
2957 4447 3018 4500 Β.
3046 4446 3406 4519 Polycarpus
3431 4449 3740 4523 ;ideoque,

2094 4518 2244 4572 mori
2263 4517 2552 4597 _Eeclesi§n
2575 4517 2789 4597 veteris
2828 4517 3198 4597 obsecutum,
3223 4517 3424 4597 vocem
3451 4517 3742 4597 περιστερά

2092 4589 2342 4662 margini
2374 4589 2742 4662 ascripsisse,
2771 4605 2888 4658 qua
2929 4589 3160 4662 scilicet
3194 4589 3574 4662 significaret,
3607 4589 3740 4651 ani-

411 4663 521 4732 (79)
562 4647 960 4725 Confectores,
1022 4657 1123 4728 qui
1180 4657 1399 4740 bestias
1431 4659 1492 4740 in
1546 4659 1981 4730 amphitheatro
2016 4647 2060 4710 D
2090 4647 2254 4716 mani
2272 4661 2330 4715 Β.
2364 4647 2640 4786 ωδτιζτὶε
2672 4647 2773 4715 illo
2789 4647 3087 4732 temporis
3116 4647 3471 4719 ιιιοῐὶἱοιιῐοο
3493 4647 3738 4738 corpore

415 4731 734 4786 nficiebant
759 4747 772 4786 :
797 4731 843 4786 si
876 4730 1114 4786 quando
1137 4745 1295 4784 enim
1318 4729 1522 4784 bestias
1554 4731 1809 4786 efferatae
1841 4738 1984 4786 stra-
2094 4731 2426 4786 liberatam.
2451 4748 2521 4786 su
2579 4731 2863 4786 columbae
2886 4733 3081 4786 snecie
3112 4733 3185 4786 ad
3208 4734 3422 4786 coelum
3454 4738 3737 4786 evolasse-

341 4729 734 4787 conficiebant
759 4747 772 4798 ;
797 4731 843 4786 si
876 4730 1114 4800 quando
1137 4729 1295 4784 enim
1318 4729 1522 4784 bestias
1554 4729 1809 4787 efferatae
1841 4738 1984 4787 stra-

339 4819 481 4876 gem,
502 4803 719 4875 populo
739 4803 1132 4876 minarentur,
1165 4800 1733 4876 ii_immittebantur,
1756 4803 1858 4874 qui
1888 4819 1986 4860 eas

341 4873 706 4930 conﬁcerent
735 4879 794 4929 et
818 4873 1179 4929 occiderent.
1211 4873 1330 4926 ιλιι).

410 4948 520 5016 (80)
552 4947 630 5001 De
664 4947 772 5001 hac
803 4945 1080 5018 columba
1126 4958 1200 4997 ne
1232 4943 1474 5018 veebum
1507 4943 1747 5014 quidem
1771 4945 1986 5018 legitur

336 5015 856 5090 apudEusebium,
879 5017 1255 5090 Rufinumet
1279 5015 1675 5090 Nicephorum
1710 5036 1724 5082 ;
1749 5015 1863 5088 quo
1897 5019 1981 5090 fit,

332 5085 399 5143 ut
430 5089 579 5144 falsa
600 5105 633 5144 a
649 5089 854 5144 multis
874 5087 1050 5160 lectio
1074 5085 1343 5160 codicum
1364 5085 1442 5141 sit
1465 5093 1686 5158 putata.
1716 5085 1983 5160 Moynius

328 5175 440 5230 pro
469 5160 759 5232 περιστερά
817 5158 1080 5232 conjecit
1102 5154 1185 5210 ἐπ’
1216 5154 1490 5232 ἀριστερᾷ.
1524 5181 1551 5208 ‹‹
1587 5176 1625 5232 a7
1651 5154 1912 5232 sinistra.
1949 5183 1977 5210 »

327 5228 447 5301 ipsi
481 5228 859 5288 accesserunt
889 5228 1261 5301 complures
1285 5229 1392 5282 viri
1437 5230 1653 5285 docati.
1679 5231 1979 5288 Ruchatus

328 5298 713 5358 scribendum
745 5303 977 5358 censuit
1001 5298 1121 5371 ¹ιῐερὶ
1157 5298 1365 5371 στέρνα.
1392 5301 1594 5356 Editor
1625 5302 1981 5359 Bibliotheca:

327 5373 642 5445 Bregmonsis
672 5374 741 5430 cl.
776 5391 860 5439 ιιι,
921 5391 977 5444 p.
1025 5375 1147 5430 429.
1184 5372 1446 5445 _conjicit
1475 5371 1596 5443 περὶ
1629 5373 1852 5445 στέρνου
1890 5374 1980 5430 vel

325 5443 738 5519 {taeterrimum
791 5442 1126 5499 Heufnanas
1179 5442 1242 5519 in
1277 5449 1469 5498 lixam.
1513 5442 1730 5519 fabqu
1763 5447 1830 5500 de
1869 5463 1973 5519 7co-

331 5515 519 5588 tumba
549 5515 597 5573 et
627 5519 926 5588 Polgcarpi
945 5531 1080 5584 rogo
1111 5515 1395 5588 evolante,
1414 5516 1620 5588 statuit
1652 5518 1976 5588 monachos

328 5586 882 5662 hocprodigio‘Acta
897 5593 1101 5662 nostra
1122 5586 1522 5641 auxisse.Mihi
1546 5587 1786 5662 quidem
1807 5588 1979 5662 longe

331 5657 714 5715 verisimiiius
744 5659 994 5722 videtur,
1024 5657 1306 5712 lectorem
1329 5659 1669 5729 quempiam
1700 5659 1761 5714 in
1786 5657 1975 5716 animo

333 5729 634 5803 habuisse,
658 5731 733 5787 ad
762 5746 928 5787 oram
959 5729 1178 5786 codicis
1221 5734 1428 5786 notare
1456 5729 1654 5789 locum
1685 5730 1972 5804 epistola,

2082 5659 2264 5730 piam,

2094 4731 2426 4804 liberatam,
2451 4731 2559 4786 sub
2579 4731 2863 4804 columbae
2886 4731 3081 4804 specie
3112 4733 3185 4788 ad
3208 4734 3422 4790 coelum
3454 4731 3738 4796 evolasse.

2095 4803 2513 4875 Columbarum
2547 4804 2704 4857 enim
2740 4803 3026 4875 imagines
3058 4805 3236 4859 etiam
3267 4806 3738 4866 Christianorum

2095 4874 2381 4956 sepulcris
2411 4875 2756 4956 frequenter
2784 4874 3108 4956 exsculpi?
3140 4878 3447 4956 sunt_._JAc.

2166 4947 2276 5016 (81)
2307 4947 2392 5000 Ita
2427 4945 2853 5022 Jacobsonuse
2881 4945 3203 5022 codicibus.
3261 4946 3735 5022 Plusquamperf.

2093 5017 2221 5092 sine
2253 5022 2571 5092 augmento
2600 5023 2664 5071 ut
2702 5033 2753 5072 c.
2798 5019 2893 5092 ig.
2919 5017 3082 5090 Vulg.
3119 5016 3356 5092 γέγονεν.

2165 5091 2272 5159 (82)
2307 5089 2422 5142 Cfr.
2459 5105 2476 5142 1
2515 5088 2720 5148 Clem..
2753 5104 2802 5142 c.
2836 5089 2925 5141 51.

2161 5155 2271 5240 (88)
2304 5160 2534 5240 Ita‘JAc.
2578 5175 2608 5213 e
2640 5159 2770 5240 cod.
2803 5159 2988 5240 Paris.
3025 5157 3186 5240 Vulg.
3222 5155 3483 5240 Infesta.

2159 5232 2270 5301 (84)
2303 5252 2330 5279 ‹‹
2356 5230 2491 5284 Alce
2532 5253 2560 5280 »
2619 5237 2825 5285 notum
2859 5235 2969 5301 est;
3003 5229 3269 5284 mulieris
3312 5229 3484 5287 'inter
3531 5234 3731 5301 Smyr-

2088 5299 2249 5427 nx;er
2273 5317 2512 5356 nomen.
2545 5302 2659 5356 Cfr.
2688 5303 2868 5372 lgnat.
2898 5299 2972 5355 ad
3000 5301 3222 5373 Smym.
3249 5318 3298 5357 c.
3336 5304 3421 5371 13,
3440 5306 3515 5360 ad
3543 5299 3730 5378 Ροῖῃο.

2088 5389 2138 5427 c.

2087 5389 2138 5427 ϐ.

2159 5445 2272 5515 (85)
2303 5443 2680 5520 Ρειςεῐιῐῒιεεὶε
2711 5441 2824 5498 ista
2855 5459 3048 5520 neque
3083 5442 3143 5498 in
3174 5445 3424 5520 Eusebio
3456 5445 3727 5520 habetur,

2087 5532 2280 5592 neque
2303 5516 2361 5570 in
2386 5516 2615 5592 Buﬁno,
2640 5531 2834 5592 neque
2851 5515 2914 5592 in
2936 5519 3128 5592 vetere
3160 5515 3726 5592 nostrointerprete.

2084 5585 2280 5668 Ussiaa.
2312 5585 2762 5668 —_Interp_olata_
2786 5586 2969 5668 fuisee
2987 5585 3230 5668 videtur
3258 5603 3292 5644 a
3321 5585 3562 5668 librario
3589 5611 3732 5668 quo-

2299 5660 2400 5730 qui
2433 5659 2492 5714 in
2517 5659 2717 5714 animo
2746 5658 3006 5730 habebat
3032 5659 3056 5712 Ι
3086 5659 3242 5730 Petr.
3276 5675 3361 5729 ιιι,
3398 5664 3484 5720 18.
3515 5658 3635 5724 ιλᾱ.

2155 5731 2268 5802 (86)
2304 5729 2386 5787 Ita
2412 5731 2530 5788 Jac.
2566 5747 2619 5787 e.
2652 5729 2779 5788 cod.
2815 5730 3001 5788 Paris.
3037 5729 3203 5804 Vulg.
3231 5732 3548 5798 κοινωνούς.
