4114 6148
365 351 521 416 1043

1555 354 1618 415 S.
1665 353 2176 417 POLYGARPUS
2220 354 2586 418 MARTYB.

3631 354 3792 418 10“

1307 487 1500 542 XVIII.
1557 487 1856 558 Potycarpi
1901 503 2096 558 corpus
2153 489 2510 544 comburitur.
2558 488 2842 560 Reliquiz.

444 594 658 648 Videns
690 600 887 649 autem
920 595 1191 650 centurio
1221 611 1255 650 a
1285 594 1501 650 Iudaeis
1550 601 1741 652 ortam
1773 601 2022 650 conten-
2052 601 2106 666 Α

369 683 618 750 tionem,
672 700 886 754 corpus
917 684 980 738 in
1012 685 1208 739 medio
1242 685 1395 756 ignis
1453 687 1714 756 positum
1778 686 2023 740 exussit.

369 774 561 842 Atque
596 773 678 827 ita
706 790 814 827 nos
844 779 1050 844 postea
1081 790 1214 829 ossa
1245 774 1407 829 illius
1437 775 1685 845 gemmis
1716 775 2024 846 pretiosis-

372 862 540 916 simis
575 863 963 932 exquisitiora
987 869 1044 917 et
1078 880 1258 934 super
1287 880 1498 919 aurum
1549 864 1892 934 probatiora
1919 863 2022 917 tol-

369 949 692 1013 lentes,ubi
713 951 978 1020 decebat,
1007 952 1412 1023 deposuimus.
1433 954 1556 1018 Quo
1581 954 1759 1008 etiam
1786 953 1897 1007 loci
1918 970 2026 1007 uo-

369 1037 484 1103 bis,
515 1045 578 1092 ut
609 1039 738 1093 fieri
771 1040 1006 1110 poterit,
1043 1042 1101 1094 in
1129 1042 1522 1096 exsultatione
1558 1047 1614 1095 et
1634 1042 1848 1113 gaudio
1881 1058 2026 1095 con-

368 1129 643 1201 gregatis,
682 1130 967 1185 Dominus
990 1131 1295 1201 praebebit,
1322 1131 1581 1186 natalem
1605 1132 1871 1201 martyrii
1896 1132 2026 1202 ejus

369 1218 526 1273 diem
560 1218 886 1286 celebrare,
909 1225 1030 1275 tum
1064 1221 1124 1276 in
1145 1223 1495 1276 memoriam
1528 1238 1732 1276 eorum
1766 1221 1866 1292 qui
1899 1237 2028 1276 cer-

369 1311 597 1366 tamina
627 1312 1018 1383 pertulerunt,
1053 1320 1178 1369 tum
1210 1320 1275 1368 ut
1319 1315 1540 1386 posteri
1574 1314 1877 1369 exercitati
1909 1313 2031 1368 sint

370 1406 430 1456 et
458 1403 647 1472 parati
679 1401 776 1473 [ad
807 1403 1016 1458 eadem
1047 1404 1453 1476 sustinenda].

2209 591 2358 650 Ἰδὼν
2392 593 2484 650 οὖν
2515 597 2544 650 6
2576 595 2998 672 [ἑκατόνταρχος
3024 598 3134 668 (87)
3168 599 3184 670 j
3214 594 3505 670 κεντυρὶων
3536 596 3637 664 τήν
3671 596 3786 668 (88)

2135 687 2241 736 τῶν
2280 682 2560 739 Ἰουδαίων
2619 685 2936 760 γενομένην,
2994 684 3328 761 φιλονεικίαν
3391 685 3499 748 θεὶς
3546 684 3704 739 αὐτὸν
3734 683 3786 738 ἐν

2139 771 2286 845 μέσῳ
2329 779 2425 828 τοῦ
2483 774 2652 847 πυρὸς
2709 769 2944 829 ἔκαυσεν.
3006 773 3163 830 Οὕτω
3222 794 3279 827 τε
3336 775 3504 845 ἡμεῖς
3559 771 3781 846 ὕστερον

2133 861 2457 934 ἀνελόμενοι
2487 865 2553 917 τὰ
2607 863 2908 935 τιμιώτερα
2939 860 3106 916 λίθων
3155 861 3476 915 πολυτεΛῶν
3509 861 3598 915 καὶ
3631 858 3789 915 δοκι-

2139 953 2355 1026 μώτερα
2389 952 2520 1027 ὑπὲρ
2577 951 2803 1026 χρυσίον
2865 951 2993 1006 ὀστᾶ
3035 951 3219 1021 αὐτοῦ,
3278 949 3584 1024 ἀπεθέμεθα
3642 951 3786 1006 ὅπου

2135 1042 2224 1096 καὶ
2271 1039 2569 1095 ἀκόλουθον
2601 1040 2688 1108 ἦν.
2721 1042 2884 1096 ’Ἐνθα
2915 1041 2988 1102 ὡς
3017 1036 3240 1094 δυνατὸν
3297 1043 3433 1111 ἡμῖν
3467 1040 3780 1113 συναγομέ-

2137 1151 2251 1191 νοις
2282 1129 2330 1184 iv
2381 1127 2702 1204 ἀγαλλιάσει
2760 1129 2850 1183 καὶ
2900 1134 3066 1204 χαρᾷ,
3127 1129 3340 1201 παρέξει
3373 1129 3400 1182 6
3434 1129 3632 1204 Κύριος
3665 1127 3790 1184 ἔπι-

2134 1218 2309 1273 τελεῖν
2359 1219 2457 1285 τήν
2499 1223 2596 1272 τοῦ
2626 1217 2924 1293 μαρτυρίου
2983 1218 3148 1272 αὐτοῦ
3207 1218 3416 1292 ἡμέραν
3477 1217 3792 1294 γενέθλιον,

2138 1310 2216 1370 εἲς
2239 1329 2297 1362 τε
2324 1308 2422 1375 τήν
2452 1312 2560 1362 τῶν
2611 1307 2938 1377 ἡθληκότων
2993 1309 3235 1381 μνήμην,
3271 1308 3359 1361 καὶ
3401 1313 3508 1362 τῶν
3553 1305 3794 1381 μελλόν-

2146 1418 2252 1452 των
2287 1395 2508 1466 ἅσκησίν
2537 1416 2594 1450 τε
2623 1395 2712 1450 καὶ
2743 1395 3075 1470 ὲτοιμασίαν.

1594 1513 1736 1567 XIX.
1772 1514 1914 1566 Laus
1947 1507 2242 1578 Polycarpi
2271 1509 2548 1578 martyris.

446 1618 578 1673 Haec
596 1617 666 1672 de
697 1618 870 1673 beato
891 1618 1233 1691 Polycarpo,
1260 1621 1360 1690 qui
1384 1637 1518 1675 cum
1547 1621 1641 1687 iis,
1674 1620 1774 1690 qui
1799 1636 1869 1674 ex
1891 1619 2028 1673 Phi-

381 1707 704 1778 ladelphia,
729 1707 1117 1763 duodecimus
1139 1710 1404 1781 Smyrna;
1427 1708 1776 1779 martyrium
1791 1713 1878 1762 est
1900 1724 2027 1778 pas-

377 1813 501 1864 sus,
536 1797 640 1851 sed
675 1797 838 1852 solus
861 1796 934 1852 ob
949 1797 1225 1852 omnibus
1248 1797 1602 1864 celebratur,
1628 1798 1708 1852 ita
1733 1802 1854 1851 uta
1884 1813 2024 1867 gen-

373 1884 578 1940 tilibus
596 1902 832 1956 quoque
851 1886 1073 1955 ubique
1090 1887 1356 1940 locorum
1375 1891 1740 1940 memoretur
1756 1902 1769 1951 ;
1785 1884 1885 1955 qui
1904 1901 2022 1939 non

2208 1614 2442 1668 Τοιαῦτα
2481 1613 2548 1667 τὰ
2589 1615 2724 1667 κατᾶ
2753 1613 2844 1667 τὸν
2888 1611 3150 1687 μακάριον
3186 1612 3566 1688 ΙΙολύκαρπον,
3601 1613 3659 1675 ὃς
3692 1616 3790 1670 σὺν

2134 1707 2252 1764 τοῖς
2284 1701 2391 1756 ἀπὸ
2419 1699 2792 1778 Φιλαδελφίας
2825 1699 3126 1764 δωδέκατος
3157 1706 3268 1774 (89)
3293 1703 3342 1758 ἐν
3381 1706 3606 1778 Σμύρνῃ
3645 1726 3794 1780 μαρ-

2135 1793 2393 1866 τυρήσας,
2439 1791 2600 1862 μόνος
2630 1792 2734 1844 υπὸ
2775 1791 2987 1845 πάντων
3023 1797 3130 1854 (90)
3183 1793 3606 1864 μνημονεύεται,
3640 1794 3789 1848 ὥστε

2136 1882 2223 1934 καὶ
2261 1881 2363 1934 ὑπὸ
2413 1885 2522 1934 τῶν
2590 1879 2758 1944 ἐονῶν
2816 1879 2869 1934 ἐν
2924 1881 3083 1936 παντὶ
3142 1882 3296 1954 τόπῳ
3355 1880 3662 1938 λαλεῖσθαι·
3722 1883 3792 1938 οὐ

378 1973 570 2028 solum
609 1950 814 2028 doct-or
845 1950 1092 2046 insighis
1145 1975 1385 2042 exstitit,
1441 1974 1544 2029 sed
1602 1950 1780 2029 etiam
1804 1950 2034 2044 martyr

2160 1970 2308 2023 ιόνον
2343 1966 2672 2033 διδάσκαλος
2701 1971 2988 2046 γενόμενος
3020 1950 3314 2044 ἐπίσημος,
3347 1970 3491 2026 ἀλλὰ
3520 1972 3610 2026 καὶ
3645 1975 3795 2048 μάρ-

378 2063 652 2130 eximius,
687 2065 859 2135 cujus
891 2065 1260 2135 martyrium,
1301 2063 1616 2134 Evangelio
1648 2063 1860 2118 Christi
1893 2080 2034 2118 con-

375 2167 606 2223 gruum,
639 2168 846 2206 omnes
869 2151 1088 2206 imitari
1119 2153 1481 2207 desiderant.
1514 2154 1834 2222 Postquam
1865 2152 2026 2206 enim

376 2239 726 2294 sustinendo
746 2240 1036 2311 injustum
1059 2241 1369 2312 praesidem
1394 2241 1760 2310 vicit,sicque
1787 2241 2027 2295 immor-

377 2331 625 2385 talitatis
657 2348 938 2385 coronam
965 2331 1209 2402 recepit,
1243 2349 1375 2386 cum
1409 2331 1693 2402 apostolis
1719 2331 2031 2385 omnibus-

381 2436 494 2490 que
520 2419 699 2489 justis
717 2419 1038 2487 exsultans,
1067 2421 1248 2474 Deum
1273 2437 1340 2474 ac
1362 2422 1595 2474 Patrem
1628 2419 1938 2491 gloriﬁcat,
1974 2425 2032 2474 et

381 2508 680 2563 benedicit
723 2509 974 2562 Domino
1007 2514 1209 2564 nostro
1240 2509 1376 2562 .lesu
1407 2508 1658 2572 Christo,
1694 2509 2029 2562 animarum

382 2601 720 2651 nostrarum
769 2597 1077 2662 Salvatori,
1125 2604 1182 2651 et
1208 2613 1522 2667 corporum
1555 2603 1894 2652 nostrorum
1926 2614 2028 2668 gu-

381 2684 706 2754 bernatori,
741 2703 851 2742 nec
881 2703 1001 2741 non
1033 2686 1254 2757 pastori
1287 2685 1593 2740 catholicaa
1625 2685 1686 2739 in
1735 2692 1856 2741 toto
1889 2686 2029 2741 orbe

381 2775 709 2847 Ecclesiaaj

2143 2079 2236 2119 τυς
2267 2057 2480 2136 ἔξοχος,
2513 2057 2576 2111 οὗ
2607 2059 2670 2112 τὸ
2705 2058 2999 2133 μαρτύριον
3051 2060 3244 2121 πάντες
3301 2059 3656 2134 ἐπιθυμοῦσιν
3695 2084 3798 2134 μι-

2148 2153 2384 2220 μεῖσθαι,
2454 2147 2590 2200 κατὰ
2651 2148 2712 2201 τὸ
2771 2145 3100 2222 Εὐαγγέλιον
3167 2151 3404 2222 Χριστοῦ
3478 2150 3792 2224 γενόμενον,

2145 2237 2242 2290 Διᾶ
2272 2242 2372 2304 τῆς
2405 2236 2689 2308 ὑπομονῆς
2749 2237 2852 2313 γὰρ
2911 2241 3421 2312 καταγωνισάμενος
3477 2240 3568 2293 τὸν
3601 2238 3792 2295 ἄδικον

2139 2324 2382 2399 ἄρχοντα
2440 2325 2528 2378 καὶ
2589 2325 2761 2386 οὕτως
2846 2327 2934 2380 τὸν
3009 2333 3112 2394 τῆς
3169 2327 3464 2401 ἀφθαρσιας
3529 2330 3792 2400 στέφανον

2139 2409 2458 2482 ἀπολαϐὼν,
2510 2413 2604 2468 σὺν
2659 2420 2774 2476 τοῖς
2832 2413 3160 2476 ἀποστόλοις
3219 2417 3309 2470 καὶ
3367 2423 3497 2472 πᾶσι
3556 2415 3795 2480 δικαίοις

2143 2498 2585 2574 ἀγαλλιώμενος,
2646 2498 2854 2574 δοξάζει
2918 2503 3010 2557 τὸν
3069 2503 3195 2557 Θεὸν
3255 2504 3345 2558 καὶ
3415 2505 3644 2578 Πατέρα,
3698 2506 3792 2559 καὶ

2140 2590 2358 2664 εὐλογεῖ
2415 2591 2504 2644 τὸν
2567 2591 2766 2664 Κύριον
2819 2593 2978 2664 ἡμῶν
3011 2593 3222 2661 Ἰησοῦν
3254 2594 3486 2668 Χριστὸν
3541 2594 3633 2648 τὸν
3667 2601 3796 2648 Σω-

2137 2687 2279 2753 τῆρα
2307 2685 2416 2735 τῶν
2476 2683 2670 2758 ψυχῶν
2730 2683 2890 2753 ἡμῶν
2951 2686 3082 2750 (91),
3140 2681 3229 2736 καὶ
3287 2679 3625 2757 κυϐερνήτην
3682 2689 3793 2738 τῶν

2139 2769 2409 2842 σωμάτων
2439 2771 2622 2839 ἡμῶν,
2655 2768 2744 2823 καὶ
2776 2771 3011 2843 ποιμένα
3039 2778 3140 2840 τῆς
3191 2772 3328 2826 κατὰ
3383 2773 3482 2842 τὴν
3517 2773 3790 2846 οἷ’κουμέ-

2142 2877 2240 2928 νην
2272 2856 2572 2927 καθολικῆς
2605 2856 2933 2928 Έκκλησίας
2964 2863 3094 2923 (92).

1503 2962 1622 3016 XX.
1655 2965 1860 3018 Mittite
1893 2963 2034 3020 hanc
2060 2968 2346 3036 epistolam
2372 2967 2666 3035 fratribus.

455 3073 566 3128 Vos
589 3071 832 3142 quidem
853 3070 1179 3142 petieratis,
1205 3074 1272 3125 ut
1303 3075 1538 3137 cuncta,
1563 3087 1695 3141 quaa
1713 3076 1878 3142 gesta
1901 3076 2041 3126 sunt
2079 3075 2122 3141 C

382 3163 574 3218 fusius
593 3162 758 3216 vobis
791 3165 1233 3230 exponerentur
1260 3175 1273 3223 ;
1308 3175 1417 3213 nos
1449 3175 1579 3213 vere
1604 3159 2035 3230 imprmsentia-

384 3267 519 3305 rum
550 3250 896 3304 summatim
927 3248 1316 3303 indicavimus
1348 3264 1447 3320 per
1492 3248 1735 3304 fratrem
1768 3254 2034 3302 nostrum

388 3340 666 3393 Marcum.
719 3343 856 3402 Quas
913 3337 1153 3408 quidem
1204 3354 1338 3392 cum
1399 3337 1680 3409 legeritis,
1721 3336 2031 3407 epistolam

388 3427 672 3482 fratribus
732 3426 1153 3481 remotioribus
1214 3427 1650 3493 transmittatis,
1711 3430 1774 3478 ut
1832 3428 1890 3478 et
1919 3423 2033 3494 ipsi

391 3515 725 3589 gloriﬁcent
755 3515 1092 3584 Dominum,
1115 3515 1213 3586 qui
1243 3531 1311 3569 ex
1333 3515 1455 3568 suis
1479 3513 1719 3568 famulis
1739 3512 2034 3567 delectum

389 3605 550 3661 facit.
585 3605 670 3674 Ei,
703 3604 802 3674 qui
835 3621 1044 3658 omnes
1102 3621 1210 3658 nos
1267 3603 1454 3674 gratia
1489 3617 1597 3656 sua
1625 3606 1800 3672 atque
1832 3600 2035 3655 indul-

391 3695 592 3767 gentia
623 3694 682 3748 in
715 3710 964 3766 regnum
995 3709 1168 3747 suum
1199 3698 1487 3746 aeternum
1518 3695 1713 3761 potest
1755 3690 2035 3746 inducere

388 3801 496 3856 per
536 3783 908 3855 unigenitum
931 3782 1144 3836 Filium
1177 3797 1348 3835 suum
1370 3781 1566 3834 Jesum
1599 3779 1900 3834 Christum
1922 3779 2036 3851 ipsi

385 3873 462 3927 sit
491 3871 696 3944 gloria,
723 3871 935 3937 honor,
971 3871 1310 3941 imperium,
1359 3867 1642 3939 majestas
1694 3869 1754 3922 in
1799 3869 2034 3923 saacula.

387 3965 598 4016 Amen.
630 3961 889 4016 Salutate
912 3976 1120 4014 omnes
1151 3964 1402 4013 sanctos.
1429 3959 1561 4026 Vos,
1595 3957 1693 4027 qui
1723 3957 2034 4013 nobiscum

387 4057 547 4118 sunt,
579 4050 860 4116 salutant,
901 4054 959 4105 et
981 4050 1084 4120 qui
1114 4048 1354 4119 scripsit
1383 4048 1532 4114 hanc,
1559 4049 1869 4102 Evarestus
1900 4065 2036 4103 cum

387 4140 550 4197 omni
581 4139 758 4196 domo
803 4155 927 4194 sua.

2223 3072 2404 3144 Ὑμεῖς
2439 3071 2534 3144 μὶν
2568 3069 2658 3126 οῦν
2693 3072 2958 3143 ἠξιώσατε
3001 3068 3090 3126 διὰ
3145 3069 3415 3128 πλειόνων
3475 3073 3799 3146 δηλωθῆναι

2151 3160 2278 3231 ὑμῖν
2329 3157 2393 3212 τὰ
2419 3157 2698 3232 γενόμενα·
2761 3162 2926 3230 ἡμεῖς
2983 3156 3040 3214 δὲ
3094 3161 3230 3216 κατὰ
3261 3163 3323 3216 τὸ
3353 3164 3522 3234 παρὸν
3578 3164 3665 3218 ἐπὶ
3705 3186 3798 3220 κε-

2149 3245 2364 3322 φαλαίῳ
2400 3247 2794 3320 μεμηνύκαμεν
2828 3245 2915 3301 διὰ
2945 3253 3040 3302 τοῦ
3083 3247 3322 3327 ἀδελφοῦ
3353 3254 3512 3322 ἡμῶν
3549 3255 3795 3325 Μάρκου.

2148 3335 2421 3395 Μαθόντες
2455 3333 2544 3387 οὖν
2574 3335 2762 3402 ταῦτα,
2821 3336 2909 3390 καὶ
2958 3342 3074 3398 τοῖς
3108 3336 3346 3394 ἐπέκεινα
3405 3338 3664 3417 ἀδελφοῖς
3696 3345 3796 3411 την

2145 3420 2443 3489 ἐπιστολήν
2484 3419 2862 3494 διαπέμψασθε
2890 3428 3018 3493 (93),
3057 3424 3140 3479 ἵνα
3179 3429 3269 3480 καὶ
3329 3428 3518 3484 ἐκεῖνοι
3553 3429 3796 3501 δοξάζω-

2144 3532 2224 3565 σιν
2254 3511 2346 3564 τὸν
2383 3510 2600 3584 Κύριον,
2633 3511 2724 3564 τὸν
2762 3509 2995 3588 ἐκλογὰς
3027 3519 3290 3569 ποιοῦντα
3334 3517 3440 3572 ἀπὸ
3499 3524 3605 3573 τῶν
3637 3518 3791 3576 ἰδίων

2144 3598 2356 3655 δούλων
2391 3605 2518 3666 (94).
2553 3602 2646 3672 Τῷ
2676 3597 2955 3673 δυναμένῳ
2988 3605 3094 3663 (95)
3125 3603 3326 3665 πάντας
3384 3607 3532 3676 ἡμᾶς
3567 3607 3783 3680 εἰσαγα-

2141 3696 2252 3767 γεῖν
2275 3689 2326 3745 ἐν
2348 3696 2416 3765 τῇ
2440 3687 2603 3745 αὖτδὸ
2636 3691 2821 3764 χάριτι
2847 3691 2936 3744 καὶ
2961 3689 3134 3764 δωρεᾷ
3155 3692 3229 3753 εἰς
3251 3694 3349 3760 τὴν
3372 3694 3589 3748 αἰώνιον
3614 3696 3784 3750 αὑτοῦ

2147 3779 2449 3855 βασιλείαν,
2483 3778 2572 3836 διὰ
2590 3785 2685 3835 τοῦ
2712 3779 2910 3843 Παιδὸς
2941 3781 3104 3836 αὐτοῦ
3126 3785 3221 3836 τοῦ
3247 3782 3574 3858 μονογενοῦς
3601 3785 3782 3853 Ἰησοῦ

2145 3873 2400 3944 Χριστοῦ·
2463 3871 2508 3942 ᾧ
2538 3872 2572 3938 ἡ
2609 3868 2756 3939 δόξα,
2794 3871 2955 3942 τιμὴ,
3012 3871 3232 3944 κράτος,
3292 3871 3662 3946 μεγαλοσῦνη,
3705 3871 3784 3936 εἷς

2145 3959 2368 4020 αἰῶνας.
2411 3960 2610 4032 Ἀμην.
2671 3959 3101 4034 Προσαγορεόετε
3155 3959 3352 4022 πάντας
3409 3960 3536 4024 τοὺς
3571 3960 3790 4038 ἁγίους.

2144 4049 2312 4123 Ὑμᾶς
2345 4050 2395 4104 οἱ
2447 4049 2536 4103 σὸν
2566 4051 2700 4122 ἡμῖν
2761 4048 3280 4125 προσαγορεύουσιν,
3339 4051 3427 4105 καὶ
3483 4051 3800 4126 εὐάρεστος,

2158 4139 2187 4192 6
2217 4139 2454 4212 γράψας,
2487 4137 2751 4194 πανοικεί.

1745 4243 1890 4298 XXI.
1927 4247 2189 4316 Martyrii
2220 4254 2452 4318 tempus.

463 4355 803 4425 Martyrium
836 4357 1033 4407 autem
1069 4367 1276 4422 passus
1309 4356 1398 4406 est
1427 4351 1636 4406 beatus
1682 4351 2039 4423 Polycarpus

2225 4356 2502 4429 Μαρτυρεῖ
2551 4354 2606 4408 δὲ
2647 4354 2674 4408 6
2710 4353 2972 4428 μακάριος
3028 4352 3395 4429 Πολύκαρπος
3455 4358 3628 4429 μηνὸς
3661 4364 3802 4413 Ξαν-

387 4443 667 4501 Xanthici
687 4441 906 4497 mensis
923 4441 1186 4495 ineuntis
1200 4440 1293 4495 die
1308 4441 1731 4510 secundo,ante
1745 4443 2055 4512 septimum

393 4531 688 4588 Kalendas
712 4531 1131 4601 Maias,magno
1151 4529 1582 4595 Sabbato,hora
1599 4530 2048 4604 octava.Captus

464 4677 576 4746 (87)
599 4671 795 4728 Codex
824 4669 1068 4725 Vindob.
1095 4686 1298 4726 vocem
1323 4669 1717 4746 ἑκατόνταρχος
1732 4688 1850 4728 non
1874 4690 2046 4746 agno-

398 4748 526 4803 scit.
563 4747 683 4800 JAc.

471 4819 579 4891 (88)
625 4814 953 4870 Articulum
987 4829 1016 4867 e
1050 4812 1251 4868 codice
1289 4813 1732 4870 Vindobonensi
1793 4817 2050 4872 restituit

396 4890 778 4948 JaCobsonus.

469 4965 584 5032 (89)
642 4955 1159 5032 Euscbiusphabet
1218 4950 1448 5032 δώδεκα.
1505 4958 1672 5032 Apud
1731 4960 2049 5032 Eusebium

403 5027 696 5089 Strotliius
728 5037 785 5086 et
817 5028 1215 5083 Henichenius
1247 5028 1528 5099 exhiqent
1560 5027 1770 5083 δώδεκα
1827 5035 1946 5092 τοῖς
1998 5031 2049 5084 ἐν

408 5107 632 5178 Eli-3pm
668 5100 1216 5178 paprupvﬁaagtzrlag.

608 5167 912 5229 'Eiisébias‘
934 5171 1116 5248 addit_
1133 5167 1344 5248 μᾶλλον
1359 5211 1371 5224 .

473 5241 588 5319 (91)
625 5247 904 5319 Ἰησοῦν...
965 5244 1158 5314 ψυχῶν
1206 5241 1366 5310 ἡμῶν
1411 5257 1441 5297 e
1473 5241 1674 5296 codice
1733 5244 2053 5300 Parisiensi

405 5315 664 5375 restituit
705 5315 1090 5372 Jacobsonus.

477 5392 587 5462 (92)
619 5388 813 5462 Codex
846 5384 1110 5462 "Vindpb.
1171 5382 1336 5462 addit
1363 5399 1374 5436 :
1407 5383 1498 5462 xui
1555 5383 1617 5437 τὸ
1641 5386 1939 5462 ⁵’τταντσὶγιον
1965 5385 2054 5439 καὶ

410 5455 676 5528 ζωόττοιὸν
734 5461 970 5527 Ilva-3pm.
1004 5456 1122 5510 JAc.
1175 5455 1241 5507 In
1272 5456 1450 5509 veteri
1485 5455 1590 5510 int.
1640 5455 1886 5528 legitur:
1941 5481 1960 5508 ε
2000 5463 2057 5513 et

409 5531 973 5603 Spiritussanc‘tum,
1000 5543 1104 5603 per
1126 5542 1302 5603 quem
1323 5533 1535 5603 cuncta
1564 5530 1996 5603 cognoscimus.
2027 5551 2054 5577 ››

407 5594 591 5671 ε’⁷(93)
641 5599 912 5654 Usserius
961 5594 1018 5651 et
1048 5596 1334 5651 Smithius
1390 5594 1665 5654 mallent'
1692 5594 2059 5673 διαπέμψατε,

409 5676 532 5733 JAc.

2162 4447 2314 4509 θικοῦ
2346 4441 2564 4518 δευτέρᾳ
2600 4443 2891 4517 ἱσταμένου
2961 4449 3088 4516 (96),
3156 4446 3262 4519 πρὸ
3323 4446 3456 4500 ἑπτα
3513 4446 3806 4503 Καλανδῶν

2157 4531 2347 4588 Μαίων
2407 4534 2516 4595 (97)
2576 4526 2843 4603 Σαϐϐάτῳ
2903 4529 3127 4607 μεγάλῳ
3161 4537 3289 4602 (98),
3322 4530 3440 4609 ὥρᾳ
3470 4533 3636 4612 ὀγδόῃ
3672 4539 3813 4612 (99),

2229 4676 2338 4746 (94)
2372 4676 2413 4728 Ι.
2449 4691 2500 4730 e.
2535 4696 2562 4723 ‹‹
2597 4675 2696 4746 qui
2729 4675 3052 4730 nonnullos
3083 4692 3114 4730 e
3147 4693 3396 4736 numero
3432 4678 3698 4737 fidelium
3735 4681 3806 4737 ad

2159 4747 2508 4817 martyrium
2535 4747 2777 4817 vocavit.
2815 4769 2842 4796 ι»

2232 4815 2340 4887 (95)
2373 4819 2536 4887 Τῷ...
2562 4815 2628 4887 ᾧ.
2664 4818 2853 4872 Simili
2884 4820 3322 4875 constructione
3346 4821 3534 4876 utitur
3563 4824 3626 4878 D.
3663 4829 3808 4881 Pau-

2160 4889 2252 4944 lus
2283 4890 2446 4944 Rom.
2483 4907 2596 4955 1m,
2627 4891 2816 4945 25-27.
2851 4891 2968 4945 Jac.

2230 4963 2348 5030 (96)
2397 4961 2682 5032 Smyrnaei
2716 4976 2749 5014 a
2778 4964 2844 5015 25
2877 4961 2968 5016 die
3004 4963 3192 5016 Martii
3251 4965 3570 5021 Xanticum
3630 4985 3806 5023 suum

2163 5031 2537 5110 incoharunt.
2574 5032 2779 5110 [ζεπη-
2820 5033 2899 5110 De
2957 5032 3359 5110 chronologia
3394 5037 3575 5109 hujus
3605 5041 3816 5110 capitis

2164 5103 2278 5179 cfr._
2313 5103 2540 5179 ldeler..
2594 5104 2810 5179 Hanab.
2833 5104 2940 5179 Δαρν
2969 5104 3221 5179 ρΙινοηοι⁴
3254 5103 3304 5159 t.
3346 5108 3386 5170 Ι,
3439 5103 3495 5179 ρῖ
3529 5103 3814 5168 419.130.

2235 5177 2348 5245 (97)
2390 5176 2580 5247 Longe
2613 5174 2846 5228 meliori
2879 5175 3079 5229 codice
3113 5193 3254 5231 usus
3287 5184 3374 5232 est
3405 5174 3823 5236 Constantino-

3533 5253 3816 5309 olitanus.

2238 5319 2349 5389 (98)
2380 5319 2420 5372 Ι.
2457 5333 2508 5374 e.
2543 5316 2884 5389 Sabbatum,
2919 5317 3074 5388 quod
3098 5319 3442 5374 Paschalem
3477 5269 3822 5380 3163;131:133:

2167 5394 2283 5443 tem
2318 5388 2637 5457 antecedit,
2662 5388 2982 5443 Sabbatum
3013 5396 3301 5444 sanctum.
3346 5395 3499 5447 ΡΑοι.

2239 5463 2347 5537 (99.)
2382 5463 2431 5537 I._
2473 5478 2523 5515 e.
2557 5467 2694 5537 ante
2718 5461 3038 5537 meridiem
3084 5478 3204 5516 non
3236 5463 3395 5537 enim
3427 5465 3498 5537 de
3529 5467 3818 5537 Romana,

2167 5531 2268 5585 sed
2303 5531 2372 5586 de
2405 5533 2664 5587 Astatica
2718 5533 2892 5587 horas
2924 5534 3305 5603 computandi
3340 5536 3566 5593 ratione
3598 5538 3694 5593 hic
3727 5531 3821 5594 est

2170 5618 2384 5670 sermo,
2421 5604 2628 5659 eadem
2661 5603 2905 5673 scilicet,
2928 5620 3044 5676 qua
3073 5621 3182 5660 nos
3211 5605 3386 5662 hodie
3417 5608 3661 5666 utimur.
3689 5611 3813 5667 JAC'
