4114 6148
381 369 539 432 1049

1887 362 2312 429 EPISTOLIE.

3639 353 3797 417 1050

375 502 540 574 ipsos
568 500 892 573 decipiunt.
928 503 1062 556 Hmc
1090 501 1321 556 cunctis
1353 499 1400 534 ‘7
1430 499 1739 556 recitanda
1769 516 1874 571 per
1910 515 2033 554 om-
2065 501 2120 569 Α
2147 515 2252 570 per
2281 494 2534 551 salutem
2559 497 2617 549 et
2637 493 2919 565 speciem,
2948 515 2974 543 »
3000 491 3214 564 inquit,
3239 512 3268 541 «
3291 489 3472 546 dilexi
3522 489 3704 555 illam,
3731 493 3792 543 et

381 607 490 646 nes
518 590 810 646 Ecclesias
859 589 1183 659 Africanas,
1235 591 1456 662 scripta
1507 589 1763 661 dirigite,
1816 594 1874 644 et
1902 588 2031 644 istis

384 683 716 736 connectite
776 697 922 751 quas
977 679 1358 752 adjunximus
1429 679 1656 735 litteras
1723 678 2015 750 praefecto-

382 787 521 826 rum
547 769 614 839 ⁸⁸,
647 775 714 825 ut
745 771 817 825 de
851 770 943 825 his
976 769 1022 806 ¹⁹
1053 787 1184 841 quae
1216 769 1780 841 iniquejlaudantur,
1815 768 1861 824 si
1891 767 2032 839 quid

383 859 520 930 tale,
552 859 790 931 probari
847 859 1088 930 poterit,
1140 859 1435 930 judicium
1493 859 1616 927 ﬁat,
1675 862 1734 913 et
1779 857 2034 913 inhibita

383 952 790 1015 coerceantur,
825 953 884 1002 et
911 947 1214 1019 praeterita
1231 947 1389 1002 mala
1420 951 1480 1002 et
1497 946 1706 1001 illicita
1734 946 2030 1017 conjugia,

384 1040 432 1095 si
467 1038 790 1094 doceantur
818 1038 1100 1107 admissa,
1134 1038 1311 1109 digna
1353 1038 1664 1093 severitate
1711 1036 2034 1108 corripian-

381 1133 495 1184 tur.
525 1130 605 1183 De
665 1133 875 1183 caetero
934 1144 1070 1182 vero
1129 1134 1447 1183 caveantur
1501 1127 1644 1182 talia
1673 1141 1780 1198 per
1826 1143 2032 1181 omnes

377 1218 691 1283 Ecclesias,
727 1234 800 1272 ne
831 1217 1108 1272 Ecclesia)
1159 1217 1462 1284 sanctitas,
1498 1233 1604 1288 per
1653 1221 1919 1270 nostram
1951 1215 2032 1271 fa-

375 1309 560 1381 tigata
585 1309 1030 1381 negligentiam,
1064 1307 1274 1380 perdat
1304 1308 1614 1380 privilegia
1639 1324 1771 1378 quae
1800 1312 1888 1362 est
1927 1323 2033 1378 per

374 1399 533 1454 viros
559 1398 923 1453 venerabiles
955 1404 1290 1454 consecuta.

451 1535 529 1589 De
560 1534 651 1589 his
682 1550 839 1598 vero,
861 1533 1078 1604 quibus
1101 1533 1173 1588 ab
1199 1532 1651 1588 insidiatoribus
1676 1533 2028 1606 fatigamini,

380 1623 537 1679 unde
572 1630 628 1677 et
661 1640 767 1678 nos
825 1623 1158 1690 consulere,
1204 1627 1262 1676 et
1304 1640 1338 1677 a
1369 1623 1540 1677 nobis
1592 1623 1825 1678 edoceri
1875 1623 2031 1676 inter

382 1720 598 1769 caetera
627 1712 914 1780 voluistis,
963 1729 1030 1766 eo
1080 1711 1238 1782 quod
1293 1711 1412 1766 sint
1460 1712 1702 1782 quidam
1740 1711 1838 1782 qui
1871 1710 2030 1766 arbi-

378 1809 615 1858 trantur
645 1803 714 1856 de
749 1803 919 1856 Patre
952 1801 1077 1855 solo
1111 1801 1333 1856 dictum
1378 1819 1506 1856 esse
1539 1804 1638 1870 t3),
1672 1825 1700 1852 «
1734 1803 1873 1872 quia
1904 1801 2028 1873 ipse

380 1893 542 1947 solus
566 1892 742 1946 habet
769 1889 1298 1955 immortalitatem,
1325 1897 1382 1946 et
1403 1891 1595 1946 lucem
1619 1891 1845 1946 habitat
1867 1891 2028 1946 inac-
2062 1881 2107 1946 Β

378 1981 718 2037 cessibilem
753 1979 800 2014 ²⁰
827 1999 841 2047 ;
873 2000 898 2030 ιο
954 1980 1034 2034 ita
1069 1997 1168 2035 eos
1217 1980 1556 2052 apostolicis
1606 1981 1894 2052 percutite
1944 1980 2032 2033 fe-

375 2069 544 2137 rulis,
580 2074 638 2124 et
671 2068 885 2123 divinis
909 2068 1246 2140 redarguite
1270 2068 1582 2139 praeceptis
1613 2069 1678 2122 ²¹.
1711 2069 1838 2122 Νοη
1870 2067 2031 2121 enim

380 2159 544 2213 solus
577 2160 750 2212 Pater
781 2158 909 2212 sine
941 2157 1087 2211 Filio
1119 2157 1313 2212 lucem
1345 2157 1818 2212 inaccessibilem
1865 2155 2034 2210 habi-

378 2255 501 2313 tat;
536 2250 675 2319 quia
703 2247 804 2303 ubi
837 2249 1012 2303 Pater
1043 2252 1152 2314 est,
1183 2247 1263 2302 ibi
1299 2248 1478 2302 etiam
1523 2247 1732 2302 Filium
1781 2263 1908 2302 esse
1941 2247 2035 2301 in-

379 2337 687 2393 dubitabili
722 2337 836 2391 ﬁde
869 2336 1235 2392 credendum
1268 2341 1376 2391 est.
1413 2338 1555 2391 Nam
1587 2337 1635 2391 si
1670 2336 1830 2391 solus
1863 2337 2035 2390 Pater

379 2428 508 2483 sine
539 2427 708 2494 Filio,
743 2425 901 2496 quod
950 2425 1148 2480 dicere
1199 2424 1365 2480 nefas
1416 2432 1524 2490 est,
1570 2425 1759 2480 lucem
1811 2424 2036 2479 habitat

379 2514 876 2577 inaccessibilem.
902 2530 1147 2569 necesse
1175 2519 1284 2578 est,
1310 2519 1374 2568 ut
1407 2519 1839 2584 sequestratam
1863 2516 2036 2569 Pater

380 2625 413 2664 a
443 2607 588 2661 Filio
623 2605 839 2660 habeat
865 2604 1272 2671 mansionem,

452 2723 616 2789 Quod
639 2723 686 2777 si
711 2723 792 2777 ita
815 2727 924 2790 est,
950 2737 1210 2792 quonam
1231 2719 1408 2775 modo
1427 2719 1585 2775 idem
1605 2720 1782 2776 Filius
1804 2720 1878 2775 ad
1899 2720 2034 2775 dex-

383 2818 569 2867 teram
593 2811 781 2866 Patris
804 2815 1006 2866 astans
1025 2826 1059 2864 a
1089 2809 1259 2881 beato
1292 2816 1550 2880 martyre
1573 2810 1868 2880 Stephano
1888 2808 2031 2864 dici-

386 2907 483 2956 tur
513 2901 791 2972 conspici.
826 2901 874 2954 si
907 2902 1083 2955 Pater
1115 2898 1443 2954 secundum
1476 2915 1576 2954 eos
1609 2899 1768 2954 solus
1818 2899 2035 2954 dicitur

386 2989 622 3045 sedibus
647 2989 795 3044 lucis
817 2988 1128 3044 contineri.
1162 2987 1332 3042 Absit
1361 2988 1471 3042 hoc
1502 3004 1534 3042 a
1566 3004 1745 3042 sensu
1768 2987 2032 3043 ﬁdelium

381 3079 608 3134 Christo
639 3079 700 3133 in
749 3079 979 3134 unitate
1035 3077 1170 3132 ﬁdei
1216 3077 1690 3142 adhaerentium;
1725 3076 2030 3148 quoniam,

379 3170 532 3224 sicut
560 3186 681 3224 non
711 3168 881 3223 obest
909 3167 1078 3229 Filio.
1113 3184 1246 3222 cum
1279 3167 1440 3222 solus
1472 3167 1690 3222 dicitur
1738 3169 1912 3222 Pater
1940 3166 2031 3221 lu-

375 3275 503 3313 cem
537 3256 1012 3312 inaccessibilem
1045 3256 1333 3321 habitare,
1369 3257 1450 3312 ita
1478 3273 1599 3311 non
1629 3257 1800 3311 obest
1845 3257 2026 3324 Patri,

378 3365 510 3403 cum
545 3347 864 3418 Sapientia,
899 3363 1028 3416 quas
1061 3351 1147 3400 est
1176 3346 1379 3410 Filius,
1413 3344 1632 3400 dicitur
1659 3361 1866 3416 gyrum
1894 3345 2024 3400 cmli

378 3437 501 3492 sola
531 3436 801 3492 circuire.
827 3437 997 3490 Pater
1017 3435 1237 3505 itaque,
1263 3451 1395 3489 cum
1421 3434 1495 3489 sit
1526 3435 1839 3490 invisibilis
1861 3440 1918 3490 et
1940 3433 2025 3489 in-

375 3528 609 3599 genitus
641 3526 703 3580 in
738 3542 822 3593 se,
858 3525 918 3578 in
950 3524 1118 3588 Filio,
1152 3539 1186 3578 a
1215 3541 1276 3578 se
1303 3524 1782 3580 inenarrabiliter
1802 3525 2022 3596 genito,

376 3615 669 3671 mansisse
701 3631 768 3669 ac
793 3613 1154 3682 requievisse
1200 3617 1586 3677 monstratur,
1627 3613 1755 3683 ipso
1786 3613 1931 3668 Filio
1963 3614 2024 3668 in

375 3706 667 3777 propheta
687 3703 1006 3773 loquente:
1043 3723 1071 3752 ‹‹
1105 3701 1212 3766 Qui
1246 3717 1338 3755 me
1370 3702 1594 3773 genuit,
1644 3701 1933 3772 requievit
1962 3703 2024 3757 in

372 3793 757 3850 tabernaculo
781 3808 912 3847 meo
939 3791 1004 3847 η.
1050 3813 1077 3841 ››
1105 3793 1172 3844 Et
1211 3791 1271 3845 in
1311 3790 1622 3862 Evangelio
1649 3807 1660 3845 :
1701 3813 1728 3840 «
1761 3793 1935 3848 Pater
1963 3793 2024 3846 in

373 3901 466 3940 me
499 3899 770 3949 manens,
796 3882 938 3939 facit
961 3896 1141 3951 opera
1160 3880 1286 3934 haec
1306 3880 1372 3933 ”.
1394 3901 1422 3930 »
1448 3882 1516 3935 Et
1541 3897 1552 3933 :
1579 3903 1606 3930 ‹‹
1632 3881 1818 3936 Deum
1849 3899 2024 3937 nemo

373 3973 518 4028 vidit
559 3989 848 4042 unquam,
901 3970 1016 4025 nisi
1064 3968 1408 4042 unigenitus
1459 3969 1662 4040 Filius,
1697 3971 1797 4040 qui
1843 3976 1933 4026 est
1963 3973 2026 4026 in

374 4062 510 4118 sinu
532 4062 719 4117 Patris
750 4059 819 4115 9‘.
848 4081 874 4108 »
908 4059 963 4114 Si
1013 4059 1170 4112 enim
1203 4058 1262 4111 in
1296 4058 1431 4112 sinu
1461 4059 1649 4113 Patris
1681 4064 1809 4113 erat
1844 4059 2028 4114 Filius

377 4155 450 4210 ab
473 4153 664 4208 initio.
689 4157 748 4205 et
776 4167 844 4205 ex
870 4149 1046 4203 corde
1072 4148 1263 4202 Patris
1280 4148 1522 4203 verbum
1545 4148 1767 4204 bonum
1799 4155 2030 4205 eructa-

381 4251 507 4299 tum
530 4249 634 4308 est,
661 4241 957 4312 quomodo
981 4257 1101 4294 non
1125 4239 1185 4292 in
1207 4239 1384 4293 corde
1402 4245 1650 4309 paterno
1671 4240 2025 4298 consistens.

379 4335 570 4390 lucem
590 4349 722 4386 cum
736 4330 946 4386 eodem
969 4329 1446 4384 inaccessibilem
1463 4329 1759 4385 habitasse
1783 4329 2028 4385 creden-

382 4423 490 4477 dus
521 4428 611 4477 est
633 4421 660 4476 ‘?
688 4420 966 4491 Nunquid
987 4421 1161 4474 Pater
1203 4418 1426 4490 absque
1472 4418 1594 4475 ulla
1624 4419 1754 4475 luce
1795 4420 1854 4474 in
1886 4421 2030 4476 Filio

378 4512 570 4583 potuit
591 4525 988 4570 commanere,
1011 4513 1112 4562 aut
1139 4508 1200 4562 in
1226 4507 1608 4564 tabernaculo
1634 4508 1763 4563 Filii
1787 4509 1912 4564 sine
1934 4527 2030 4566 ea-

2144 604 2252 660 pro
2283 585 2413 640 luce
2447 583 2728 655 proposui
2759 581 2976 638 habere
3019 599 3170 650 eam,
3195 580 3478 652 quoniam
3504 577 3790 633 inexstin-

2143 675 2361 749 guibile
2395 682 2484 728 est
2512 674 2716 728 lumen
2749 673 2879 743 ejus
2912 670 2977 725 ⁵⁸⁸.
3013 692 3041 722 ››
3076 671 3236 726 Hanc
3267 686 3401 741 ergo
3444 666 3623 723 David
3653 683 3792 738 pro-

2142 767 2322 838 pheta
2342 765 2533 820 lucem
2554 763 2922 830 desiderans,
2944 762 3155 817 anxius
3175 761 3525 833 proclamat,
3549 757 3786 812 dicens:

2143 876 2174 907 «
2205 855 2418 910 Emitte
2447 855 2640 909 lucem
2675 859 2834 908 tuam
2867 857 2926 907 et
2953 850 3260 906 veritatem
3301 855 3462 904 tuam
3494 847 3561 902 ’7.
3613 868 3642 896 »
3675 847 3791 901 Ite-

2141 960 2314 999 rum:
2349 965 2377 993 ‹‹
2411 945 2477 999 In
2517 941 2745 997 lumine
2797 947 2896 996 tuo
2950 939 3280 994 videbimus
3328 937 3532 992 lumen
3562 935 3628 990 2⁸.
3662 956 3692 986 ››
3722 937 3787 988 In

2141 1036 2321 1108 hujus
2365 1035 2544 1107 igitur
2592 1033 2836 1090 luminis
2889 1033 3156 1088 claritate
3205 1030 3384 1086 Filius
3434 1027 3694 1098 seipsum
3726 1026 3787 1079 in

2141 1130 2344 1182 monte
2361 1124 2550 1178 tribus
2571 1124 2876 1195 discipulis
2890 1121 3294 1194 prasostendit;
3310 1119 3430 1190 qui,
3451 1121 3614 1172 metu
3629 1133 3789 1172 mor-

2142 1216 2217 1270 tis
2232 1214 2550 1286 perterriti,
2576 1213 2972 1285 prostratique
2996 1212 3056 1266 in
3083 1209 3437 1279 faciem,sibi
3453 1208 3585 1262 vitae
3607 1207 3787 1262 ﬁnem

2142 1304 2349 1360 adesse
2394 1308 2710 1360 senserunt
2738 1302 2804 1358 ’9.
2862 1303 3021 1357 Hanc
3071 1301 3362 1372 (inquam)
3394 1297 3586 1353 lucem
3634 1297 3696 1351 in
3724 1313 3786 1352 se

2140 1394 2322 1449 fuisse
2355 1393 2770 1449 demonstrans
2813 1392 2992 1447 Filius
3035 1388 3461 1462 proclamabat,
3513 1393 3588 1455 et,
3632 1391 3698 1442 ut
3728 1386 3788 1440 in

2140 1483 2345 1539 eadem
2371 1483 2738 1547 incederent,
2763 1480 3086 1552 discipulos
3109 1476 3546 1551 praemonebat:
3585 1496 3607 1526 σ
3639 1476 3783 1530 Cum

2139 1573 2330 1629 lucem
2362 1573 2612 1635 habetis,
2648 1595 2675 1622 »
2727 1571 2942 1642 inquit,
2974 1593 3001 1619 «
3053 1569 3351 1624 ambulate
3401 1567 3461 1620 in
3492 1565 3623 1621 luce
3653 1564 3718 1619 ⁸ο.
3761 1586 3780 1612 ι

2139 1664 2209 1716 Et
2229 1662 2476 1717 iterum:
2514 1683 2541 1711 «
2563 1662 2680 1733 Ego
2698 1676 2828 1715 sum
2855 1660 2954 1714 lux
2986 1657 3163 1728 hujus
3180 1655 3387 1711 mundi
3413 1673 3425 1709 :
3453 1655 3555 1725 qui
3586 1653 3786 1724 sequi-

2138 1755 2236 1805 tur
2265 1767 2358 1805 me
2383 1767 2502 1805 non
2524 1749 2789 1805 ambulat
2811 1748 2872 1802 in
2893 1746 3178 1813 tenebris,
3199 1745 3302 1800 sed
3325 1743 3784 1798 habebitlumen

2140 1840 2270 1894 vita:
2311 1847 2549 1894 internae
2583 1838 2651 1895 ³³.
2685 1860 2715 1889 ››
2747 1840 2817 1892 Et
2845 1835 3243 1908 evangelista:
3282 1856 3302 1884 ι
3339 1835 3478 1888 Erat
3502 1833 3604 1886 lux
3629 1847 3786 1896 vera,

2140 1928 2242 1995 ait,
2278 1944 2408 1998 quae
2439 1926 2736 1982 illuminat
2755 1941 2994 1980 omnem
3019 1922 3323 1978 hominem
3359 1919 3693 1974 venientem
3725 1918 3786 1972 in

2138 2015 2298 2070 hunc
2311 2015 2598 2070 mundum
2617 2014 2682 2049 "-
2710 2036 2738 2064 ››
2753 2014 2809 2068 Si
2824 2014 2951 2068 haec
2973 2012 3094 2077 lux,
3120 2029 3251 2082 qua:
3264 2007 3646 2066 credentibus
3662 2023 3788 2078 pro-

2138 2105 2415 2167 mittitur,
2468 2105 2527 2159 in
2573 2103 2719 2159 Filio
2774 2120 2900 2159 esse
2950 2101 3254 2174 probatur,
3307 2105 3364 2154 et
3395 2115 3526 2154 cum
3561 2102 3782 2152 aeterno

2139 2199 2361 2250 eterna
2392 2209 2520 2249 esse
2551 2191 3091 2263 dicitur,quomodo
3123 2189 3340 2246 avobis
3371 2187 3443 2242 ab
3466 2186 3784 2242 inaccessi-

2137 2283 2243 2338 bili
2276 2283 2404 2338 luce
2440 2283 2625 2338 Patris
2654 2282 2836 2336 Filius
2885 2278 3238 2351 separatur?
3279 2278 3335 2332 Si
3386 2277 3547 2331 enim
3577 2275 3781 2340 Filius,

2139 2395 2168 2424 ‹‹
2203 2374 2353 2428 Deus
2383 2389 2555 2427 verus
2574 2378 2633 2426 et
2668 2372 2785 2426 vita
2806 2377 3029 2425 aeterna
3067 2374 3157 2424 est
3179 2367 3245 2436 ³³,
3283 2388 3311 2417 ››
3344 2366 3472 2422 sine
3512 2365 3690 2420 dubio
3723 2365 3783 2418 in

2138 2462 2248 2517 hac
2280 2462 2410 2516 luce
2443 2461 2618 2516 simul
2651 2477 2785 2515 cum
2819 2462 2986 2514 Patre
3009 2457 3276 2513 habitare
3306 2455 3640 2512 credendus
3672 2459 3782 2519 est,

2138 2567 2314 2622 quam
2340 2550 2538 2604 nullus
2561 2549 2736 2604 modo
2757 2553 3049 2608 nostrum,
3076 2547 3134 2601 in
3159 2548 3268 2601 hoc
3285 2545 3516 2601 mortali
3537 2560 3783 2616 corpore

2136 2639 2518 2704 constitutus,
2551 2643 2747 2710 potest
2766 2637 3144 2709 aliquatenus
3166 2635 3438 2691 contueri
3468 2652 3481 2699 ;
3515 2633 3615 2688 sed
3644 2632 3783 2686 dum

2135 2728 2500 2799 apparuerit,
2532 2733 2674 2782 tunc
2705 2743 2838 2782 vere
2871 2727 3038 2780 illum
3066 2725 3287 2780 videbit
3333 2723 3505 2778 sicuti
3537 2729 3646 2790 est,
3681 2723 3780 2793 qui

2136 2817 2265 2888 ejus
2295 2816 2704 2888 csnspectibus
2754 2815 2934 2871 fuerit
2983 2815 3194 2887 dignus
3238 2812 3521 2884 coaptari.
3564 2814 3634 2865 Et
3663 2827 3781 2865 non

2135 2907 2288 2960 sicut.
2313 2908 2541 2977 Moyses
2575 2907 2891 2976 cazterique
2923 2904 3224 2975 propheta)
3257 2919 3360 2973 per
3391 2902 3705 2973 aenigmata
3726 2905 3784 2953 et

2139 2995 2411 3067 ﬁguram,
2443 2995 2548 3049 sed
2578 2996 2767 3066 ipsam
2805 2995 3092 3050 veraciter
3140 2993 3201 3046 in
3234 2992 3402 3059 Filio,
3455 2989 3782 3044 secundum

2137 3085 2504 3156 Apostolum,
2531 3085 2913 3140 contuebitur
2933 3082 3170 3137 deitatis
3202 3080 3541 3153 imaginem.
3565 3080 3709 3134 Nam
3735 3079 3782 3132 si

2138 3173 2295 3227 hunc
2318 3173 2712 3244 eumdemque
2736 3173 3039 3244 prOphetaz
3065 3170 3172 3225 sub
3198 3168 3562 3230 testimonio,
3587 3167 3786 3222 subse-

2133 3268 2351 3332 quente
2385 3277 2595 3316 sereno
2624 3261 2847 3316 mentis
2871 3261 3108 3329 intuitu,
3136 3259 3486 3329 investigare
3507 3256 3783 3326 volueris,

2133 3352 2399 3407 invenies
2428 3351 2641 3406 Filium
2666 3367 2785 3405 non
2817 3365 2991 3421 posse
3023 3349 3094 3404 ab
3119 3349 3227 3402 hac
3250 3348 3381 3402 luce
3404 3345 3591 3402 Patris
3611 3347 3782 3417 peni-

2132 3447 2228 3496 tus
2249 3441 2508 3512 separari
2535 3456 2549 3506 ;
2570 3440 2855 3510 quoniam
2880 3455 3014 3494 cum
3039 3439 3229 3493 solum
3249 3437 3462 3491 Filium
3487 3435 3782 3490 dixeritin

2136 3536 2294 3586 terra
2315 3546 2451 3585 cum
2477 3529 2816 3583 hominibus
2838 3533 3273 3595 conversatum,
3303 3527 3533 3580 Patrem
3561 3524 3633 3579 ab
3656 3524 3778 3589 illo,

2135 3636 2255 3674 non
2289 3625 2377 3675 est
2408 3618 2768 3674 credendum
2801 3618 2927 3672 ﬁeri
2960 3615 3240 3672 alienum.
3289 3636 3317 3664 «
3341 3613 3390 3647 3‘
3421 3614 3475 3667 Si
3517 3613 3786 3667 testimo-

2136 3711 2303 3765 nium
2337 3711 2497 3765 enim
2529 3710 2838 3764 hominum
2871 3707 3218 3778 accipimus,
3252 3705 3661 3760 testimonium
3684 3702 3789 3758 Dei

2137 3801 2332 3871 majus
2365 3807 2474 3855 est.
2507 3801 2794 3865 Quoniam
2820 3799 2930 3852 hoc
2963 3802 3050 3852 est
3069 3796 3476 3851 testimonium
3509 3792 3787 3864 Deiquod

2135 3891 2330 3962 majus
2361 3894 2470 3957 est,
2505 3889 2646 3960 quia
2690 3887 3038 3942 testiﬁcatus
3090 3891 3180 3941 est
3222 3885 3294 3940 de
3343 3884 3489 3940 Filio
3521 3900 3647 3939 suo.
3682 3881 3789 3946 Qui

2138 3979 2329 4034 credit
2357 3979 2418 4033 in
2450 3978 2663 4033 Filium
2713 3977 2839 4039 Dei,
2887 3975 3086 4042 habet,
3135 3975 3544 4030 testimonium
3594 3973 3696 4027 Dei
3727 3971 3788 4026 in

2141 4085 2222 4124 se.
2257 4067 2363 4133 Qui
2387 4084 2505 4121 non
2539 4066 2806 4122 creditin
2832 4064 3065 4128 Filium,
3091 4064 3440 4120 mendacem
3466 4063 3608 4117 facit
3628 4077 3789 4126 eum,

2140 4157 2280 4228 quia
2309 4173 2429 4211 non
2461 4154 2650 4210 credit
2680 4155 2740 4208 in
2775 4153 3207 4219 testimonium,
3241 4152 3400 4224 quod
3442 4150 3790 4206 testiﬁcatus

2140 4251 2231 4301 est
2260 4246 2413 4299 Deus
2467 4245 2539 4299 de
2583 4243 2728 4298 Filio
2769 4257 2894 4297 suo.
2947 4244 3016 4296 Et
3060 4242 3173 4297 hoc
3221 4248 3312 4297 est
3355 4240 3786 4304 testimonium,

2142 4335 2425 4406 quoniam
2456 4334 2635 4388 vitam
2667 4339 2950 4388 aeternam
2984 4331 3146 4386 dedit
3175 4331 3345 4387 nobis
3369 4333 3541 4398 Deus,
3576 4335 3635 4385 et
3664 4329 3789 4384 haec

2140 4425 2260 4479 vita
2291 4429 2380 4478 est
2408 4423 2469 4477 in
2499 4422 2644 4477 Filio
2677 4425 2826 4493 ejus.
2862 4421 2970 4486 Qui
3012 4421 3191 4476 habet
3220 4421 3455 4489 Filium,
3501 4419 3679 4476 habet
3706 4419 3788 4474 vi-

2143 4519 2264 4569 tam
2291 4529 2303 4579 ;
2338 4514 2437 4584 qui
2471 4529 2591 4568 non
2612 4512 2789 4568 habet
2817 4511 3036 4566 Filium
3060 4511 3184 4577 Dei,
3220 4528 3343 4566 non
3379 4509 3557 4565 habet
3585 4511 3785 4564 vitam.

379 4601 514 4656 dem
547 4600 736 4672 potuit
766 4598 1162 4669 requiescere,
1197 4613 1334 4652 eum
1365 4597 1522 4652 idem
1546 4597 1727 4653 Filius
1753 4620 1774 4648 ι
1805 4599 2028 4654 candor
2058 4607 2102 4670 D
2136 4605 2269 4658 Haec
2299 4602 2492 4657 scribo
2525 4601 2709 4668 vobis,
2742 4606 2806 4654 ut
2828 4599 3048 4665 sciatis,
3079 4601 3358 4670 quoniam
3389 4599 3572 4654 vitam
3605 4598 3785 4652 habe-

381 4690 458 4744 sit
474 4695 708 4744 aeternae
727 4687 960 4755 lucis,et
973 4685 1278 4757 speculum
1294 4686 1424 4741 sine
1437 4686 1671 4742 macula
1681 4687 1918 4743 deitatis
1930 4733 1935 4742 .
1947 4689 2026 4738 ²⁵››

381 4777 669 4848 Salomon}
689 4791 1048 4848 superquam
1072 4775 1324 4830 salutem
1356 4792 1524 4831 suam
1546 4775 1826 4832 dilexisse
1858 4795 1919 4834 se
1939 4778 2030 4833 di-

383 4869 482 4934 cit,
511 4870 572 4922 in
604 4867 776 4937 cujus
795 4865 990 4937 specie
1013 4880 1251 4935 semper
1273 4864 1553 4920 delectari
1580 4866 1853 4937 gestivit?
1873 4890 1900 4917 «
1926 4868 2036 4922 Su—

2142 4692 2217 4746 tis
2245 4697 2530 4745 aeternam
2553 4690 2654 4760 qui
2671 4688 2913 4744 creditis
2936 4688 2997 4742 in
3020 4688 3262 4744 nomine
3284 4688 3412 4743 Fiiii
3431 4687 3548 4742 Dei.
3576 4688 3644 4742 Et
3663 4686 3790 4741 haec

2144 4785 2233 4834 est
2255 4779 2472 4834 ﬁducia
2491 4794 2671 4849 quam
2684 4777 2975 4833 habemus
2989 4776 3064 4832 ad
3076 4778 3381 4848 eum,quia
3392 4776 3789 4847 quodcunque

2144 4868 2493 4940 petierimus
2525 4866 2853 4922 secundum
2883 4866 3252 4922 voluntatem
3281 4867 3437 4938 ejus,
3468 4864 3635 4920 audit
3657 4880 3786 4918 nos.

459 4993 502 5030 ¹⁷
533 4995 736 5076 Innoc.
777 5008 870 5062 ep.
919 4993 978 5076 t2
1007 4989 1081 5044 ad
1110 4990 1689 5076 {inreliamHCarthaa
1721 5008 1810 5062 ep.
1838 4992 1946 5046 sub
1979 4993 2158 5076 ﬁnenm
2185 5011 2198 5047 :
2231 5016 2259 5044 «
2293 4991 2907 5076 Unde_plagii_mgrito
2931 5007 3142 5076 arguas
3163 4991 3788 5076 Mercatorem.eumxve

383 5083 417 5121 a
449 5082 564 5136 quo
591 5059 832 5119 delusus
864 5069 972 5136 est.
1002 5083 1037 5136 ῃ
1117 5063 1156 5096 ¹⁸
1177 5062 1616 5136 prophetharum
1642 5059 1711 5117 iu
1742 5059 1838 5134 qq.
1897 5080 1980 5119 cc.
2062 5064 2107 5101 ¹⁹
2136 5081 2246 5136 ms.
2275 5066 2421 5119 unde
2450 5059 2552 5119 his.
2589 5059 2678 5097 ἐυ
2705 5063 2727 5117 l
2754 5063 2906 5136 Tim.
2940 5059 3027 5126 v1,
3077 5065 3160 5116 16.
3237 5065 3280 5098 ’ί
3315 5062 3500 5136 lt_hac._
3531 5059 3604 5136 ad
3634 5075 3785 5136 vers.

384 5133 550 5192 Uvar.
611 5138 698 5190 66.
778 5136 825 5168 ²²
884 5133 1061 5187 Eccli.
1121 5149 1250 5186 xx1v
1324 5136 1407 5186 t2.

1489 5135 1534 5168 2³
1590 5135 1733 5188 Joan
1762 5131 1774 5134 ’
1800 5131 1924 5204 ‘xw,
1993 5139 2029 5188 1η

2159 5135 2208 5170 ²⁴
2260 5137 2429 5201 Joan,
2488 5151 2524 5200 1,
2585 5137 2671 5190 18.
2749 5134 2795 5168 ²⁸
2845 5135 2978 5203 Sap.
3028 5148 3121 5197 vn,
3189 5136 3277 5188 26.
3356 5132 3403 5204 ’f’
3459 5131 3634 5198 Ibid,
3697 5133 3784 5185 to.

380 5209 423 5243 ³⁷
455 5206 606 5264 Psal.
634 5222 764 5272 χιιι,
799 5206 850 5260 3.
929 5205 972 5238 ²⁸
1005 5202 1154 5259 Psal.
1210 5221 1376 5268 xxxv,
1414 5207 1499 5260 10.
1579 5206 1621 5239 ³⁸
1651 5207 1852 5273 Matth,
1912 5202 2025 5262 ivn

2138 5207 2172 5242 ‘0
2228 5209 2395 5267 Joan.
2429 5207 2651 5269 1:11.35.
2728 5203 2773 5240 3‘
2832 5202 2998 5266 Joan.
3050 5221 3163 5272 vm,
3200 5207 3286 5271 12,
3361 5202 3409 5238 ³³
3463 5204 3628 5259 Joan.
3663 5218 3702 5267 ι,
3729 5205 3782 5257 9.

377 5280 423 5316 33
448 5282 470 5333 Ι
499 5279 664 5334 Joan.
698 5295 768 5349 v.7
794 5280 882 5330 20.
960 5275 1004 5309 ³⁸
1039 5277 1337 5349 Hactenus,
1363 5292 1533 5349 verca
1565 5277 1865 5347 ipsissima
1895 5295 2050 5349 resp.
2085 5279 2290 5334 Itbacii
2325 5279 2443 5334 sive
2475 5277 2653 5333 ldacii
2686 5276 2834 5331 Clari
2867 5275 3147 5331 adversus
3176 5274 3577 5330 Warimadum
3618 5275 3787 5329 Aria-

375 5369 540 5412 num.
573 5351 668 5406 cui
697 5348 1019 5403 fabricator
1044 5347 1222 5418 hujus
1249 5347 1515 5418 epistolae
1545 5349 1824 5404 laciniam
1858 5367 1961 5427 pro
1992 5347 2158 5405 inore
2187 5351 2399 5406 attexit
2427 5365 2497 5404 ex
2528 5366 2619 5420 ep.
2654 5349 2678 5402 Ι
2705 5349 2872 5403 Joan.
2905 5363 2955 5402 v.

374 5484 596 5534 tantur.
632 5477 756 5530 Sev.
793 5476 908 5529 Bm.
941 5503 1009 5512 --
1043 5472 1120 5526 De
1171 5471 1282 5526 hoc
1313 5472 1464 5535 loco,
1517 5474 1618 5543 qui
1651 5480 1810 5530 certe
1839 5474 2026 5530 lubri-

377 5567 481 5609 cus
513 5555 618 5605 est.
653 5548 781 5602 vide
841 5546 999 5601 decr.
1061 5543 1272 5608 concil.
1307 5544 1460 5599 Trid.
1513 5548 1590 5599 De
1635 5549 2028 5614 reformatione

383 5620 753 5679 matrimonii.

455 5690 530 5762 (3)
562 5691 716 5757 Quod
771 5692 883 5744 sint
947 5687 1174 5760 quidam
1230 5687 1330 5756 qui
1385 5687 1732 5743 arbitrantur
1759 5689 1826 5745 de
1863 5691 2030 5745 Patre

2137 5477 2252 5531 solo
2282 5477 2491 5531 dictum
2520 5491 2648 5530 esse.
2683 5472 3025 5544 Basilidemi.
3061 5473 3468 5540 Saturninum,
3517 5472 3785 5544 aliosque

2139 5549 2270 5619 ejus
2301 5553 2621 5603 sectatores
2648 5545 2926 5617 intelligit
2950 5560 2962 5611 ;
2983 5543 3054 5598 de
3087 5544 3301 5619 quibus
3326 5543 3785 5619 Baroniusanno

2137 5615 2373 5691 Domini
2405 5621 2537 5691 120,
2562 5634 2727 5674 num.
2760 5620 2814 5682 5,
2847 5615 2907 5672 et
2931 5615 3359 5691 sequentibus,
3401 5617 3503 5673 ubi
3545 5617 3785 5691 impura

2139 5695 2197 5746 et
2228 5689 2646 5747 scelestissima
2676 5705 2883 5746 eorum
2914 5687 3192 5760 dogmata
3220 5695 3510 5746 recenset.
3543 5689 3625 5753 In.
