4114 6148
386 357 538 417 1051

1764 357 2130 422 EVARISTI
2174 355 2431 418 ΡΔΡΛΕ.

3639 350 3800 412 1052

382 493 454 544 Et
482 491 702 545 scimus
734 489 875 560 quia
933 490 1100 546 audit
1152 507 1283 559 nos,
1319 491 1612 564 quidquid
1657 493 2025 565 petierimus,
2059 491 2112 559 Α
2145 505 2324 547 causa
2353 488 2697 560 conjungat.
2727 487 2796 541 Et
2820 487 2974 542 sicut
3010 482 3178 540 uxori
3199 498 3320 540 non
3338 483 3463 538 licit
3493 482 3798 538 dimittere

379 581 600 635 scimus
631 579 913 649 quoniam
938 579 1226 635 habemus
1247 582 1565 652 petitiones
1593 599 1738 653 quas
1770 581 2030 653 postula-

381 685 513 722 mus
545 668 617 723 ab
649 684 738 722 eo.
771 669 879 732 Qui
908 670 1019 723 scit
1050 669 1290 724 fratrem
1322 687 1494 726 suum
1546 687 1788 741 peccare
1820 687 2029 741 pecca-

383 762 509 811 tum
539 774 658 811 non
688 757 761 811 ad
791 762 1060 824 mortem,
1094 763 1276 828 petat,
1312 766 1369 812 et
1399 759 1634 813 dabitur
1663 759 1716 814 ei
1747 761 1865 814 vita
1893 776 2033 830 pec-

385 847 548 901 cant?
585 863 704 900 non
735 846 808 900 ad
840 852 1111 901 mortem.
1148 849 1246 901 Est
1274 855 1582 918 peccatum
1631 849 1705 904 ad
1737 856 1988 903 mortem
2015 863 2028 914 ;

382 951 500 989 non
532 951 638 1004 pro
670 933 773 988 illo
805 935 958 1001 dico,
989 941 1054 989 ut
1084 942 1250 1008 roget
1293 938 1446 1006 quis.
1500 938 1702 992 Omnis
1746 937 2030 1008 iniquitas

378 1029 688 1094 peccatum
720 1030 828 1091 est,
864 1030 921 1078 et
951 1031 1037 1079 est
1068 1031 1376 1094 peccatum
1400 1026 1472 1080 ad
1493 1032 1766 1081 mortem.
1802 1027 2030 1082 Scimus

378 1113 517 1184 quia
549 1113 744 1167 omnis
777 1114 875 1183 qui
911 1120 1086 1168 natus
1120 1120 1209 1168 est
1241 1131 1314 1169 ex
1343 1117 1482 1179 Deo,
1517 1132 1635 1170 non
1669 1121 1893 1187 peccat,
1926 1115 2032 1171 sed

379 1202 682 1273 generatio
709 1202 812 1256 Dei
835 1208 1144 1258 conservat
1163 1220 1321 1270 eum,
1345 1210 1401 1259 et
1422 1204 1715 1276 malignus
1739 1221 1858 1259 non
1888 1209 2029 1259 tan-

379 1292 462 1363 git
501 1308 656 1346 eum.
687 1291 918 1346 Scimus
951 1296 1232 1363 quoniam
1265 1309 1334 1347 ex
1372 1295 1485 1348 Deo
1517 1311 1742 1363 sumus,
1767 1299 1826 1348 et
1854 1311 2032 1348 mun-

382 1379 491 1435 dus
523 1386 680 1436 totus
714 1381 776 1436 in
807 1381 1066 1453 maligno
1106 1382 1332 1453 positus
1383 1389 1491 1438 est.
1525 1385 1594 1437 Et
1634 1383 1852 1438 scimus
1883 1400 2030 1455 quo-

373 1471 535 1525 niam
569 1471 746 1526 Filius
776 1471 879 1526 Dei
902 1473 1058 1526 venit
1082 1473 1321 1528 etdedit
1349 1473 1521 1528 nobis
1544 1490 1809 1541 sensum,
1835 1478 1901 1528 ut
1927 1489 2030 1528 co-

376 1577 731 1634 gnoscamus
791 1577 990 1614 verum
1023 1563 1230 1626 Deum,
1264 1567 1323 1617 et
1381 1563 1566 1617 simus
1624 1563 1686 1616 in
1719 1579 1852 1617 vero
1883 1562 2028 1616 Filio

379 1651 527 1719 ejus.
565 1649 668 1703 Hic
699 1655 788 1704 est
815 1667 985 1705 verus
1022 1651 1173 1705 Deus
1197 1656 1254 1705 et
1275 1651 1390 1705 vita
1421 1657 1661 1707 aeterna.
1688 1674 1715 1702 »
1742 1653 1895 1720 Haec,
1918 1651 2031 1705 fra-

383 1744 523 1801 tres,
553 1739 892 1809 praedicate,
923 1741 1050 1794 haec
1081 1741 1356 1795 omnibus
1388 1741 1680 1795 nuntiate.
1736 1743 1845 1795 Vos
1893 1757 2029 1795 vero

382 1827 633 1880 invicem
687 1827 1103 1894 exhortamini,
1137 1829 1380 1900 perfecti
1435 1834 1641 1895 estote,
1677 1845 2029 1900 semperque

379 1914 627 1986 gaudete
651 1940 665 1981 ;
693 1932 898 1986 pacem
914 1923 1112 1972 autem
1138 1918 1447 1972 sectamini
1471 1919 1530 1972 in
1550 1934 1777 1985 omnes,
1797 1923 1854 1972 et
1875 1919 2027 1972 Deus

380 2004 542 2075 pacis
575 2010 634 2058 et
684 2004 1018 2060 dilectionis
1054 2008 1165 2062 erit
1196 2007 1521 2072 vobiscum,
1580 2009 1695 2062 Deo
1741 2013 1939 2062 autem
1972 2012 2030 2062 et

383 2094 540 2148 Patri
577 2099 778 2148 nostro
811 2095 996 2166 gloria
1026 2096 1087 2150 in
1122 2097 1341 2151 saecula
1370 2095 1746 2152 saeculorum.
1778 2100 1988 2167 Amen,

454 2183 598 2238 Data
637 2200 689 2236 1x
707 2182 1000 2238 Kalendas
1033 2184 1268 2256 Aprilis,
1293 2185 1536 2240 Valente
1565 2190 1622 2240 et
1649 2187 1857 2241 Vetere
1888 2185 2028 2238 viris

377 2271 724 2328 clarissimis
745 2289 893 2328 coss.
928 2273 993 2326 ³⁸.

980 2390 1317 2446 EPISTOLA
1358 2391 1426 2445 II.

379 2499 456 2550 De
487 2498 750 2565 episcopis
781 2496 988 2566 ejectis,
1047 2503 1096 2551 et
1152 2497 1281 2554 aliis
1319 2500 1435 2554 loco
1483 2516 1671 2554 eorum
1717 2497 2023 2564 subtitutis,

452 2567 560 2634 vel,
595 2574 658 2621 ut
688 2567 866 2622 habet
898 2586 1007 2624 ms.
1041 2570 1187 2623 Just.
1217 2587 1230 2623 :
1265 2571 1420 2635 Quod
1458 2571 1705 2627 Christus
1762 2572 1832 2626 sit
1861 2576 2026 2640 caput

451 2646 501 2692 et
530 2655 757 2707 sponsus
790 2641 1055 2708 Ecclesiae,
1089 2645 1139 2694 et
1186 2643 1488 2698 sacerdotes
1519 2645 1618 2712 qui
1662 2643 1780 2711 ejus
1807 2644 1924 2696 vice
1950 2641 2024 2695 le-

449 2712 676 2779 gatione
701 2715 1036 2779 funguntur,
1069 2713 1329 2767 similiter
1356 2717 1464 2768 sint
1495 2714 1746 2769 Ecclesiis
1787 2713 1901 2768 suis
1929 2729 1942 2767 :
1977 2719 2028 2768 et

448 2782 690 2849 qualiter
717 2783 1026 2837 sacerdotes
1053 2800 1178 2838 suas
1227 2785 1495 2841 Ecclesias
1524 2792 1578 2840 et
1606 2801 1793 2840 eorum
1839 2785 2026 2840 Eccle-

445 2855 545 2910 siae
565 2870 650 2908 eos
680 2855 909 2909 debeant
939 2856 1192 2925 diligere.

445 2970 760 3036 Evaristus,
795 2971 962 3026 urbis
995 2973 1192 3026 Romae
1226 2973 1561 3044 episcopus,
1598 2974 1875 3028 omnibus
1920 2988 2027 3042 per

374 3059 680 3128 .Egyptum
715 3059 963 3114 Domino
1011 3061 1430 3133 conglutinatis
1474 3061 1754 3118 fratribus
1808 3062 1869 3115 in
1902 3062 2024 3116 Do-

376 3147 558 3213 mino,
595 3148 866 3203 salutem.

2139 579 2333 634 virum
2364 593 2560 644 suum,
2591 581 2658 632 ut
2687 575 2860 631 alteri
2891 591 2974 643 se,
3006 574 3237 628 vivente
3285 589 3376 640 eo,
3411 571 3794 628 matrimonio

2141 668 2345 731 societ,
2361 671 2462 721 aut
2483 682 2617 722 eum
2631 664 3092 730 adulteret,licet
3105 661 3530 733 fornicatus:sit
3542 661 3628 715 vir
3643 661 3797 733 ejus,

2141 756 2264 825 sed,
2289 757 2452 822 iuxta
2500 754 2866 826 Apostolum,
2898 775 2926 803 «
2960 758 3062 808 aut
3107 751 3228 804 viro
3276 767 3382 806 suo
3415 750 3797 806 reconciliari

2141 845 2336 913 debet,
2369 849 2472 900 aut
2501 859 2741 899 manere
2771 843 3024 912 innupta
3060 840 3142 906 ⁴¹;
3178 861 3206 890 ››
3255 840 3337 894 ita
3361 839 3634 894 Ecclesiae
3675 856 3800 895 non

2139 933 2281 989 licet
2308 933 2610 988 dimittere
2643 932 2987 1003 episcopum
3019 945 3215 996 suum,
3247 934 3351 983 aut
3378 928 3452 982 ab
3503 944 3571 983 eo
3604 944 3667 983 se
3698 944 3795 983 se-

2138 1039 2380 1097 gregare
2410 1027 2478 1077 ut
2506 1022 2782 1088 alterum,
2821 1021 3047 1074 vivente
3079 1035 3169 1086 eo,
3220 1017 3512 1088 accipiat;
3546 1018 3656 1074 sed
3695 1023 3802 1074 aut

2139 1115 2333 1185 ipsum
2364 1111 2600 1178 habeat,
2633 1115 2734 1165 aut
2764 1110 3018 1180 innupta
3036 1112 3292 1175 maneat,
3325 1106 3386 1161 id
3416 1112 3507 1162 est
3535 1107 3794 1164 alterum

2141 1203 2506 1274 episcopum,
2530 1216 2635 1254 suo
2655 1201 2902 1266 vivente,
2926 1215 3045 1252 non
3067 1197 3338 1268 accipiat,
3362 1212 3436 1251 ne
3457 1197 3799 1252 fornicatio-

2139 1293 2234 1348 nis
2267 1296 2370 1346 aut
2398 1289 2675 1346 adulterii
2707 1289 2934 1343 crimen
2964 1287 3246 1342 incurrat.
3288 1287 3435 1341 Nam
3461 1286 3511 1340 si
3557 1286 3799 1341 adulte-

2138 1387 2266 1437 rata
2292 1380 2492 1447 fuerit,
2525 1378 2584 1432 id
2617 1384 2707 1433 est
2734 1378 2782 1432 si
2818 1395 2878 1432 se
2901 1375 3068 1432 alteri
3092 1375 3369 1446 episcopo
3393 1376 3799 1448 junxerit,aut

2141 1487 2320 1542 super
2349 1487 2411 1525 se
2441 1469 2696 1524 alterum
2747 1468 3092 1539 episcopum
3141 1465 3476 1535 adduxerit,
3524 1471 3625 1522 aut
3664 1482 3794 1522 esse

2139 1559 2367 1625 fecerit,
2401 1559 2489 1614 vel
2515 1557 2938 1613 desideraverit
2963 1573 2975 1609 :
3001 1572 3106 1627 per
3126 1555 3479 1611 acerrimam
3503 1555 3799 1627 paeniten-

2142 1649 2285 1702 tiam
2313 1652 2415 1703 aut
2443 1664 2547 1702 suo
2595 1645 3016 1700 reconcilietur
3058 1643 3357 1715 episcopo,
3410 1648 3513 1699 aut
3543 1644 3798 1715 innupta

2140 1743 2507 1810 permaneat.
2532 1736 2696 1792 Unde
2710 1741 2770 1790 et
2789 1735 3074 1790 Dominus
3089 1734 3352 1804 loquitur
3366 1734 3426 1788 in
3448 1733 3768 1805 Evangelia
3782 1774 3798 1801 ,

2061 1852 2106 1916 Β
2141 1828 2346 1883 dicens
2371 1844 2383 1882 :
2418 1850 2443 1877 α
2472 1827 2527 1880 Si
2552 1826 2684 1897 quis
2705 1823 2918 1879 viderit
2939 1823 3250 1878 mulierem
3275 1822 3347 1877 ad
3371 1823 3796 1894 concupiscen-

2138 1917 2279 1971 dum
2306 1933 2457 1980 eam,
2475 1916 2603 1986 jam
2629 1915 2953 1970 mwchatus
2977 1918 3067 1967 est
3087 1927 3218 1967 eam
3239 1913 3302 1966 in
3325 1911 3500 1968 corde
3525 1929 3630 1967 suo
3653 1911 3722 1967 “.
3759 1934 3787 1964 »

2133 2005 2179 2040 ⁴⁸
2199 2006 2556 2077 Episcopum
2587 2021 2722 2058 vero
2752 2007 2988 2074 oportet
3007 2007 3337 2072 opportune
3361 2007 3419 2056 et
3443 2002 3783 2073 importune

2134 2099 2309 2164 atque
2344 2094 2470 2149 sine
2501 2092 2948 2148 intermissione
2990 2090 3316 2146 Ecclesiam
3347 2106 3516 2146 suam
3547 2090 3782 2157 docere,

2133 2199 2383 2255 eamque
2413 2182 2743 2254 prudenter
2770 2196 2972 2252 regere
3015 2183 3074 2233 et
3103 2195 3326 2247 amare,
3375 2185 3441 2234 ut
3471 2196 3505 2234 a
3537 2179 3690 2235 vitiis
3723 2196 3786 2235 se

2131 2272 2445 2340 abstineat,
2477 2276 2537 2325 et
2565 2269 2820 2325 salutem
2851 2268 3137 2339 consequi
3169 2269 3358 2340 possit
3378 2274 3682 2326 aeternam.
3717 2270 3793 2324 Et

2131 2363 2238 2419 illa
2267 2377 2401 2416 cum
2425 2365 2588 2416 tanta
2609 2358 2940 2414 reverentia
2961 2357 3092 2429 ejus
3115 2356 3447 2414 doctrinam
3469 2358 3646 2413 debet
3667 2375 3798 2414 sus-

2131 2453 2349 2522 cipere,
2383 2465 2638 2520 eumque
2673 2463 2874 2503 amare
2906 2451 2964 2501 et
2993 2445 3262 2519 diligere,
3296 2452 3363 2500 ut
3388 2446 3648 2519 legatum
3679 2447 3785 2502 Dei

2133 2548 2192 2598 et
2239 2555 2575 2612 praeconem
2623 2537 2926 2603 veritatis;
2977 2536 3138 2607 quia,
3185 2541 3441 2591 testante
3487 2535 3786 2592 Veritate:

2135 2652 2164 2680 «
2197 2630 2573 2698 Quaecunque
2605 2626 2873 2699 ligaverit
2903 2641 3082 2696 super
3113 2630 3354 2692 terram,
3392 2629 3568 2680 erunt
3607 2624 3790 2698 ligata

2134 2725 2194 2775 et
2223 2719 2284 2773 in
2317 2718 2503 2774 caelo:
2538 2722 2597 2772 et
2627 2731 2996 2788 quaecunque
3045 2715 3286 2769 solverit
3335 2731 3512 2786 super
3543 2719 3787 2785 terram,

2135 2811 2312 2862 erunt
2344 2804 2536 2862 soluia
2567 2808 2627 2859 et
2651 2804 2714 2858 in
2738 2803 2884 2859 caelo
2907 2801 2973 2858 “.
2999 2823 3028 2851 ››
3048 2802 3236 2868 Nimis
3256 2801 3524 2857 timenda
3545 2807 3654 2866 est,
3677 2803 3793 2858 fra-

2132 2896 2410 2965 tres,hzec
2433 2893 2748 2960 sententia,
2773 2897 2831 2946 et
2851 2889 3290 2963 praevidendum
3314 2890 3577 2956 vobis,ne
3600 2893 3790 2946 offen-

2131 2985 2284 3040 datis
2315 3001 2415 3039 eos
2446 2983 2546 3053 qui
2572 2987 2797 3036 tantam
2828 2997 2862 3034 a
2883 2979 3131 3034 Domino
3155 2979 3378 3033 habent
3397 2983 3778 3048 potestatem.

2128 3075 2198 3128 Et
2226 3071 2358 3128 ideo
2390 3071 2585 3142 potius
2615 3066 2951 3130 obediendi,
2981 3065 3262 3136 diligendi
3296 3070 3354 3120 et
3404 3080 3783 3136 summopere

2129 3161 2449 3218 venerandi
2483 3164 2639 3225 sunt,
2672 3173 2791 3212 non
2823 3154 3196 3217 detrahendi,
3229 3153 3320 3208 vel
3355 3153 3656 3208 lacerandi
3679 3160 3782 3210 aut

447 3237 637 3291 Unum
665 3255 792 3306 n03:
816 3237 1049 3304 fratres.-
1071 3238 1118 3273 ³⁸
1140 3241 1360 3296 sentire
1386 3246 1618 3312 oportet
1639 3246 1694 3294 et
1717 3255 1908 3310 agere.
1931 3244 2016 3304 ιιι,
2048 3223 2092 3290 c
2130 3249 2428 3321 ejiciendi,
2452 3247 2555 3301 sed
2578 3223 2851 3316 portandi
2873 3249 2933 3297 et
2953 3241 3212 3308 amandi,
3247 3243 3376 3314 ipso
3407 3243 3640 3298 dicente
3673 3245 3792 3299 Do-

376 3325 528 3380 sicut
549 3325 800 3397 legimus
826 3326 894 3396 37,
917 3328 977 3382 in
1005 3329 1176 3384 nobis
1206 3346 1392 3384 unum
1441 3347 1543 3384 cor
1572 3335 1632 3383 et
1673 3345 1793 3384 una
1822 3328 2024 3382 anima

375 3429 504 3469 esse
535 3415 836 3484 probetur.
865 3416 1094 3471 Scimus
1112 3433 1391 3486 namque,
1416 3418 1570 3470 sicut
1590 3421 1649 3469 et
1667 3432 1702 3469 a
1731 3414 2019 3484 patribus,

373 3504 726 3574 accepimus,
751 3504 1050 3559 Christum
1070 3522 1197 3560 esse
1229 3509 1426 3574 caput,
1459 3504 1632 3574 cujus
1665 3509 1722 3557 et
1753 3501 2022 3556 membra

376 3609 600 3647 sumus.
636 3593 764 3663 Ipse
799 3594 954 3647 enim
990 3599 1079 3647 est
1109 3608 1382 3663 sponsus,
1417 3596 1475 3645 et
1493 3591 1755 3645 Ecclesia
1784 3605 2021 3660 sponsa,

376 3683 547 3752 cujus
584 3682 688 3735 filii
723 3698 831 3736 nos
863 3699 1104 3737 sumus:
1140 3686 1196 3736 et
1224 3680 1357 3735 ideo
1381 3697 1565 3734 unum
1586 3681 1824 3734 Patrem
1840 3678 2022 3734 habe-

379 3787 512 3825 mus
550 3771 734 3826 Deum
764 3773 826 3826 in
853 3771 1037 3827 caelis.
1081 3770 1423 3826 Sacerdotes
1456 3786 1590 3824 vero
1634 3770 1757 3824 vice
1806 3767 2021 3822 Christi

374 3861 669 3932 legatione
692 3859 742 3895 ³⁸
761 3861 1088 3933 funguntur
1117 3861 1179 3914 in
1223 3859 1502 3915 Ecclesia.
1535 3861 1605 3913 Et
1653 3858 1805 3914 sicut
1835 3857 1888 3912 ei
1917 3873 2028 3913 sua

377 3951 696 4021 conjuncta
737 3957 825 4006 est
854 3967 1092 4022 sponsa,
1118 3950 1176 4004 id
1203 3955 1291 4004 est
1312 3949 1572 4004 Ecclesia
1590 3947 1660 4016 39,
1683 3948 1766 4003 sic
1798 3947 2024 4019 episco-

375 4039 466 4109 pis
481 4039 820 4112 junguntur
841 4038 1467 4109 Ecclesiae,unicuique
1480 4055 1586 4109 pro
1607 4038 1878 4110 portione
1894 4053 2023 4094 sua.

377 4129 444 4181 Et
474 4128 626 4184 sicut
657 4130 744 4183 vir
766 4146 886 4184 non
913 4128 1087 4184 debet
1116 4127 1412 4200 negligere
1444 4143 1691 4182 uxorem
1723 4125 2026 4194 suam,sed

376 4216 620 4289 diligere
649 4224 707 4273 et
721 4224 878 4274 caste
893 4217 1191 4273 custodire
1213 4222 1482 4272 etamare
1504 4222 1680 4286 atque
1702 4215 2027 4287 prudenter

378 4323 582 4379 regere
613 4325 625 4361 :
659 4308 745 4362 sic
775 4309 1087 4379 episcopus
1119 4313 1178 4362 et
1206 4307 1390 4361 multo
1423 4306 1607 4378 magis
1637 4303 1936 4361 custodire
1968 4309 2028 4360 et

378 4413 578 4452 amare
611 4403 788 4466 atque
826 4397 1151 4468 prudenter
1171 4413 1372 4467 regere
1401 4395 1576 4450 debet
1596 4395 1936 4451 Ecclesiam.
1957 4396 2028 4450 Et

377 4489 535 4544 velut
562 4505 738 4553 uxor,
769 4504 900 4558 quas
933 4487 1040 4543 sub
1071 4503 1254 4544 manu
1281 4491 1371 4542 est
1399 4487 1528 4553 viri,
1562 4485 1804 4541 obedire
1850 4484 2026 4540 debet

2127 3339 2292 3394 mino
2319 3354 2331 3391 :
2356 3359 2383 3382 κ
2417 3335 2523 3399 Qui
2558 3351 2660 3388 vos
2693 3332 2880 3393 audit,
2915 3348 3008 3386 me
3041 3331 3244 3387 audit:
3275 3338 3335 3387 et
3364 3333 3463 3404 qui
3494 3328 3791 3405 vos'sper—

2126 3427 2236 3494 nit,
2259 3443 2353 3480 me
2377 3422 2687 3494 spernit“.
2717 3444 2744 3471 ››
2769 3421 2907 3476 Ideo
2929 3421 3056 3476 huic
3079 3420 3241 3476 vobis
3265 3427 3324 3476 et
3345 3422 3625 3478 omnibus
3645 3422 3790 3478 fide-

2126 3513 2285 3569 libus
2317 3511 2654 3575 scribimus,
2690 3510 2922 3576 fratres,
2955 3514 3024 3563 ut
3054 3508 3127 3564 ab
3157 3509 3250 3564 bis
3283 3527 3383 3565 vos
3407 3509 3682 3578 caveatis,
3733 3515 3791 3564 et

2126 3601 2380 3674 posteris
2401 3598 2610 3653 vestris
2631 3614 2753 3652 non
2785 3597 3032 3663 malum,
3057 3595 3160 3651 sed
3183 3596 3409 3652 bonum
3441 3599 3786 3669 exemplum

2126 3688 2478 3760 relinquatis
2505 3706 2518 3754 ;
2543 3687 2826 3758 quoniam
2850 3686 3071 3756 injuria
3091 3685 3503 3756 episcoporum
3526 3685 3600 3740 ad
3623 3685 3785 3739 Chri-

2130 3785 2284 3835 stum
2307 3778 2586 3850 pertinet,
2610 3775 2784 3846 cujus
2804 3775 2928 3830 vice
2960 3773 3306 3846 funguntur.
3343 3773 3390 3810 ⁴⁸
3433 3772 3779 3829 Audivimus

2131 3867 2291 3924 enim
2315 3866 2605 3938 quosdom
2635 3881 2671 3920 a
2689 3864 2851 3920 vobis
2873 3863 3188 3919 infamatos
3211 3869 3270 3917 et
3290 3863 3640 3918 dilaceratos
3662 3861 3782 3933 epi-

2131 3973 2362 4028 scopos,
2396 3971 2465 4010 ac
2497 3972 2527 4010 e
2559 3954 2895 4010 civitatibus
2924 3953 3180 4026 propriis
3209 3951 3436 4024 pulsos,
3469 3952 3608 4022 quia
3637 3949 3784 4006 alibi

2131 4045 2393 4118 episcopi
2424 4044 2710 4100 constitui
2741 4059 2862 4098 non
2900 4045 3172 4114 possunt,
3205 4041 3323 4096 nisi
3357 4041 3419 4095 in
3451 4038 3786 4095 civitatibus

2131 4151 2251 4190 non
2281 4133 2550 4190 minimis
2576 4150 2588 4200 ;
2622 4139 2681 4188 et
2700 4132 2846 4188 alios
2878 4132 2940 4186 in
2964 4131 3070 4198 eis,
3094 4130 3241 4202 ipsis
3270 4129 3626 4195 viventibus,
3650 4145 3790 4185 con-

2133 4227 2392 4282 stitutos.
2423 4223 2562 4279 Ideo
2593 4225 2720 4280 haec
2749 4222 2913 4278 vobis
2944 4221 3282 4290 scribimus,
3329 4226 3395 4276 ut
3425 4221 3626 4277 sciatis
3669 4219 3785 4275 hoc

2133 4315 2263 4370 ﬁeri
2294 4330 2411 4369 non
2439 4313 2644 4380 licere,
2675 4312 2777 4367 sed
2806 4311 3079 4383 proprios
3111 4309 3393 4376 revocari,
3427 4315 3486 4364 et
3526 4309 3787 4381 integer-

2131 4406 2281 4460 rime
2314 4403 2545 4459 restitui
2578 4402 2814 4460 debere.
2848 4401 2982 4458 Illos
3011 4417 3148 4458 vero
3179 4401 3281 4473 qui
3314 4399 3656 4457 adulterina
3675 4399 3786 4455 fce-

2133 4493 2316 4550 ditate
2348 4507 2599 4563 sponsas
2621 4508 2781 4560 suas,
2806 4507 2954 4562 quas
2978 4495 3038 4546 et
3058 4506 3272 4546 uxores
3303 4489 3787 4562 eorum,praafixo

375 4580 500 4634 viro
518 4593 644 4643 suo,
671 4592 928 4647 eumque
956 4577 1196 4645 diligere
1219 4581 1278 4631 et
1297 4577 1608 4640 amare,ita
1627 4577 1825 4646 potius
1845 4575 2023 4630 etiam
2054 4581 2101 4647 Ι)
2130 4588 2354 4638 tenore.
2381 4597 2510 4637 esse
2533 4579 2942 4652 intelligimus,
2965 4583 3174 4635 tenent
3197 4597 3213 4649 ;
3236 4578 3372 4651 ejici
3396 4583 3459 4634 ut
3481 4578 3788 4634 adulteros

375 4667 638 4723 Ecclesia
669 4666 944 4737 episcopo
967 4682 1074 4720 suo
1106 4681 1166 4719 in
1188 4665 1463 4720 omnibus
1493 4664 2020 4736 obedire,eumque

372 4755 614 4828 diligere
633 4760 692 4810 et
712 4771 912 4810 amare
942 4761 1006 4809 ut
1028 4755 1292 4809 animam
1315 4770 1484 4810 suam
1507 4752 1848 4824 debet,quia
1868 4753 2019 4809 illud

377 4848 442 4901 tit
463 4843 967 4908 carnaliter,istud
991 4842 1399 4913 spiritualiter.
1433 4841 1478 4877 ⁴⁰
1501 4844 1571 4896 Et
1601 4843 1754 4898 sicut
1782 4844 1870 4898 vir
1899 4859 2018 4898 non

375 4934 551 4989 debet
580 4932 918 4988 adulterare
949 4947 1195 4986 uxorem
1227 4947 1422 4999 suam,
1457 4931 1539 4984 ita
1567 4947 1678 4985 nec
1705 4931 2020 5002 episcopus

377 5023 699 5080 Ecclesiam
730 5039 898 5077 suam
928 5046 942 5088 ;
975 5020 1034 5076 id
1059 5025 1146 5075 est
1168 5025 1233 5075 ut
1256 5019 1417 5074 illam
1441 5019 1722 5086 dimittat,
1738 5019 1813 5074 ad
1843 5035 2022 5089 quam

375 5119 642 5169 sacratus
665 5118 755 5168 est
771 5112 993 5181 absque
1019 5109 1342 5165 inevitabili
1368 5109 1744 5173 necessitate,
1771 5115 1872 5164 aut
1885 5124 2026 5180 apo-

374 5204 585 5260 stolica
615 5202 705 5258 vel
735 5201 986 5275 regulari
1022 5200 1371 5269 mutatione,
1397 5205 1454 5255 et
1483 5199 1653 5255 alteri
1687 5217 1745 5256 se
1769 5200 2030 5256 ambitus

2131 4677 2310 4742 atque
2342 4670 2595 4725 infames
2626 4669 2776 4737 fieri,
2811 4685 3031 4740 eosque
3053 4669 3126 4724 ab
3159 4667 3582 4724 ecclesiasticis
3601 4668 3789 4724 hono-

2125 4760 2291 4815 ribus
2321 4758 2508 4814 arceri
2537 4756 2838 4828 jubemus.
2873 4757 2930 4812 Si
2980 4761 3180 4813 autem
3233 4757 3516 4813 adversus
3545 4773 3645 4812 eos
3675 4755 3788 4812 ali-

2131 4864 2309 4921 quam
2339 4847 2646 4918 querelam
2668 4845 3020 4910 habueritis,
3048 4846 3142 4901 his
3164 4847 3442 4917 peractis,
3475 4844 3789 4916 inquiren-

2131 4936 2274 4992 dum
2309 4936 2441 5003 erit,
2465 4941 2522 4991 et
2543 4935 2894 4990 auctoritate
2927 4934 3106 5006 hujus
3140 4939 3358 4989 sanctas
3389 4931 3550 4988 sedis
3581 4933 3794 4988 termi-

2135 5023 2400 5081 nandum
2421 5022 2490 5089 ‘7,
2513 5025 2580 5078 Et
2601 5040 2677 5078 ne
2698 5024 2901 5079 omnia
2931 5039 3090 5078 nunc
3122 5021 3465 5094 singulatim
3497 5022 3794 5088 dicamus,

2137 5130 2313 5169 omne
2340 5113 2584 5180 bonum,
2620 5112 2668 5168 si
2695 5113 2826 5185 ipsa
2854 5128 2961 5184 per
2991 5129 3052 5168 se
3085 5113 3146 5167 in
3171 5111 3334 5167 vobis
3364 5111 3565 5181 fuerit,
3589 5111 3794 5167 chari-

2140 5210 2230 5259 tas
2278 5203 2471 5258 facere
2503 5201 2760 5268 docebit,
2793 5203 2945 5258 sicut
2979 5207 3037 5257 et
3085 5217 3115 5256 e
3143 5201 3442 5257 contrario
3493 5217 3595 5256 eos
3627 5200 3728 5271 qui
3759 5215 3797 5257 a

442 5334 488 5366 ³⁸
520 5333 680 5387 Coss.
716 5331 960 5387 fuerunt
990 5346 1148 5384 anno
1182 5327 1396 5384 Christi
1427 5330 1516 5393 96,
1553 5345 1667 5398 quo
1701 5329 1964 5385 nondum
1998 5328 2227 5386 obierat
2256 5330 2313 5386 S.
2345 5329 2638 5386 Clemens.
2715 5328 2762 5365 ³⁸
2793 5330 2848 5386 S.
2879 5329 3011 5384 Leo.
3047 5345 3116 5383 eo
3174 5329 3258 5383 18.
3339 5326 3386 5363 ³⁷
3416 5329 3539 5383 Act.
3594 5343 3667 5388 Iv.
3701 5329 3794 5386 32.
3865 5325 3869 5329 ’

374 5402 419 5438 ³³
452 5405 505 5457 S.
540 5405 708 5468 Greg.
741 5420 842 5459 xu.
903 5405 990 5456 32.
1067 5399 1116 5435 39
1148 5401 1205 5454 S.
1248 5400 1450 5454 Ambr.
1511 5401 1586 5454 De
1636 5400 1819 5468 dignit
1875 5403 2083 5457 sacerd.
2125 5419 2196 5457 1v.
2273 5401 2318 5437 ⁴⁰
2348 5406 2401 5466 7,

375 5475 422 5508 η
455 5476 635 5530 Matth
689 5492 740 5544 v,
773 5477 862 5536 28,
941 5475 1070 5540 υτ,

2436 5417 2494 5472 q.
2549 5402 2802 5457 1:Sicut
2857 5400 2946 5455 vir
2984 5416 3127 5472 inani.
3206 5399 3251 5434 “
3298 5399 3317 5472 l
3379 5399 3490 5454 Cor
3573 5416 3663 5454 vn.
3703 5403 3794 5472 11.

1107 5489 1162 5542 q.
1201 5476 1275 5544 in:
1309 5473 1465 5526 Sicut
1495 5471 1583 5526 vir
1609 5473 1636 5539 §
1668 5471 1999 5544 Episc0pum
2045 5490 2192 5529 vero.
2224 5475 2291 5527 Et
2322 5473 2382 5528 in
2440 5471 2611 5544 epist.
2649 5477 2669 5526 1
2709 5471 3027 5528 Clementis
3059 5471 3130 5526 ad
3157 5471 3482 5544 Jacobum:
3513 5472 3570 5544 ἤιέ
3585 5471 3791 5532 Matth.

381 5562 488 5608 xvi,
527 5550 610 5602 19.
688 5541 737 5579 ⁴⁵
767 5548 901 5600 Luc.
939 5561 996 5604 x,
1033 5541 1140 5616 716:
1217 5541 1264 5576 ⁴⁶
1295 5544 1346 5610 3,
1380 5560 1437 5616 q.
1471 5545 1541 5608 2;
1573 5541 1900 5616 Audiuimus
1929 5545 2191 5615 quosdam
2218 5563 2238 5609 ;
2269 5545 2404 5599 etin
2437 5541 2528 5616 ep.
2564 5547 2588 5598 1
2621 5544 2942 5616 Clementis
2964 5545 3058 5616 At!
3080 5543 3384 5616 Iacobum,
3415 5543 3483 5616 _"’
3514 5543 3790 5601 Clemens

383 5619 555 5688 epist.
591 5620 639 5680 1,
675 5635 746 5670 ex
776 5615 995 5670 Rufﬁni
1027 5613 1537 5685 interpretatiOne,
1574 5613 1676 5686 qui
1705 5621 1838 5685 post
1871 5613 2167 5674 trecentos
2199 5630 2385 5672 annos
2417 5613 2492 5671 ab
2519 5617 2764 5672 Evaristi
2813 5614 3099 5672 electione
3128 5614 3290 5670 vixit.
3325 5614 3466 5670 Vide
3501 5616 3653 5670 Patr.
3687 5617 3786 5674 Gr.

381 5693 423 5750 ι.
456 5691 500 5747 1.
538 5692 689 5746 Eum.
