4114 6148
332 277 492 339 10359

1646 278 2114 340 ALEXANDRI
2158 276 2183 337 Ῐ
2228 277 2486 340 ΡΑΡΛΕ-

3601 278 3762 339 1060

337 419 430 470 est
459 429 620 480 cura,
656 415 702 469 si
738 413 1130 469 dissimulem.
1165 412 1404 468 audiam
1438 411 1687 468 Domino
1710 411 1983 468 dicente:
2022 414 2072 483 Α
2104 411 2524 479 Vastabuntur,
2561 412 2700 484 quia
2728 412 3094 483 praevaricati
3128 416 3269 468 sunt
3299 411 3360 467 in
3392 428 3526 479 me;
3561 416 3621 468 et
3650 427 3762 486 ego

348 522 370 550 ι
404 502 710 574 Rejecistis
738 501 1084 557 mandatum
1111 501 1232 562 Dei,
1263 507 1330 555 ut
1352 501 1620 555 statuatis
1645 501 1991 556 traditiones

342 599 538 647 vestra
560 590 626 646 9°.
652 615 676 638 η
702 592 852 656 Quid
876 592 1032 646 enim
1063 591 1223 646 aliud
1248 597 1337 644 est
1364 590 1610 661 rejicere
1645 591 1991 645 mandatum

345 683 468 748 Dei,
494 699 668 752 quam
696 683 919 754 privato
961 681 1206 736 consilio
1228 679 1458 752 judicio
1507 681 1790 751 humano,
1826 683 1992 736 novis

339 774 518 828 rebus
531 773 963 829 constituendis
989 773 1232 827 liberius
1259 772 1570 827 delectari?
1585 773 1745 828 Unde
1779 772 1990 827 etalibi

340 864 626 934 scriptum
649 868 758 918 est:
779 885 805 911 «
823 865 900 917 Ne
917 863 1369 934 transgrediaris
1390 863 1674 916 terminos
1689 862 1988 932 antiquos,

339 970 487 1024 quos
521 957 844 1023 posuerunt
875 957 1071 1024 patres
1106 951 1187 1005 tui
1222 953 1286 1006 θ’.
1324 974 1350 999 υ
1411 952 1718 1007 Terminos
1751 951 1989 1006 indubi-

341 1049 539 1098 tanter
569 1041 1022 1113 transgreditur,
1043 1041 1142 1112 qui
1167 1046 1385 1095 statuta
1423 1046 1658 1112 patrum
1691 1040 1993 1113 postponit

344 1137 524 1202 atque
557 1129 885 1185 confundit.
919 1130 1191 1184 Pervenit
1212 1130 1257 1165 π
1289 1146 1547 1201 namque
1581 1130 1653 1184 ad
1682 1129 1992 1184 conscien-

345 1221 488 1275 tiam
542 1220 876 1290 apostolicaa
935 1219 1114 1284 sedis,
1149 1220 1305 1290 quod
1362 1219 1639 1274 nonnulli
1673 1225 1812 1274 sunt
1870 1226 1989 1273 tam

345 1309 568 1372 stolidi,
603 1309 703 1380 qni
755 1309 1062 1364 Dominica
1119 1315 1432 1380 praecepta.
1469 1315 1526 1363 et
1563 1310 1986 1379 apostolorum,

342 1414 669 1468 eorumque
703 1413 1113 1452 successorum
1146 1402 1364 1452 statuta
1387 1397 1630 1453 minime
1651 1397 1986 1466 observant,

339 1495 398 1544 et
429 1505 530 1543 eos
562 1488 633 1541 de
663 1487 881 1556 quibus
937 1487 1220 1542 Dominus
1271 1488 1390 1542 ait:
1453 1511 1478 1536 α
1506 1487 1612 1552 Qui
1647 1504 1747 1542 vos
1780 1489 1985 1559 tangit,

336 1578 526 1650 tangit
556 1575 843 1648 pupillam
877 1577 1032 1630 oculi
1066 1577 1181 1631 mei
1204 1577 1285 1643 9’;
1314 1598 1341 1626 »
1376 1594 1496 1630 non
1524 1576 1716 1630 solum
1749 1582 1987 1649 tangere

338 1668 587 1722 minime
602 1664 869 1718 dubitant
883 1665 1004 1730 ,sed
1020 1665 1194 1719 etiam
1211 1665 1483 1735 persequi
1501 1682 1620 1719 non
1642 1665 1985 1724 formidant.

335 1758 407 1811 Et
431 1756 569 1811 licet
600 1773 708 1810 nos
767 1760 1177 1825 persequatur,
1213 1754 1353 1824 quia
1391 1770 1500 1808 nec
1544 1771 1652 1809 nos
1684 1756 1810 1810 sine
1843 1755 1982 1822 illis,
2019 1793 2062 1856 Β

339 1861 451 1899 nec
484 1845 614 1899 illos
647 1845 773 1898 sine
829 1843 1001 1898 nobis
1060 1843 1334 1913 persequi
1377 1849 1644 1913 possunt,
1700 1845 1982 1914 quoniam

336 1934 496 1990 illius
527 1951 732 1988 sumus
789 1933 1083 2003 discipuli,
1116 1932 1217 2003 qui
1279 1933 1509 1987 animas
1541 1950 1646 2003 pro
1703 1934 1984 1988 fratribus

336 2024 620 2095 praecepit
637 2039 854 2094 ponere
870 2021 1143 2088 °‘;tamen
1168 2021 1251 2075 eis
1274 2021 1538 2092 pericula
1552 2022 1985 2093 etperditiones

336 2129 542 2166 eorum
577 2128 695 2166 non
711 2129 914 2165 sumus
928 2110 1085 2164 aussi
1101 2110 1316 2177 celare,
1338 2127 1411 2165 ne
1432 2111 1778 2182 prophetica
1803 2111 1984 2182 (quod

332 2201 507 2273 absit)
543 2201 899 2255 damnemur
931 2199 1247 2266 sententia,
1284 2216 1414 2271 quae
1446 2201 1560 2254 ait:
1601 2219 1631 2252 α
1667 2201 1720 2256 Si
1753 2218 1984 2256 annun-

333 2291 570 2346 tiaveris
603 2290 806 2360 iniquo
866 2290 1242 2358 iniquitatem
1301 2306 1492 2357 suam,
1527 2291 1787 2346 animam
1821 2295 1982 2347 tuam

336 2380 620 2434 liberasti:
650 2379 696 2434 si
721 2383 919 2434 autem
947 2395 1066 2432 non
1081 2379 1982 2453 annuntiaverisei,sanguinem

337 2469 466 2540 ejus
499 2467 570 2523 de
604 2484 784 2522 manu
817 2473 915 2521 tua
946 2467 1246 2538 requiram
1265 2469 1324 2522 ³⁸.
1355 2469 1443 2517 »³⁵
1469 2471 1568 2522 Est
1597 2470 1773 2524 etiam
1794 2475 1852 2524 et
1874 2470 1983 2524 hoc

336 2557 410 2612 ad
443 2557 593 2611 lianc
629 2561 893 2610 sanctam
926 2555 1126 2610 sedem
1162 2555 1450 2626 perlatum
1486 2557 1662 2628 (quod
1685 2558 1865 2628 pudet
1895 2558 1981 2611 di-

335 2663 491 2711 cere,
527 2650 733 2700 etnon
764 2645 957 2700 solum
1015 2645 1388 2711 sacerdotali,
1422 2647 1523 2700 sed
1582 2647 1760 2701 etiam
1817 2646 1982 2701 omni

337 2735 670 2790 Christiano
705 2734 931 2788 nomini
967 2741 1056 2788 est
1086 2734 1442 2805 inimicum),
1465 2734 1521 2788 id
1545 2736 1808 2806 estquod
1841 2753 1987 2790 non-

335 2823 535 2879 nullos
556 2822 601 2857 97
635 2824 943 2895 episcopo’s
975 2823 1065 2878 vel
1097 2824 1454 2886 sacerdotes,
1489 2832 1588 2879 aut
1621 2832 1782 2880 metu
1813 2843 2062 2883 com---.

335 2915 588 2986 pellunt.
621 2918 722 2968 aut
765 2913 815 2965 vi
844 2920 1219 2983 extorquent,
1265 2921 1366 2969 aut
1396 2914 1600 2970 fraude
1661 2915 1981 2986 decipiunt,

336 3004 566 3074 aliquas
597 3003 986 3058 confessionis
1015 3020 1136 3058 sum
1170 3005 1230 3058 in
1262 3005 1510 3059 alteram
1547 3012 1774 3076 partem
1806 3021 1982 3075 quam

336 3093 612 3159 debeant,
645 3096 748 3146 aut
779 3109 882 3162 pro
901 3109 1140 3146 suarum
1164 3109 1282 3148 non
1304 3094 1692 3163 requisitione
1716 3094 1981 3162 rerum“,

2100 503 2328 557 redemi
2365 519 2465 558 eos
2483 507 2561 568 ,et
2583 503 2690 574 ipsi
2712 502 2891 557 locuti
2917 508 3055 557 sunt
3080 509 3288 558 contra
3307 519 3400 558 me
3424 503 3759 559 mendacia.

2101 595 2171 648 Et
2189 609 2309 646 non
2333 591 2735 647 clamaverunt
2767 591 2841 646 ad
2864 608 2956 646 me
2988 593 3048 647 in
3072 592 3247 647 corde
3280 608 3410 658 suo,
3439 592 3542 646 sed
3566 592 3760 649 ulula-

2102 682 2243 736 bant
2272 682 2332 735 in
2364 681 2664 736 cubilibus
2699 683 2840 738 suis.
2903 683 3091 754 Super
3148 681 3411 736 triticum
3462 686 3521 736 et
3549 681 3753 738 vinum

2100 771 2503 835 ruminabant,
2540 775 2599 825 et
2626 777 3005 827 recesserunt
3062 788 3094 826 a
3125 788 3238 827 me.
3265 773 3334 824 Et
3364 787 3469 842 ego
3504 771 3753 838 erudivi,

2101 867 2160 916 et
2189 861 2511 916 confortavi
2545 861 2787 916 brachia
2817 878 3044 929 eorum,
3070 867 3128 915 et
3157 861 3330 915 inme
3351 861 3760 931 cogitaverunt

2100 951 2652 1006 malitian1.Reversi
2679 956 2907 1016 sunt,ut
2933 956 3134 1006 essent
3164 951 3388 1021 absque
3411 951 3576 1022 jugo,
3611 951 3754 1006 facti

2099 1047 2236 1095 sunt
2267 1040 2432 1111 quasi
2466 1057 2636 1096 arcus
2661 1040 2903 1094 dolosus
2921 1040 2962 1093 σ.
2999 1040 3252 1112 Abjiciet
3283 1057 3384 1094 eos
3440 1041 3747 1106 Dominus,

2099 1129 2180 1186 ait
2209 1129 2367 1184 idem
2399 1129 2704 1200 propheta.
2761 1129 2901 1199 quia
2959 1146 3080 1184 non
3132 1129 3451 1184 audierunt
3500 1146 3658 1198 eum,
3694 1133 3752 1185 et

2099 1224 2276 1274 erunt
2303 1219 2426 1291 vagi
2459 1219 2520 1273 in
2546 1218 2888 1274 nationibus
2909 1220 2948 1275 ⁷.
2982 1239 3005 1269 υ

2173 1398 2241 1452 Dc
2272 1397 2340 1452 iis
2370 1400 2468 1468 qui
2492 1400 2795 1454 sacerdotes
2826 1403 3106 1464 accusant,
3140 1398 3224 1453 vel
3243 1406 3674 1468 persequuntur.

2167 1490 2247 1542 De
2281 1487 2372 1541 his
2406 1487 2586 1554 enim,
2619 1488 2851 1544 clericis
2882 1494 2940 1542 et
2972 1488 3158 1555 laicis,
3184 1488 3284 1558 qui
3317 1488 3626 1559 episcopos
3656 1489 3750 1543 vel

2095 1576 2360 1647 reliquos
2392 1577 2750 1644 sacerdotes,
2774 1582 2894 1632 tam
2925 1577 2999 1632 ad
3024 1577 3306 1648 primates
3331 1593 3536 1632 eorum
3567 1595 3746 1648 quam

2096 1665 2169 1720 ad
2205 1666 2464 1736 reliquos
2495 1665 3046 1737 accusantjudices,
3082 1667 3244 1738 prius
3291 1684 3467 1738 quam
3499 1667 3746 1722 auribus

2096 1771 2324 1818 eorum,
2359 1771 2392 1809 a
2423 1755 2637 1825 quibus
2665 1771 2725 1809 se
2759 1755 2929 1809 laesos
2959 1755 3276 1824 aestimant,
3324 1755 3640 1810 inculcent.
3677 1760 3745 1810 ut

2094 1842 2167 1897 ab
2201 1843 2284 1897 eis
2312 1848 2413 1897 aut
2436 1843 2537 1914 jus
2569 1859 2763 1906 suum,
2797 1849 2898 1897 aut
2937 1844 3162 1914 justam
3225 1845 3508 1916 recipiam
3551 1845 3750 1916 apolo-

2094 1934 2272 2006 giam,
2305 1935 2445 1988 item
2478 1951 2584 2005 per
2602 1935 2876 1989 eumdem
2908 1935 2989 1989 ait
3020 1935 3304 1989 Dominus
3345 1937 3696 2007 prophetam
3732 1953 3746 1991 :

2099 2043 2123 2074 α
2156 2023 2326 2087 Audi,
2353 2023 2562 2077 domus
2593 2023 2792 2077 Israel.
2824 2029 2881 2077 et
2907 2023 3116 2078 domus
3157 2025 3334 2097 regis,
3367 2025 3653 2093 ausculta,
3688 2030 3747 2079 et

2096 2112 2403 2176 attendite,
2432 2112 2788 2180 sacerdotes,
2813 2113 2952 2183 quia
2967 2113 3462 2183 vobis,judicium
3487 2120 3746 2184 est,quo-

2095 2201 2256 2254 niam
2290 2199 2538 2269 laqueus
2568 2199 2702 2254 facti
2739 2201 2878 2253 estis
2911 2201 3327 2271 speculationi,
3391 2207 3448 2255 et
3486 2208 3608 2256 rete
3641 2219 3742 2257 ex-

2095 2306 2347 2361 pansum
2381 2305 2560 2359 super
2590 2289 2843 2352 Thabor,
2877 2289 3265 2361 victimasque
3294 2290 3636 2346 declinastis
3678 2292 3737 2345 in

2093 2377 2453 2449 profundum
2481 2394 2494 2430 :
2529 2383 2587 2432 et
2617 2393 2719 2449 ego
2753 2378 3018 2434 eruditor
3050 2380 3319 2434 omnium
3351 2387 3609 2435 vestrum
3639 2381 3680 2436 ⁸.
3707 2402 3733 2430 η

2093 2468 2161 2520 Et
2186 2466 2362 2520 alibi:
2397 2488 2423 2514 «
2459 2467 2674 2520 Omnes
2706 2466 2972 2521 calefacti
3025 2469 3166 2523 estis
3215 2469 3384 2540 quasi
3443 2470 3736 2524 clibanus.

2093 2555 2232 2626 quia
2263 2555 2558 2610 devoratis
2581 2556 2816 2626 judices
2848 2562 3071 2611 vestros
3090 2559 3130 2621 θ,
3173 2558 3286 2629 ipsi
3319 2565 3514 2615 autem
3557 2561 3740 2615 decli-

2093 2651 2241 2700 nant
2267 2644 2537 2699 victimas
2571 2646 2801 2700 Domini
2863 2647 2924 2700 in
2958 2646 3316 2717 profundum
3356 2648 3418 2714 ιο,
3451 2671 3478 2699 ››
3510 2651 3610 2720 qui
3644 2667 3744 2705 eos

2093 2735 2378 2789 devorant
2407 2734 2494 2788 vel
2530 2734 2750 2805 injuste
2783 2735 3049 2791 lacerant
3079 2738 3178 2807 qui
3213 2739 3364 2793 oculi
3401 2740 3628 2793 Domini
3663 2741 3746 2794 di-

2093 2825 2474 2879 cuntur.Nam
2506 2822 2553 2876 si
2585 2823 2757 2878 modo
2790 2825 3103 2894 quisquam
3138 2828 3421 2898 principis
3442 2828 3742 2883 szecularis

2093 2913 2298 2968 oculos
2328 2912 2548 2966 laceret
2578 2918 2680 2967 aut
2709 2919 3030 2978 amoveret,
3083 2923 3240 2969 esset
3295 2932 3429 2969 reus
3469 2916 3736 2970 criminis

2092 3002 2445 3072 majestatis,
2470 3017 2543 3055 an
2568 3002 2726 3055 non?
2747 3003 3015 3056 Profecto
3046 3007 3148 3054 aut
3177 3003 3346 3055 morti
3382 3001 3731 3067 traderetur,

2094 3097 2197 3146 aut
2218 3098 2504 3161 perpetua
2535 3095 2843 3144 notasetur
2873 3089 3134 3143 infamia.
3170 3089 3224 3141 Si
3271 3105 3374 3158 pro
3399 3089 3592 3142 saeculi
3629 3107 3737 3159 po-

333 3187 453 3239 aut.
488 3152 644 3252 quod
697 3152 957 3235 deterius
1017 3187 1126 3243 est,
1177 3199 1283 3252 pro
1335 3152 1511 3237 alieni
1573 3184 1792 3238 erroris
1824 3152 1983 3238 secta
2013 3152 2054 3217 Ο
2096 3152 2412 3236 testatibus
2444 3181 2582 3235 talia
2614 3179 2685 3234 ab
2731 3177 3070 3232 hominibus
3102 3152 3289 3245 fiunt;
3309 3177 3448 3248 quid
3506 3195 3612 3249 pro
3630 3152 3741 3234 his

334 3273 657 3341 scripturas
688 3269 902 3337 facere,
935 3276 991 3324 et
1048 3271 1303 3342 propriis
1361 3271 1630 3326 manibus
1679 3272 1981 3341 roborare,

333 3368 393 3419 et
421 3379 621 3418 coram
647 3363 882 3434 populis
928 3363 1178 3418 recitare
1209 3371 1385 3434 atque
1414 3364 1704 3420 confiteri.
1740 3364 1982 3435 Aliquos

328 3450 534 3505 dicunt
571 3449 906 3506 carceribus
939 3456 995 3505 et
1027 3451 1338 3522 ergastulis
1369 3451 1616 3514 recludi,
1649 3457 1714 3505 ut
1770 3452 1980 3508 saltem

329 3539 423 3595 his
456 3538 641 3594 territi
675 3538 924 3606 insidiis,
960 3539 1196 3594 devient
1243 3540 1475 3594 Domini
1534 3540 1891 3608 sacerdotes,
1925 3549 1983 3598 et

328 3629 452 3684 suis
473 3629 707 3683 faveant
738 3628 1214 3684 voluntatibus”.
1253 3629 1559 3685 ‘Belatum
1608 3631 1854 3702 insuper
1893 3639 1981 3689 est

328 3718 401 3774 ad
434 3719 612 3789 hujus
662 3724 880 3773 sanctae
913 3723 973 3772 et
1000 3719 1338 3790 apostolicae
1371 3718 1529 3774 sedis
1578 3721 1826 3791 apicem,
1885 3723 1975 3776 cui

331 3824 702 3864 summarum
737 3807 1159 3878 dispositiones
1211 3825 1544 3875 causarum,
1597 3817 1655 3864 et
1711 3810 1973 3864 omnium

329 3897 567 3968 negotia
596 3896 993 3952 Ecclesiarum
1027 3897 1099 3952 ab
1131 3897 1257 3969 ipso
1290 3899 1537 3953 Domino
1573 3897 1786 3953 tradita
1815 3902 1971 3965 sunt,

330 3986 500 4056 quasi
531 3985 607 4041 ad
639 3991 830 4056 capat.
864 3985 991 4056 ipso
1021 3985 1256 4040 dicente
1286 3987 1540 4058 principi
1572 3986 1972 4058 apostolorum

323 4075 519 4130 Petro:
546 4099 570 4122 ιι
593 4075 674 4129 Tu
711 4091 770 4129 es
802 4075 1095 4132 Petrus.et
1125 4091 1304 4146 super
1332 4077 1484 4131 hanc
1516 4082 1741 4148 petram
1775 4075 1974 4130 Eccle-

324 4165 473 4218 siam
523 4181 717 4219 meam
765 4163 1148 4218 tediticabo’:
1180 4187 1206 4212 ››
1267 4165 1425 4236 quod
1474 4165 1715 4237 quidam
1773 4165 1973 4222 aemuli

327 4253 564 4321 Christi,
600 4253 849 4324 ejusque
882 4258 1100 4309 sancta:
1133 4253 1405 4309 Ecclesiae
1439 4255 1840 4322 insidiatores,
1878 4273 1971 4311 sa-

323 4341 594 4396 cerdotes
635 4341 736 4395 Dei
771 4341 843 4395 ad
867 4341 1104 4412 judices
1135 4343 1403 4413 publicos
1441 4360 1719 4399 accusare
1751 4362 1972 4416 praesu-

322 4434 653 4496 mant,cum
685 4430 870 4502 magis
893 4431 1203 4502 Apostolus
1221 4432 1688 4488 Christianorum
1725 4450 1932 4488 causas
1952 4433 1974 4467 ³

2096 3272 2222 3326 fieri
2257 3272 2500 3343 putatis,
2535 3269 2603 3323 de
2655 3268 2870 3338 quibus
2901 3266 3183 3322 Dominus
3243 3269 3325 3323 ait
3357 3285 3368 3322 :
3434 3292 3461 3318 «
3494 3269 3599 3334 Qui
3642 3288 3742 3326 vos

2095 3361 2490 3432 tangit.tangit
2521 3357 2807 3428 pupillam
2829 3355 2981 3410 oculi
3003 3355 3234 3412 mei“?»
3262 3358 3304 3392 ¹²
3325 3361 3536 3416 Procul
3562 3360 3742 3416 dubio

2092 3451 2150 3504 hi
2183 3450 2279 3519 qui
2317 3464 2415 3501 eos
2444 3450 2902 3516 persequuntur,
2938 3450 2992 3499 et
3035 3462 3308 3504 amovere
3341 3451 3614 3505 nituntur
3644 3452 3738 3506 in-

2084 3539 2242 3609 juste
2265 3541 2470 3590 contra
2499 3533 2880 3604 apostolicam
2917 3536 3311 3605 actoritatem,
3347 3540 3452 3593 etsi
3485 3557 3517 3594 a
3548 3547 3738 3595 morte

2089 3624 2455 3698 proibentur,
2527 3621 2760 3676 dicente
2830 3624 3139 3678 Domino:
3205 3628 3407 3682 «Nolo
3483 3635 3734 3683 mortem

2086 3715 2435 3787 peccatoris,
2460 3713 2560 3768 sed
2586 3717 2648 3767 ut
2669 3721 3044 3770 convertatur
3065 3722 3123 3770 et
3143 3717 3298 3773 vivat
3325 3717 3423 3784 13;»
3449 3726 3736 3790 perpetua

2083 3810 2282 3858 tamen
2315 3808 2601 3858 notantur
2631 3803 2964 3871 1nfamia,et
2987 3805 3194 3860 exsilio
3214 3807 3734 3880 dignijudicantur

2084 3891 2359 3946 finitimo.
2396 3893 2473 3946 De
2507 3891 2743 3962 quibus,
2777 3909 2810 3946 ξι
2842 3893 3208 3964 temporibus
3243 3897 3732 3966 apostolorum,et

2085 3980 2257 4048 infra,
2292 3981 2404 4036 ista
2436 3986 2728 4049 tenemus,
2753 3987 2928 4052 atque
2953 3982 3190 4038 decreta
3213 3983 3499 4040 habemus
3519 3985 3734 4056 quibus

2086 4087 2290 4125 eorum
2305 4069 2620 4126 accusandi
2643 4071 2732 4140 epi
2744 4071 3069 4142 scopos,vel
3084 4073 3439 4128 testificandi
3455 4075 3514 4128 in
3533 4090 3631 4129 eos
3644 4092 3736 4129 vo-

2085 4180 2213 4219 cem
2238 4163 2778 4232 obstruimus,quos
2797 4180 2914 4218 non
2933 4164 3343 4233 humanis,sed
3367 4166 3580 4222 divinis
3597 4169 3738 4223 acti-

2083 4255 2195 4311 bus
2217 4261 2482 4310 mortuos
2500 4269 2629 4308 esse
2651 4255 2977 4310 scimus.De
3000 4255 3214 4325 quibus
3239 4257 3522 4314 Dominus
3551 4259 3737 4330 loqui-

2090 4351 2190 4398 tur
2218 4360 2323 4414 per
2345 4343 2618 4398 eumdem
2641 4345 2992 4416 pr0pbetam
3017 4363 3030 4400 :
3058 4368 3084 4396 ‹‹
3105 4345 3475 4402 Calumniam
3500 4349 3733 4419 patiens

2085 4433 2386 4504 Ephraim,
2420 4431 2642 4487 fractus
2672 4439 2761 4488 est
2785 4433 3032 4504 judicio,
3068 4436 3340 4506 quoniam
3367 4438 3542 4508 ccepit
3571 4438 3738 4493 abire

323 4519 398 4576 ad
425 4517 716 4572 Ecclesias
743 4517 1046 4581 deferri,et
1069 4519 1287 4574 ibidem
1309 4521 1614 4576 terminari
1631 4520 1976 4592 prezcipiat‘.
2010 4525 2056 4589 D
2088 4526 2222 4593 post
2249 4520 2505 4575 sordem.
2530 4522 2596 4574 Et
2629 4537 2732 4592 ego
2766 4524 2932 4593 quasi
2958 4523 3119 4578 tinea
3141 4525 3438 4594 Ephraim.
3479 4533 3537 4581 et
3566 4527 3738 4598 quasi

325 4605 546 4664 Taliter
595 4606 1029 4676 prievaricates;
1082 4609 1447 4679 praevaricati
1507 4615 1644 4663 sunt
1675 4609 1734 4663 in
1794 4610 1978 4663 Deum

329 4711 527 4762 suum,
570 4699 627 4748 et
656 4711 776 4750 non
807 4695 1091 4750 obediunt
1120 4699 1430 4770 praeceptis
1473 4699 1619 4771 ejus.
1659 4699 1734 4752 De
1765 4698 1979 4768 quibus

324 4785 615 4842 Dominus
647 4800 751 4856 per
798 4785 1146 4856 prophetam
1192 4787 1337 4841 Osee
1385 4787 1670 4858 loquitur,
1732 4787 1974 4843 dicens:

327 4898 354 4925 ‹‹
393 4874 570 4940 Quasi
606 4891 793 4930 vacca)
823 4874 1193 4930 lascivientes
1242 4876 1707 4944 declinaverunt,
1742 4883 1800 4931 et
1831 4875 1972 4931 dile-

330 4970 548 5022 xerunt
588 4966 800 5021 aﬂ'erre
833 4964 1220 5038 ignominiam
1262 4966 1695 5037 protectoribus
1728 4967 1850 5021 suis
1871 4967 1911 5021 ⁸.
1947 4986 1974 5014 »

329 5057 398 5111 Et
421 5056 614 5112 idem:
653 5080 671 5103 ι
710 5057 806 5111 Vae
837 5056 944 5123 eis,
1007 5059 1291 5126 quoniam
1351 5061 1728 5113 recesserunt
1770 5073 1804 5112 a
1860 5072 1973 5112 me.

392 5306 440 5340 ⁹⁰
471 5308 644 5364 Marc.
680 5325 771 5368 vn,
805 5311 857 5362 9.

326 5393 404 5442 In,
441 5382 521 5434 18.

962 5307 1002 5342 ⁹¹
1041 5313 1200 5363 Prov.
1234 5324 1371 5372 xm,
1403 5307 1493 5362 28.

326 5449 345 5519 ξ
381 5452 465 5519 11,
501 5456 707 5518 quaest.
744 5468 758 5503 ι
787 5468 798 5504 :
832 5449 1081 5506 Relatum
1113 5459 1210 5506 est.
1277 5449 1287 5450 ί
1315 5451 1336 5485 ²
1368 5449 1566 5506 Matth.
1597 5469 1706 5519 xVI,
1750 5452 1833 5506 18.

325 5516 348 5550 ⁶
378 5516 636 5586 Ose.—vn,
674 5524 851 5576 10-16.
956 5524 975 5558 ⁷
1009 5523 1137 5578 Gse.
1196 5539 1268 5590 ix,
1306 5526 1392 5580 17.
1491 5524 1512 5557 ⁸
1542 5516 1701 5579 Οεθ.’
1733 5539 1786 5590 v,
1824 5527 1872 5588 1,
1905 5527 1959 5580 2.

328 5593 537 5660 quiest.
571 5592 642 5644 ιε
676 5593 749 5647 Ηὶ
778 5595 900 5663 quis
931 5595 1202 5667 epicopos.
1312 5594 1356 5630 ¹⁴
1388 5595 1594 5653 Ezech.
1629 5611 1782 5668 xvni,
1813 5596 1903 5653 23.

1597 5309 1644 5343 "
1675 5307 1975 5364 Perlatum
2010 5313 2117 5364 est.

626 5378 674 5411 9"
710 5383 791 5445 15,
855 5385 1063 5450 quast.
1125 5382 1156 5434 6
1189 5394 1202 5434 :
1263 5381 1715 5506 quandoquidem
1743 5397 1777 5434 a
1807 5379 2197 5436 sacerdotibus.
2297 5378 2341 5414 '7
2371 5379 2627 5435 nonnulli

626 5456 707 5505 πει.
744 5468 758 5503 ι
787 5468 798 5504 :
832 5453 1081 5506 Relatum
1113 5459 1210 5506 est.
1315 5451 1336 5485 ²
1368 5453 1507 5506 Matt
1555 5493 1566 5504 .
1597 5469 1706 5506 xw.
1750 5452 1833 5506 18.
1937 5451 1959 5485 3
1991 5451 2202 5506 concil.
2257 5451 2450 5506 Carth.
2483 5469 2565 5506 ιιι.
2598 5454 2629 5506 9

1991 5467 2202 5507 concu.
2257 5467 2450 5506 uaria.
2483 5469 2565 5519 ιιι,
2598 5467 2649 5506 ν.

2061 5522 2085 5556 ⁹
2114 5523 2245 5578 Ose.
2306 5539 2401 5591 vn,
2429 5526 2480 5577 '7.
2587 5522 2630 5557 ¹⁰

1985 5594 2029 5632 ¹⁴
2055 5593 2189 5652 Ose.
2218 5609 2254 5646 v
2280 5597 2366 5650 11.

2089 4608 2340 4682 putredo
2372 4608 2573 4662 domui
2605 4609 2770 4665 Juda.
2806 4613 2874 4665 Et
2903 4612 3046 4666 vidit
3077 4613 3353 4684 Ephraim
3387 4615 3736 4688 languorem

2089 4713 2284 4764 suum,
2318 4703 2377 4751 et
2405 4697 2582 4752 ludas
2611 4698 2908 4755 vinculum
2941 4717 3135 4755 suum.
3169 4702 3239 4756 Et
3267 4702 3412 4758 abiit
3455 4705 3734 4776 Ephraim

2088 4787 2162 4842 ad
2194 4790 2395 4850 Assur,
2433 4793 2490 4841 et
2528 4788 2689 4842 misit
2719 4789 2790 4843 ad
2822 4807 3018 4862 regem
3051 4791 3339 4860 ultorem;
3376 4798 3434 4848 et
3455 4795 3578 4866 ipse
3611 4813 3733 4852 non

2086 4876 2300 4948 poterit
2334 4893 2544 4931 sanare
2577 4893 2812 4942 vos,nec
2849 4879 3072 4934 solvere
3102 4881 3318 4951 poterit
3349 4899 3382 4937 a
3412 4884 3574 4939 vobis
3604 4887 3734 4940 vin-

2087 4965 2288 5022 culum
2319 4964 2420 5019 ¹⁴.››
2453 4965 2559 5031 Qui
2592 4967 2751 5021 enim
2781 4968 3070 5042 sacrilega
3127 4979 3571 5042 persequuntur
3601 4992 3738 5046 pero

2087 5055 2364 5111 suasione
2397 5061 2454 5110 et
2483 5054 2676 5111 lacere
2709 5057 2983 5113 nituntur
3014 5058 3344 5132 episcopos,
3378 5063 3468 5116 vel
3499 5080 3600 5118 eos
3631 5064 3734 5135 qui

2221 5308 2264 5342 ³³
2293 5307 2462 5364 Zach.
2525 5325 2582 5376 ιι,
2615 5309 2667 5362 8.

2297 5377 2341 5414 ⁸⁷
2371 5379 2646 5435 nonnulli.

2772 5308 2816 5344 ⁸⁸
2850 5310 2868 5364 Ι
2915 5311 3082 5379 Joan,
3145 5328 3226 5374 ιιι,
3257 5315 3340 5366 16.
3445 5312 3494 5347 9⁵
3524 5315 3731 5370 Ezech.

2751 5380 3134 5456 ‘l'Aca‘usarum.
3238 5384 3282 5418 θ’
3328 5385 3730 5456 voluptatibus.

2757 5453 2829 5506 ‘I
2865 5453 2995 5508 Cor.
3056 5471 3126 5522 v1,
3160 5457 3212 5508 6.
3315 5457 3335 5490 ⁸
3367 5453 3496 5512 Ose.
3534 5474 3606 5522 ιν,
3644 5459 3733 5515 16.

2587 5522 2630 5557 ¹⁰
2659 5523 2789 5580 Ose.
2850 5541 2904 5596 v,
2936 5528 2986 5580 2.
3086 5520 3129 5562 η
3161 5525 3332 5584 Zacb.
3375 5544 3413 5583 ιι
3445 5529 3498 5583 8.
3595 5520 3648 5564 ἠ
3679 5533 3734 5602 3,
