4114 6148
333 322 358 381 1
370 321 489 381 000

1836 315 2242 381 EPISTOLIE

3593 318 3748 378 1070

334 456 635 528 patienter
664 453 843 508 fuerit
873 456 1235 531 supportata.
1274 453 1436 509 Unde
1467 452 1594 524 ipsa
1623 452 1850 507 Veritas
1880 468 1987 521 per
2015 470 2063 533 Α
2098 454 2297 503 autem
2322 465 2391 503 ex
2412 452 2603 501 vestro
2624 446 2873 518 collegio
2897 447 3094 515 fuerit,
3116 451 3177 502 et
3200 449 3272 503 ab
3295 450 3512 505 auxilio
3553 456 3746 507 vestro

336 562 399 601 se
431 545 618 599 dixit:
654 565 679 591 ‹‹
719 542 872 597 Beati
906 543 1005 612 qui
1040 543 1516 612 persecutionem
1541 542 1992 612 patiunturpro-

339 632 778 705 pterjustitiam
804 633 885 695 89;
916 657 933 681 δ
974 637 1031 684 et
1061 631 1201 685 alibi
1231 649 1243 685 :
1278 654 1304 680 ‹‹
1339 632 1496 686 Beati
1531 631 1692 685 eritis
1724 647 1857 685 cum
1890 646 1991 683 vos

339 725 575 779 oderint
608 723 899 787 homines,
932 728 989 776 et
1011 724 1302 793 persecuti
1331 740 1430 776 vos
1458 723 1699 790 fuerint,
1726 726 1782 776 et
1808 721 1992 791 ejece-

339 815 462 869 rint
493 829 713 869 nomen
744 818 1004 866 vestrum
1039 818 1320 883 tanquam
1354 812 1596 866 malum.
1640 811 1898 865 Gaudete
1929 811 1991 863 in

342 904 443 960 illa
472 903 587 969 die,
623 907 682 956 et
711 901 1023 965 exsultate,
1051 903 1334 971 quoniam
1359 917 1587 955 merces
1603 899 1993 955 vestramulta

346 998 434 1048 est
460 993 519 1047 in
552 991 697 1046 caelo
731 992 796 1047 9°.
844 1015 869 1039 ››

416 1085 555 1136 Data
588 1098 645 1136 ix
678 1080 921 1135 Kalend.
956 1082 1221 1152 Augusti.
1255 1081 1504 1150 Trajano
1546 1086 1603 1134 et
1633 1082 1675 1115 ⁹¹
1702 1079 1920 1133 Ειὶωιο
1942 1078 1990 1118 οι

342 1172 479 1225 viris
511 1169 853 1225 clarissimis
884 1170 1228 1224 consulibus
1259 1168 1306 1204 93
1341 1171 1474 1240 (13).

926 1295 1265 1350 EPISTOLA
1306 1296 1375 1348 Il.

565 1404 639 1457 De
663 1404 839 1457 causis
870 1408 919 1456 et
949 1402 1362 1471 gravaminibus
1393 1401 1760 1456 sacerdotum.

412 1511 825 1567 Dilectissimis
846 1510 1130 1566 fratribus
1156 1512 1436 1566 omnibus
1452 1509 1876 1581 episcopis,per
1898 1507 1953 1561 di
1976 1538 1988 1548 η

338 1619 537 1656 versas
567 1601 908 1656 constitutis
938 1602 1229 1671 regiones,
1265 1600 1596 1655 Alexander
1622 1600 1953 1669 episcopus.

406 1693 454 1727 9‘
487 1692 665 1761 Nulli,
706 1693 939 1761 fratres,
975 1692 1225 1748 dubium
1257 1697 1346 1746 est
1395 1692 1533 1761 quia
1581 1690 1718 1744 boni
1752 1706 1786 1744 a
1816 1688 1991 1743 malis

337 1799 577 1854 semper
618 1782 1097 1853 persecutionem
1142 1782 1450 1853 patiuntur
1501 1785 1559 1834 et
1606 1778 1987 1834 tribulantur.

343 1876 594 1943 Propter
617 1870 775 1942 quod
802 1871 1190 1935 humiliemur
1210 1872 1254 1905 ⁹⁵
1273 1871 1380 1925 sub
1413 1869 1639 1940 potenti
1668 1884 1850 1922 manu
1867 1866 1990 1933 Dei,

348 1967 413 2017 ut
444 1961 657 2016 liberet
685 1977 795 2015 nos
826 1961 887 2014 in
920 1965 1183 2031 tempore
1217 1959 1636 2015 tribulationis.
1673 1959 1816 2011 Nam
1848 1956 1999 2010 sicut

341 2049 438 2105 leo
464 2049 702 2119 rugiens
731 2048 943 2102 circuit
971 2065 1242 2117 quaerens
1269 2064 1445 2119 quem
1468 2047 1726 2111 devoret,
1762 2045 1845 2099 sic
1878 2044 1995 2098 dias

340 2139 516 2193 bolus
538 2138 582 2172 9“
603 2154 723 2192 non
746 2143 937 2192 cessat
958 2138 1294 2205 circuire,et
1313 2153 1581 2207 quaerere
1606 2152 1753 2206 quos
1779 2151 1847 2187 ex
1865 2132 1999 2187 ﬁde-

340 2228 498 2284 libus
530 2227 758 2298 perdat,
797 2232 853 2281 ct
885 2226 1141 2281 maxime
1174 2227 1327 2294 illos,
1357 2242 1505 2295 quos
1530 2223 1902 2279 ardentiores
1934 2221 1997 2275 in

347 2315 583 2370 servitio
618 2314 958 2382 Salvatoris,
992 2314 1165 2383 eique
1193 2313 1610 2368 familiariores
1663 2310 1953 2365 invenerit
1981 2323 1993 2362 :

348 2403 767 2460 familiariores
798 2403 927 2457 dico
954 2420 1073 2471 eos,
1100 2420 1246 2472 quos
1270 2402 1381 2456 sibi
1403 2401 1643 2467 sacrari,
1691 2406 1749 2454 et
1802 2400 1861 2452 in
1910 2415 1998 2452 or-

291 2489 299 2495 ’
351 2494 489 2548 dine
520 2492 883 2564 apostolatus
910 2493 1193 2548 constitui
1215 2489 1477 2547 1⁷0111119⁷.
1509 2512 1536 2540 ‹‹
1574 2490 1685 2560 lpsi
1711 2490 1869 2543 enim
1892 2504 1996 2558 pro

348 2583 566 2654 populo
598 2582 1006 2653 interpellant,
1041 2587 1097 2635 et
1124 2582 1328 2653 populi
1371 2585 1611 2653 peccata
1658 2577 1997 2643 comedunt,

354 2673 493 2742 quia
522 2671 797 2743 precibus
824 2672 945 2726 suis
978 2677 1035 2725 et
1060 2669 1460 2725 oblationibus
1492 2684 1561 2724 ea
1591 2668 1794 2721 delent
1823 2671 1997 2736 atque

357 2766 715 2817 consumunt
743 2760 806 2814 ⁸⁸.
841 2782 869 2810 ››
894 2761 1001 2825 Qui
1025 2765 1245 2831 quanto
1270 2759 1568 2830 digniores
1589 2757 1997 2822 fuerint,tanto

358 2849 591 2903 facilius
622 2866 725 2919 pro
769 2849 1241 2905 necessitatibus.
1297 2866 1401 2920 pro
1452 2847 1667 2917 quibus
1717 2845 1996 2911 clamant,

360 2938 772 2995 exaudiuntur.
802 2939 1097 2993 «Multum
1121 2939 1302 3001 enim,
1328 2945 1391 2992 ut
1418 2937 1500 2992 ait
1524 2937 1731 2991 beatus
1751 2933 1999 2988 Jacobus

350 3030 670 3100 apostolus,
705 3029 855 3084 valet
886 3029 1223 3100 deprecatio
1247 3029 1395 3098 justi
1449 3027 1687 3082 assidua
1716 3027 1776 3078 9°.
1818 3048 1837 3071 ιι
1891 3024 1997 3088 Qui

350 3120 508 3175 enim
552 3137 648 3173 vos
707 3120 1105 3189 persequitur,
1167 3120 1385 3190 ipsum,
1435 3117 1606 3187 cujus
1655 3115 1947 3186 legatione
1979 3112 1997 3145 ί

2098 555 2158 593 se
2192 537 2569 600 subtraxerit,
2605 537 2787 607 magis
2818 536 3228 592 schismaticus
3261 556 3437 608 quam
3471 542 3745 596 sacerdos

2100 642 2226 680 esse
2257 625 2621 696 probabitur.
2680 628 2907 693 «Ecce,
2958 627 3154 695 inquit
3202 628 3515 699 Propheta,
3566 647 3745 701 quam

2098 717 2320 771 bonum
2352 723 2408 770 et
2465 732 2643 785 quam
2694 716 3051 787 jucundum,
3114 717 3378 772 habitare
3413 719 3624 775 fratres
3682 721 3745 774 in

2095 823 2282 860 unum
2317 807 2355 858 ⁴.
2395 827 2421 854 ››
2454 804 2547 858 1111
2581 822 2714 858 vero
2747 805 2807 859 in
2840 822 3025 859 unum
3058 821 3177 859 non
3204 807 3599 878 habitant,qui
3627 809 3740 863 fra-

2096 901 2254 949 trum
2282 894 2489 949 solatio
2513 911 2572 948 se
2604 894 2984 957 subtrahunt,
3015 899 3136 960 aut,
3163 897 3321 965 quod
3346 896 3608 952 deterius
3635 903 3743 967 est,

2094 983 2375 1037 fratribus
2406 982 2654 1037 insidias
2682 989 3035 1053 praeparant,
3071 990 3171 1038 aut
3213 985 3453 1054 laqueos
3492 992 3741 1058 ponunt.

2096 1074 2176 1127 De
2201 1073 2292 1126 his
2308 1072 2467 1125 enim
2485 1077 2544 1126 et
2559 1088 2764 1126 eorum
2782 1072 3077 1127 similibus
3101 1075 3385 1132 Dominus
3412 1093 3518 1147 per
3533 1079 3745 1133 Oseam

2095 1162 2447 1232 prophetam
2477 1161 2761 1231 loquitur,
2797 1162 2999 1215 dicens
3028 1179 3040 1215 :
3066 1184 3093 1211 ‹‹
3128 1165 3374 1234 Propter
3398 1166 3509 1220 hoc
3526 1166 3747 1238 lugebit

2096 1253 2275 1314 terra,
2305 1252 2363 1301 et
2394 1247 2797 1301 inﬁrmabitur
2826 1249 3023 1302 omnis
3054 1250 3154 1319 qui
3188 1250 3413 1305 habitat
3442 1252 3505 1305 in
3546 1269 3635 1319 ea,
3682 1255 3744 1309 in

2095 1336 2285 1391 bestia
2314 1337 2457 1407 agri,
2494 1341 2549 1391 et
2578 1337 2640 1390 in
2672 1336 2907 1391 volucre
2939 1338 3069 1392 cceli
3095 1379 3107 1404 ,
3142 1339 3245 1393 sed
3266 1346 3324 1393 et
3352 1340 3543 1409 pisces
3563 1344 3747 1398 maris

2097 1425 2631 1497 congregabuntur.
2685 1426 3104 1481 Verumtamen
3169 1429 3577 1500 unusquisque
3624 1448 3746 1486 non

2087 1514 2338 1585 judicet,
2372 1520 2430 1567 et
2460 1530 2579 1567 non
2612 1519 2893 1583 arguatur
2920 1515 3042 1580 vir;
3089 1516 3344 1585 populus
3395 1519 3556 1573 enim
3588 1526 3743 1587 tuus,

2098 1603 2252 1658 sicut
2278 1602 2339 1656 hi
2370 1602 2469 1671 qui
2504 1602 2923 1657 contradicunt
2954 1605 3267 1659 sacerdoti.
3291 1608 3359 1660 Et
3384 1623 3625 1663 corrues
3646 1610 3749 1665 ho-

2096 1690 2211 1756 die,
2246 1696 2305 1745 et
2333 1697 2570 1746 corruet
2599 1691 2777 1746 etiam
2812 1694 3100 1763 propheta
3142 1697 3371 1748 tecum-
3408 1697 3585 1751 Nocte
3632 1698 3745 1753 feci

2101 1785 2296 1836 tacete
2328 1785 2580 1835 matrem
2612 1785 2794 1835 tuam.
2828 1782 3123 1836 Conticuit
3150 1784 3405 1853 populus
3454 1802 3641 1851 meus,
3678 1803 3746 1840 eo

2100 1869 2258 1938 quod
2290 1885 2409 1924 non
2425 1869 2632 1924 habuit
2653 1870 3139 1935 scientiam.Quia
3161 1877 3221 1926 tu
3243 1873 3552 1928 scientiam
3570 1890 3748 1945 repu«

2099 1957 2242 2025 listi,
2276 1958 2564 2028 repellam
2596 1963 2672 2027 te,
2706 1976 2781 2013 ne
2813 1960 3144 2016 sacerdotio
3184 1960 3450 2033 fungaris
3478 1964 3647 2017 mihi.
3680 1965 3751 2017 Et

2099 2046 2285 2101 oblita
2315 2064 2377 2102 es
2408 2047 2550 2119 legis
2582 2048 2686 2103 Dei
2719 2049 2824 2113 tui,
2857 2048 3169 2104 obliviscar
3199 2051 3461 2106 ﬁliorum
3510 2057 3748 2107 tuorum

2102 2143 2159 2191 et
2190 2153 2314 2208 ego.
2349 2137 2684 2192 Secundum
2716 2138 3161 2193 multitudinem
3202 2155 3407 2194 eorum
3440 2141 3524 2194 sic
3545 2157 3750 2211 pecca-

2101 2232 2312 2280 verunt
2342 2227 2510 2281 mihi.
2545 2227 2801 2281 Gloriam
2835 2244 3039 2282 eorum
3066 2228 3136 2283 ad
3166 2229 3554 2299 ignominiam
3585 2247 3748 2284 com-

2100 2315 2366 2369 mutabo.
2401 2317 2648 2370 Peccata
2678 2316 2880 2385 populi
2914 2317 3030 2370 mei
3075 2317 3410 2388 comedent,
3443 2323 3502 2373 et
3530 2319 3604 2373 ad
3634 2320 3750 2373 ini-

2102 2404 2391 2473 quitatem
2424 2421 2629 2459 eorum
2673 2404 3066 2460 sublevabunt
3118 2407 3349 2461 animas
3399 2423 3626 2463 eorum.
3684 2409 3751 2462 Et

2106 2491 2237 2556 erit,
2271 2493 2423 2546 sicut
2451 2492 2726 2562 p0pulus,
2757 2493 2839 2546 sic
2872 2492 3167 2547 sacerdos.
3200 2495 3269 2546 Et
3296 2494 3544 2549 visitabo
3574 2511 3753 2566 super

2103 2596 2237 2635 eum
2270 2581 2390 2635 vias
2421 2580 2571 2649 ejus,
2606 2586 2663 2635 et
2688 2581 3073 2652 cogitationes
3106 2583 3233 2653 ejus
3265 2582 3508 2637 reddam
3558 2584 3633 2638 ei.
3684 2586 3752 2637 Et

2104 2672 2436 2738 comedent,
2469 2677 2529 2725 'et
2559 2688 2679 2726 non
2711 2672 3135 2727 saturabuntur
3161 2689 3175 2737 ;
3208 2673 3483 2727 fornicati
3508 2679 3667 2737 sunt,
3692 2679 3752 2727 et

2103 2776 2223 2814 non
2255 2760 2940 2830 cessaverunt,quoniam
2970 2761 3285 2815 Dominum
3307 2761 3753 2832 dereliquerunt

2103 2849 2167 2903 in
2201 2866 2322 2904 non
2380 2849 2768 2905 custodiendo
2806 2848 2914 2902 ⁵.»
2966 2851 3098 2905 Haec
3147 2856 3367 2917 cavete,
3415 2851 3648 2921 fratres,
3696 2856 3755 2905 et

2104 2938 2262 2994 bona
2291 2955 2527 3011 semper
2554 2955 2726 3011 agere
2757 2940 3033 2993 festinate
3056 2957 3068 2995 :
3095 2962 3122 2989 «
3146 2940 3294 3005 Quia
3320 2941 3380 2996 in
3401 2941 3514 2996 hoc
3534 2956 3751 3013 cogno—

2105 3034 2273 3084 scent
2301 3045 2528 3094 omnes,
2564 3028 2709 3082 dicit
2747 3030 3050 3094 Dominus,
3107 3029 3390 3098 quoniam
3446 3032 3561 3085 mei
3611 3031 3752 3087 estis

2105 3117 2406 3188 discipuli,
2441 3118 2487 3172 si
2521 3117 2899 3173 dilectionem
2930 3118 3254 3173 habueritis
3277 3119 3350 3174 ad
3374 3120 3626 3175 invicem
3647 3122 3688 3175 ‘.
3722 3143 3751 3172 »

346 3208 686 3281 fungimini,
721 3209 1136 3279 persequitur;
1171 3209 1310 3280 quia
1340 3209 1494 3264 sicut
1523 3208 1649 3277 ipse
1681 3205 1862 3260 Filius
1890 3201 1992 3257 Dei
2035 3191 2076 3253 C
2101 3207 2119 3240 ⁷
2153 3208 2380 3260 Bonum
2415 3224 2675 3276 namque
2708 3212 2797 3260 est
2824 3206 3030 3278 procul
3061 3208 3240 3263 dubio
3274 3215 3331 3263 et
3370 3210 3650 3265 omnibus
3682 3211 3752 3264 ti-

350 3298 643 3354 mediator
666 3298 781 3352 fuit
804 3297 908 3352 Dei
941 3303 999 3353 et
1027 3297 1357 3361 hominum,
1392 3298 1474 3351 ita
1504 3301 1564 3352 et
1593 3312 1690 3349 vos
1714 3293 1840 3364 ejus
1872 3293 1992 3346 vice

348 3387 412 3441 in
444 3386 707 3441 Ecclesia
740 3386 882 3441 estis
913 3387 1241 3449 constituti,
1273 3392 1339 3441 ut
1376 3386 1532 3440 inter
1565 3386 1747 3438 Deum
1794 3388 1852 3436 et
1880 3381 1995 3435 ho-

344 3476 538 3531 mines
568 3473 857 3546 legatione
890 3474 1241 3545 fungamini.
1276 3476 1295 3507 ²
1329 3474 1384 3527 Si
1418 3473 1551 3543 quis
1583 3477 1781 3527 autem
1841 3470 1999 3539 lega-

347 3565 569 3618 tionem
601 3568 856 3617 vcstram
890 3562 1159 3634 impedit,
1186 3579 1306 3617 non
1333 3562 1530 3629 unius,
1558 3560 1660 3615 sed
1676 3559 1999 3614 multorum

347 3654 680 3725 profectum
704 3651 933 3707 avertit.
963 3653 1031 3705 Et
1053 3653 1206 3705 sicut
1227 3650 1431 3706 multis
1455 3656 1650 3712 nocet,
1678 3649 1761 3701 ita
1790 3664 1823 3702 a
1845 3645 2000 3702 mul-

350 3743 426 3797 tis
457 3740 794 3813 arguendus
829 3746 936 3805 est,
971 3747 1028 3794 et
1059 3740 1348 3795 bonorum
1376 3739 1655 3793 societate
1688 3736 1999 3791 arcendus.

354 3833 425 3886 Et
455 3832 595 3901 quia
625 3831 725 3884 Dei
762 3847 1000 3885 causam
1034 3830 1303 3901 impedit,
1337 3834 1394 3882 et
1425 3834 1643 3883 statum
1692 3824 2006 3880 conturbat

355 3918 656 3985 Ecclesiae,
691 3918 943 3988 ideoque
974 3918 1045 3973 ab
1075 3920 1205 3989 ejus
1235 3916 1541 3971 liminibus
1581 3919 1868 3968 arceatur.
1918 3912 2004 3966 Ab

358 4008 637 4063 omnibus
661 4024 895 4079 quoque
916 4007 1049 4062 talis
1082 4014 1170 4061 est
1191 4006 1501 4068 cavendus,
1530 4008 1588 4059 et
1617 4001 1822 4057 nonin
1845 4018 2004 4056 com-

356 4096 705 4151 munionem
736 4095 1005 4151 ﬁdelium
1037 4112 1225 4165 usque
1257 4095 1332 4151 ad
1362 4093 1825 4149 satisfactionem
1858 4090 2005 4144 reci-

360 4185 636 4259 piendus.
670 4186 771 4239 Est
799 4185 960 4240 enim
994 4189 1279 4240 statutum
1311 4184 1476 4251 olim,
1522 4187 1589 4237 ut
1632 4182 1732 4253 qui
1790 4185 2007 4235 statum

366 4274 681 4329 conturbat
699 4274 989 4341 Ecclesiae,
1013 4274 1085 4329 ab
1108 4274 1236 4345 ejus
1260 4272 1568 4328 liminibus
1581 4274 1881 4335 arceatur;
1900 4285 2010 4323 nec

370 4379 505 4418 cum
528 4363 802 4418 fidelibus
829 4363 1246 4431 communicet,
1263 4362 1362 4434 qui
1378 4378 1582 4417 eorum
1608 4361 1765 4416 bona
1780 4358 2007 4413 avertit.

371 4453 482 4507 Vos
513 4468 648 4524 ergo
682 4452 729 4506 si
763 4452 1144 4507 dilectionem
1174 4451 1500 4507 habueritis
1531 4451 1605 4505 ad
1648 4449 1921 4512 invicem,
1955 4452 2011 4501 et

2103 3295 2402 3350 mentibus
2425 3297 2609 3351 Deum
2628 3295 3323 3363 desiderabile,cohibere
3345 3298 3751 3355 dissensiones

2105 3389 2163 3438 et
2190 3383 3039 3455 altercationes,fratribusque
3068 3385 3401 3450 subvenire,
3426 3392 3482 3441 et
3503 3387 3757 3445 invicem

2106 3489 2227 3526 non
2260 3473 2543 3536 invidere,
2569 3473 2669 3527 sed
2688 3473 2989 3545 adjuvare.
3018 3476 3133 3528 Nos
3163 3490 3320 3546 ergo,
3358 3476 3459 3544 qui
3480 3476 3756 3548 discipuli

2106 3561 2339 3615 Domini
2373 3568 2430 3615 et
2461 3562 2575 3616 dici
2608 3568 2668 3616 et
2721 3578 2848 3617 esse
2898 3563 3185 3633 cupimus,
3238 3568 3473 3633 portare
3516 3582 3756 3622 crucem

2106 3650 2322 3704 Christi
2355 3657 2412 3704 et
2442 3651 2695 3721 compati
2728 3650 3006 3706 fratribus
3030 3651 3333 3720 debemus,
3363 3658 3552 3707 etnon
3574 3671 3755 3723 quas-

2108 3754 2341 3806 cunque
2370 3738 2455 3792 eis
2486 3739 2734 3793 insidias
2766 3745 2867 3794 aut
2894 3739 3088 3793 foveas
3117 3757 3468 3811 praeparare,
3495 3743 3633 3811 quia
3664 3750 3753 3799 ta-

2108 3827 2332 3882 lionem
2374 3833 2654 3897 meretur,
2704 3829 2806 3898 qui
2859 3829 3140 3884 fratribus
3182 3829 3409 3885 foveam
3442 3839 3752 3902 praeparat.

2111 3916 2350 3970 «Nolite
2382 3932 2601 3983 errare,
2627 3917 2859 3981 fratres,
2887 3918 3025 3988 quia
3055 3920 3208 3973 Deus
3232 3936 3351 3975 non
3370 3920 3752 3975 irridetur3.»

2113 4004 2298 4076 Hujus
2326 4005 2409 4058 rei
2440 4006 2627 4074 gratia
2657 4007 2942 4062 Dominus
2985 4008 3149 4063 vobis
3201 4010 3503 4065 commisit
3545 4012 3755 4067 Eccle-

2113 4094 2262 4150 siam
2295 4110 2487 4162 suam,
2519 4099 2585 4149 ut
2614 4111 2719 4165 pro
2751 4096 3031 4152 omnibus
3062 4097 3365 4168 laboretis,
3424 4104 3481 4154 et
3527 4101 3755 4156 cunctis

2114 4183 2411 4257 oppressis
2443 4199 2617 4253 opem
2642 4182 2796 4238 ferre
2828 4201 2945 4239 non
2979 4186 3309 4259 negligatis.
3345 4187 3508 4243 Unde
3541 4193 3598 4243 et
3643 4191 3755 4244 Do.

2115 4273 2312 4329 minus
2339 4288 2446 4343 per
2465 4272 2814 4347 prophetam
2838 4273 3122 4344 loquitur,
3140 4276 3343 4333 dicens
3373 4295 3386 4332 :
3412 4300 3440 4327 «
3462 4280 3596 4334 Haac
3616 4279 3762 4335 dicit

2116 4362 2439 4417 Dominus:
2473 4360 2739 4416 Judicate
2770 4378 2946 4417 mane
2986 4363 3307 4434 judicium,
3360 4372 3419 4422 et
3466 4368 3654 4423 eruite
3701 4370 3759 4425 vi

2116 4466 2466 4523 oppressum
2497 4450 2568 4505 de
2600 4466 2783 4504 manu
2837 4450 3274 4519 calumniantis,
3307 4472 3382 4509 ne
3412 4456 3565 4511 forte
3597 4475 3759 4530 egre-

362 4542 681 4597 unanimes
709 4543 961 4609 fueritis,
997 4542 1163 4598 facile
1198 4542 1342 4597 tales
1392 4557 1669 4613 superare
1718 4538 2006 4611 poteritis.
2041 4562 2087 4626 D
2119 4543 2317 4598 diatur
2347 4541 2514 4612 quasi
2547 4541 2698 4610 ignis
2728 4540 3058 4612 indignatio
3084 4559 3234 4610 mea,
3268 4548 3326 4598 et
3346 4546 3759 4618 succendatur,

360 4631 385 4666 ³
418 4632 473 4685 Si
507 4649 662 4699 vero,
697 4632 854 4702 quod
885 4632 1075 4687 absit!
1110 4632 1412 4687 discordes
1430 4630 1685 4695 fueritis,
1717 4634 1773 4682 et
1794 4627 2009 4682 canino
2127 4634 2186 4684 et
2213 4646 2334 4684 non
2380 4628 2457 4682 sit
2505 4628 2605 4697 qui
2654 4627 2989 4699 exstinguat
3017 4626 3059 4682 9.
3098 4651 3124 4677 ››
3177 4630 3290 4683 Vos
3338 4646 3495 4701 ergo,
3547 4634 3649 4702 qui
3699 4635 3761 4689 in

366 4720 545 4776 dente
576 4737 678 4775 vos
710 4720 995 4776 derodere
1026 4720 1340 4792 casperitis,
1372 4736 1493 4774 non
1523 4718 1718 4773 solum
1767 4733 1868 4771 eos
1897 4732 2017 4771 non
2130 4734 2364 4774 summa
2394 4715 2633 4787 specula
2661 4732 2695 4771 a
2727 4716 2974 4769 Domino
3015 4716 3319 4769 constituti
3373 4717 3531 4784 estis,
3582 4725 3778 4776 atten-

366 4809 747 4880 superabitis,
777 4810 880 4866 sed
908 4815 967 4864 et
998 4809 1158 4865 vobis
1190 4809 1335 4880 ipsis
1365 4807 1679 4876 nocebitis,
1740 4810 1917 4876 atque
1948 4804 2019 4860 ab
2134 4809 2271 4863 dere
2302 4823 2400 4861 eos
2424 4811 2480 4860 et
2502 4804 2835 4879 opprimere
2869 4808 3117 4875 oportet,
3154 4804 3255 4875 qui
3286 4803 3344 4857 in
3384 4804 3597 4861 fratres
3619 4808 3780 4865 sedi-

370 4899 457 4955 eis
481 4899 932 4971 superabimini,
968 4906 1024 4955 et
1049 4902 1399 4956 innocenter
1418 4898 1569 4954 forte
1601 4896 1888 4969 peribitis.
1914 4896 2023 4961 Qui
2135 4897 2330 4952 tiones
2364 4901 2421 4951 et
2450 4894 2733 4951 scandala
2762 4894 3042 4963 excitant,
3082 4910 3156 4948 ne
3183 4893 3361 4948 simul
3389 4908 3524 4946 cum
3552 4895 3638 4949 eis
3655 4913 3786 4967 per-

442 5023 490 5099 {9
520 5025 720 5080 Matth.
781 5043 831 5096 ν,
882 5025 1132 5099 πίοηνΔ
1177 5026 1311 5099 Luc.
1364 5025 1583 5099 v1,__22,
1635 5024 1724 5076 23.
1830 5023 1874 5057 ⁹¹
1925 5024 1997 5099 J.“

2113 5024 2456 5099 _Africano._
2489 5023 2566 5099 _“
2618 5023 2874 5099 Heliapo.
2935 5023 3028 5099 --νῆ
3072 5023 3360 5099 mendosa
3403 5036 3418 5099 ξ

370 5095 419 5132 ⁹⁴
447 5096 503 5157 3,
538 5102 746 5166 quiest.
792 5091 860 5152 l':
893 5098 1045 5152 Nulli
1095 5096 1341 5151 dubium.
1429 5091 1489 5130 ’9⁸
1528 5099 1774 5166 oportet
1801 5110 1898 5148 nos
1947 5093 2255 5166 humiliari.
2361 5091 2407 5127 9°
2438 5094 2457 5145 Ι
2489 5093 2645 5166 Petr.
2697 5108 2749 5166 ν,
2782 5094 2835 5146 8.
2935 5091 3060 5166 "At,
3093 5108 3150 5160 q.
3198 5092 3224 5146 1
3256 5108 3269 5145 :
3307 5091 3418 5166 Ipsi
3457 5093 3783 5166 sacerdotes.

369 5166 422 5200 9⁸
452 5160 583 5222 Οειεῖ.
618 5185 691 5236 iv,
724 5170 778 5222 8.
878 5168 925 5202 θ’
952 5170 1071 5224 Jac.
1104 5185 1157 5235 v,
1188 5170 1273 5224 16.
1380 5171 1394 5202 ¹
1429 5160 1576 5222 υἱεθῖ
1668 5163 1690 5197 2
1722 5164 1858 5219 dist.
1894 5167 1999 5218 94:
2055 5164 2113 5218 Si
2142 5166 2264 5234 quis
2307 5171 2488 5219 autem
2526 5164 2882 5236 legationem.
2980 5160 3002 5195 ³
3034 5167 3084 5229 1,
3136 5165 3458 5236 quiest._l_:
3509 5161 3659 5236 Nulli
3687 5162 3788 5218 du-

378 5240 546 5292 bium.
653 5233 861 5294 4’Psal.
898 5257 1111 5308 cxxxu,
1145 5233 1197 5295 ’1.
1294 5239 1313 5272 ⁵
1345 5240 1474 5294 Ose.
1510 5256 1578 5304 iv,
1610 5239 1753 5291 3-10
1806 5238 1885 5291 Ex
1921 5237 1975 5290 S.

2105 5233 2354 5305 :ronymi
2386 5234 2677 5290 versione.
2772 5235 2793 5268 δ
2824 5237 2989 5290 Joan.
3021 5250 3142 5301 11111,
3179 5236 3263 5287 35.
3360 5233 3379 5267 ⁷
3412 5234 3546 5305 Syn.
3596 5233 3783 5289 Later.

373 5309 484 5365 sub
518 5309 573 5363 S.
605 5312 871 5381 Martino,
906 5312 1139 5366 consult
1190 5313 1246 5379 4,
1320 5310 1342 5346 ⁸
1375 5310 1497 5365 Gal.
1530 5325 1605 5376 γι,
1638 5311 1688 5362 ‘7.
1767 5309 1787 5341 ⁰
1817 5309 1931 5364 Jer.
1966 5325 1999 5362 x

2117 5308 2183 5361 12
2214 5312 2272 5361 et
2300 5323 2438 5372 xxn,
2470 5309 2521 5359 3.

449 5433 565 5503 (13)
630 5436 871 5505 Trojano
928 5443 977 5491 et
1042 5437 1260 5491 Eliano
1317 5436 1450 5490 viris
1522 5431 1851 5505 clarissimis
1900 5448 2030 5487 coss.

376 5506 564 5578 Scias,
596 5503 801 5578 lector,
844 5525 1002 5578 lpSOS
1047 5506 1357 5578 pontiﬁces
1400 5506 1596 5561 nullos
1649 5503 1924 5578 consules
1974 5505 2036 5578 in

376 5577 500 5651 ﬁne
533 5575 919 5651 epistolaruin
953 5575 1354 5651 subjunxisse,
1402 5578 1519 5651 sed;
1554 5577 1749 5651 potius
1793 5575 2034 5630 aliunde

367 5645 769 5715 subrepsisse.
804 5652 1007 5721 Itaque
1042 5645 1089 5705 s'i
1118 5666 1151 5704 a
1181 5645 1573 5719 chronologia
1604 5649 2034 5717 imperatorum

1830 5020 1874 5057 ⁹¹
1925 5020 2076 5077 Julia
2124 5024 2417 5089 Africano.
2522 5021 2566 5054 θ’
2618 5021 2874 5074 Heliano.
2978 5018 3026 5052 93
3072 5018 3360 5073 mendosa
3403 5018 3781 5089 subscriptio.

2146 5430 2542 5500 superiorum,
2599 5430 2719 5501 vel,
2750 5432 2927 5485 etiam
2998 5431 3394 5501 posteriorum
3444 5430 3792 5501 pontiﬁcum

2147 5501 2411 5575 epistolis
2431 5500 2844 5575 superadditos
2867 5500 3213 5559 consulatus
3237 5500 3571 5575 discrepare
3590 5501 3796 5572 depre-

2147 5573 2394 5637 hendas,
2426 5587 2501 5627 ne
2531 5571 2788 5627 mireris.
2822 5574 2947 5627 Sev.
2984 5575 3101 5629 Bm.
3432 5571 3451 5575 “
3668 5571 3684 5572 ί
3835 5588 3841 5593 ·
