4114 6148
374 333 527 393 1071

1442 332 1904 393 ALEXANDRI
1946 331 1970 391 l
2019 332 2251 394 PAPE
2292 331 2716 394 EPISTOLIE.

3630 331 3791 393 1072

373 465 541 520 eatis.
575 464 828 518 Salutate
861 479 1025 518 omes
1056 464 1157 533 qui
1211 468 1369 519 recte
1421 464 1692 519 laborant
1739 465 1802 520 in
1845 466 2029 520 Evan-
2060 469 2109 535 Α
2142 465 2188 500 ³³
2218 465 2460 521 Summa
2498 466 2659 521 enim
2686 467 2969 537 iniquitas
3002 470 3111 531 est,
3144 465 3377 533 fratres,
3406 464 3717 520 detrahere
3734 470 3798 521 et

373 552 525 624 gelio
557 551 791 618 Christi,
826 557 884 606 et
906 552 1070 623 juste
1098 553 1438 623 gubernant
1499 570 1706 609 navem
1760 553 1912 625 ejus,
1962 569 2037 608 ne

378 640 788 695 cohabitantes
820 640 882 694 in
915 657 985 695 ea
1027 640 1449 713 demerguntur
1499 647 1602 697 aut
1648 643 2034 698 suﬂ‘ocentur.

378 728 605 783 Salutat
632 745 734 783 vos
765 729 960 784 omnis
1005 730 1329 800 apostolica
1362 730 1625 786 Ecclesia
1660 731 1722 784 in
1763 731 2031 786 Domino.

378 819 596 872 Amen.

448 909 596 964 Data
631 907 883 979 septimo
917 906 964 941 ¹⁰
996 907 1243 963 Kalend.
1276 909 1644 976 Novembris,
1705 909 1957 979 Trajano
1991 908 2034 943 “

384 1002 442 1053 et
468 996 688 1052 [Eliano
722 997 768 1031 ¹²
797 997 938 1051 viris
968 996 1317 1051 clarissimis
1344 997 1693 1052 consulibus
1729 996 1792 1051 ‘3.

452 1089 518 1141 In
545 1090 652 1155 ﬁne
686 1085 853 1156 hujus
892 1086 1133 1155 epistola
1159 1087 1277 1143 haec
1317 1087 1511 1142 addita
1559 1089 1744 1157 reperi
1794 1089 1855 1141 in
1905 1087 2034 1143 Cod.

380 1178 629 1244 Lucensi,
661 1191 783 1246 qua
814 1177 1231 1245 interpolatoris
1262 1176 1501 1246 alicujus
1533 1193 1641 1233 esse
1679 1192 1789 1231 non
1820 1176 2038 1245 dubito,

378 1266 475 1321 sed
502 1273 682 1321 tamen
710 1265 897 1320 danda
921 1271 1081 1319 erant
1104 1281 1123 1318 :

457 1357 825 1424 Praeceptum
856 1354 1086 1407 Domini
1112 1360 1219 1421 est,
1245 1360 1311 1408 ut
1335 1360 1768 1426 exceptacausa
1783 1355 2033 1409 fornica-

386 1446 590 1513 tionis,
626 1462 772 1500 uxor
802 1461 835 1499 a
866 1444 985 1499 viro
1019 1441 1237 1499 dimitti
1267 1463 1387 1501 non
1409 1447 1653 1513 debeat;
1677 1446 1882 1502 etideo
1906 1446 2040 1517 qui-

386 1550 621 1604 cunque
651 1533 800 1587 citra
816 1532 1049 1603 culpam
1083 1534 1350 1589 criminis
1376 1535 1759 1606 suprascripti
1793 1551 2038 1589 uxorem

385 1639 553 1679 suam
586 1637 939 1692 quacunque
971 1622 1281 1677 occasione
1331 1622 1643 1691 dimiserit,
1694 1625 1834 1693 quia
1880 1622 2038 1693 quod

384 1713 541 1767 Deus
570 1709 901 1780 conjunxit,
934 1708 1036 1764 ille
1069 1726 1342 1780 separare
1377 1710 1686 1782 disposuit,
1712 1711 1919 1765 taudiu
1950 1728 2040 1766 ec-

2144 570 2443 610 accusare.
2477 554 2642 611 Unde
2674 556 2957 628 scriptum
2981 560 3107 611 est:
3135 576 3158 605 α
3178 555 3382 611 Omnis
3406 556 3504 625 qui
3538 554 3801 610 detrahit

2140 643 2309 699 fratri
2333 661 2460 711 suo,
2491 645 2789 700 homicida
2814 651 2904 701 est
2922 644 2986 711 ³³,
3009 666 3037 694 ››
3057 650 3116 700 et
3136 645 3332 700 omnis
3352 643 3648 699 homicida
3672 660 3796 699 non

2143 731 2324 787 habet
2343 738 2574 803 partem
2587 738 2689 788 aut
2702 733 3109 788 haareditatem
3132 735 3189 787 in
3210 749 3388 802 regno
3410 733 3610 787 Dei.Et
3628 731 3795 787 alibi:

2146 841 2173 870 ι(
2196 820 2405 876 Cavete
2436 838 2558 889 vos,
2580 822 2794 878 fratres
2825 822 3182 887 charissimi,
3218 839 3290 877 ne
3315 821 3632 893 participes
3659 821 3720 875 ef
3724 822 3797 875 ti-

2143 910 2572 982 ciamini,quod
2595 911 2750 967 absit
2773 912 2785 965 Ι
2809 911 2984 967 malis
3006 928 3214 966 eorum
3236 911 3303 963 “.
3332 912 3575 965 »Etnon
3601 910 3795 964 solum

2142 1015 2243 1053 vos
2273 1006 2470 1056 cavete
2503 1017 2538 1055 a
2566 1000 2807 1066 talibus,
2842 1000 2947 1055 sed
2971 1005 3030 1054 et
3058 1016 3261 1055 cavere
3293 1000 3443 1054 alios
3472 999 3544 1054 ab
3597 999 3682 1053 eis
3737 1003 3798 1053 et

2142 1094 2404 1144 avertere
2428 1088 2655 1144 docete.
2686 1091 2765 1144 De
2789 1089 2881 1144 his
2900 1089 3061 1144 enim
3093 1088 3381 1143 Dominus
3406 1087 3491 1141 ait
3522 1103 3629 1158 per
3657 1104 3797 1159 pro-

2141 1176 2381 1246 phetam
2416 1177 2755 1232 Michmam:
2791 1200 2818 1226 «
2852 1179 2949 1232 Vas
2981 1178 3081 1247 qui
3139 1176 3408 1248 cogitatis
3457 1175 3687 1241 inutile,
3740 1181 3799 1230 et

2144 1265 2473 1335 operamini
2498 1266 2721 1321 malum
2744 1266 2804 1319 in
2836 1265 3133 1320 cubilibus
3155 1264 3397 1332 vestris;
3423 1265 3482 1319 in
3506 1264 3634 1318 luce
3669 1280 3791 1318 ma-

2145 1353 2337 1407 tutina
2365 1354 2594 1408 faciunt
2615 1353 2780 1416 illud,
2811 1354 3092 1424 quoniam
3116 1359 3323 1407 contra
3352 1354 3534 1407 Deum
3566 1358 3657 1406 est
3678 1368 3799 1407 ma-

2144 1458 2257 1497 nus
2290 1458 2515 1497 eorum.
2561 1444 2629 1498 Et
2678 1443 3113 1513 concupierunt
3160 1458 3354 1513 agros,
3403 1446 3462 1495 et
3512 1440 3799 1495 violenter

2145 1531 2428 1599 tulerunt,
2460 1538 2517 1586 et
2547 1532 2753 1587 domos
2783 1536 3128 1602 rapuerunt,
3173 1536 3233 1585 et
3279 1529 3801 1585 calumniabantur
3860 1591 3869 1597 ,

2145 1621 2333 1675 virum
2366 1626 2425 1675 et
2456 1621 2698 1676 domum
2731 1622 2880 1689 ejus,
2912 1620 3101 1674 virum
3137 1625 3193 1672 et
3215 1619 3625 1674 basreditatem
3648 1621 3798 1689 ejus.

2147 1709 2372 1764 Idcirco
2405 1710 2547 1766 dicit
2579 1711 2864 1765 Dominus
2896 1709 3020 1764 haec
3047 1726 3058 1762 :
3095 1711 3241 1764 Ecce
3265 1725 3370 1781 ego
3402 1709 3593 1781 cogito
3625 1724 3805 1779 super

389 1799 719 1856 clesiastica
749 1799 1171 1853 communione
1204 1802 1485 1870 privetur,
1510 1807 1568 1855 et
1597 1807 1750 1856 coetu
1770 1801 2038 1856 omnium
2071 1827 2122 1891 B
2152 1804 2439 1863 familiam
2472 1808 2647 1862 istam
2681 1807 2923 1876 malum,
2958 1806 3115 1861 unde
3148 1823 3268 1861 non
3316 1805 3598 1861 auferetis
3648 1804 3801 1860 colla

385 1887 855 1943 Christianorum
888 1893 1129 1943 maneat
1158 1888 1414 1956 alienus,
1449 1890 1713 1960 quandiu
1746 1896 1804 1945 et
1837 1890 1911 1945 ad
1943 1907 2041 1944 so-

392 1978 668 2032 cietatem
692 1974 912 2030 relictas
937 1976 1205 2049 conjugis
1237 1977 1458 2042 redeat,
1481 1984 1540 2032 et
1566 1984 1796 2049 partem
1818 1979 1908 2033 sui
1927 1994 2045 2033 cor-

390 2067 552 2138 poris
581 2066 833 2121 honesta
859 2066 985 2138 lege
1016 2067 1279 2138 conjugii
1311 2067 1623 2122 sinceriter
1655 2068 2045 2139 amplectatur

392 2163 454 2211 et
481 2156 769 2210 foveat.Hi
792 2160 991 2211 tamen
1014 2156 1115 2226 qui
1134 2156 1263 2227 jam
1289 2162 1425 2212 ante
1451 2158 1661 2211 moniti
1685 2174 1719 2213 a
1739 2157 2043 2213 sacerdote

401 2244 609 2311 semel,
641 2249 702 2299 et
727 2244 838 2310 his,
864 2248 1180 2315 tortioque,
1208 2251 1275 2300 ut
1294 2246 1684 2317 corrigantur,
1703 2247 1778 2301 ad
1799 2248 2045 2302 charum

399 2349 522 2387 sum
551 2331 822 2403 conjugis
852 2332 1047 2386 redire
1078 2331 1381 2387 noluerint
1418 2334 1804 2401 consortium,
1839 2334 1951 2405 ipsi
1983 2350 2045 2388 se

396 2422 519 2475 suis
549 2420 802 2485 meritis,
822 2424 879 2474 et
900 2435 934 2474 a
961 2420 1235 2491 palatium
1262 2420 1569 2492 dignitatis
1587 2422 1782 2478 officio
1809 2439 2045 2494 separa-

392 2509 567 2574 bunt,
600 2514 659 2563 et
688 2508 931 2580 insuper
960 2525 1262 2580 generosae
1285 2511 1588 2583 dignitatis
1615 2513 2045 2582 testimonium,

395 2596 659 2667 quandiu
694 2598 756 2652 iu
787 2597 964 2668 culpa
994 2597 1235 2663 fuerint,
1288 2600 1585 2671 amissuri,
1635 2602 1775 2672 quia
1806 2618 2045 2657 carnem

394 2701 584 2753 suam,
613 2684 842 2739 dissidii
864 2684 1077 2757 jugulo
1118 2686 1511 2743 tradiderunt.

979 2793 1318 2848 EPISTOLA
1357 2795 1450 2848 III.

497 2882 563 2935 Ut
591 2882 836 2935 vitentur
869 2882 1233 2937 detractiones
1263 2889 1317 2937 et
1346 2883 1569 2953 injuste
1594 2886 1956 2954 pulsationes.

464 2970 800 3025 Alexander
831 2971 1164 3042 episcopus,
1190 2972 1469 3027 omnibus
1491 2972 1689 3028 divino
1716 2975 2047 3031 sacerdotio

393 3057 778 3130 fungentibus
809 3075 923 3130 pax
961 3064 1020 3114 et
1050 3060 1462 3116 misericordia
1511 3062 1960 3134 multiplicetur,
1992 3069 2051 3118 et

396 3148 690 3219 sapientia
706 3153 882 3219 atque
903 3148 1060 3203 bona
1082 3148 1350 3205 voluntas
1376 3151 1438 3205 in
1462 3151 1737 3206 omnibus
1764 3157 2050 3223 augeatur

397 3242 457 3292 et
483 3237 877 3293 fructiﬁcetur
906 3238 968 3292 in
1003 3238 1273 3294 Domino.

466 3347 497 3376 «
530 3327 729 3382 Gratia
760 3327 861 3382 Dei
897 3344 1128 3397 sumus,
1158 3328 1372 3384 fratres
1403 3329 1758 3396 charissimi,
1791 3329 1850 3382 id
1882 3327 2037 3398 quod

394 3429 600 3470 sumus
631 3413 696 3469 “.
732 3436 761 3464 »
793 3415 1016 3471 Idcirco
1048 3416 1220 3470 nobis
1250 3416 1676 3486 providendum
1710 3420 1817 3480 est,
1851 3420 1908 3469 et
1937 3431 2038 3485 op-

389 3503 530 3576 pido
548 3504 994 3571 decertandum,
1021 3521 1095 3558 ne
1124 3505 1185 3557 in
1207 3520 1277 3559 ea
1296 3504 1461 3559 vacui
1488 3504 1878 3572 inveniamur,
1912 3503 2037 3574 sed,

389 3593 597 3650 eadem
628 3594 799 3649 nobis
832 3597 1187 3664 cooperante
1216 3593 1426 3664 gratia,
1474 3592 1733 3647 fructum
1787 3592 2037 3647 Domino

388 3683 711 3756 plurimum
736 3688 1126 3754 reportemus.
1155 3680 1321 3746 Quod
1346 3681 1520 3736 aliter
1542 3681 1667 3737 ﬁeri
1687 3698 1807 3737 non
1825 3687 2039 3753 potest,

390 3772 506 3828 nisi
530 3772 882 3844 sapientiam
897 3771 1177 3827 sectando
1195 3770 1515 3842 t5,ejusque
1528 3776 1823 3843 praecepta
1840 3770 2040 3826 lectio-

391 3862 891 3934 nibusethymnis
908 3860 1458 3930 meditando,atque
1482 3877 1550 3915 eo
1576 3861 2039 3916 adminiculante

390 3952 717 4023 implendo,
752 3951 999 4018 orando,
1032 3950 1347 4022 vigilando,
1381 3950 1743 4005 voluntatem
1794 3952 1944 4020 ejus,
1978 3951 2041 4005 in

393 4046 683 4112 quantum
704 4039 831 4111 ipse
861 4039 1106 4111 largitus
1127 4038 1325 4107 fuerit,
1356 4038 1642 4108 perﬁcere
1674 4039 2037 4093 studeamus.

393 4132 510 4185 Nec
527 4130 687 4185 enim
702 4129 1116 4202 negligendam
1128 4128 1380 4201 gratiam
1395 4128 1567 4183 nobis
1584 4128 1868 4183 Dominus
1881 4129 2044 4184 dedit

396 4219 499 4274 sed
521 4219 776 4274 fideliter
806 4219 1198 4274 exercendam
1223 4217 1702 4275 tribuit.Dilectio
1729 4219 1890 4273 enim
1913 4218 2041 4274 sine

394 4310 777 4365 simulatione
798 4311 859 4365 in
890 4310 1063 4365 nobis
1097 4326 1225 4365 esse
1254 4315 1312 4364 et
1342 4325 1629 4380 apparere
1653 4308 1829 4364 debet
1855 4326 1869 4376 ;
1903 4308 2043 4379 quia

394 4420 424 4449 «
456 4400 651 4453 omnis
683 4400 781 4469 qui
816 4399 941 4453 odit
971 4399 1016 4433 ίδ
1046 4400 1291 4455 fratrem
1322 4415 1518 4465 suum,
1554 4398 1854 4453 homicida
1912 4402 2037 4453 est:

393 4486 493 4558 qui
526 4504 663 4541 vero
698 4486 889 4557 diligit
920 4504 1077 4558 eum,
1109 4488 1171 4542 in
1216 4489 1334 4542 Deo
1388 4491 1610 4551 manet,
1667 4492 1724 4541 et
1773 4488 1924 4541 Deus
1978 4487 2039 4541 in

2156 1901 2365 1963 vestra,
2400 1902 2457 1950 et
2488 1896 2869 1951 ambulabitis
2922 1895 3181 1965 superbi,
3234 1894 3515 1964 quoniam
3565 1899 3800 1964 tempus

2153 1984 2479 2054 pessimum
2511 1990 2618 2040 est.
2651 1987 2716 2038 In
2745 1984 2840 2038 die
2872 1983 2975 2038 illa
3004 1988 3273 2037 sumetur
3291 1999 3469 2054 super
3496 1999 3598 2037 vos
3630 1998 3797 2052 para-

2155 2071 2311 2137 bola,
2346 2078 2401 2127 et
2433 2073 2769 2128 cantabitur
2797 2072 3094 2127 canticum
3117 2087 3249 2126 cum
3275 2071 3581 2136 suavitate,
3604 2070 3804 2125 dicen-

2157 2164 2343 2217 tium:
2377 2162 2839 2234 Depopulatione
2883 2162 3091 2217 vastati
3143 2178 3370 2228 sumus,
3420 2177 3556 2231 pars
3604 2160 3805 2231 populi

2158 2252 2273 2306 mei
2306 2257 2670 2307 commutata
2700 2256 2808 2305 est.
2842 2249 3147 2315 Quomodo
3197 2249 3427 2304 recedis
3458 2265 3491 2303 a
3520 2265 3636 2316 me,
3668 2265 3805 2303 cum

2154 2347 2503 2407 revertatur,
2539 2341 2639 2412 qui
2671 2340 2944 2412 regiones
2988 2346 3223 2395 nostras
3272 2339 3538 2395 dividat?
3566 2344 3809 2411 prOpter

2157 2430 2337 2501 quod,
2361 2447 2481 2485 non
2500 2430 2614 2485 erit
2634 2429 2996 2485 tibimittens
3018 2429 3550 2498 funiculum,fortis
3572 2429 3633 2482 in
3656 2433 3808 2483 cmtu

2159 2519 2413 2573 Domini.
2449 2520 2528 2574 Ne
2560 2518 2890 2590 loquamini
2923 2517 3269 2588 loquentes:
3292 2519 3419 2572 Non
3446 2517 3696 2572 stillabit
3718 2534 3809 2572 su-

2157 2625 2264 2680 per
2292 2608 2460 2678 istos,
2484 2626 2604 2665 non
2628 2609 3093 2680 comprehendet
3114 2607 3402 2675 confusio,
3436 2608 3580 2662 dicit
3604 2607 3809 2662 Domi-

2158 2715 2270 2754 nus
2299 2698 2498 2754 .lacob.
2533 2698 2808 2770 Nunquid
2854 2698 3227 2753 abbreviatus
3275 2703 3365 2752 est
3422 2697 3662 2768 spiritus
3692 2698 3809 2751 Do-

2158 2787 2328 2853 mini,
2352 2793 2455 2843 aut
2476 2789 2623 2843 tales
2650 2794 2789 2843 sunt
2809 2787 3193 2859 cogitationes
3216 2786 3385 2855 ejus?
3403 2786 3607 2840 Nonne
3633 2784 3809 2839 verba

2158 2893 2285 2932 mea
2314 2876 2470 2932 bona
2492 2883 2630 2932 sunt
2668 2893 2803 2931 cum
2852 2892 2944 2940 eo,
2991 2875 3089 2945 qui
3136 2880 3293 2929 recte
3352 2873 3665 2943 graditur?
3693 2878 3753 2928 et
3778 2889 3808 2926 e

2158 2966 2455 3020 contrario
2483 2984 2497 3032 ;
2529 2965 2782 3036 populus
2812 2980 2980 3018 meus
3010 2963 3070 3015 in
3119 2961 3519 3016 adversarium
3553 2976 3808 3013 consur-

2156 3054 2599 3124 rexit.Desuper
2631 3052 2832 3106 tunica
2849 3050 3094 3121 pallium
3120 3047 3463 3113 sustulistis,
3497 3051 3555 3099 et
3576 3061 3678 3100 eos
3700 3047 3803 3115 qui

2162 3141 2497 3196 transibant
2524 3139 2894 3210 simpliciter,
2927 3134 3300 3191 convertistis
3331 3134 3392 3189 in
3423 3132 3649 3188 bellum
3672 3134 3739 3188 π.
3780 3157 3807 3184 ››

2157 3233 2227 3284 Et
2256 3246 2285 3284 e
2316 3233 2545 3295 contra,
2579 3228 2650 3282 de
2682 3226 2775 3281 his
2797 3225 2898 3297 qui
2919 3229 3277 3280 accusantur
3303 3223 3395 3279 vel
3417 3222 3808 3292 tribulantur,

2154 3335 2262 3389 per
2292 3317 2519 3371 Nahum
2550 3316 2897 3388 prophetam
2932 3312 3275 3369 confortans
3303 3314 3516 3381 eos,sic
3540 3313 3811 3384 loquitur

2155 3405 2482 3461 Dominus:
2522 3426 2547 3456 ι
2582 3406 2777 3459 Bonus
2809 3403 3117 3471 Dominus,
3153 3409 3211 3458 et
3240 3404 3586 3459 confortans
3618 3403 3680 3458 in
3712 3402 3807 3457 die

2152 3493 2573 3562 tribulationis,
2599 3499 2657 3548 et
2678 3492 2876 3548 sciens
2900 3498 3208 3563 sperantes
3232 3492 3292 3546 in
3316 3510 3400 3548 se.
3417 3494 3486 3547 Et
3504 3493 3563 3546 in
3590 3492 3809 3548 diluvio

2153 3596 2550 3663 praetereunte
2582 3591 3159 3647 consummationem
3194 3590 3373 3645 faciet
3404 3590 3517 3644 loci
3562 3590 3713 3661 ejus,
3751 3596 3811 3645 et

2151 3680 2426 3735 inimicos
2450 3681 2578 3751 ejus
2594 3684 3029 3751 persequentur
3058 3677 3337 3732 tenebrm.
3364 3677 3512 3741 Quid
3532 3677 3804 3748 cogitatis

2153 3775 2359 3825 contra
2392 3768 2754 3824 Dominum?
2797 3766 3381 3823 Consummationem
3430 3767 3555 3837 ipse
3603 3765 3801 3820 faciet.

2153 3860 2277 3913 Non
2308 3863 2621 3931 consurget
2650 3857 2868 3928 duplex
2899 3856 3198 3911 tribulatio
3225 3872 3238 3922 ;
3264 3855 3404 3925 quia
3432 3855 3585 3909 sicut
3615 3854 3798 3925 spinas

2154 3964 2216 4002 se
2238 3949 2489 4003 invicem
2510 3945 3094 4018 complectuntur,sic
3117 3944 3455 3999 convivium
3476 3959 3683 3999 eorum
3706 3960 3807 4013 pa-

2151 4036 2297 4091 riter
2328 4037 2660 4109 potantium
2684 4053 2696 4089 :
2730 4038 3158 4091 consumentur
3187 4033 3354 4103 quasi
3380 4032 3601 4103 stipula
3622 4032 3805 4087 aridi-

2154 4131 2275 4182 tate
2306 4127 2505 4198 plena.
2540 4128 2621 4179 Ex
2654 4131 2710 4180 te
2742 4124 2928 4179 exibit
2957 4123 3221 4194 cogitans
3247 4127 3458 4177 contra
3489 4121 3809 4175 Dominum

2155 4217 2467 4283 malitiam,
2491 4220 2690 4270 mente
2710 4219 3079 4285 pertractans
3098 4210 3810 4282 praevaricationem.ch

2155 4307 2299 4362 dicit
2334 4306 2650 4360 Dominus:
2688 4304 2744 4358 Si
2776 4302 3017 4373 perfecti
3054 4301 3292 4366 fuerint,
3328 4306 3387 4355 et
3434 4301 3514 4355 ita
3562 4300 3761 4370 plures
3792 4316 3804 4354 :

2156 4397 2238 4452 sic
2271 4412 2504 4467 quoque
2535 4392 2940 4456 attondentur,
2975 4397 3033 4445 et
3062 4389 3467 4461 pertransibit.
3495 4389 3693 4443 Afﬂixi
3725 4394 3805 4456 te,

2156 4491 2215 4540 et
2243 4501 2363 4539 non
2394 4483 2651 4555 aftligam
2698 4488 2751 4535 te
2808 4480 2966 4535 ultra
2996 4480 3057 4531 ²⁶.
3095 4502 3121 4527 ››
3174 4479 3365 4533 Facile
3417 4484 3524 4543 est,
3571 4479 3805 4542 fratres,

394 4593 463 4634 eo
498 4573 563 4629 1⁷.
599 4596 627 4624 ››
661 4573 825 4629 Unde
860 4580 913 4628 et
940 4576 1254 4647 Apostolus
1305 4576 1385 4629 ait
1421 4592 1433 4629 :
1483 4597 1510 4624 «
1542 4575 1732 4629 Nolite
1773 4575 2046 4646 judicare
2076 4563 2122 4626 D
2153 4573 2329 4629 verbo
2359 4573 2566 4627 fallere
2600 4571 2925 4636 hominem,
2960 4568 3004 4603 ²⁷
3037 4568 3140 4623 sed
3173 4584 3292 4623 non
3328 4569 3526 4622 Deum.
3558 4568 3806 4638 Sapiens

391 4666 607 4720 fratres
629 4664 902 4727 invicem,
927 4664 1029 4718 sed
1052 4664 1162 4719 hoc
1174 4664 1440 4735 judicate
1471 4664 1679 4735 magis,
1713 4680 1786 4718 ne
1809 4664 2047 4735 ponatis

397 4752 823 4810 otl‘endiculum
843 4752 1008 4806 fratri
1032 4753 1119 4806 vel
1139 4753 1487 4809 scandalum
1514 4753 1574 4807 η.
1604 4776 1630 4803 ››
1663 4755 1733 4806 Et
1760 4753 2046 4808 Dominus

395 4845 625 4917 inquit:
651 4866 678 4892 «
703 4842 866 4909 Quod
896 4841 997 4895 tibi
1020 4858 1142 4896 non
1164 4843 1247 4897 vis
1274 4843 1425 4908 fieri,
1450 4842 1619 4897 alteri
1644 4858 1717 4897 ne
1732 4842 1911 4898 facias
1931 4843 1990 4896 '9.
2015 4863 2044 4892 »

396 4938 466 4991 Et
494 4934 635 4991 alibi
661 4951 673 4989 :
711 4956 738 4984 ‹‹
770 4935 835 4988 In
855 4934 965 4989 hoc
996 4938 1353 5005 cognoscent
1381 4949 1589 4988 omnes
1611 4934 1750 5004 quia
1769 4932 1884 4988 mei
1904 4933 2046 4988 estis

396 5023 695 5097 discipuli,
724 5022 774 5078 si
793 5022 1173 5077 dilectionem
1197 5021 1525 5077 habueritis
1548 5021 1621 5076 ad
1644 5021 1896 5076 invicem
1920 5021 1989 5078 ³ο.
2015 5044 2041 5072 ι»

394 5113 750 5169 EtSalomon
773 5111 882 5167 ait:
909 5133 937 5162 ‹‹
953 5110 1319 5167 Sacrificium
1341 5110 1600 5165 salutare
1622 5111 2045 5176 est,attendere

392 5202 711 5270 mandatis,
766 5207 823 5256 et
856 5199 1163 5256 discedere
1212 5199 1285 5255 ab
1340 5198 1501 5254 omni
1553 5198 1867 5269 iniquitate
1914 5202 1977 5252 υ.
2016 5223 2043 5250 ››

466 5318 511 5354 ¹⁰
543 5336 651 5374 ms.
684 5334 839 5382 xvm,
874 5334 1070 5388 neque
1101 5316 1280 5373 estin
1328 5316 1495 5371 fastis
1538 5330 1798 5388 sequens
1847 5333 1954 5387 par
2005 5316 2339 5373 consulum.

2117 5390 2161 5423 "
2189 5387 2482 5443 scrutando
2530 5385 2633 5451 ita,
2690 5387 2779 5437 etc
2811 5421 2825 5447 ,
2875 5396 2985 5451 ms.
3022 5384 3243 5433 noster.

2060 5459 2106 5495 ²⁰
2134 5461 2298 5515 Joan.
2334 5474 2459 5518 xm,
2493 5457 2580 5509 35.

1508 5387 1552 5422 ¹⁸
1581 5389 1601 5441 l
1634 5387 1770 5442 Cor.
1808 5404 1897 5456 xv,
1932 5392 2015 5444 10.

390 5390 436 5425 1³
466 5389 752 5445 mendosa
783 5388 990 5444 itidem
1022 5388 1399 5459 subscriptio.
1508 5388 1552 5422 ¹⁴
1581 5389 1601 5441 l
1634 5388 1770 5442 Cor.
1808 5404 1897 5456 xv,

390 5462 554 5514 Joan.
589 5479 669 5514 ιιι.
705 5462 789 5514 15.
896 5460 944 5494 1⁸
972 5463 1139 5514 Hom.
1173 5475 1286 5514 xiv.
1324 5461 1407 5514 13.
1517 5459 1560 5495 ¹⁹
1589 5458 1729 5513 Tob.
1764 5475 1835 5514 ιν.
1870 5463 1932 5514 16

386 5462 554 5517 Joau.
589 5479 669 5527 ιιι,
705 5462 789 5514 15.
896 5460 944 5494 1⁸
972 5463 1139 5515 Hom.
1173 5475 1286 5525 xiv,
1324 5461 1407 5514 13.

386 5531 610 5587 Summa
626 5531 916 5599 iniquitas.

387 5604 532 5676 742,
575 5602 631 5657 S.
664 5601 824 5655 Hier.
857 5600 1108 5672 interpr.
1186 5601 1230 5636 ²⁷
1264 5601 1404 5656 Vide
1438 5601 1597 5656 Sent.
1632 5599 1777 5656 Sixti
1811 5603 2054 5676 Pythag.
2088 5619 2157 5657 ex
2187 5599 2407 5656 Ruffini
2429 5599 2676 5670 interpr.

390 5687 449 5740 ιι,
480 5674 532 5726 8.

1023 5531 1068 5565 ³³
1098 5532 1120 5584 l
1148 5521 1315 5585 Joau.
1347 5546 1429 5599 Ill,
1464 5533 1545 5585 15.
1626 5521 1913 5601 ²⁴Ερὶίρψ
1948 5548 1997 5599 v,
2032 5536 2041 5549 ‘

2161 5530 2209 5565 ³⁵
2234 5529 2405 5601 Mich.
2433 5544 2502 5601 Αιι,
2540 5527 2649 5595 1-8,
2685 5541 2753 5580 ex
2786 5522 3121 5601 interpr.__S'.
3160 5521 3315 5575 Hier.

2156 4679 2274 4717 non
2306 4667 2397 4716 est
2426 4661 2525 4731 qui
2559 4664 2752 4724 nocet,
2786 4675 2896 4713 nec
2926 4658 3014 4711 vir
3042 4657 3349 4728 linguosus
3394 4657 3455 4710 in
3490 4655 3709 4711 malum
3742 4671 3807 4709 se

2155 4751 2445 4823 dirigetin
2469 4757 2647 4804 terra.
2682 4747 2838 4802 Nihil
2861 4763 2995 4801 vero
3018 4745 3160 4801 mali
3184 4745 3322 4807 vult,
3357 4746 3456 4816 qui
3478 4744 3672 4800 ﬁdelis
3695 4749 3804 4799 est.

2155 4840 2300 4896 Malo
2332 4840 2490 4895 enim
2524 4844 2581 4894 et
2610 4854 2785 4910 pravo
2818 4835 3052 4909 ingenio
3086 4835 3229 4891 ﬁdes
3269 4834 3463 4890 aliena
3506 4839 3615 4890 est.
3635 4831 3683 4869 ³⁸
3711 4833 3809 4887 Ait

2156 4930 2315 4985 enim
2338 4926 2650 5000 Apostolus
2673 4927 2745 4982 de
2768 4924 3098 4981 infidelium
3124 4924 3484 4996 ignorantia:
3512 4946 3541 4973 «
3565 4923 3621 4977 Si
3647 4922 3809 4977 enim

2155 5019 2907 5092 cognovissent,nunquam
2935 5014 3250 5070 Dominum
3270 5012 3471 5083 glorias
3486 5010 3809 5067 crucifixis-

2155 5114 2287 5163 sent
2313 5106 2379 5160 ⁸⁸³.
2416 5129 2445 5156 ››
2478 5105 2846 5177 Crucitlgunt
2875 5103 3035 5158 enim
3067 5102 3404 5165 Dominum,
3440 5100 3537 5170 qui
3574 5115 3707 5153 eum
3745 5098 3807 5152 in

2156 5196 2564 5254 sacerdotibus
2591 5195 2712 5250 suis
2733 5191 3339 5266 persequuntur,quia
3359 5207 3499 5245 crux
3532 5206 3565 5243 a
3588 5188 3811 5242 crucia-

3249 5307 3295 5341 ”
3344 5306 3459 5361 Jul.
3509 5303 3806 5373 Africano.

3338 5377 3385 5411 ¹⁸
3415 5375 3676 5431 detrahit.
3714 5374 3756 5409 ‘7
3790 5375 3810 5429 Ι

3330 5448 3376 5483 ²²
3405 5450 3458 5504 6.
3493 5452 3701 5517 quaest.
3742 5451 3762 5499 1
3795 5461 3808 5499 :

3410 5519 3455 5553 ²⁶
3488 5518 3737 5574 Nahum.
3775 5532 3811 5581 ι,

2783 5595 2828 5631 ³⁸
2851 5589 3018 5649 conc.
3045 5592 3205 5663 Hisp.
3234 5609 3296 5660 n,
3322 5608 3372 5646 c.
3403 5592 3485 5646 13.
3566 5590 3612 5624 ²⁹
3638 5591 3653 5644 l
3677 5589 3809 5645 Cor.

2446 5312 2490 5347 “
2548 5314 2749 5367 Triano
2799 5315 2847 5364 et
2897 5307 3142 5362 Heliano.

2684 5453 2728 5487 ¹¹
2760 5450 2938 5507 Eccli.
2974 5467 3143 5516 xxxv,
3173 5452 3225 5503 2.
