4114 6148
343 355 490 417 1081

1437 356 1823 418 EPISTOLA
1868 360 1971 417 AD
2015 356 2285 420 ΟΜΝΕὸ
2330 361 2674 422 FIDELES.

3602 358 3757 419 1082

1012 685 2281 854 TELESPHORI
2357 695 2936 858 PAP/E
3012 671 3057 706 ’³

1672 985 2274 1081 EPISTULA
2316 989 2418 1052 (1⁷)

1232 1192 1324 1245 AD
1366 1193 1596 1246 OMNES
1645 1166 2207 1252 UNlVe‘RSALITER
2254 1194 2533 1255 CHRISTI
2575 1200 2865 1256 FIDELES

346 1343 423 1395 De
437 1342 660 1411 jejunio
684 1348 888 1411 septem
920 1341 1390 1423 hebdomadarum
1412 1349 1539 1423 ante
1571 1343 1915 1423 Paschade
1943 1347 2231 1401 missarum
2249 1348 2633 1423 _celebratione
2658 1353 2719 1404 in
2751 1358 2908 1406 nocte
2934 1353 3146 1408 Natalis
3181 1352 3432 1407 Domini:
3466 1369 3574 1423 quo
3606 1358 3743 1408 tem-

1015 1429 1150 1482 pore
1180 1412 1306 1468 aliis
1332 1414 1519 1468 diebus
1548 1414 1733 1471 missae
1757 1415 2111 1485 celebrentur,
2145 1424 2196 1471 et
2227 1419 2292 1474 de
2322 1422 2699 1491 episcoporum
2728 1423 3062 1491 defensione.

342 1537 718 1592 Charissimis
733 1537 1016 1592 fratribus
1030 1536 1500 1592 etdilectissimis
1514 1538 1993 1609 episcopis.Tele—
2027 1564 2069 1629 Α
2104 1542 2185 1597 ita
2216 1547 2274 1597 et
2302 1544 2363 1597 in
2388 1544 2621 1616 jejunio
2654 1546 2829 1601 debet
2859 1547 2984 1602 fieri
3015 1547 3314 1603 discretio.
3336 1550 3405 1603 Et
3426 1548 3576 1603 sicut
3606 1549 3741 1605 laici

416 1626 668 1697 sphorus
700 1628 978 1681 Romana:
1006 1626 1171 1680 urbis
1201 1626 1706 1697 archiepiscopus,
1739 1626 1989 1683 salutem

411 1715 472 1768 in
505 1715 775 1769 Domino.

407 1802 715 1857 Credimus
745 1804 790 1836 ⁸⁸
816 1808 1083 1858 sanctam
1118 1803 1295 1859 ﬁdem
1328 1807 1668 1874 vestram,in
1696 1806 1988 1877 apostolo-

334 1907 472 1946 rum
496 1892 829 1946 eruditione
856 1892 1183 1960 fundatam,
1214 1893 1367 1948 hauc
1390 1898 1613 1959 tenere,
1642 1901 1698 1949 et
1720 1894 1871 1949 hanc
1893 1912 1992 1965 po-

337 1980 493 2051 pulis
515 1980 805 2035 universis
823 1996 1138 2051 exponere,
1158 1998 1289 2053 qua;
1307 1981 1583 2037 videlicet
1603 1999 1637 2038 a
1658 1983 1992 2039 constitutis

337 2068 768 2141 apostolorum,
790 2085 1115 2141 eorumque
1138 2072 1747 2133 successorum,nulla
1761 2072 1991 2127 ratione

334 2158 633 2229 dissentit,
663 2176 770 2231 per
807 2176 955 2232 quos
978 2160 1209 2231 justum
1241 2166 1330 2215 est
1358 2167 1602 2216 caeteros
1640 2160 1883 2217 erudiri.

1137 2287 1180 2341 Ι.

345 2394 415 2447 Ut
461 2398 665 2462 septem
720 2391 1093 2447 hebdomadas
1143 2398 1272 2447 ante
1321 2394 1534 2449 Pascha
1582 2394 1714 2449 cleri
1760 2412 1795 2450 a
1830 2410 1996 2450 carne

406 2465 689 2548 jeiunent,
744 2479 843 2519 nec
900 2464 1201 2519 admittant
1252 2464 1417 2519 laicos
1456 2467 1517 2520 in
1555 2465 1997 2522 accusationibus

415 2551 546 2591 suis.

416 2663 785 2733 Quapropter
814 2660 1174 2733 cognoscite,
1205 2678 1239 2717 a
1268 2660 1445 2716 nobis
1479 2666 1537 2717 et
1564 2678 1599 2718 a
1627 2663 1856 2718 cunctis
1878 2665 2000 2736 epi-

349 2750 542 2821 sCOpis
574 2750 636 2805 in
657 2749 770 2805 hac
792 2754 997 2805 sancta
1018 2755 1076 2804 et
1095 2749 1417 2822 apostolica
1446 2751 1585 2806 sede
1606 2753 1998 2824 congregatis,

356 2843 640 2893 statutum
669 2855 819 2904 esse,
850 2843 916 2893 ut
945 2844 1172 2909 septem
1200 2838 1603 2896 hebdomadas
1632 2839 1837 2911 plenas
1868 2846 2003 2896 ante

357 2933 625 2983 sanctum
651 2928 895 2994 Pascha,
920 2944 1128 2983 omnes
1148 2928 1346 2983 clerici
1372 2930 1433 2984 in
1450 2935 1670 2985 sortem
1691 2928 1739 2963 ⁸⁵
1760 2929 1994 2984 Domini
2028 2919 2072 2982 Β

353 3017 540 3090 (18)v.
564 3017 697 3081 cati,
731 3033 765 3071 a
794 3033 971 3072 carne
1025 3016 1343 3088 jejunent;
1396 3019 1534 3088 quia
1564 3018 1717 3073 sicut
1746 3017 2002 3074 discreta

352 3121 481 3161 esse
503 3104 678 3160 debet
696 3106 812 3160 vita
829 3105 1182 3160 clericorum
1197 3123 1231 3161 a
1244 3106 1529 3162 laicorum
1554 3108 1999 3162 conversatione

2105 1637 2163 1686 et
2193 1633 2504 1689 saeculares
2530 1635 2803 1691 homines
2829 1637 3044 1693 nolunt
3066 1654 3167 1692 eos
3188 1639 3451 1710 recipere
3481 1638 3541 1693 in
3572 1656 3744 1695 accu-

2099 1721 2429 1778 sationibus
2488 1729 2542 1779 et
2602 1725 3089 1781 infamationibus
3120 1728 3263 1789 suis,
3293 1727 3374 1781 ita
3403 1745 3513 1783 nec
3543 1729 3743 1783 clerici

2101 1811 2318 1866 debent
2348 1828 2448 1866 eos
2480 1814 2745 1883 recipere
2769 1816 2829 1868 in
2853 1815 3376 1886 impulsationibus
3402 1817 3526 1871 suis
3551 1837 3564 1885 ;
3600 1834 3750 1886 quo-

2103 1901 2257 1956 niam
2291 1903 2351 1955 in
2383 1902 2660 1958 omnibus
2682 1903 2939 1960 discreta
2959 1905 3135 1960 debet
3160 1922 3398 1976 semper
3424 1922 3552 1961 esse
3575 1911 3634 1960 et
3663 1922 3753 1960 se-

2101 1995 2336 2061 gregata
2367 1990 2485 2045 vita
2513 1997 2572 2046 et
2607 1994 2976 2049 conversatio
3008 1993 3384 2060 clericorum,
3417 2012 3485 2050 ac
3514 1997 3755 2052 saecula-

2101 2078 2254 2133 rium
2278 2078 2324 2113 ⁸⁵
2343 2079 2652 2135 laicorum.
2674 2082 2742 2136 Et
2763 2083 2915 2137 sicut
2936 2083 2995 2137 hi
3017 2084 3271 2155 amplius
3301 2090 3441 2138 sunt
3470 2085 3748 2156 applicati

2104 2168 2318 2223 divinis
2341 2170 2617 2239 cultibus,
2644 2175 2701 2226 et
2721 2172 3045 2227 familiares
3068 2173 3302 2228 Domini
3324 2173 3604 2229 dicuntur
3625 2174 3753 2229 Sal-

2102 2258 2341 2324 vatoris,
2375 2259 2456 2314 ita
2484 2260 2748 2316 moribus
2780 2266 2839 2315 et
2865 2263 3310 2317 conversatione
3340 2267 3517 2333 atque
3540 2264 3754 2318 sancti-

2106 2353 2223 2402 tate
2244 2347 2464 2402 debent
2483 2365 2612 2405 esse
2631 2349 2969 2406 distincti.$7
2991 2352 3103 2406 Has
3126 2368 3261 2423 ergo
3282 2357 3509 2422 septem
3531 2352 3752 2407 hebdo-

2106 2436 2310 2492 madas
2342 2453 2550 2492 omnes
2571 2437 2767 2493 clerici
2789 2455 2825 2494 a
2844 2456 3020 2495 carne
3051 2446 3109 2494 et
3139 2440 3370 2496 deliciis
3390 2441 3756 2514 jejunent,et

2104 2527 2346 2599 hymnis
2377 2533 2436 2583 et
2464 2528 2678 2601 vigiliis
2708 2534 2886 2600 atque
2906 2529 3273 2585 orationibus
3296 2530 3546 2585 Domino
3572 2530 3753 2585 inhie-

2106 2634 2238 2673 rere
2272 2618 2368 2674 die
2400 2623 2698 2689 noctuque
2740 2618 3038 2676 studeant.

2896 2730 2966 2784 II.

2112 2841 2188 2894 De
2228 2837 2591 2893 celebratione
2644 2836 2969 2963 missaruma
2988 2842 3040 2891 et
3085 2837 3286 2905 hymno
3334 2835 3582 2904 angelico
3610 2838 3750 2889 reei-

2833 2915 2927 2963 tan
2971 2924 3022 2963 ο.

2833 2915 3022 2963 tando.

2181 3018 2224 3053 ⁸⁸
2255 3020 2432 3072 Nocte
2465 3033 2600 3072 vero
2632 3021 2837 3072 sancta
2862 3015 3191 3071 Nativitatis
3222 3014 3455 3070 Domini
3487 3014 3597 3085 (19)
3632 3013 3758 3068 Sol-

2116 3108 2352 3175 valoris,
2383 3108 2596 3162 missas
2626 3105 2930 3161 celebrent
2959 3105 3088 3176 (20),
3124 3110 3180 3158 et
3218 3105 3506 3175 hymnum
3535 3102 3757 3173 angeli-

419 3228 466 3264 ⁸³
495 3246 606 3285 ms.
639 3230 848 3285 Irenaai
878 3230 979 3285 lib.
1014 3247 1101 3299 ιιι,
1135 3248 1185 3285 c.
1220 3232 1271 3297 3,
1308 3231 1703 3301 Telesiphorus.
1739 3231 2096 3298 Harduinus,
2121 3232 2221 3302 qui
2255 3247 2285 3286 e
2317 3247 2471 3302 saepe
2503 3230 2680 3285 citato
2712 3230 2840 3286 cod.
2875 3229 3084 3301 colleg.
3121 3229 3306 3302 Paris.
3339 3245 3460 3296 soc,
3487 3230 3622 3302 Jesu
3653 3228 3758 3302 de:

355 3303 576 3374 cerpsit
605 3309 922 3372 sequentes
952 3302 1142 3374 varias
1173 3300 1557 3357 lectiones.“
1586 3303 1891 3372 lpsissima
1920 3304 2096 3359 verba
2128 3300 2587 3374 épistolmDam.
2621 3302 2694 3356 ad
2723 3318 2808 3370 ep.
2832 3302 3047 3373 Illyrici
3070 3318 3139 3355 ex
3158 3300 3427 3374 versione
3448 3300 3759 3374 Epiphanii

354 3373 534 3428 Schol.
569 3375 720 3442 Trip.
756 3390 806 3438 v,
841 3375 928 3441 25,
960 3373 1088 3427 vide
1119 3374 1469 3428 Theodoreti
1501 3380 1561 3428 et
1590 3375 1896 3428 Sozomeni
1940 3373 2236 3430 historias.
2294 3374 2560 3428 Distinet.
2594 3376 2661 3427 4:
2726 3374 3031 3427 Statuimus
3061 3380 3123 3426 ut
3152 3379 3373 3441 septem.
3406 3373 3477 3426 Et
3505 3373 3566 3426 in
3604 3373 3754 3427 Deer.

349 3449 454 3509 lv.,
488 3443 591 3498 lib.
625 3461 680 3497 ιι.
712 3442 761 3477 ⁸⁵
788 3461 900 3498 ms.
933 3446 991 3499 in
1020 3451 1183 3498 sorte.
1224 3445 1267 3479 θσ
1298 3462 1409 3499 ms.
1443 3462 1505 3500 ac
1534 3446 1841 3501 saeularia.
1871 3444 1917 3480 ⁸⁷
1948 3446 2214 3502 Distinet.
2249 3448 2314 3500 4:
2347 3447 2648 3501 Staluimus
2676 3451 2737 3499 ut
2767 3451 2987 3514 septem.
3031 3446 3098 3497 Et
3127 3443 3187 3496 in
3232 3450 3385 3498 Uecr.
3417 3446 3523 3513 lv.,
3557 3443 3657 3497 lib.
3695 3461 3753 3498 ιι.

348 3514 397 3550 ⁸⁸
424 3518 499 3571 De
528 3531 765 3571 consecr.
798 3515 935 3571 dist.
971 3520 991 3569 1
1021 3533 1033 3571 :
1066 3519 1230 3572 Nocte
1259 3523 1468 3571 sancta.

449 3644 531 3703 l7:
562 3630 789 3702 Νοθείας
814 3648 1088 3711 suspecta

448 3714 532 3781 18)
582 3714 653 3767 Ut
688 3719 891 3781 septem
956 3712 1319 3767 hebdomadas
1361 3715 1553 3782 plenas
1600 3719 1725 3767 ante
1751 3720 2000 3768 sanetum

355 3785 569 3839 Pascha
594 3799 776 3837 omnes
798 3783 988 3855 clerici
1036 3786 1093 3836 in
1131 3790 1327 3855 sortem
1357 3785 1596 3839 Domini.
1631 3784 1795 3848 Quod
1825 3802 2003 3855 supra

356 3855 634 3927 diximus,
659 3854 1168 3927 quadragesimale
1184 3854 1505 3925 jejunium,
1523 3854 2003 3927 Clementi,lgna-

355 3927 438 3981 tio
457 3933 515 3980 et
534 3925 810 3997 Dionysio
826 3931 1091 3997 tempore
1107 3932 1347 3980 ettetate
1368 3927 1662 3996 prioribus
1678 3925 2000 3997 cognitum,

355 4014 477 4053 non
495 4014 529 4051 a
545 3996 1034 4067 Telesphoro,sed
1053 3998 1248 4067 potius
1270 3998 1342 4051 ab
1360 3998 1644 4068 apostolis
1663 3996 1799 4051 iusti
1812 4005 2001 4053 tutum

351 4085 504 4136 esse,
537 4084 572 4122 a
618 4068 975 4138 Telesphore
996 4074 1194 4123 autem
1220 4085 1343 4123 non
1374 4069 1489 4123 nisi
1523 4070 1740 4139 scripto
1765 4069 2001 4123 decreto

351 4142 652 4195 ﬁrmatum
671 4139 950 4194 aclericis
969 4145 1310 4211 perseptem
1325 4140 1581 4211 integras
1600 4140 2003 4195 hebdomadas

349 4211 647 4283 observari
690 4215 964 4283 exactum
1003 4227 1153 4276 esse,
1186 4212 1324 4283 hinc
1356 4218 1558 4283 aperte
1591 4217 1841 4266 constat.
1876 4214 2002 4283 Non

351 4283 511 4338 enim
543 4282 625 4337 ait
652 4281 967 4343 statuimus,
998 4289 1064 4337 ut
1092 4282 1243 4337 male
1286 4281 1596 4338 Gratianus
1628 4283 1763 4338 dist.
1798 4285 1830 4336 4
1860 4282 2002 4337 alle-

350 4361 468 4426 gat,
502 4352 606 4407 sed
637 4360 977 4423 quapropter
1009 4355 1333 4422 cognoscite,
1363 4360 1452 4408 etc
1507 4354 1634 4409 Sev.
1666 4355 1784 4409 BIN.

425 4428 535 4495 (19)
564 4426 726 4478 Nocte
781 4440 909 4478 vero
958 4431 1149 4479 sancta
1196 4425 1517 4480 Nativitatis
1567 4426 1803 4481 Domini.
1855 4426 2000 4480 Cum

350 4497 416 4551 in
446 4495 737 4551 sacrificio
768 4495 961 4549 missa:
995 4497 1277 4550 offeratur
1305 4496 1588 4564 Christus,
1622 4498 1722 4566 qui
1756 4501 1845 4551 est
1873 4513 2003 4551 can-

352 4567 463 4623 dor
484 4567 634 4621 lucis
651 4566 1079 4637 aaternze,juxta
1095 4566 1154 4621 id
1177 4566 1336 4638 quod
1357 4568 1428 4623 de
1453 4568 1644 4638 seipso
1670 4567 1812 4623 dicit
1829 4569 1999 4623 Joan.

351 4656 413 4693 ιχ
444 4655 573 4708 cap.
607 4654 619 4691 :
654 4659 681 4687 ‹‹
705 4640 790 4709 Me
822 4643 1053 4708 oportet
1083 4640 1316 4708 Operari
1346 4655 1526 4709 Opera
1555 4639 1682 4709 ejus
1709 4640 1811 4708 qui
1841 4639 2005 4694 misit

353 4726 472 4771 me,
506 4709 695 4782 donec
726 4708 852 4762 dies
870 4714 991 4782 est,
1026 4734 1046 4761 ι
1102 4710 1296 4782 sitque
1331 4708 1440 4764 hoc
1466 4708 1825 4765 sacrificium
1858 4710 2001 4782 legis

350 4782 576 4855 gratim,
610 4778 1049 4855 innquadivina
1077 4778 1316 4835 claritas
1347 4782 1639 4855 illustrius
1669 4778 2004 4855 communi-

354 4851 551 4918 catur;
587 4851 885 4906 ordinarie
913 4851 986 4923 ab
1011 4868 1224 4906 aurora
1251 4869 1437 4923 usque
1458 4852 1531 4907 ad
1554 4853 1866 4907 meridiem
1896 4855 2002 4907 hoc

351 4928 795 4980 sacrosanctum
857 4922 1051 4976 missae
1108 4922 1466 4979 sacrificium
1512 4924 1809 4979 celebrare
1841 4924 2000 4992 licet,

349 5002 487 5052 ante
518 5010 794 5066 auroram
827 5009 984 5066 vero,
1006 4994 1095 5047 vel
1119 5000 1249 5064 post
1284 4995 1593 5049 meridiem
1624 4995 1772 5049 illud
1803 4997 2000 5066 auspi-

346 5067 489 5129 cari,
523 5065 794 5122 omnium
838 5065 960 5137 fere
994 5066 1424 5137 theologorum
1454 5082 1521 5120 ac
1554 5065 1998 5121 summistarum

346 5153 643 5193 consensu
674 5137 832 5190 velut
862 5135 1136 5210 illicitum
1194 5135 1580 5208 improbatur.
1617 5137 1702 5192 Ab
1733 5139 1841 5192 hac
1874 5138 2000 5210 lege

346 5217 548 5266 tamen
582 5214 824 5279 propter
870 5206 1176 5262 decretum
1209 5206 1997 5264 etconstitutionemTelé—

349 5282 573 5352 sphori,
606 5286 721 5334 toto
755 5286 1043 5352 terrarum
1066 5279 1229 5352 orbe,
1254 5297 1369 5335 nox
1394 5281 1798 5335 sacratissima
1819 5281 2001 5351 inqua

346 5350 634 5409 Dominus
663 5356 868 5405 noster
907 5350 1073 5404 Jesus
1122 5351 1389 5406 Christus
1418 5353 1481 5406 in
1512 5354 1670 5407 hunc
1710 5350 1996 5406 munvlmn

340 5428 520 5480 homo
553 5429 727 5477 natus
756 5427 864 5488 est,
886 5420 1165 5494 singulari
1199 5430 1249 5477 el
1288 5425 1535 5492 mystico
1568 5423 1869 5494 privilegio
1902 5424 1995 5477 de-

340 5502 563 5551 corata.
597 5494 806 5547 merito
831 5492 1142 5566 excipitur,
1168 5496 1384 5566 quippe
1408 5512 1537 5565 quae
1570 5492 1995 5565 prepter(1hri-

337 5568 416 5622 sti
450 5566 734 5638 iulgorem
764 5580 831 5619 ac
854 5563 1202 5638 claritatem,
1233 5563 1357 5621 dies
1379 5563 1757 5638 potiusquam
1787 5582 1903 5638 nox
1925 5566 1995 5620 ab

340 5634 607 5709 Ecclesia
626 5636 1008 5709 repu‘tatasit.
1022 5634 1236 5709 Eodem
1258 5634 1565 5709 privilegio
1582 5634 1998 5709 noctemChri-

343 5708 419 5764 sti
449 5704 816 5779 resurgentis
839 5706 981 5760 olim
1004 5704 1280 5763 donatam
1302 5704 1508 5779 fuisse,
1530 5713 1746 5781 praeter
1765 5706 1995 5764 Walfri-

2109 3642 2249 3697 dum
2282 3642 2652 3711 Strabonem,
2712 3642 2785 3696 De
2831 3642 3032 3709 ofﬁciis
3082 3639 3289 3706 eccles.,
3340 3656 3468 3711 cap.
3508 3641 3598 3706 23,
3632 3656 3759 3709 cap.

2110 3714 2321 3770 Solent.
2356 3716 2431 3768 De
2458 3728 2690 3769 consec-r.
2715 3712 2851 3767 dist.
2889 3716 2936 3767 1.
2973 3716 3029 3765 et
3077 3727 3204 3781 cap.
3239 3710 3394 3775 Quod
3422 3727 3455 3764 a
3479 3711 3760 3779 patribus,

2110 3786 2246 3840 dist.
2270 3788 2355 3851 75,
2391 3791 2547 3839 recte
2578 3789 2889 3839 testantur.
2920 3784 3037 3837 Hac
3068 3783 3227 3837 enim
3261 3788 3456 3848 nocte,
3480 3782 3638 3836 circa
3668 3798 3761 3835 ve-

2114 3856 2864 3927 spertinumcrepusculum
2876 3898 2888 3922 ,
2904 3852 3762 3927 prOphetieelegebanturﬁgnis

2114 3924 2170 3983 et
2201 3943 2405 3981 cereus
2456 3924 2972 3988 consecrabantur,
3008 3930 3354 3995 aeternaque
3391 3924 3760 3978 caaremoniae

2115 4000 2303 4055 solitae
2336 3999 2596 4063 ﬁebant;
2630 3998 2870 4052 demum
2905 4002 3037 4067 post
3067 3996 3330 4051 medium
3354 3995 3545 4067 noctis
3574 3995 3758 4049 missa

2112 4070 2521 4125 inchoabatur.
2556 4068 2721 4123 Nunc
2753 4066 2953 4123 autem
3000 4067 3100 4122 illa
3142 4066 3510 4122 consuetudo
3545 4071 3756 4133 cessat,

2113 4159 2246 4197 cum
2271 4142 2398 4213 jam
2431 4139 2681 4213 Sabbato
2705 4138 3041 4213 sancto_illa
3063 4139 3245 4193 missa
3266 4137 3441 4210 paulo
3471 4144 3607 4213 ante
3634 4153 3760 4213 me-

2112 4209 2325 4269 ridiem
2370 4211 2725 4267 celebretur.
2782 4210 2931 4275 Quid
2964 4209 3035 4263 de
3067 4209 3310 4279 vespero
3351 4225 3532 4264 omnes
3564 4209 3763 4263 Domi-

2118 4286 2287 4349 nicaa,
2313 4289 2371 4338 et
2392 4283 2465 4338 de
2482 4287 2655 4337 nocte
2678 4281 3407 4354 singularumvigiliarum
3430 4281 3569 4354 olim
3601 4296 3761 4354 rece-

2118 4363 2284 4427 ptum
2316 4355 2513 4418 fuerit,
2542 4352 2809 4427 videatur
2829 4352 3144 4427 Walfridus
3164 4352 3445 4427 praedicto
3478 4352 3628 4427 loco,
3664 4352 3765 4427 B_a-

2111 4422 2315 4481 ronius
2343 4442 2500 4481 anno
2528 4425 2743 4480 Christi
2792 4426 2913 4491 154,
2971 4440 3031 4477 ιι.
3089 4427 3142 4491 2,
3168 4422 3449 4479 ’Bellarm.
3478 4422 3578 4479 lib.
3613 4439 3653 4476 ιι
3683 4425 3761 4477 De

2109 4501 2300 4563 missa,
2328 4513 2453 4568 cap.
2493 4500 2578 4551 14.
2611 4498 2690 4551 In.

2181 4570 2292 4641 (20)
2324 4566 2515 4641 Missas
2545 4568 2832 4641 celebrent.
2866 4566 3275 4641 Communiac
3304 4566 3611 4641 ordinario
3621 4566 3758 4637 jure

2109 4641 2258 4695 nulli
2276 4638 2565 4695 Sacerdoti
2589 4640 2804 4709 saepius
2818 4654 2995 4708 quam
3020 4639 3205 4693 semel
3223 4639 3284 4693 in
3308 4639 3401 4694 die
3425 4638 3759 4693 sacriﬁcare

2109 4712 2267 4777 licet,
2299 4718 2366 4765 ut
2395 4717 2625 4765 constat
2645 4727 2717 4765 ex
2742 4712 3092 4780 cap.Sufﬁc..
3114 4711 3184 4764 De
3204 4717 3498 4765 consecrat.
3534 4709 3670 4764 dist.
3708 4712 3759 4774 1,

2108 4783 2209 4837 ubi
2242 4782 2385 4837 dicit
2414 4781 2576 4836 Alex.
2615 4797 2766 4852 papa
2799 4784 2844 4834 ll
2871 4798 2883 4835 :
2935 4803 2961 4830 ‹‹
2988 4781 3218 4836 Sufﬁcit
3255 4781 3544 4835 sacerdoti
3578 4796 3759 4834 unam

2108 4855 2349 4909 missam
2381 4853 2443 4907 in
2472 4853 2565 4908 die
2597 4869 2716 4907 una
2754 4853 3074 4919 celebrare,
3110 4852 3250 4923 quia
3279 4853 3543 4905 Christus
3575 4852 3759 4923 semel

2107 4942 2317 4997 passus
2348 4932 2454 4988 est,
2486 4930 2543 4979 et
2567 4931 2755 4997 totum
2781 4924 3067 4997 mundum
3094 4922 3500 4997 redemitzNo-n
3525 4922 3757 4997 modica

2108 4992 2202 5052 res
2235 5003 2324 5051 est
2343 5013 2525 5051 unam
2559 4996 2795 5049 missam
2832 4996 3045 5060 facere,
3079 5000 3136 5048 et
3158 4993 3325 5047 valde
3358 4992 3497 5047 felix
3538 4997 3628 5044 est
3658 4992 3757 5061 qui
3834 5054 3843 5059 _

2108 5085 2289 5124 unam
2317 5067 2490 5139 digne
2515 5067 2814 5139 celebrare
2839 5071 3052 5139 potest.
3080 5088 3105 5113 ››
3134 5067 3203 5119 Et
3222 5064 3376 5139 infra
3401 5079 3414 5115 :
3443 5085 3468 5111 ‹‹
3492 5062 3595 5126 Qui
3623 5078 3757 5139 vero

2110 5157 2216 5211 pro
2241 5132 2635 5211 pecuniis,aut
2658 5132 3099 5211 adulationibus
3113 5135 3647 5211 saecularium.una_
3663 5132 3755 5187 die

2109 5204 2417 5282 praesumit
2439 5204 2638 5281 plures
2660 5208 3230 5282 facere_missas,non
3256 5206 3484 5282 aestimo
3506 5204 3755 5282 evadere

2109 5275 2570 5337 damnationem.
2598 5304 2625 5330 υ
2653 5282 2730 5335 Ex
2752 5279 2968 5349 quibus
2989 5278 3181 5333 verbis
3199 5275 3635 5348 posteriobibus
3660 5292 3759 5349 pa;

2111 5360 2191 5407 let
2214 5354 2612 5408 Alexandrum
2639 5353 2750 5407 hoc
2770 5346 2899 5405 non
2927 5346 3295 5405 consuluisse
3330 5349 3636 5412 duntaxat,
3654 5346 3759 5401 sed

2107 5427 2278 5481 etiam
2291 5426 2398 5480 sub
2416 5441 2586 5495 poena
2599 5422 2999 5495 damnationis
3016 5418 3761 5495 przecepisseConlirmata

2106 5505 2195 5551 est
2229 5499 2320 5551 lex
2342 5491 2454 5551 ista
2485 5494 2884 5551 ecclesiastica
2919 5491 3027 5564 per,
3050 5493 3461 5548 Innocentium
3490 5491 3590 5555 111,
3627 5507 3755 5562 cap.

2109 5569 2457 5634 (.‘onsuluisti,
2492 5574 2547 5622 et
2578 5584 2684 5637 per
2714 5567 3037 5637 Honorium
3070 5567 3162 5620 Ill.
3188 5580 3326 5637 cap.
3362 5566 3436 5637 De
3464 5566 3753 5637 referente,

2104 5641 2181 5693 De
2202 5641 2562 5695 celebratione
2578 5634 2908 5708 'mz'ssarum.
2934 5636 3093 5692 Sicut
3123 5636 3303 5708 igitur
3332 5634 3755 5708 Natali_Domi-

2103 5710 2239 5766 nico
2270 5726 2342 5765 ex
2372 5709 2672 5782 privilegio
2723 5707 3005 5780 singulari
3053 5705 3357 5781 competit,
3390 5705 3548 5779 quod
3577 5711 3751 5762 nocte
