4114 6148
364 349 518 407 1085

1446 347 1831 408 EPISTULA
1877 350 1980 408 AD
2025 349 2294 410 OMNEB
2336 345 2691 407 FIDELES.

3623 353 3776 412 1086

361 479 723 534 dilacerandi
763 484 862 533 aut
887 479 1270 534 detrahendi:
1298 481 1436 550 quia
1455 481 1668 551 quibus
1691 498 1752 535 se
1775 483 2007 537 Domini
2041 488 2089 550 Α
2124 481 2519 553 recipientur;
2555 481 2694 550 quia
2726 497 2930 538 eorum
2974 483 3267 538 aemulatio
3322 483 3544 540 lacerat
3594 487 3771 543 etiam

362 569 616 641 populus
649 569 937 624 benedici.
976 569 1178 622 salvari
1216 575 1273 622 et
1303 571 1516 624 instrui
1545 571 1724 640 cupit,
1758 571 2016 626 nullate—

363 675 478 711 nus
513 658 686 711 debet
717 674 816 711 eos
849 674 1113 727 arguere,
1148 676 1256 712 nec
1291 659 1493 729 vulgus
1527 661 1585 712 in
1611 677 1813 714 eorum
1848 678 2011 716 accu.

366 747 594 801 satione
629 747 866 816 suscipi.
906 747 1157 817 Populus
1188 747 1346 803 enim
1379 749 1450 802 ab
1474 750 1877 804 eisdocendus
1902 756 2010 816 est,

366 842 423 889 et
455 833 885 904 corripiendus,
920 851 1040 887 non
1074 835 1183 904 ipsi
1220 835 1290 888 ab
1324 853 1412 904 eo,
1447 835 1585 906 quia
1616 860 1641 886 ‹‹
1670 853 1788 891 non
1821 843 1907 890 est
1930 837 2012 890 di-

369 925 629 995 scipulus
666 941 842 993 super
873 925 1218 994 magistrum
1250 925 1317 980 “2.
1354 947 1381 975 ››
1415 927 1585 980 Nullo
1621 926 1793 980 modo
1837 928 2013 998 igitur

369 1014 601 1068 Domini
638 1015 947 1084 pontiﬁces
967 1021 1024 1068 et
1047 1015 1259 1084 reliqui
1292 1016 1647 1078 sacerdotes,
1674 1017 1888 1085 quibus
1911 1018 2012 1069 Do-

363 1104 508 1157 mini
534 1103 844 1156 commissa
868 1109 956 1155 est
979 1102 1164 1172 plebs,
1181 1103 1290 1157 rite
1314 1105 1597 1174 p0pulum
1617 1111 2011 1175 possuntcor-

362 1193 576 1260 rigere,
613 1194 657 1245 si
693 1193 1057 1261 deceptionis
1097 1210 1156 1245 se
1189 1194 1568 1264 cognoverint
1618 1194 1827 1263 laqueo
1861 1195 2012 1248 infe-

361 1281 521 1335 stari.
554 1281 714 1335 Unde
740 1282 970 1351 justum
1006 1287 1091 1333 est
1123 1298 1330 1334 omnes
1383 1283 1440 1335 in
1487 1283 1762 1337 universo
1792 1282 1839 1315 93
1871 1283 2010 1336 orbe

359 1370 632 1423 doctores
667 1370 830 1439 legis,
867 1386 933 1422 ea
976 1387 1104 1439 qua:
1153 1371 1295 1441 legis
1341 1376 1480 1424 sunt
1509 1389 1735 1442 sapere,
1791 1379 1849 1426 et
1891 1390 2011 1427 non

358 1462 696 1514 sacerdotes
717 1461 948 1514 Domini
972 1461 1140 1514 labiis
1158 1463 1277 1516 suis
1302 1468 1401 1516 aut
1419 1463 1782 1532 quibuslibet
1797 1465 2015 1519 machi-

359 1554 699 1607 nationibus
735 1554 1050 1608 macularo.
1090 1557 1234 1609 Dum
1265 1556 1420 1609 enim
1482 1557 1641 1625 ipsos
1691 1553 2014 1626 disponunt

358 1649 458 1696 aut
490 1643 736 1712 cupiunt
767 1644 1086 1707 maculare,
1121 1645 1314 1713 potius
1350 1646 1573 1714 seipsos
1625 1647 1920 1700 maculent
1956 1652 2013 1700 et

357 1732 690 1786 vulnerant.
731 1734 828 1785 Dei
859 1750 988 1802 ergo
1018 1739 1253 1787 accusat
1281 1734 1736 1798 ordinationem,
1764 1736 2005 1804 quieos,

359 1821 458 1890 qui
495 1820 564 1874 ab
599 1839 664 1874 eo
708 1821 1168 1887 constituuntur,
1226 1822 1561 1876 sacerdotes
1612 1829 1868 1888 accusat,
1921 1824 2008 1877 vel

355 1911 626 1963 damnari
659 1909 701 1942 ⁹⁴
734 1912 913 1980 cupit.
939 1914 978 1963 Α
1007 1912 1220 1980 quibus
1256 1930 1313 1966 se
1339 1929 1544 1965 omnes
1571 1913 1776 1966 ﬁdeles
1802 1930 2003 1968 cavere
2042 1897 2080 1958 Β

354 1999 592 2058 debent.
628 1999 765 2068 quia
795 2017 914 2054 non
943 2000 1135 2054 solum
1179 2002 1278 2069 qui
1312 2002 1555 2067 faciunt,
1581 2002 1682 2056 sed
1702 2004 1879 2057 etiam
1906 2004 2006 2072 qui

353 2087 734 2141 consentiunt
757 2089 1127 2155 facientibus,
1156 2089 1236 2141 rei
1264 2091 1693 2142 sunt.Christus
1718 2091 1876 2144 enim
1905 2092 2004 2144 Dei

353 2175 548 2239 Filius,
591 2176 871 2229 Dominus
903 2184 1106 2230 noster
1135 2178 1198 2244 9⁵,
1232 2178 1492 2231 humano
1518 2180 1716 2247 generi
1752 2181 2003 2234 salutem

354 2264 697 2319 condonans
733 2265 988 2335 plenam,
1027 2265 1094 2319 de
1131 2266 1297 2318 nobis
1330 2267 1446 2320 ait:
1492 2291 1515 2317 (τ
1545 2269 1648 2332 Qui
1677 2285 1773 2322 vos
1795 2270 2006 2339 recipit

352 2371 445 2408 me
481 2355 724 2424 recipit;
759 2361 815 2408 et
848 2357 944 2424 qui
981 2373 1080 2408 vos
1114 2358 1356 2424 spernit,
1395 2374 1484 2410 me
1519 2359 1746 2427 spernit
1795 2358 1855 2412 θδ.
1890 2381 1911 2406 η
1947 2359 2001 2412 Si

356 2460 490 2513 ergo
529 2445 808 2496 Dominus
840 2445 898 2497 in
934 2445 1015 2497 eis
1048 2445 1334 2515 recipitur
1367 2453 1423 2498 et
1471 2448 1761 2514 rejicitur,
1797 2448 1998 2517 procul

357 2530 532 2584 dubio
550 2532 732 2600 ipsius
751 2537 903 2592 sunt,
941 2532 1039 2600 qui
1066 2534 1122 2584 in
1148 2533 1231 2585 eis
1257 2534 1526 2603 rejicitur
1550 2535 1635 2586 vel
1662 2536 1998 2604 suscipitur.

352 2645 376 2670 ‹‹
408 2623 472 2673 Et
491 2629 551 2674 tu
581 2623 711 2690 quis
740 2623 1169 2691 es.«'piijudicas
1194 2640 1425 2676 servum
1441 2624 1700 2677 alienum
1716 2624 1998 2679 "7?nPro-

353 2712 447 2764 cul
479 2712 655 2765 dubio
692 2719 1085 2782 transgressor
1115 2730 1175 2764 es
1210 2713 1352 2781 legis
1385 2714 1484 2766 Dei
1510 2719 1565 2766 et.
1596 2715 1998 2784 apostolorum

352 2808 525 2870 atque
552 2801 971 2870 prophetarum
1003 2818 1014 2854 :
1036 2807 1091 2856 et
1109 2819 1224 2855 non
1246 2803 1439 2857 solum
1461 2803 1800 2868 harum,sr:d
1821 2805 1998 2858 etiam

355 2889 546 2959 legui‘n
583 2891 994 2956 humanarum.
1031 2893 1247 2944 Omnes
1278 2892 1435 2944 enim
1469 2890 1625 2963 leges
1650 2898 1764 2946 tam
1786 2892 1998 2946 divinm

351 2996 525 3047 quam
565 2985 621 3032 et
658 2981 957 3046 humanae,
992 2981 1257 3034 alienum
1293 2999 1524 3036 servum
1557 2982 1826 3052 judicare
1860 3000 1999 3052 pro—

351 3068 575 3122 hibent.
607 3070 754 3132 Quid.
788 3075 958 3140 putas
993 3070 1102 3123 erit
1132 3071 1201 3124 de
1238 3077 1311 3138 te,
1345 3089 1477 3125 cum
1529 3076 1997 3142 transgressores

347 3162 402 3210 et
436 3158 879 3211 conculcatores
917 3158 1059 3229 legis
1087 3160 1186 3212 Dei
1211 3159 1698 3214 damnabuntur?
1732 3161 1995 3216 Profecto

2124 575 2489 627 innocentes.
2518 572 2683 624 llunc
2703 589 2935 626 murum
2963 575 3374 628 ﬁrmissimum
3399 575 3419 606 ⁴
3442 581 3774 632 statuerunt

2123 669 2320 734 patres
2351 659 2558 724 nostri,
2593 666 2651 713 et
2681 678 2788 715 nos
2823 678 2956 716 cum
2988 662 3092 722 eis,
3129 669 3332 717 contra
3365 672 3772 734 persecutores

2123 758 2356 806 nostros
2375 749 2490 816 5,11t
2508 749 2618 803 hoc
2638 751 2902 804 remedio
2927 767 3131 806 eorum
3158 752 3453 822 pellantur
3475 755 3770 809 machina-

2122 848 2342 906 menta,
2377 846 2434 895 et
2475 858 2574 894 vos
2627 843 2955 895 securiores
3004 849 3060 897 et
3107 844 3432 898 sanctiores
3491 846 3762 900 famulari

2120 931 2470 987 mereamini
2497 936 2686 983 vestro
2706 930 3006 986 Salvatori.
3041 931 3350 999 Caeterum,
3380 956 3404 981 ‹‹
3431 935 3765 988 considerat

2122 1023 2338 1093 impius
2361 1025 2613 1094 justum,
2649 1030 2704 1077 et
2736 1024 2948 1092 quaerit
2979 1029 3037 1075 ut
3061 1023 3291 1078 occidat
3315 1039 3448 1077 eum
3480 1023 3760 1077 Dominus

2120 1130 2239 1167 non
2272 1113 2645 1184 derelinquet
2676 1131 2809 1167 eum
2846 1114 2902 1167 in
2939 1129 3148 1166 manus
3181 1113 3330 1181 ejus,
3379 1119 3435 1166 et
3469 1130 3584 1166 non
3618 1130 3760 1166 con-

2121 1201 2442 1256 demnabit.
2478 1220 2633 1266 eum,
2668 1221 2800 1256 cum
2827 1202 3193 1273 judicabitur
3220 1202 3325 1255 illi.
3361 1204 3765 1272 ExspcctaDo-

2122 1291 2348 1344 minum
2377 1297 2433 1344 et
2453 1291 2679 1344 custodi
2717 1291 2866 1343 viam
2884 1291 3040 1359 ejus:
3067 1296 3123 1342 et
3147 1290 3424 1343 exaltabit
3455 1297 3506 1343 te
3529 1298 3593 1344 ut
3625 1309 3762 1361 pos-

2123 1380 2316 1433 sideas
2344 1387 2590 1433 terram:
2625 1396 2756 1433 cum
2791 1378 3118 1432 interibunt
3153 1378 3338 1447 impii,
3367 1378 3610 1434 videbis.
3637 1381 3763 1434 Vidi

2125 1469 2370 1538 impium
2401 1469 2708 1522 robustum
2735 1474 2791 1521 et
2816 1467 3225 1530 fortissimum,
3257 1467 3407 1520 sicut
3429 1468 3763 1538 indigenam

2123 1559 2430 1613 virentem.
2465 1561 2531 1610 Et
2566 1558 2822 1620 transivi,
2861 1562 2917 1609 et
2947 1573 3082 1609 ecce
3115 1572 3232 1608 non
3267 1561 3418 1621 erat;
3445 1564 3499 1609 et
3524 1557 3763 1626 qumsivi

2123 1663 2278 1708 eum,
2315 1653 2372 1700 et
2403 1664 2520 1700 non
2553 1653 2643 1700 est
2664 1647 2951 1700 inventus.
2983 1644 3220 1698 Custodi
3244 1644 3684 1715 simplicitatem
3709 1651 3764 1699 et

2119 1736 2248 1788 vide
2281 1741 2523 1799 rectum,
2555 1736 2692 1805 quia
2716 1735 2826 1788 erit
2858 1735 2912 1786 in
2939 1739 3268 1786 extremum
3289 1733 3411 1786 viro
3435 1751 3563 1803 pax.
3603 1737 3762 1787 Prw-

2119 1824 2472 1878 varicatores
2502 1830 2699 1877 autem
2733 1821 3064 1876 interibunt
3094 1823 3332 1894 pariter,
3377 1826 3431 1876 et
3458 1822 3478 1854 δ
3511 1823 3763 1876 novissi-

2114 1931 2273 1966 mum
2310 1915 2626 1983 impiorum
2659 1913 2896 1983 peribit.
2931 1913 3101 1966 Salus
3160 1917 3357 1965 autem
3397 1913 3695 1981 justoium
3729 1929 3760 1966 a

2114 2003 2383 2065 Domino,
2418 2001 2696 2057 fortitudo
2732 2019 2936 2059 eorum
2973 2009 3235 2072 tempore
3271 2001 3762 2056 tribulationisEt.

2112 2091 2494 2144 auxiliabitur
2517 2091 2602 2143 eis
2627 2091 2907 2144 Dominus
2937 2096 2993 2143 et
3019 2090 3296 2143 liberabit
3324 2107 3421 2142 eos
3445 2091 3514 2142 ab
3540 2091 3760 2160 impiis,

2113 2184 2170 2230 et
2195 2180 2397 2249 eripiet
2427 2196 2527 2231 eos
2551 2179 2620 2231 ab
2646 2179 2865 2248 impiis,
2893 2184 2949 2232 et
2975 2179 3220 2232 salvabit
3248 2195 3364 2238 eos,
3403 2179 3539 2246 quia
3564 2195 3762 2248 spera-

2112 2268 2390 2322 veruntin
2414 2285 2482 2321 eo
2505 2266 2545 2320 τ.
2579 2270 2694 2320 »Εἰ
2722 2267 2896 2321 alibi:
2925 2290 2952 2315 ‹‹
2986 2267 3132 2330 Quid
3157 2267 3356 2337 gloria;
3377 2267 3422 2319 is
3447 2267 3503 2319 in
3535 2268 3760 2322 malitia

2109 2357 2358 2426 potens?
2379 2356 2773 2408 Misericxmdia
2798 2356 2896 2408 Dei
2925 2362 3044 2408 tota
3070 2361 3157 2408 est
3187 2356 3300 2409 die.
3328 2356 3576 2408 Insidias
3600 2357 3759 2427 cogi-

2113 2444 2251 2497 tavit
2283 2444 2484 2515 lingua
2514 2450 2632 2502 tua.
2672 2444 2838 2512 quasi
2875 2444 3159 2497 novacula
3189 2450 3291 2498 tua
3332 2449 3501 2497 acuta
3535 2445 3756 2499 faciens

2109 2532 2600 2586 dolum.Dilexisti
2617 2533 2904 2586 malitiam
2922 2533 3107 2604 magis
3127 2550 3302 2603 quam
3323 2534 3564 2596 bonum,
3585 2551 3753 2588 men—

2107 2621 2338 2676 dacium
2363 2622 2545 2693 magis
2565 2638 2740 2690 quam
2768 2622 3534 2692 loquijustitiam.t)ilexisti
3555 2624 3753 2677 omnia

2105 2710 2280 2764 verba
2312 2711 2381 2764 ad
2407 2710 2830 2773 devorandum,
2871 2711 3070 2780 lingua
3101 2712 3321 2765 dolosa.
3352 2713 3458 2765 Sed
3483 2714 3631 2765 Deus
3654 2713 3753 2766 (le-

2108 2805 2294 2854 struet
2337 2805 2388 2854 te
2419 2801 2478 2854 in
2508 2801 2956 2870 sempiternum,
2996 2801 3239 2854 torrebit
3266 2809 3337 2860 te,
3373 2808 3429 2853 et.
3460 2801 3668 2854 ev'rllet
3701 2807 3752 2854 te

2106 2888 2176 2942 de
2209 2889 2586 2943 tabernaculo
2612 2895 2731 2954 tuo,
2769 2895 2826 2943 et
2854 2889 3176 2943 eradicabit
3209 2896 3260 2943 te
3293 2889 3362 2942 de
3390 2896 3546 2943 terra
3565 2890 3753 2942 viven-

2106 2978 2272 3033 tium.
2307 2978 2604 3032 Videbunt
2627 2980 2775 3048 justi
2810 2985 2866 3032 et
2892 2980 3201 3046 timebunt,
3233 2986 3288 3033 et
3320 2996 3496 3050 super
3518 2997 3652 3034 eum
3677 2982 3750 3033 ri-

2105 3066 2347 3122 debunt.
2381 3069 2525 3122 Ecce
2559 3069 2642 3122 vir
2670 3069 2768 3138 qui
2791 3087 2910 3123 non
2934 3069 3128 3140 posuit
3156 3068 3561 3123 fortitudinem
3579 3086 3745 3124 suam

2103 3157 2161 3210 in
2196 3158 2401 3224 Deum,
2434 3157 2536 3211 sed
2570 3159 2824 3227 speravit
2862 3158 2921 3212 in
2976 3158 3358 3213 multitudine
3408 3159 3745 3214 divitiarum

347 3250 402 3297 et
431 3251 490 3298 tu
520 3245 920 3312 damnaberis,
946 3246 1084 3315 quia
1110 3248 1848 3317 postposuistimandatum
1869 3250 1989 3318 Dei,
2034 3267 2074 3332 ρ
2106 3263 2368 3314 suarum,
2394 3247 2758 3300 confortatus
2789 3252 2875 3301 est
2898 3248 2959 3301 in
2981 3247 3211 3302 insidiis
3235 3249 3375 3301 suis.
3406 3251 3518 3319 Ego
3547 3254 3744 3302 autem

349 3338 404 3387 et
440 3339 597 3388 tuam
631 3334 968 3404 adimplesti
997 3335 1357 3389 voluntatem
1414 3337 1702 3400 Quoniam
1737 3338 1886 3392 sicut
1909 3339 1993 3392 di-

351 3424 448 3495 gni
483 3431 620 3476 sunt
655 3424 787 3488 vita,
818 3424 917 3491 qui
945 3425 1289 3478 mandatum
1325 3426 1422 3478 Dei
1457 3425 1788 3497 adimplent
1817 3434 1993 3497 atque

348 3513 714 3576 custodiunt,
749 3513 829 3566 ita
863 3514 940 3566 rei
979 3520 1032 3565 et
1065 3513 1329 3585 pel-digni
1366 3522 1499 3568 sunt
1552 3522 1756 3584 morte,
1795 3518 1891 3586 qui
1929 3536 1994 3572 ea

347 3606 733 3672 postponunt,
769 3607 825 3654 et
857 3603 912 3654 in
947 3619 1156 3655 vanum
1189 3603 1429 3656 ducunt.
1469 3607 1568 3657 Est
1592 3606 1748 3659 enim
1775 3607 1992 3677 inapo-

342 3691 568 3744 stolicis
593 3693 875 3760 scriptum
904 3691 1220 3745 institutis:
1249 3692 1292 3724 93
1317 3717 1341 3741 ‹‹
1365 3692 1622 3748 Alterius
1637 3695 1812 3750 vitam
1828 3713 1936 3749 ῑιρίι
1959 3714 1989 3750 o

338 3783 578 3841 laceret,
618 3787 674 3834 et
707 3780 774 3833 de
809 3781 964 3834 malo
997 3781 1189 3834 alieno
1222 3799 1284 3835 os
1318 3799 1486 3836 suum
1541 3801 1658 3836 non
1720 3787 1985 3855 coinqui-

335 3875 456 3923 net.
489 3893 513 3917 υ
551 3873 934 3923 Accusatores
971 3888 1101 3925 vero
1124 3877 1181 3924 et
1204 3874 1632 3939 accusationes,
1665 3892 1806 3943 quas
1835 3876 1988 3943 leges

337 3959 538 4012 sinenti
575 3976 691 4011 non
725 3960 1064 4020 admittunt,
1103 3966 1157 4013 et
1185 3978 1290 4014 nos
1333 3963 1766 4016 submovemus.

1112 4053 1194 4103 lV.

641 4141 714 4190 De
746 4141 1155 4193 accusatoribus
1189 4157 1294 4194 non
1328 4143 1679 4210 recipiendis.

407 4225 450 4260 υἷ’
491 4229 559 4279 Et
589 4228 913 4280 accusatori
945 4229 1187 4282 omnino
1222 4247 1337 4282 non
1372 4231 1528 4284 credi
1589 4232 1982 4298 decernimus,

337 4315 1327 4385 (Il.ll,:2l?S(‘l1lO(1(th‘f’Stll‘lO,Ctltl§flm
1347 4321 1601 4389 suggerit
1623 4328 1754 4374 ante
1774 4323 1959 4376 utrius

337 4423 449 4475 que
484 4406 666 4474 partis
691 4405 914 4475 justam
949 4407 1401 4462 discussionem.
1438 4412 1550 4462 Nec
1584 4410 1662 4475 lii,
1711 4411 1811 4480 qui
1863 4429 1981 4467 non

333 4501 470 4548 sunt
490 4495 1119 4564 idonei,suscipiantur
1141 4496 1211 4549 ad
1227 4500 1753 4564 accusationem,et
1776 4517 1980 4555 omnes

2107 3337 2259 3391 sicut
2290 3338 2440 3391 oliva
2471 3337 2664 3390 virens
2699 3337 2760 3389 in
2793 3336 2966 3391 domo
3004 3338 3127 3403 Dei,
3161 3339 3382 3408 speravi
3421 3339 3475 3392 in
3512 3339 3747 3392 miseri-

2102 3427 2304 3480 cordia
2336 3425 2436 3480 Dei
2472 3426 2528 3479 in
2559 3425 2841 3479 saeculum
2871 3431 2928 3480 et
2950 3427 3005 3480 in
3041 3434 3323 3480 arternum
3347 3429 3385 3480 ⁸.
3415 3429 3748 3482 Conﬁtebor

2105 3515 2205 3568 tibi
2243 3515 2302 3568 in
2337 3514 2639 3580 sreculum,
2677 3515 2954 3584 quoniam
2989 3515 3171 3569 fecisti
3199 3521 3254 3568 et
3277 3518 3623 3586 exspectabo
3649 3535 3749 3571 no-

2099 3622 2238 3658 men
2273 3611 2458 3668 tuum,
2493 3605 2777 3673 quoniam
2811 3605 3029 3658 bonum
3063 3605 3121 3658 in
3155 3612 3474 3674 conspectu
3512 3613 3746 3660 sancto—

2097 3711 2230 3748 rum
2265 3694 2286 3724 υ
2314 3699 2550 3748 tuorum
2594 3694 2656 3746 ¹⁰.
2690 3695 2767 3748 De
2796 3693 3007 3747 talibus
3031 3695 3190 3747 enim
3214 3695 3661 3749 insidiatoribus
3690 3701 3747 3748 et

2096 3784 2541 3837 accusatoribus
2574 3799 2872 3837 servorum
2909 3800 3148 3836 suorum
3173 3783 3436 3853 loquitur
3462 3785 3742 3838 Dominus

2096 3891 2200 3943 per
2230 3875 2584 3944 Prophetam
2619 3874 2858 3927 dicens:
2896 3898 2921 3922 u
2949 3875 3021 3928 Os
3043 3880 3207 3928 tuum
3234 3875 3508 3928 dimisisti
3531 3876 3600 3929 ad
3623 3893 3738 3928 nia-

2095 3961 2372 4030 litiam,et
2397 3964 2599 4033 lingua
2624 3969 2722 4016 tua
2745 3963 3122 4016 concinnavit
3144 3964 3365 4018 dolum.
3389 3965 3607 4018 Sedens
3637 3966 3739 4018 ad-

2094 4069 2292 4106 versus
2323 4053 2563 4106 fratrem
2592 4058 2752 4106 tuum
2781 4051 3134 4120 loquebaris.
3162 4058 3217 4105 et
3241 4053 3298 4107 in
3324 4054 3510 4107 ﬁlium
3539 4055 3741 4107 matris

2097 4145 2208 4194 ture
2244 4139 2630 4195 fabricabaris
2663 4140 3062 4210 opprobrium.
3093 4141 3224 4194 HETPC
3250 4143 3456 4206 fecisti,
3485 4148 3541 4194 et
3565 4143 3739 4196 tacui.

2092 4231 2453 4284 Existimasti
2484 4230 2740 4283 similem
2772 4231 2852 4283 tui
2884 4245 2976 4283 me
3028 4232 3291 4284 futurum
3314 4232 3340 4284 δῖ
3372 4249 3612 4300 arguam
3663 4238 3738 4298 te,

2094 4330 2150 4376 et
2183 4341 2507 4394 proponam
2547 4329 2598 4377 te
2633 4331 2768 4378 ante
2806 4325 3010 4378 oculos
3044 4330 3190 4377 tuos.
3226 4325 3543 4395 lntelligite
3595 4325 3736 4382 limo.

2090 4416 2189 4485 qui
2221 4413 2636 4467 obliviscimini
2671 4414 2874 4480 Deum,
2909 4431 2980 4468 ne
3012 4416 3163 4468 forte
3197 4415 3404 4484 rapiat,
3439 4421 3496 4467 et
3525 4432 3642 4467 non
3667 4415 3743 4467 sit

2089 4504 2186 4573 qui
2211 4503 2422 4555 liberet.
2453 4501 2512 4554 ¹¹.
2543 4525 2567 4551 ››
2601 4503 2968 4573 languentes
2992 4510 3185 4557 autem
3215 4504 3396 4557 inisto
3426 4505 3736 4557 conamine

331 4584 428 4651 qui
465 4582 743 4636 adrersus
778 4591 970 4652 patres
995 4591 1321 4653 armantur,
1357 4587 1605 4641 infames
1632 4606 1755 4642 esse
1781 4606 1978 4643 cense—
2017 4631 2054 4690 Η
2088 4593 2331 4646 notandi
2368 4599 2526 4652 sunt,
2565 4599 2620 4646 et
2653 4611 2685 4647 a
2717 4594 2932 4648 talibus
2967 4595 3314 4665 repellendi.
3359 4595 3523 4649 Tales
3579 4597 3737 4649 enim

333 4689 489 4725 mus.
533 4674 733 4725 Patres
767 4673 925 4725 enim
961 4691 1164 4727 omnes
1198 4677 1517 4729 venerandi
1552 4685 1707 4743 sunt,
1745 4696 1862 4733 non
1885 4696 1970 4732 re-

329 4761 579 4832 spuendi
614 4768 716 4816 aut
752 4762 759 4793 '
798 4761 1116 4816 insidiandi
1150 4765 1186 4817 9.
1222 4762 1243 4792 ³
1279 4765 1342 4817 Hi
1373 4782 1506 4819 vero
1550 4767 1648 4836 qui
1697 4784 1829 4821 cum
1867 4767 1971 4821 ini-

327 4851 496 4905 micis
531 4855 966 4915 morantur,aut
989 4853 1086 4921 qui
1108 4854 1364 4923 suslwcti
1395 4855 1705 4920 habentur,
1732 4857 1976 4913 minime

2031 4683 2048 4689 γ’
2088 4684 2358 4737 membra
2392 4689 2527 4735 sunt.
2560 4683 2798 4749 diaboli,
2827 4684 2927 4753 qui
2951 4685 2992 4718 '2
3017 4701 3250 4738 sursum
3272 4691 3446 4755 atque
3463 4686 3738 4738 deorsum

2090 4771 2414 4842 pervolans.
2442 4771 2653 4841 quaerit
2678 4790 2823 4841 quos
2855 4773 3040 4843 possit
3071 4773 3356 4832 occidere,
3385 4791 3531 4842 quos
3557 4775 3740 4843 possit

2091 4877 2390 4930 separare.
2423 4877 2570 4929 quos
2597 4861 2780 4930 possit
2801 4860 3100 4915 devorare.
3139 4867 3376 4932 Propter
3403 4879 3577 4933 quam
3616 4879 3738 4915 rem

395 4965 604 5046 ‘E’Illuc.
637 4969 826 5046 Ἡλίω.
859 5042 865 5046 Α
906 4966 950 4999 9³
985 4968 1267 5046 Damasus
1301 4971 1477 5046 citata
1504 4987 1594 5040 ep.
1629 4972 1881 5046 Illyricos
1913 4975 2122 5028 inserit
2155 4977 2311 5030 vcrb.
2347 4979 2768 5042 Romanorum,
2823 4979 2878 5042 6,
2914 4984 3120 5046 quiest.
3167 4980 3183 5030 1
3221 4994 3231 5028 :
3267 4979 3583 5030 Sacerdotes
3616 4981 3728 5045 qui.

324 5038 369 5070 9‘
398 5037 536 5090 Isid.
583 5055 658 5098 1n.
694 5040 782 5102 39,
817 5042 874 5090 et
905 5055 976 5091 ex
1006 5055 1072 5091 eo
1107 5040 1280 5092 Hadr.
1315 5041 1444 5094 coll.
1479 5037 1612 5095 c._l.

323 5108 371 5139 9"
402 5110 536 5161 Isid.
575 5111 1007 5176 Synnnymorum
1039 5126 1101 5168 Ii,
1138 5114 1187 5164 9.

321 5182 641 5233 Accusatm'i
672 5183 913 5232 olt'nino.

317 5322 339 5354 ’⁵
375 5326 561 5391 Iniqui
591 5329 771 5375 autem
803 5324 1127 5376 delabuntur
1169 5329 1404 5392 pariter,
1457 5335 1524 5380 et.

317 5395 756 5448 misericori’liam
791 5400 1028 5447 tuorum.

319 5465 363 5498 ¹²
399 5465 726 5530 Flavianus,
767 5466 939 5533 Epist.
975 5466 1047 5519 ad
1086 5467 1137 5520 S.
1179 5470 1420 5523 Leonem.

316 5580 472 5633 Nihil
504 5580 600 5654 hic
633 5579 927 5654 concludit
961 5587 1035 5654 ut
1054 5584 1491 5639 calumniantur
1514 5588 1967 5654 Mandeburgen-

317 5666 433 5713 ses,
477 5651 579 5729 sed
613 5651 905 5703 rationem
934 5653 1131 5729 reddit
1161 5674 1264 5708 cur
1286 5651 1962 5729 sacerdotesctOplscupi

316 5722 589 5793 non_sint
623 5727 842 5776 temere
871 5739 904 5775 a
934 5722 1101 5779 laicis
1131 5730 1446 5783 accusandi
1482 5747 1496 5796 ;
1546 5722 1789 5800 scilicet,
1825 5722 1962 5800 quia

1723 5045 1763 5077 ³⁵
1796 5047 1961 5099 Rom.
1997 5064 2030 5100 l.
2065 5052 2114 5100 3.

1294 5113 1336 5146 99
1368 5116 1415 5163 3.
1450 5130 1503 5181 q.
1541 5116 1612 5199 8n:
1650 5090 2030 5199 accusatores:
2060 5125 2169 5173 etc.
2208 5122 2272 5172 Et
2305 5120 2360 5171 in
2387 5119 2526 5199 decr
2582 5090 2860 5199 Stephani
2895 5091 3060 5199 pajpse
3094 5135 3160 5199 ac
3215 5118 3373 5199 Julii,
3427 5120 3478 5185 3,
3505 5136 3582 5199 _q.
3645 5123 3674 5170 9
3713 5135 3724 5171 :

994 5179 1010 5212 ί
1043 5182 1306 5236 Anianus
1340 5179 1527 5238 conét.
1557 5188 1609 5246 9,
1649 5187 1733 5240 tit.
1768 5191 1854 5248 39,
1891 5189 1988 5241 lib.
2014 5179 2100 5248 7x1,
2137 5191 2263 5243 cod.
2301 5190 2517 5243 Theod.

320 5251 381 5304 in
405 5253 542 5304 edit.
572 5251 796 5305 Merlini
824 5268 835 5314 ;
865 5252 1090 5319 primus
1114 5255 1372 5308 (lrabbus
1394 5257 1642 5309 alteram
1668 5258 1981 5312 lectionem
2007 5267 2106 5313 aut
2130 5262 2555 5315 correctionem
2585 5261 2905 5315 substituit.

1635 5327 1653 5359 7
1702 5330 1853 5385 Psal.
1901 5349 2088 5399 XXXVI,
2149 5335 2238 5393 32,
2288 5335 2375 5396 49,
2439 5351 2506 5385 ex
2559 5351 2702 5384 vers.
2763 5333 2917 5385 Hier.

1137 5395 1180 5426 Η)
1212 5399 1342 5451 Psal
1399 5416 1468 5465 LI,
1503 5416 1607 5469 per
1641 5406 1822 5454 totum
1873 5419 1961 5454 ex.
2012 5395 2160 5456 vers.
2223 5395 2375 5458 llier.

2219 5049 2263 5080 νδ
2295 5049 2492 5102 Matth.
2539 5065 2591 5102 Χ.
2626 5051 2699 5111 9;
2739 5050 2866 5101 Luc.
2922 5066 2976 5114 Χ,
3035 5053 3110 5100 16.
3222 5047 3262 5081 97
3315 5051 3478 5101 ltom.
3534 5051 3726 5110 xw,

2624 5190 2646 5223 ³
2675 5189 2990 5242 incusandi.
3094 5189 3117 5222 ⁸
3149 5190 3222 5242 ita
3259 5190 3317 5241 in
3352 5206 3458 5242 ms.
3495 5190 3635 5241 Just.
3676 5196 3731 5242 et,

2985 5262 3006 5294 δ
3027 5263 3386 5325 fortissimum
3459 5261 3482 5293 ⁵
3503 5268 3724 5315 vestros.

3021 5332 3040 5364 ⁸
3070 5335 3459 5400 sempiternum.
3562 5332 3582 5363 ‘-'
3615 5350 3722 5384 ms.

2515 5407 2553 5438 “
2589 5403 2741 5458 Psal.
2794 5420 2939 5470 xmx,
2997 5405 3184 5469 19»'22,
3237 5419 3308 5455 ex
3366 5419 3513 5456 vers.
3568 5404 3726 5460 Hier.

2077 5593 2252 5643 tantae
2286 5590 2587 5657 dignitatis
2613 5590 2750 5654 sint,
2775 5595 2838 5642 ut.
2869 5606 3081 5658 corpus
3110 5590 3335 5643 Domini
3358 5592 3595 5660 proprio
3621 5609 3720 5647 ore

2074 5669 2422 5715 consecrent
2459 5668 2515 5714 et
2545 5661 2917 5716 conﬁrment.
2952 5659 3076 5714 Sev.
3113 5661 3233 5716 BIN.
