4114 6148
321 360 473 419 108Ἳ

1742 357 2055 419 HYGlNlI
2098 360 2194 419 PA
2210 361 2327 419 PIE

3577 360 3736 420 1088

313 493 683 562 vigilandum
717 495 826 556 est,
859 495 918 545 et
956 489 1138 544 armis
1187 489 1524 545 caelestibus
1582 506 1785 546 sumus
1837 507 1972 545 mu-
2001 495 2058 558 Α
2089 491 2270 555 mine,
2304 491 2484 547 dilexi
2515 493 2920 549 habitaculum
2953 491 3163 548 domus
3195 497 3332 560 tua),
3354 498 3410 547 et
3434 492 3627 548 locum
3659 498 3741 548 ta-

326 582 552 647 niendi,
587 597 661 635 ne
695 580 754 634 in
785 580 915 651 ejus
945 579 1262 650 compedes
1292 579 1649 642 incidamus,
1710 586 1811 634 aut
1856 580 1981 651 ejus

321 671 504 729 foveis
549 669 943 740 illaqueemur
968 670 1032 723 1³.
1065 669 1241 722 Decet
1271 668 1433 723 enim
1460 670 1518 724 in
1548 669 1768 725 talibus
1791 669 1981 725 causis

327 763 437 815 hoc
469 754 723 815 maxime
757 757 1074 829 provideri,
1106 763 1171 813 ut
1204 758 1331 812 sine
1383 759 1635 828 strepitu
1675 764 1983 813 concerta-

320 851 569 918 tionum,
605 853 664 902 et
691 847 951 902 Charitas
973 847 1362 914 custodiatur,
1387 853 1443 901 et
1473 848 1687 903 veritas
1711 848 1986 903 defenda-

321 946 438 1006 tur,
473 943 649 1008 atque
682 937 1060 1001 innocentes,
1086 941 1138 991 et
1176 936 1408 991 Domini
1435 937 1696 991 ministri
1720 937 1890 991 illaesi
1919 937 1984 991 li-

320 1027 714 1083 berentur.De
729 1025 904 1080 bonis
920 1041 1057 1097 ergo
1074 1025 1331 1098 etlegem
1350 1026 1585 1080 Domini
1603 1026 1987 1080 custodienti-

322 1114 861 1184 bus,fratribusque
881 1112 1582 1183 “adjuvantibus,etnon
1607 1115 1981 1183 nocentibus,

329 1205 434 1259 sed
457 1202 970 1275 supportantibus,
994 1203 1077 1257 ait
1096 1220 1203 1273 per
1220 1204 1573 1273 Prophetam
1596 1203 1879 1258 Dominus
1903 1203 1981 1258 '5:

332 1316 349 1342 ι
388 1296 513 1348 Non
544 1293 669 1347 sedi
706 1310 839 1347 cum
872 1293 1009 1346 viris
1041 1293 1342 1357 vanitatis,
1378 1310 1511 1347 cum
1563 1293 1832 1363 superbis
1864 1311 1981 1348 non

322 1382 642 1455 ingrediar.
678 1381 843 1436 0divi
880 1381 1195 1436 ecclesiam
1226 1382 1985 1452 pessimorum,etcumim-

328 1472 441 1542 piis
463 1489 582 1526 non
601 1471 839 1526 sedebo.
878 1471 1100 1526 Lavabo
1124 1472 1183 1525 in
1205 1471 1550 1526 innocentia
1564 1488 1773 1527 manus
1796 1489 1980 1541 meas,

324 1565 382 1615 et
402 1561 664 1616 circuibo
689 1561 873 1616 altare
904 1566 1089 1614 tuum.
1119 1560 1459 1628 Domine,ut
1481 1560 1639 1616 clara
1662 1578 1798 1615 voce
1830 1578 1983 1632 pras-

324 1650 517 1705 dicem
548 1649 802 1713 laudem,
842 1654 898 1703 et
927 1666 1166 1705 narrem
1198 1651 1400 1705 omnia
1424 1649 1723 1706 mirabilia
1743 1652 1983 1705 tua.Do-

2092 579 2400 636 bernaculi
2433 582 2635 654 gloriae
2660 588 2794 637 tuae.
2818 582 2898 636 Ne
2925 582 3157 636 auferas
3176 598 3308 636 cum
3331 582 3743 652 peccatoribus

2091 670 2367 729 animam.
2410 687 2623 738 meam,
2668 677 2725 727 et
2773 687 2905 725 cum
2960 672 3097 725 viris
3157 672 3511 743 sanguinum
3564 672 3743 728 vitam

2092 776 2307 815 meam.
2342 762 2407 815 In
2439 778 2692 831 quorum
2723 761 3000 816 manibus
3033 760 3222 816 scelus
3273 766 3382 828 est,
3433 766 3493 815 et
3536 761 3747 817 dextra

2093 866 2299 904 eorum
2330 850 2559 921 repleta
2589 854 2678 905 est
2707 851 3075 906 muneribus.
3110 852 3226 923 Ego
3261 855 3460 905 autem
3492 851 3553 904 in
3596 851 3745 906 sim-

2092 938 2356 1009 plicitate
2389 955 2522 994 mea
2552 938 2806 1010 gradiar,
2839 938 3063 994 redime
3096 954 3188 994 me
3212 943 3271 993 et
3290 939 3574 994 miserere
3599 940 3741 997 mei.

2093 1028 2200 1081 Pes
2226 1044 2390 1082 meus
2413 1029 2576 1082 stetit
2597 1029 2658 1082 in
2675 1032 2856 1094 recto,
2882 1028 2942 1083 in
2965 1027 3231 1083 ecclesiis
3254 1028 3600 1083 benedicam
3619 1030 3745 1083 Do-

2092 1117 2321 1172 minum
2356 1116 2419 1171 ¹⁶.
2456 1140 2483 1167 ››
2514 1116 2890 1172 Concordent
2918 1118 3098 1189 igitur
3154 1134 3287 1171 cum
3320 1117 3598 1171 omnibus
3637 1119 3744 1172 Dei

2095 1206 2503 1262 sacerdotibus
2536 1207 2626 1260 hae
2650 1207 2955 1262 charitatis
2983 1206 3381 1270 sententiasjn
3405 1205 3620 1277 quibus
3640 1224 3745 1262 vos

2096 1298 2238 1351 ﬁxos
2272 1301 2330 1350 et
2361 1296 2562 1351 firmos
2593 1296 3256 1368 exsisterejudicamus.
3282 1299 3436 1351 Deus
3461 1314 3560 1351 vos
3581 1298 3746 1354 inco-

2092 1386 2277 1439 lumes
2306 1385 2621 1452 custodiat,
2657 1385 2766 1440 ﬁlii
2798 1385 3155 1441 charissimi.

2165 1475 2307 1529 Data
2324 1474 2770 1545 decimoquinto
2797 1473 3089 1529 Kalendas
3115 1474 3327 1540 Martii,
3364 1475 3661 1532 Antonino
3686 1482 3745 1532 et

2091 1564 2280 1617 Marco
2312 1561 2357 1596 1⁷
2390 1563 2531 1618 viris
2562 1563 2909 1620 clarissimis
2940 1563 3287 1619 consulibus
3320 1563 3385 1619 ³⁸.

398 1773 441 1807 1³
568 1776 672 1828 leo
706 1791 797 1843 ep.
832 1776 898 1847 8.4
965 1772 1009 1805 Η
1042 1774 1127 1828 Ita
1158 1791 1268 1847 ms.
1303 1791 1408 1847 pro
1438 1777 1748 1847 fratresque
1853 1774 1898 1809 ¹⁵
1927 1775 2080 1829 Psal.
2118 1792 2246 1833 xxv.
2288 1778 2340 1847 4,
2374 1791 2562 1844 usque
2594 1776 2668 1829 ad
2696 1776 2875 1829 finem
2906 1817 2919 1837 ,
2942 1775 3093 1830 Hier.
3130 1775 3436 1847 interpret.
3517 1775 3561 1811 ¹⁶
3586 1776 3743 1831 Idem

324 1845 611 1899 Damasus
645 1861 831 1915 supra,
851 1845 1084 1905 citatus,
1121 1845 1477 1914 quibusdam
1507 1845 1835 1900 identidem
1864 1847 2126 1902 mutatis.
2210 1847 2251 1882 ³⁷
2284 1846 2345 1900 in
2376 1863 2487 1902 ms.
2525 1848 2760 1900 Antonio
2790 1855 2840 1900 et
2862 1849 3105 1912 Martio;
3137 1847 3239 1902 sed
3271 1845 3487 1902 absunt
3517 1865 3549 1903 a
3571 1848 3743 1904 fastis

327 1915 386 1968 hi
420 1914 733 1969 consules.’
791 1914 838 1947 1“
867 1915 1036 1970 Falsa
1066 1916 1444 1987 subscriptio.

333 2037 3743 2083 Μ

1270 2248 2167 2424 HYGINIUS
2298 2250 2809 2423 PAPA

1817 2657 2274 2747 NOTITIA

342 2810 423 2860 Ex
453 2806 608 2860 Libri
654 2805 981 2878 pontificali
1013 2807 1248 2879 Damasi
1279 2824 1466 2879 papae,
1498 2824 1593 2879 ap.
1628 2810 1827 2879 MANSI,
1863 2808 2095 2877 Concil.,
2130 2812 2172 2879 Ι,
2204 2814 2404 2866 663.-—
2427 2812 2628 2867 Varias
2659 2811 2945 2866 lectiones
2977 2814 3035 2865 et
3063 2814 3234 2865 notas
3260 2808 3335 2863 ad
3366 2809 3522 2863 hunc
3558 2809 3759 2866 locum

1059 2878 1212 2933 Libri
1244 2878 1600 2950 pontificalis
1630 2880 1760 2936 vide
1790 2882 2122 2951 Patrologiw
2150 2878 2369 2941 Latinae
2397 2889 2438 2939 t.
2471 2883 2728 2953 CXXVII,
2761 2880 2871 2936 col.
2917 2880 3098 2951 1185.)

417 3006 698 3077 Hyginius
728 3008 968 3063 natione
997 3010 1256 3083 graecus,
1290 3024 1361 3061 ex
1391 3007 1768 3083 ph_ilosopho,
1801 3008 1873 3064 de
1906 3010 2174 3083 Athenis,
2208 3011 2379 3076 cujus
2401 3010 2803 3083 genealogiam
2830 3024 2949 3062 non
2972 3008 3188 3083 inveni,
3214 3005 3578 3083 seditannos
3602 3023 3758 3083 qua-

344 3080 496 3139 tuor,
539 3094 773 3152 menses
792 3085 944 3152 tres,
979 3080 1107 3134 dies
1140 3084 1407 3152 quatuor.
1433 3080 1577 3152 iFuit
1598 3088 1808 3152 autem
1843 3081 2212 3152 temporibus
2242 3083 2373 3137 Veri
2405 3079 2464 3137 et
2492 3081 2687 3143 Marci,
2711 3096 2752 3152 _a
2782 3079 3095 3152 consulatu
3133 3079 3180 3130 M

3186 3075 3317 3147 agni
3337 3080 3394 3128 et
3409 3075 3749 3147 _Camerini,

345 3165 534 3218 usque
565 3149 637 3203 ad
670 3149 983 3221 Orphitum
1010 3156 1073 3223 et
1102 3145 1393 3223 Priscum.
1428 3151 1531 3206 Hic
1563 3151 1789 3207 clerum
1817 3145 2153 3223 composuit
2183 3158 2240 3207 et
2266 3153 2567 3207 distribuit
2589 3150 2818 3223 gradus.
2856 3149 2959 3202 Hic
2988 3147 3147 3223 fecit
3168 3145 3572 3223 ordinationes
3629 3151 3754 3223 tres

345 3236 450 3292 per
489 3237 755 3275 mensem
790 3221 1194 3281 Decembrem,
1229 3222 1405 3292 presb

1453 3228 1611 3278 teros
1643 3216 2007 3295 quindecim,
2033 3224 2312 3278 diaconos
2336 3216 3074 3295 quinquetepiscoposper
3093 3218 3322 3295 diversa
3342 3216 3471 3295 loca
3494 3233 3617 3272 sex.
3643 3218 3756 3283 Qui

345 3240 450 3290 per
489 3240 755 3275 mensem
790 3240 1194 3281 uecemnrem.
1229 3240 1611 3347 presnﬁteros
1643 3240 2007 3295 quindecim,
2033 3240 2312 3278 alaconos
2336 3240 2619 3293 quinque,
2642 3240 2946 3290 episcopos
2970 3240 3074 3288 per
3093 3240 3322 3272 diversa
3343 3240 3471 3271 ioca
3494 3240 3617 3272 sex.
3643 3240 3756 3283 υιιι

341 3290 518 3364 etiam
549 3293 816 3362 sepultus
847 3297 939 3347 est
959 3294 1135 3364 juxta
1164 3309 1376 3364 corpus
1451 3295 1566 3349 eati
1599 3296 1756 3350 Petri
1790 3295 1850 3350 in
1884 3297 2182 3359 Vaticano,
2216 3295 2388 3348 tertio
2436 3293 2572 3347 Idus
2619 3291 2897 3347 Januarii.
2958 3292 3027 3344 Et
3078 3288 3325 3344 cessavit
3374 3288 3757 3359 episcopatus

345 3362 470 3417 dies
504 3368 641 3418 tres.

1336 3673 2091 3828 HYGINII
2214 3674 2783 3825 PAPfE

1757 3937 2345 4026 EPIS'I‘OL’ZE

1443 4092 1669 4162 (MANSI,
1700 4090 1904 4147 Concil.
1938 4090 2173 4158 collect.,
2210 4095 2247 4145 t.
2280 4092 2324 4155 Ι,
2358 4089 2468 4147 col.
2502 4091 2651 4151 663.)

790 4341 1126 4396 EPISTOLA
1165 4341 1387 4396 PRIMA
1422 4342 1553 4412 (2s).

762 4448 833 4485 AD
874 4447 1049 4485 OMNES
1089 4446 1296 4485 CHRISTI
1336 4448 1575 4487 FIDELES.

343 4539 418 4593 De
445 4537 549 4606 ﬁde
577 4536 643 4602 ίο,
675 4544 728 4591 et
775 4544 839 4591 ut
896 4538 1358 4610 metropolitanus
1424 4541 1627 4610 absque
1678 4544 1997 4594 ceterorum

533 4609 907 4679 episcome
938 4608 1207 4664 instantia
1235 4626 1346 4664 non
1375 4608 1571 4665 audiat
1598 4625 1806 4665 causas.

418 4716 701 4789 Hyginius
731 4713 779 4750 ³ο
807 4716 867 4770 in
900 4717 1115 4771 Christi
1148 4719 1390 4773 nomine
1412 4719 1584 4773 alma:
1611 4718 1776 4773 urbis
1798 4720 1996 4773 Romae

345 4806 679 4878 episcopus,
713 4805 941 4860 cunctis
973 4806 1035 4861 in
1087 4807 1408 4879 apostolica
1465 4807 1579 4862 ﬁde
1626 4813 1682 4863 et
1728 4806 1999 4863 doctrina

347 4895 721 4969 degentibus,
756 4895 1033 4951 salutem.

1148 4986 1191 5038 Ι.

766 5075 843 5128 De
870 5076 1125 5129 missione
1152 5073 1286 5129 Filii
1315 5092 1347 5128 a
1377 5075 1563 5129 Patre.

418 5164 781 5228 Charissimi,
816 5186 844 5214 ‹‹
878 5164 1029 5218 Deus
1060 5163 1273 5219 Filium
1307 5180 1479 5217 suum
1513 5163 1674 5218 misit
1699 5164 1757 5218 in
1776 5162 1987 5219 simili—

347 5255 611 5310 tudinem
643 5253 840 5309 carnis
889 5253 1134 5323 peccati,
1180 5258 1239 5306 et
1287 5252 1358 5306 de
1409 5259 1651 5323 peccato
1698 5252 1999 5307 damnavit

2030 4352 2075 4416 Β
2105 4346 2415 4412 peccatum
2447 4340 2507 4395 in
2530 4354 2727 4405 carne,
2756 4344 2822 4393 ut
2834 4337 3071 4409 justitia
3092 4336 3238 4409 legis
3260 4336 3612 4409 impleretur
3630 4336 3698 4391 τί.
3725 4358 3752 4387 n

2103 4428 2150 4463 εί
2179 4429 2365 4483 Filius
2415 4445 2537 4483 non
2588 4425 2913 4483 secundum
2964 4425 3249 4481 deitatem
3304 4425 3491 4480 solam
3523 4442 3555 4480 a
3586 4427 3758 4480 Patre

2104 4518 2321 4573 missus
2335 4523 2443 4585 est,
2465 4516 2570 4572 sed
2591 4515 2923 4571 secundum
2940 4530 3203 4586 carnem,
3234 4530 3411 4585 quam
3435 4514 3759 4569 clementer

2106 4622 2165 4671 et
2192 4618 2287 4687 pie
2312 4632 2417 4686 pro
2441 4615 2613 4670 nobis
2639 4629 2942 4669 assumere
2961 4630 3082 4667 non
3104 4612 3459 4685 dedignatus
3482 4617 3586 4667 est.
3610 4612 3758 4666 Nam

2106 4705 2263 4777 quod
2292 4704 2699 4775 semetipsum,
2730 4702 3033 4757 exinanita
3051 4702 3381 4772 majestatis
3411 4718 3531 4756 suae
3552 4705 3758 4772 poten-

2106 4795 2207 4857 tia.
2243 4792 2399 4848 idem
2433 4809 2494 4847 se
2528 4792 2710 4847 Filius
2743 4790 2995 4855 miserit,
3027 4790 3347 4862 Apostolus
3365 4796 3752 4856 contestatur,

2107 4888 2166 4939 et
2194 4882 2369 4938 dicit:
2402 4903 2431 4931 ‹‹
2469 4881 2864 4952 Semetipsum
2898 4879 3241 4949 exinanivit,
3296 4880 3549 4934 formam
3603 4880 3753 4935 servi

2108 4982 2492 5053 accipiens,et
2506 4979 2842 5034 humiliavit
2856 4995 2976 5033 sem
2987 4977 3459 5048 etipsum,factus
3472 4977 3759 5032 obediens

2107 5088 2296 5142 usque
2328 5072 2402 5127 ad
2436 5075 2711 5136 mortem,
2748 5073 2999 5122 mortem
3045 5072 3243 5121 autem
3302 5066 3494 5121 crucis
3526 5066 3590 5120 ²³.
3627 5088 3655 5115 ››
3689 5068 3759 5119 Et

2111 5162 2292 5216 Isaias
2326 5178 2338 5214 :
2372 5183 2399 5210 (ε
2435 5161 2560 5214 Non
2609 5158 2857 5229 legatus,
2907 5172 3100 5225 neque
3151 5154 3417 5227 angelus,
3454 5155 3557 5210 sed
3607 5155 3760 5209 Deus

2109 5250 2235 5320 ipse
2268 5250 2479 5314 veniet,
2514 5253 2574 5302 et
2603 5246 2847 5301 salvabit
2877 5261 2986 5299 nos
3015 5245 3081 5297 ²⁴.
3119 5266 3145 5292 ι»
3176 5246 3323 5297 Item
3377 5243 3556 5298 alibi:
3592 5265 3621 5292 α
3648 5245 3761 5298 Pa-

412 5379 457 5414 “
484 5381 543 5434 in
580 5396 688 5433 ms.
728 5380 798 5432 De
818 5378 922 5447 ﬁde
951 5383 1002 5430 et
1027 5377 1314 5444 religionis
1365 5378 1563 5431 causis.
1614 5376 1793 5431 Hard.
1846 5374 1893 5410 2°
1942 5376 2001 5428 in
2052 5390 2160 5428 ms.
2212 5376 2607 5447 Vz'ginu.s;_et
2659 5368 2816 5441 apud
2866 5368 3211 5447 Gratianum
3272 5370 3521 5447 Iginusi
3566 5366 3755 5447 alibi‘:

338 5450 637 5518 Higinius:
668 5449 886 5518 ubique
928 5454 1104 5503 recte.
1140 5448 1485 5502 HARDUINUS.

1592 5447 1634 5484 ει
1672 5451 1837 5502 Rom.
1872 5463 1991 5507 vm.
2025 5447 2079 5513 3,
2111 5448 2144 5499 4

2271 5436 2316 5479 ’γε
2346 5436 2602 5499 Ithacius
2633 5436 2828 5497 contra
2887 5440 3261 5494 Warimadum
3310 5456 3433 5511 cap.
3496 5441 3549 5494 3.
3596 5436 3758 5492 unde

338 5514 499 5575 fraus
532 5520 735 5592 pateﬁt
765 5514 1124 5575 Mercatoris.
1202 5520 1247 5554 ³³
1274 5518 1533 5588 Philipp.
1571 5536 1633 5585 ιι,
1668 5523 1720 5586 ’7,
1754 5520 1807 5572 8.
1883 5519 1928 5552 "
1959 5518 2069 5571 Isa.
2105 5532 2307 5583 xxxm,
2341 5515 2413 5571 22
2444 5522 2501 5570 et
2542 5531 2709 5582 xxxv,
2742 5514 2794 5566 4.

415 5636 525 5705 (25)
558 5634 837 5703 Suspecta
870 5649 1001 5687 cum
1045 5632 1319 5703 sequenti
1352 5631 1569 5687 dicitur
1601 5635 1712 5701 VV,
1745 5632 2018 5689 eruditis.
