4114 6148
368 338 532 398 1089

1871 336 2290 398 EPISTOLIE.

3641 342 3800 403 1090

370 471 495 530 lam
526 469 776 543 apparui
794 484 915 525 non
940 469 1344 541 quaerentibus
1378 485 1471 526 me
1503 468 1570 526 ⁸⁵.
1594 470 2029 526 »Ειέθινθιιιίᾶεε

2159 470 2461 543 Evangelia
2493 472 2578 527 ait
2628 489 2643 528 :
2695 494 2723 522 ‹‹
2756 474 2872 546 Ego
2904 477 2964 528 et
3007 476 3182 530 Pater
3218 491 3406 530 unum
3436 490 3642 531 sumus
3673 478 3736 532 δ’.
3763 500 3791 527 ››

376 584 406 613 ‹‹
440 559 741 630 Dereliqui
799 558 1045 615 domum
1103 574 1321 625 meam,
1368 559 1569 615 dimisi
1622 560 2029 616 haareditatem

375 667 594 707 meam.
627 648 796 718 Veni,
817 654 875 703 et
903 648 1093 704 factus
1114 665 1243 704 sum
1277 648 1392 703 illis
1420 648 1482 703 in
1514 650 1896 721 opprobrium
1928 648 2026 704 “.-

376 743 449 797 Et
477 740 537 795 in
564 738 806 794 Michma
830 754 889 791 τι(
938 740 1084 793 Ecce
1118 738 1404 793 Dominus
1434 739 1648 806 veniet,
1683 744 1741 793 et
1766 755 2035 794 commo-

379 829 678 884 vebuntur
731 825 840 881 sub
872 843 940 882 eo
975 832 1208 882 montes
1268 826 1334 881 υ.
1386 849 1414 877 ››
1475 829 1545 881 Et
1590 826 1652 882 in
1709 827 2031 883 Zacharia:

384 940 412 970 «
446 916 645 974 Gaude
679 921 737 970 et
761 915 1145 985 exsulta,ﬁlia
1175 916 1339 982 Sion,
1373 916 1513 986 quia
1541 932 1677 971 ecce
1708 933 1814 989 ego
1836 916 2031 982 venio,

387 1014 446 1064 et
474 1006 887 1064 commorabor
925 1006 985 1060 in
1033 1006 1228 1061 medio
1280 1007 1383 1074 tui,
1416 1007 1560 1062 dicit
1588 1009 1872 1063 Dominus
1904 1006 1968 1059 εδ.
2005 1028 2032 1056 ››

384 1101 453 1152 Et
507 1095 823 1168 Apostolus
853 1095 929 1150 ad
985 1095 1356 1151 Timotheum
1384 1113 1397 1151 :
1433 1118 1460 1146 ‹‹
1488 1098 1788 1152 Humanus
1818 1113 2036 1166 sermo,

386 1192 446 1243 et
468 1186 631 1241 omni
663 1184 1008 1254 acceptione
1040 1185 1272 1256 dignus,
1307 1186 1589 1256 quoniam
1645 1187 1812 1241 Jesus
1858 1186 2034 1240 Chri-

384 1283 511 1331 stus
542 1274 701 1330 venit
733 1274 793 1328 in
825 1274 984 1329 hunc
1015 1274 1306 1329 mundum
1337 1281 1678 1345 peccatores
1726 1275 1916 1330 salvos
1946 1276 2036 1330 fa-

381 1381 517 1421 cere
566 1365 631 1418 '9.
667 1385 695 1413 ››
740 1365 811 1417 Et
864 1360 1178 1418 Malachias
1211 1380 1223 1416 :
1251 1385 1278 1412 «
1312 1365 1456 1418 Ecce
1505 1363 1699 1419 subito
1756 1363 1952 1419 veniet
1977 1364 2039 1418 in

384 1453 611 1525 templo
637 1469 741 1508 suo
769 1452 1073 1515 Dominus,
1109 1469 1289 1522 quem
1321 1469 1420 1507 vos
1451 1453 1737 1523 quaeritis,
1771 1459 1825 1507 et
1855 1456 2040 1524 Ange-

385 1542 481 1599 lus
514 1542 877 1609 testamenti,
913 1557 1090 1612 quem
1117 1558 1215 1596 vos
1238 1540 1409 1596 vultis
1429 1540 1493 1596 ⁸ο.
1528 1563 1556 1591 ››
1586 1543 1654 1597 In
1685 1541 1998 1613 Evangelio
2025 1557 2037 1594 :

392 1654 420 1681 «
454 1633 582 1686 Non
613 1631 744 1685 veni
774 1646 982 1685 vocare
1033 1630 1363 1699 justos,sed
1393 1636 1736 1701 peccatores
1768 1631 1829 1685 in
1854 1630 2043 1700 poeni—

389 1720 640 1775 tentiam
668 1719 737 1770 31.
769 1741 797 1769 »
829 1720 977 1774 Item
1007 1718 1151 1773 alibi
1186 1735 1199 1773 :
1225 1740 1252 1768 «
1286 1718 1437 1783 Quid
1465 1718 1637 1773 nobis
1660 1724 1718 1773 et
1747 1719 1889 1789 quid
1914 1718 2041 1782 tibi,

393 1809 532 1863 Jesu
552 1808 664 1863 Fili
697 1808 842 1862 Dei?
877 1806 1100 1862 Venisti
1132 1812 1268 1862 ante
1299 1812 1533 1877 tempus
1554 1806 1803 1877 perdere
1826 1805 2046 1861 nos”?
2080 1844 2120 1907 Β

391 1897 563 1953 Venit
583 1895 765 1951 Filius
793 1895 1056 1950 hominis
1081 1895 1310 1950 salvare
1344 1901 1402 1950 et
1432 1912 1697 1966 quaarere
1730 1895 1890 1965 quod
1915 1912 2041 1967 per-

385 1987 540 2042 ierat
568 1987 633 2040 ”.
670 1987 868 2040 »ltem
899 1983 1040 2039 alibi
1076 2000 1088 2038 :
1124 2007 1151 2034 «
1213 1986 1328 2056 Ego
1386 1985 1517 2039 veni
1575 1990 1643 2039 ut
1700 1984 1878 2039 vitam
1935 1984 2041 2039 ha—

385 2076 591 2144 beant,
618 2079 677 2129 et
724 2073 1127 2129 abundantius
1185 2072 1443 2128 habeant
1470 2071 1538 2127 3‘.
1568 2094 1595 2123 ››
1654 2076 1800 2128 Item
1849 2073 1986 2128 alibi
2025 2089 2039 2127 :

384 2187 413 2213 κ
442 2167 625 2220 Nemo
652 2162 922 2219 ascendit
978 2163 1040 2216 in
1070 2162 1307 2228 cwlum,
1340 2162 1453 2217 nisi
1513 2162 1614 2232 qui
1656 2161 1727 2217 de
1767 2162 1909 2217 coelo
1942 2162 2040 2217 de-

393 2251 649 2323 scendit,
680 2250 859 2305 Filius
889 2250 1147 2304 hominis
1179 2251 1281 2320 qui
1312 2256 1403 2305 est
1446 2251 1509 2305 in
1541 2249 1688 2305 cmlo
1709 2251 1773 2307 ⁸⁵.
1809 2270 1834 2302 ι
1882 2253 2043 2306 Νιιιι-

384 2340 531 2411 quid
559 2340 622 2394 in
652 2340 746 2394 his
776 2339 958 2394 tantis
987 2354 1055 2393 ac
1087 2338 1300 2393 talibus
1331 2338 1710 2407 testimoniis,
1744 2340 1960 2410 quibus
1983 2356 2044 2394 se

386 2431 570 2486 Filius
596 2429 698 2485 Dei
730 2446 764 2484 a
796 2429 1116 2500 semetipso
1146 2429 1379 2484 venisse
1409 2434 1661 2484 testatus
1688 2436 1795 2497 est,
1828 2431 2048 2500 poterit

386 2520 521 2591 quis
553 2519 770 2586 dicere,
804 2519 878 2574 ab
899 2518 1040 2584 alio,
1073 2523 1132 2573 et
1165 2534 1287 2573 non
1319 2534 1353 2572 a
1382 2518 1725 2589 semetipso,
1760 2519 1989 2573 venisse
2020 2518 2048 2573 ?

382 2608 532 2663 dum
570 2606 954 2662 manifestum
986 2612 1098 2675 est,
1139 2606 1299 2678 quod
1359 2606 1460 2676 qui
1510 2623 1752 2661 carnem
1784 2612 2048 2661 nostram

396 2697 710 2769 dignanter
764 2695 1108 2765 assumpsit,
1157 2694 1511 2764 voluntarie,
1555 2700 1613 2749 et
1671 2712 1789 2750 non
1830 2697 1902 2751 ab
1934 2696 2047 2751 alio

403 2786 642 2853 missus,
674 2785 920 2841 venerit.
943 2786 1085 2839 Nam
1120 2784 1221 2855 qui
1246 2784 1307 2838 in
1330 2785 1502 2839 Patre
1530 2800 1801 2851 manens,
1831 2784 2051 2856 ubique

404 2874 671 2945 potentia
700 2889 807 2928 sua
836 2872 1130 2940 consistit,
1162 2871 1264 2926 ubi
1294 2888 1410 2941 quo
1441 2887 1476 2926 a
1498 2874 1668 2927 Patre
1696 2873 2050 2938 mitteretur,

405 2961 748 3017 omnimodo
780 2978 899 3017 non
953 2961 1180 3027 habuit,
1214 2961 1496 3032 quoniam
1529 2961 1697 3016 nulla
1726 2978 1861 3033 pars
1880 2961 2053 3017 cmlo-‘

400 3068 533 3107 rum
564 3067 632 3107 ac
658 3057 831 3106 terrae
858 3069 893 3106 a
923 3056 1241 3121 conspectu
1271 3050 1460 3105 Patris
1492 3051 1804 3121 excipitur,
1837 3051 1937 3106 ubi
1961 3069 2053 3106 se-

400 3140 661 3196 cundum
690 3158 793 3196 vos
823 3158 858 3195 a
885 3143 1057 3195 Patre
1096 3140 1278 3195 Filius
1302 3139 1639 3194 mitteretur
1659 3140 1685 3194 ‘I
1704 3142 1773 3194 Et
1802 3140 2049 3195 Paulus:

400 3253 429 3280 «
464 3230 870 3298 Renovamini,
904 3229 1122 3299 inquit,
1157 3229 1368 3299 spiritu
1398 3228 1616 3283 mentis
1641 3233 1932 3295 vestraa,et
1964 3230 2050 3283 in-
2084 3204 2127 3268 Β

402 3319 567 3374 duite
598 3335 815 3373 novum
840 3318 1285 3387 hominem.qui
1321 3316 1648 3372 secundum
1681 3318 1865 3372 Deum
1895 3334 2060 3373 crea—

397 3413 492 3464 tus
524 3413 615 3463 est
644 3408 705 3461 in
728 3406 963 3478 justitia
992 3412 1051 3462 et
1081 3406 1391 3461 sanctitate
1436 3406 1698 3461 veritatis
1727 3407 1790 3462 ³⁸.
1827 3429 1854 3455 ››
1886 3408 1956 3461 Et
1984 3406 2059 3462 ad

401 3498 677 3553 Hebraeos
703 3514 716 3550 :
746 3519 773 3547 «
806 3499 871 3551 In
897 3514 966 3551 eo
1000 3496 1182 3563 enim,
1239 3497 1299 3550 in
1340 3513 1456 3567 quo
1488 3513 1695 3567 passus
1726 3502 1815 3551 est
1845 3497 1969 3568 ipse
2004 3504 2060 3552 et

398 3594 664 3643 tentatus
686 3592 1025 3658 est,potens
1058 3591 1149 3641 est
1173 3592 1231 3640 et
1261 3586 1365 3653 eis,
1402 3587 1502 3656 qui
1535 3591 1858 3654 tentantur,
1894 3588 2055 3641 auxi-

400 3677 537 3734 liari
569 3679 636 3732 ³⁷.
680 3696 706 3727 ι
748 3675 934 3742 Unde,
966 3675 1179 3731 fratres
1228 3676 1437 3741 sancti,
1472 3676 1794 3731 vocationis
1825 3692 2062 3748 semper

405 3767 662 3823 caelestis
691 3765 1774 3838 participes,considerateApostolum
1798 3767 2060 3820 etPonti-

405 3857 579 3912 ﬁcem
605 3855 998 3911 confessionis
1020 3855 1487 3923 nostrmJesum,
1503 3853 1739 3909 ﬁdelem
1757 3856 2057 3910 exsisten-

407 3950 529 4000 tem
561 3945 613 3999 ei
645 3944 747 4015 qui
777 3942 1002 3998 vocavit
1028 3959 1183 3997 eum.
1210 3944 1279 3996 Et
1307 3941 1382 3997 ad
1412 3941 1789 3997 Colossenses
1814 3959 1826 3997 :
1849 3944 2060 3998 «Nunc

409 4039 611 4089 autem
643 4032 922 4104 deponite
948 4038 1005 4086 et
1033 4049 1135 4087 vos
1165 4032 1458 4099 universa,
1494 4032 1664 4096 iram,
1696 4030 2058 4104 indignatio-

410 4139 572 4188 nem,
614 4122 921 4189 malitiam,
945 4121 1397 4192 blasphemiam,
1434 4120 1743 4191 turpiaque
1792 4121 1967 4176 verba
1993 4138 2062 4176 ex

409 4228 511 4266 ore
533 4216 726 4266 vestro
768 4227 891 4265 non
921 4209 1263 4281 procedant.
1300 4210 1487 4264 Nolite
1518 4209 1758 4264 mentiri
1785 4210 2061 4279 invicem,

406 4299 806 4371 exspoliantes
837 4316 936 4353 vos
984 4304 1242 4354 veterem
1302 4298 1606 4353 hominem
1642 4314 1775 4353 cum
1835 4299 2064 4355 actibus

407 4389 553 4458 suis,
587 4394 644 4443 et
674 4387 901 4443 induite
930 4404 1169 4453 novum,
1197 4387 1299 4458 qui
1354 4393 1670 4442 renovatur
1716 4387 1776 4442 in
1809 4388 2061 4460 agnitio-

402 4494 542 4533 nem
570 4477 898 4533 secundum
920 4477 1245 4549 imaginem
1279 4476 1409 4548 ejus
1440 4476 1542 4548 qui
1562 4476 1778 4531 creavit
1798 4493 1929 4531 eum
1959 4476 2064 4531 3°.»

2139 560 2483 616 Etiterum:
2527 584 2553 611 «
2586 562 2694 626 Qui
2722 579 2817 618 me
2848 563 3025 631 videt,
3086 564 3245 618 videt
3274 570 3334 619 et
3374 566 3611 620 Patrem
3658 565 3726 620 ‘0.
3767 588 3795 616 ››

2138 651 2208 704 Ει.
2265 651 2480 706 iterum
2525 668 2538 707 :
2596 674 2623 700 «
2680 653 2788 716 Qui
2843 653 2968 708 odit
3017 669 3135 722 me,
3191 660 3248 708 et
3300 655 3535 708 Patrem
3594 671 3791 710 meum

2140 739 2266 794 odit
2284 738 2346 793 “.
2385 762 2412 790 »
2447 743 2517 795 Et
2556 741 2810 796 iterum:
2846 764 2872 791 «
2917 742 2987 797 Ut
3017 759 3227 797 omnes
3277 743 3673 798 honoriﬁcent
3709 746 3796 798 Fi-

2140 828 2309 893 lium,
2345 830 2500 884 sicut
2560 830 2946 885 honoriﬁcant
2978 835 3212 886 Patrem
3243 832 3309 887 η,
3346 854 3374 881 ››
3409 834 3479 886 Et
3526 833 3740 888 iterum
3779 851 3792 888 :

2142 940 2168 966 α
2206 919 2275 973 Ut
2304 918 2423 972 sint
2464 917 2526 972 in
2557 919 2729 973 nobis
2766 936 2974 987 unum,
3028 920 3181 975 sicut
3231 925 3288 974 et
3316 938 3426 975 nos
3456 938 3641 976 unum
3683 939 3788 977 su-

2143 1019 2322 1068 mus;
2358 1003 2510 1058 tuin
2556 1021 2672 1073 me,
2705 1010 2765 1058 et
2812 1020 2916 1076 ego
2962 1005 3023 1058 in
3077 1006 3162 1060 eis
3208 1005 3275 1059 ‘3.
3330 1029 3358 1055 ››
3408 1009 3479 1061 Et
3513 1009 3731 1063 iterum
3779 1024 3792 1062 :

2144 1114 2171 1142 «
2203 1093 2416 1147 Omnia
2463 1108 2599 1147 mea
2628 1099 2729 1148 tua
2777 1098 2915 1148 sunt
2944 1093 3009 1148 ‘4.
3046 1116 3073 1143 »
3105 1096 3175 1148 Et
3203 1095 3421 1151 iterum
3458 1114 3470 1150 :
3527 1119 3555 1147 ‹‹
3589 1099 3704 1169 Ego
3733 1098 3796 1151 in

2141 1182 2338 1249 Patre,
2373 1187 2431 1236 et
2457 1183 2634 1237 Pater
2683 1183 2745 1236 in
2778 1199 2872 1237 me
2904 1183 2967 1235 ‘5.
3002 1204 3031 1232 »
3064 1185 3133 1237 Et
3162 1183 3377 1239 iterum
3414 1202 3427 1238 :
3476 1188 3703 1243 «Pater
3733 1186 3795 1240 in

2145 1286 2240 1325 me
2265 1286 2534 1337 manens,
2566 1272 2707 1326 facit
2727 1288 2909 1342 opera
2931 1272 3057 1326 haec
3084 1273 3146 1326 ‘5.
3184 1294 3212 1322 ››
3244 1275 3312 1327 Et
3340 1274 3595 1330 Joannes
3622 1292 3800 1330 evan-

2144 1359 2353 1430 gelista
2373 1360 2491 1413 ait:
2524 1380 2545 1410 ιι
2571 1361 2634 1414 In
2665 1360 2961 1431 principio
2996 1366 3122 1415 erat
3149 1362 3421 1435 Verbum,
3455 1369 3515 1416 et
3546 1364 3798 1418 Verbum

2147 1453 2276 1502 erat
2302 1448 2460 1518 apud
2490 1449 2697 1511 Deum,
2722 1455 2780 1503 et
2807 1449 2962 1504 Deus
2995 1455 3121 1505 erat
3156 1449 3407 1504 Verbum
3439 1451 3503 1505 ‘7.
3540 1472 3567 1499 »
3594 1453 3659 1506 Et
3688 1452 3799 1506 ite—

2150 1554 2281 1592 rum
2332 1538 2457 1610 ipse
2490 1537 2564 1593 ad
2595 1539 2844 1593 Parthos
2878 1556 2891 1592 :
2927 1536 2975 1571 ‘3
3018 1561 3044 1586 α
3089 1540 3229 1593 Tres
3254 1545 3412 1606 sunt,
3446 1539 3660 1611 inquit,
3695 1542 3798 1612 qui

2150 1628 2551 1682 testimonium
2587 1627 2902 1698 perhibent
2930 1628 2992 1682 in
3024 1633 3183 1682 terra
3217 1644 3230 1682 :
3263 1643 3438 1699 aqua,
3472 1630 3712 1701 sanguis
3743 1636 3802 1685 et

2151 1732 2335 1771 caro:
2397 1722 2455 1771 et
2483 1723 2601 1770 tres
2632 1717 2695 1770 in
2741 1716 2913 1771 nobis
2965 1722 3107 1771 sunt
3145 1717 3246 1787 qui
3299 1716 3348 1749 ⁴⁹
3391 1718 3799 1775 testimonium

2151 1804 2545 1876 perhibentin
2576 1805 2724 1860 caelo
2745 1823 2757 1860 :
2777 1807 2971 1870 Pater,
3001 1805 3249 1859 Verbum
3270 1811 3329 1860 et
3354 1806 3607 1876 Spiritus
3631 1824 3644 1861 :
3670 1809 3805 1863 ethi

2152 1900 2273 1948 tres
2312 1910 2497 1948 unum
2530 1900 2673 1949 sunt
2702 1894 2770 1948 ⁵ο.
2815 1917 2843 1943 ››
2886 1897 2999 1949 Nos
3041 1894 3239 1963 itaque
3272 1895 3330 1949 in
3364 1902 3575 1951 natura
3607 1895 3807 1950 divini-

2152 1984 2308 2052 tatis,
2342 1984 2481 2054 quia
2538 2000 2726 2037 unum
2771 1987 2910 2038 sunt
2937 1985 3112 2037 Pater
3150 1989 3208 2038 et
3237 1984 3419 2039 Filius
3468 1990 3526 2039 et
3556 1986 3806 2056 Spiritus

2152 2077 2415 2143 sanctus,
2433 2090 2543 2127 nec
2573 2075 2807 2128 Patrem
2836 2071 3032 2144 aliquo
3056 2078 3322 2144 tempore
3341 2073 3637 2129 credimus
3654 2092 3809 2146 pree-

2154 2163 2423 2231 cessisse,
2456 2167 2522 2217 ut
2550 2162 2744 2234 major
2773 2163 2851 2216 sit
2870 2162 3051 2229 Filio;
3087 2177 3196 2216 nec
3226 2162 3439 2216 Filium
3472 2169 3677 2233 postea
3707 2180 3806 2219 na-

2156 2255 2280 2305 tum
2312 2268 2462 2323 esse,
2497 2256 2562 2305 ut
2591 2251 2898 2306 divinitate
2919 2251 3109 2305 Patris
3138 2250 3486 2305 minoretur.

2962 2359 3011 2411 Il

2620 2449 2692 2503 De
2731 2450 2908 2502 causis
2947 2448 3345 2517 episcoporum.

2228 2556 2269 2591 “
2323 2557 2635 2615 Caterum,
2668 2553 2902 2619 fratres,
2937 2553 3095 2608 salvo
3123 2555 3182 2607 in
3215 2554 3498 2610 omnibus
3529 2558 3806 2613 Romana:

2159 2645 2435 2699 Ecclesia)
2463 2644 2789 2716 privilegio,
2825 2643 3029 2698 nullus
3061 2643 3553 2714 metropolitanus
3585 2647 3809 2717 absque

2160 2741 2513 2790 casterorum
2553 2734 2825 2790 omnium
2870 2733 3455 2805 comprovincialium
3496 2737 3803 2808 episcopo-

2159 2840 2293 2878 rum
2343 2824 2647 2891 instantia,
2700 2822 3037 2893 aliquorum
3069 2822 3271 2877 audiat
3319 2837 3526 2877 causas
3577 2840 3809 2890 eorum,

2163 2913 2305 2982 quia
2334 2912 2517 2967 irrita:
2551 2918 2742 2978 erunt,
2797 2912 2970 2965 aliter
2999 2917 3143 2965 actae
3178 2927 3356 2982 quam
3390 2910 3451 2963 in
3484 2920 3807 2982 conspectu

2164 3016 2370 3056 eorum
2392 3001 2658 3056 omnium
2690 3000 2986 3055 ventilatas
3013 3000 3269 3070 ;etipse,
3302 2999 3351 3054 si
3382 2998 3609 3066 fecerit,
3642 3017 3807 3063 coer-

2164 3096 2368 3147 ceatur
2398 3108 2432 3146 a
2470 3090 2771 3146 fratribus.

2935 3180 3031 3233 ΙΙΙ.

2521 3272 2597 3323 De
2648 3270 3131 3323 criminationibus
3160 3269 3454 3338 majorum.

2232 3376 2281 3410 5’
2328 3375 2785 3431 Criminationes
2842 3374 3133 3446 majorum
3186 3380 3328 3429 natu
3377 3392 3482 3445 per
3513 3375 3661 3431 alios
3693 3392 3812 3431 non

2164 3468 2331 3535 fiant,
2355 3467 2468 3521 nisi
2499 3483 2603 3538 per
2627 3465 2787 3536 ipsos
2815 3464 2914 3534 qui
2938 3464 3185 3519 crimina
3208 3464 3543 3529 intendunt,
3580 3466 3624 3507 8³
3655 3466 3703 3519 si
3728 3472 3813 3521 ta-

2164 3573 2302 3611 men
2335 3555 2447 3628 ipsi
2478 3555 2639 3628 digni
2671 3560 2728 3609 et
2752 3553 3303 3624 irreprehensibiles
3334 3555 3738 3624 apparuerint,
3760 3559 3818 3609 et

2164 3646 2310 3701 actis
2340 3644 2590 3717 publicis
2621 3644 2933 3699 docuerint
2962 3642 3124 3697 omni
3150 3659 3210 3697 se
3244 3642 3581 3713 suspicione
3615 3659 3816 3699 carere

2165 3740 2224 3790 et
2253 3734 2587 3799 inimicitia,
2621 3739 2798 3803 atque
2857 3731 3448 3804 irreprehensibilem
3489 3732 3670 3786 ﬁdem
3704 3734 3813 3787 lia-

2164 3824 2326 3891 bere,
2358 3840 2424 3878 ac
2464 3822 2978 3888 conversaiionem
3010 3822 3249 3877 ducere.

2943 3928 3036 3981 ιν.

2623 4018 2698 4072 De
2737 4018 3049 4087 peregrinis
3085 4016 3345 4087 judiciis.

2237 4125 2283 4159 ⁵*
2305 4125 2422 4179 Nec
2443 4140 2561 4178 non
2594 4128 2652 4178 et
2680 4123 2994 4195 peregrina
3024 4122 3259 4194 negotia
3283 4126 3341 4176 et
3361 4120 3591 4192 judicia
3622 4120 3817 4191 prohi-

2167 4214 2398 4278 bemus,
2431 4214 2573 4284 quia
2600 4212 2907 4285 indugnum
2939 4218 3047 4277 est,
3072 4216 3139 4266 ut
3158 4210 3230 4266 ab
3259 4210 3520 4265 externis
3544 4208 3817 4279 judicen-

2168 4309 2284 4370 tur,
2304 4303 2403 4373 qui
2424 4301 2814 4375 provinciales
2840 4302 2884 4336 ⁸⁸
2906 4306 2965 4356 et
2985 4317 3019 4356 a
3048 4318 3109 4355 se
3124 4300 3344 4355 electos
3362 4298 3577 4353 debent
3600 4297 3817 4353 habere

2161 4392 2415 4466 judices.
2448 4392 2492 4426 '°
2520 4392 2637 4446 Nos
2668 4390 2932 4462 quidem,
2991 4408 3063 4446 ex
3094 4390 3256 4444 omni
3290 4394 3455 4459 parte
3495 4388 3813 4458 carpendo,

2168 4481 2513 4537 occasiones
2542 4480 2965 4535 abscindimus.
3009 4482 3145 4543 Nos,
3190 4495 3463 4550 supernas
3523 4493 3817 4531 memores

404 4567 681 4638 Nunquid
701 4567 752 4622 is
794 4567 894 4637 qui
926 4566 1263 4621 universam
1316 4570 1669 4633 creaturam,
1702 4565 1954 4621 visibilia
1997 4573 2056 4622 et
2085 4577 2133 4639 ι)
2161 4569 2514 4641 disciplima,
2535 4568 3348 4640 quibuscunquecadentibus
3363 4567 3816 4636 dexterampor—

401 4657 984 4729 invisibiliapropriae
1016 4656 1325 4727 potestatis
1356 4657 1567 4711 virtute
1610 4658 1937 4728 procreavit
1983 4675 2051 4713 ac

399 4746 562 4813 fecit,
595 4746 857 4817 seipsum
897 4748 1072 4800 antea
1102 4750 1205 4798 aut
1232 4744 1631 4815 postmodum,
1665 4745 1823 4816 quod
1854 4746 2051 4801 dicere

403 4834 571 4890 nefas
596 4839 706 4903 est,
739 4833 1072 4902 creavit,vel
1100 4832 1293 4888 facere
1324 4833 1518 4904 potuit
1544 4832 1571 4887 ‘?
1592 4835 1660 4887 Et
1688 4833 1973 4890 Dominus
1988 4835 2050 4889 in

2160 4658 2430 4729 rigimus,
2466 4662 2524 4712 et
2541 4674 2576 4713 a
2602 4658 2789 4712 ruina?
2812 4657 3162 4729 praecipitio,
3192 4672 3341 4726 quos
3364 4670 3702 4725 possumus,
3726 4670 3818 4707 re-

2160 4747 2442 4816 levamus,
2485 4752 2541 4802 et
2569 4747 2931 4803 defensionis
2968 4745 3397 4801 adminiculum
3431 4743 3567 4797 totis
3596 4741 3819 4796 viribus

2161 4835 2426 4908 praebere
2459 4835 2751 4908 cupimus.
2769 4835 2815 4870 ⁵⁷
2844 4836 3012 4892 Certe
3038 4835 3085 4891 si
3108 4833 3196 4889 vel
3220 4849 3381 4888 mens
3413 4832 3489 4887 sit
3511 4832 3654 4885 recti
3678 4847 3818 4885 con-

487 4984 533 5020 ²⁵
564 4986 672 5041 Isa.
702 5001 825 5052 va,
863 4987 912 5038 1.
953 4982 999 5018 ³⁸
1026 4984 1139 5040 Jer.
1174 5000 1272 5050 xu,
1308 4988 1359 5038 7.
1393 4981 1437 5017 ²⁷
1462 4983 1633 5055 Mich.
1667 5000 1707 5053 ι,
1739 4986 1793 5052 3,
1824 4988 1877 5040 4.
1934 4986 1979 5021 ³⁸
2007 4989 2043 5041 Ζ

2165 5032 2177 5043 .
2239 5005 2298 5055 ιι,
2334 4990 2418 5042 10.
2444 4986 2492 5021 ²⁹
2522 4989 2542 5043 Ι
2568 4988 2714 5042 Tim.
2748 5004 2789 5049 ι,
2824 4990 2908 5041 15.
2942 4987 2988 5023 ³ο
3043 4985 3288 5041 Malach.
3312 5000 3391 5050 ιιι,
3428 4987 3477 5055 1.
3516 4981 3559 5055 f”
3598 4980 3728 5034 Luc.
3764 4997 3816 5055 ιν,

412 5058 501 5131 3A2.
536 5057 803 5131 ’fMatth.
835 5057 1132 5131 v_m,_29:'f
1165 5056 1300 5111 Luc.
1332 5071 1450 5131 χιιι,
1478 5058 1563 5131 10..
1595 5054 1643 5131 ῗν⁴
1670 5057 1837 5112 Joan.
1866 5074 1923 5125 ι,
1974 5061 2047 5113 1οη

2159 5060 2166 5093 ⁵
2219 5053 2385 5114 Joan.
2413 5075 2494 5126 ιιι,
2524 5060 2609 5131 l3.
2678 5059 2723 5093 ³⁸
2748 5059 2961 5128 Ephes.
2996 5058 3202 5131 iv,‘23,
3235 5057 3323 5108 24.
3356 5054 3399 5087 ³⁷
3427 5053 3604 5131 liebr.
3633 5053 3813 5131 11,18.

407 5125 459 5161 ³⁸
486 5126 703 5183 Coloss.
738 5144 819 5195 ιιι,
851 5121 1007 5181 8-10.
1030 5126 1076 5160 ³³
1103 5127 1270 5199 Joan.
1297 5144 1354 5199 ιι,
1391 5128 1478 5181 30.
1512 5125 1561 5199 ’πῇ
1587 5128 1753 5182 Joan.
1778 5121 1979 5194 xxv,’9.
2015 5132 2047 5166 “

2160 5147 2256 5186 an.
2290 5146 2384 5199 xv,
2409 5121 2497 5184 23.
2526 5129 2574 5164 ‘2
2601 5130 2767 5184 Joan.
2794 5121 2846 5191 ιι,
2875 5132 2963 5184 23.
2997 5127 3043 5162 ⁴³
3069 5121 3235 5199 Joan.
3268 5142 3401 5191 χιιι,
3426 5126 3514 5199 21.
3548 5122 3594 5199 f‘
3640 5121 3816 5199 _lbid.,

408 5200 494 5253 10.
554 5199 599 5242 δι
625 5193 938 5273 ,Ιοιιιιζιιῃ
972 5201 1063 5273 11ἶ
1117 5197 1164 5231 ⁴⁶
1193 5193 1363 5262 lbid.,
1392 5201 1475 5251 10.
1524 5198 1565 5273 ’f‘
1597 5199 1764 5254 Joan.
1803 5217 1840 5262 ι,
1874 5193 1926 5254 1.
1975 5199 2025 5234 4⁸

2159 5218 2258 5257 ms.
2285 5193 2430 5257 Just.
2463 5201 2631 5256 deest
2659 5202 3011 5273 Parthorum
3043 5198 3264 5273 mentio
3297 5204 3356 5250 et
3377 5193 3757 5273 substituitur
3800 5209 3812 5245 :

404 5285 504 5324 nec
531 5285 642 5324 non
671 5270 986 5341 Apostolus.
1020 5269 1066 5303 ⁴⁰
1094 5275 1439 5342 ωεις-ιιοεῐθν
1473 5286 1485 5323 :
1520 5272 1582 5324 Et
1640 5277 1744 5323 tres
1791 5274 1849 5325 in
1880 5272 2033 5326 nobis
2090 5281 2237 5339 sunt,
2298 5275 2413 5342 qui,
2449 5280 2585 5336 etc.,
2619 5279 2681 5326 ut
2721 5272 2897 5327 habet
2929 5271 3155 5325 ldacius
3181 5269 3406 5342 Clarus,
3440 5282 3545 5321 seu
3578 5263 3818 5342 Vigilius

404 5337 858 5416 Tapsensislib:
892 5346 1125 5416 [contra
1163 5340 1551 5416 Wariquum,
1594 5359 1697 5395 seu
1730 5344 2075 5398 Marivadum
2107 5337 2236 5416 cap.
2289 5337 2340 5399 Ξῖ.
2377 5337 2718 5398 HARDUINUS.
2752 5344 2797 5378 ⁶⁰
2832 5344 2850 5397 l
2883 5344 3045 5416 Joan.
3067 5342 3219 5416 _v,__t_i,
3357 5340 3395 5416 ξι
3426 5342 3476 5416 9.
3515 5341 3720 5405 quiest.
3747 5337 3815 5416 3_:

405 5410 570 5467 δαῐυο
600 5416 659 5468 in
688 5411 1158 5483 omnibus,lladr.
1184 5412 1317 5467 coll.
1344 5415 1427 5465 14.
1458 5412 1507 5449 ⁵³
1537 5420 1587 5479 2,
1622 5420 1829 5483 quaest.
1866 5418 1895 5466 7
1931 5410 2263 5471 :Crimin'at.
2294 5418 2363 5468 Et
2393 5417 2453 5469 in
2504 5416 2722 5469 decret.
2756 5415 2915 5468 Lucii
2972 5420 3029 5467 et
3056 5412 3212 5466 Julii.
3245 5410 3292 5483 53
3338 5411 3606 5483 Anianus
3628 5412 3816 5483 const.

406 5486 498 5555 15,
530 5485 619 5540 tit.
650 5486 701 5549 1,
735 5485 839 5538 lib.
864 5499 940 5538 lx.
967 5481 1095 5555 5:3.
1121 5489 1329 5553 quaast.
1361 5485 1430 5537 6:
1470 5479 2015 5555 Peregriizajudiria.
2038 5489 2182 5542 Etin
2202 5488 2358 5542 decr.
2383 5487 2499 5541 Fel.
2526 5489 2547 5539 Ι
2574 5493 2631 5540 et
2657 5486 2816 5552 Julii,
2852 5491 2910 5540 et
2940 5483 3081 5539 Sixti
3116 5485 3207 5555 lll.
3233 5482 3279 5516 55
3310 5479 3818 5555 comprorinciales.

403 5554 453 5629 δέ
485 5555 661 5629 Hadr.
694 5555 828 5629 coll.
864 5558 949 5608 17.
980 5552 1026 5589 ⁵⁷
1059 5551 1184 5609 Non
1216 5555 1385 5610 nulla
1416 5571 1484 5609 ex
1512 5551 2194 5629 Ennodii'praeceptione
2227 5559 2298 5613 de
2330 5557 2656 5613 cellulariis
2686 5559 3097 5628 episcoporum
3147 5553 3462 5625 descripta.
3495 5551 3636 5605 Vide
3688 5566 3819 5622 pag.

407 5628 536 5695 450,
571 5627 714 5684 edit.
752 5627 924 5682 Sirm.
