4114 6148
304 360 465 424 1133

1495 356 1819 420 SOTERIS
1863 355 2094 418 PAPE
2134 357 2255 418 ΕΡ]
2263 356 2560 420 STOB/E.

3568 361 3726 424 1134

302 497 518 558 radant
539 495 654 568 (48)
674 520 685 566 ;
708 494 1630 567 quiasicutdiscretidebentesse
1655 495 1714 550 in
1729 510 1967 551 conver—
1995 496 2046 565 Α
2078 495 2444 550 terrestrium
2477 499 2536 552 et
2567 495 2953 567 infernarum,
2985 500 3043 553 et
3071 496 3267 553 omnis
3298 497 3494 571 lingua
3546 500 3731 555 conﬁ-

304 587 558 657 satione,
591 587 673 642 ita
701 589 760 641 et
790 585 850 642 in
901 590 1151 642 tonsura
1179 589 1238 640 et
1266 585 1428 641 omni
1486 584 1692 641 habitu
1724 585 1964 641 discreti

309 678 528 732 debent
563 689 862 747 apparere.
881 673 1012 729 Haec
1042 674 1465 743 vobis,fratres,
1490 679 1556 730 ut
1586 675 1824 744 petistis,
1857 691 1962 730 cu-

311 764 626 822 stodienda
657 763 961 831 mittimus,
991 767 1049 820 et
1084 764 1378 820 custodire
1408 763 1803 835 praecipimus,
1840 785 1869 814 «
1900 767 1967 819 ut

311 855 372 913 in
407 854 644 910 nomine
688 853 831 909 Jesu
863 869 1036 909 omne
1093 869 1244 924 genu
1296 853 1584 923 flectatur,
1615 853 1963 921 cmlestium,

385 957 711 1045 “Philipp.
742 988 802 1040 ιι,
831 970 916 1026 40.
953 971 1036 1028 11.
1119 969 1164 1006 ⁸⁷
1189 971 1441 1027 mendax
1463 969 1773 1027 consulum
1805 973 1961 1026 nota.

320 1103 512 1157 autem
546 1095 846 1165 novacula,
883 1101 964 1169 ut,
1003 1095 1337 1169 colligimus
1387 1113 1456 1152 ex
1510 1095 1804 1169 Clemente
1832 1095 1969 1152 Ale-

313 1172 524 1228 xandr.
585 1169 688 1226 lib.
743 1185 806 1224 ιιι
839 1168 1164 1239 Paedagogi,
1204 1184 1333 1240 cap.
1388 1170 1472 1240 11,
1506 1169 1605 1239 qui
1653 1168 1737 1224 sic
1785 1168 1964 1223 dicit:

319 1265 350 1296 «
388 1243 495 1300 Pili
527 1241 804 1298 tondendi
839 1249 996 1308 sunt,
1030 1257 1144 1295 non
1193 1239 1496 1305 novacula,
1528 1241 1628 1295 sed
1663 1245 1965 1295 tonsorum

319 1317 640 1372 forficibus.
673 1335 702 1362 ››
737 1315 880 1368 Item
912 1328 982 1368 ex
1011 1312 1214 1383 Optato
1253 1311 1583 1367 Milevitano
1616 1311 1716 1366 lib.
1750 1328 1792 1366 ιι
1824 1313 1970 1368 Con-

320 1397 408 1444 tra
440 1386 897 1450 Parmenianum,
932 1385 1030 1440 ubi
1062 1383 1256 1456 arguit
1286 1384 1640 1451 Donatistas,
1683 1385 1836 1454 quod
1869 1399 1970 1456 ca-

324 1458 554 1515 tholicis
584 1457 986 1513 sacerdotibus
1019 1473 1119 1528 per
1137 1456 1251 1528 vim
1285 1457 1480 1528 capita
1503 1456 1779 1510 raserint:
1814 1477 1842 1505 ‹‹
1863 1455 1972 1511 Do-

321 1537 465 1598 cete,
503 1529 714 1600 inquit,
741 1528 839 1584 ubi
863 1528 1025 1583 vobis
1058 1527 1404 1600 mandatum
1437 1527 1514 1582 sit
1545 1528 1745 1600 radere
1778 1527 1970 1600 capita

319 1598 736 1666 sacerdotibus,
787 1615 922 1655 cum
977 1615 1008 1654 e
1056 1599 1348 1654 contrario
1402 1602 1490 1671 tot
1539 1599 1657 1653 sint
1705 1598 1969 1671 exempla

319 1674 627 1748 preposita_
657 1671 791 1748 fieri
816 1687 943 1748 non
979 1671 1206 1748 debere.
1243 1691 1270 1748 3)
1310 1671 1391 1748 Ex
1447 1669 1797 1748 Hieronymo
1829 1669 1891 1726 iri
1918 1687 1964 1726 c.

319 1743 454 1802 iuv
499 1744 688 1811 Ezch.,
738 1743 836 1797 ubi
887 1744 1031 1798 dicit
1058 1743 1388 1798 sacerdotes
1439 1757 1554 1796 non
1609 1743 1819 1796 debere
1867 1758 1967 1797 co-

323 1835 479 1874 mam
511 1818 685 1882 alere,
735 1831 840 1870 nec
889 1819 1084 1870 tamen
1133 1814 1278 1881 radi,
1327 1813 1428 1868 sed
1481 1815 1560 1869 ita
1604 1814 1850 1880 tonderi,
1903 1817 1970 1870 ut

326 1892 478 1945 cutis
498 1894 645 1946 tecta
659 1890 910 1942 maneat.
937 1886 1197 1956 Denique
1215 1902 1280 1941 ex
1303 1885 1602 1956 Dionysio,
1624 1885 1967 1954 Epiphanio,

324 1960 664 2023 Athanasio,
698 1957 972 2025 Palladio,
1007 1955 1349 2028 Augustino,
1371 1957 1610 2022 Isidoro,
1641 1955 1809 2022 Beda,
1836 1972 1968 2028 con-

325 2033 459 2089 cilio
493 2031 940 2102 Carthaginensi
971 2045 1026 2084 IV
1055 2027 1418 2102 etg'il‘oletano
1447 2044 1523 2094 ιν,
1555 2028 1709 2102 idem
1742 2027 1968 2099 colligi-

326 2111 466 2173 tur;
496 2119 631 2160 cum
675 2100 831 2173 apud
861 2117 1066 2156 omnes
1101 2100 1236 2173 illos
1266 2105 1517 2173 tonsuras
1565 2100 1820 2173 quidem,
1855 2117 1968 2173 non

329 2172 521 2234 autem
569 2172 788 2231 rasura
838 2173 1052 2228 mentio
1085 2172 1202 2244 ﬁat.
1253 2172 1529 2228 Pradicta
1567 2172 1969 2244 igitur_verba

319 2246 548 2306 Aniceti
585 2245 878 2318 pontificis
912 2245 1085 2318 modo
1117 2243 1215 2318 illo
1248 2261 1365 2318 quo
1410 2242 1619 2318 supra,
1657 2242 1966 2318 explicare,

319 2337 500 2394 quam
531 2313 818 2394 integram
849 2316 1159 2394 epistolam
1193 2313 1365 2394 (quod
1402 2315 1538 2394 facit
1569 2313 1859 2394 _Bellarm.
1895 2316 1966 2370 De

316 2386 632 2457 monachis,
661 2386 788 2460 cap.
837 2389 945 2460 40),
981 2393 1286 2460 propterea
1336 2388 1395 2442 in
1434 2386 1688 2460 Qubium
1737 2403 1963 2460 vocare,

317 2457 762 2522 convenientius
792 2465 882 2516 est
907 2457 1216 2516 'ac'tut’ius.
1257 2460 1403 2513 Vide
1433 2457 1658 2512 Valent.
1692 2461 1834 2512 tom.
1870 2457 1962 2524 ιν,

319 2538 542 2608 disput.
593 2535 648 2608 9,
683 2538 890 2608 quiest.
918 2533 974 2598 5,
1010 2536 1225 2603 puncto
1271 2531 1331 2601 3,
1364 2535 1441 2584 De
1489 2530 1727 2586 annexis
1773 2545 1964 2584 sacra-

316 2605 501 2665 merito
531 2607 762 2662 ordinis.
797 2605 876 2660 In.

391 2680 504 2752 (48)
531 2681 592 2734 In
615 2680 836 2752 modum
859 2675 1098 2752 sphaerae
1125 2673 1354 2752 ναςζᾳνιιΣ
1389 2671 1450 2726 Id
1483 2675 1593 2736 est,
1622 2687 1845 2752 coronae
1878 2671 1966 2752 vel

319 2742 544 2818 circuli,
579 2742 944 2821 quiaPatr'es
972 2751 1028 2802 et
1053 2745 1302 2802 concilia
1323 2745 1463 2821 dum
1498 2743 1790 2821 praedictis
1824 2742 1966 2821 locis

319 2825 393 2879 de
415 2815 657 2878 tonsura
687 2820 1032 2896 clericorum
1057 2822 1162 2872 aut
1175 2815 1594 2896 monachorum
1625 2815 1966 2896 loquuntur,

323 2911 449 2950 eam
482 2891 872 2950 communiter
893 2905 1168 2946 coronam
1203 2889 1532 2953 nominant,
1555 2893 1856 2954 prapterea
1887 2889 1968 2940 ni-

326 2967 566 3032 mirum,
590 2964 743 3035 quod
778 2968 1018 3035 tonsura
1039 2977 1265 3016 corona:
1295 2960 1544 3035 figuram
1562 2957 1790 3035 habeat.
1816 2957 1965 3012 Cau-

325 3054 452 3094 sam
486 3046 538 3092 et
556 3029 853 3092 rationem
890 3032 1062 3103 hujus
1110 3029 1370 3103 tonsurae
1393 3029 1671 3103 clericalis
1711 3035 1967 3103 gestatas,

325 3110 424 3167 alii
456 3109 629 3165 aliam
663 3101 987 3178 assignant.
1013 3104 1207 3161 Prima
1235 3109 1326 3160 est
1354 3102 1635 3174 Dionysii,
1656 3107 1720 3156 ut
1743 3101 1843 3156 illa
1866 3117 1970 3157 nu-

2072 589 2266 641 teatur
2281 587 2422 658 quia
2448 588 2728 644 Dominus
2746 589 2920 645 Jesus
2942 589 3211 645 Christus
3229 589 3288 644 in
3308 589 3492 663 gloria
3515 595 3604 646 est
3634 592 3731 647 Dei

2075 675 2262 732 Patris
2273 677 2338 744 “,
2359 696 2387 728 υ
2412 676 2504 732 cui
2525 677 2714 734 honor
2729 683 2785 733 et
2807 678 3116 750 imperium
3138 695 3240 750 per
3255 683 3470 736 aeterna
3487 679 3700 736 secula
3715 721 3730 738 .

2146 766 2293 822 Data
2324 771 2522 823 octavo
2554 767 2844 823 Kalendas
2873 768 3057 838 Junii,
3082 767 3383 826 Gallicana
3414 774 3470 825 et
3494 769 3730 826 Rufﬁno

2073 853 2216 912 viris
2247 855 2596 913 clarissimis
2628 855 2970 913 consulibus
3000 858 3066 893 ⁸⁷·

2078 1097 2310 1173 datione
2356 1097 2564 1173 capitis
2597 1099 2962 1173 significetur
2990 1099 3111 1156 vita
3140 1105 3342 1172 aperta
3372 1107 3425 1156 et
3456 1118 3602 1173 pura
3633 1103 3728 1158 cui

2077 1169 2455 1241 ecclesiastici
2505 1169 2741 1227 studere
2797 1173 3030 1228 debent.
3083 1169 3350 1230 Secunda
3399 1169 3487 1230 est
3537 1175 3722 1241 Bedae,

2079 1239 2176 1295 lib.
2227 1259 2258 1294 v
2313 1242 2569 1299 Historia?
2604 1244 2869 1317 _,4ng_lic.,
2903 1261 2968 1317 c._
3000 1245 3112 1317 22,
3147 1252 3208 1299 ut
3257 1245 3462 1317 spinea
3506 1239 3726 1303 Christi

2079 1329 2310 1378 corona,
2359 1331 2536 1384 quam
2569 1314 2761 1369 clerici
2817 1315 3070 1370 maxime
3100 1315 3157 1370 in
3202 1314 3484 1372 memoria
3512 1317 3728 1374 habere

2079 1385 2310 1452 debent,
2364 1391 2829 1455 repraesentetur.
2864 1389 3058 1441 Tertia
3105 1392 3195 1441 est
3245 1388 3451 1444 Isidori
3490 1387 3592 1444 lib.
3654 1391 3728 1445 De

2077 1456 2220 1531 ofﬁc.
2262 1458 2472 1531 alario”
2505 1459 2724 1513 Rabani
2771 1458 2870 1531 li_b.
2904 1475 2945 1513 ιι
2979 1459 3050 1513 De
3077 1459 3312 1531 institi“.
3364 1461 3544 1516 cleric.
3597 1477 3723 1531 cap-

2081 1529 2132 1594 1,
2160 1533 2234 1600 _ut
2263 1527 2622 1598 signiﬁcetur
2669 1529 2860 1599 regale
2889 1546 3014 1584 esse
3044 1529 3258 1585 Christi
3309 1527 3724 1600 sacerdotium,

2080 1598 2248 1675 cujus
2277 1600 2697 1675 gubernatores
2717 1598 2830 1675 tali
2845 1617 3058 1675 corona
3080 1601 3379 1675 redimitos
3402 1619 3538 1675 esse
3561 1598 3726 1675 oporQ

2077 1674 2217 1734 teat,
2249 1670 2336 1726 vel
2368 1671 2555 1743 etiam,
2591 1677 2655 1725 ut
2686 1672 3046 1743 significetur
3092 1672 3548 1729 ecclesiasticum
3599 1670 3724 1730 ani-

2078 1757 2266 1816 mum,
2290 1743 2389 1812 qui
2423 1747 2521 1816 est
2545 1742 2600 1796 in
2636 1742 2869 1816 homine
2901 1745 3057 1799 sicut
3078 1749 3274 1799 vertex
3298 1746 3354 1799 in
3387 1747 3596 1816 capite,
3624 1747 3726 1801 de-

2078 1813 2213 1868 bere
2243 1829 2369 1868 esse
2411 1815 2698 1868 nudatum
2732 1831 2764 1868 a
2807 1815 2980 1879 vitiis,
3032 1815 3351 1884 spoliatum
3384 1813 3596 1871 affectu
3629 1832 3730 1872 su-

2078 1884 2500 1959 perfluitatum,
2533 1902 2610 1959 ac»
2639 1887 2876 1959 demum
2901 1892 3170 1959 apertum
3194 1892 3254 1959 et
3282 1889 3622 1959 expeditum
3658 1891 3728 1944 ad

2079 1956 2761 2030 divinasinspirationes
2798 1956 2970 2014 facile
3001 1956 3428 2030 percipiendas.
3460 1958 3728 2030 Valentia

2079 2027 2370 2099 praedictis
2399 2027 2562 2083 locis.
2597 2029 2707 2084 Sed
2741 2032 2796 2082 et
2827 2030 2941 2085 alia
2969 2027 3040 2085 al)
3072 2027 3426 2086 his—diversa
3458 2031 3528 2085 de
3565 2029 3727 2086 cleri-

2079 2115 2277 2154 corum
2310 2104 2550 2173 tonsura
2578 2100 2892 2173 adducitur
2920 2118 3097 2156 causa
3127 2102 3466 2173 arGermano
3497 2102 3725 2173 episco-

2078 2187 2151 2242 po
2181 2171 2867 2244 Constantinopolitano,
2899 2173 2991 2227 his
3023 2172 3257 2244 verbis;
3303 2195 3331 2222 «
3366 2171 3588 2244 Duplex
3627 2190 3723 2229 co-

2081 2259 2222 2314 rona
2273 2243 2691 2314 circumposita
2745 2242 2920 2314 capiti
2978 2243 3318 2311 sacerdotis,
3379 2242 3724 2314 capillorum

2077 2313 2524 2387 significatione,
2571 2313 2891 2384 imaginem
2941 2315 3115 2387 refert
3142 2313 3465 2371 venerandi
3511 2316 3720 2387 capitis

2073 2385 2501 2458 apostoliAPetri
2525 2402 2549 2458 :_
2573 2387 2667 2439 cui
2715 2402 2846 2440 cum
2881 2385 3100 2441 missus
3130 2392 3284 2441 esset
3335 2388 3406 2441 ad
3442 2385 3718 2458 praecl—ica-

2072 2456 2289 2531 tiionem
2322 2456 2554 2531 Domini
2586 2461 2642 2510 et
2671 2458 2958 2531 magistri,
2992 2458 3042 2512 ei
3070 2462 3239 2531 tonsa
3268 2463 3357 2513 est
3389 2456 3462 2513 ab
3496 2460 3583 2531 his
3616 2459 3716 2531 qui

2073 2529 2200 2602 ejus
2231 2529 2489 2602 sermoni
2511 2544 2626 2582 non
2650 2530 2986 2602 credebant,
3011 2534 3082 2602 ut
3099 2528 3440 2602 illuderetur
3459 2531 3529 2586 ab
3549 2528 3716 2602 ipsis,

2075 2601 2244 2670 eique
2275 2599 2538 2655 Christus
2571 2601 2840 2669 magister
2880 2600 3202 2666 benedixit;
3236 2606 3293 2655 et
3322 2599 3623 2657 infamiam
3657 2603 3720 2658 in

2077 2671 2376 2743 honorem,
2412 2670 2743 2726 illusionem
2776 2672 2834 2727 in
2884 2671 3132 2743 gloriam
3176 2672 3479 2740 convertit,
3511 2677 3569 2728 et
3620 2690 3718 2742 po-

2077 2742 2198 2798 suit
2230 2757 2404 2812 super
2434 2748 2605 2814 caput
2638 2744 2768 2813 ejus
2799 2742 3096 2811 coronam,
3123 2766 3149 2792 »
3182 2748 3291 2799 etc.
3316 2744 3478 2800 Unde
3495 2749 3722 2800 constat

2077 2830 2228 2886 eam,
2262 2830 2390 2884 quis
2421 2814 2669 2886 principi
2700 2815 3097 2886 apostolorum
3130 2815 3440 2872 derisionis
3471 2821 3527 2871 et
3556 2815 3724 2877 igno-

2080 2885 2272 2940 miniae
2303 2902 2481 2940 causa
2511 2885 2671 2940 illata
2700 2893 2790 2942 est
2821 2893 2958 2943 nota
2985 2887 3264 2952 infamiae,
3293 2889 3474 2943 totius
3525 2887 3725 2942 Eccle-

2080 2958 2178 3013 size
2213 2957 2417 3013 honori
2451 2957 2700 3014 cessisse
2729 2958 2871 3014 Vide
2905 2959 3138 3024 Baron.,
3175 2958 3470 3028 Bellarm.,
3497 2959 3729 3025 Valent,

2080 3033 2216 3095 etc.,
2249 3028 2520 3102 allegatis
2549 3029 2716 3085 locis.
2750 3034 2832 3086 In.

1411 3421 2070 3590 SOTER
2145 3422 2672 3586 PAPA

1783 3827 2290 3927 NOTITIA

407 4017 512 4088 (Ex
532 4014 696 4070 Libro
714 4009 1032 4084 pontificali
1051 4007 1288 4066 Damasi
1309 4022 1490 4079 papae,
1509 4021 1600 4078 ap.
1615 4009 1823 4073 ΜΑιγει,
1845 4002 2076 4069 Concil.,
2094 4002 2134 4068 Ι,
2155 4002 2282 4058 687.
2299 4000 3083 4071 —VidePatrologiaeLatinae
3100 4004 3143 4057 t.
3158 3999 3539 4070 CXXVII,col.
3563 4001 3748 4073 1240.)

411 4145 575 4198 Soter
606 4139 838 4195 natione
888 4137 1242 4206 Campanus,
1277 4150 1346 4190 ex
1379 4129 1914 4206 patreConcordio,
1935 4129 2015 4206 de
2039 4128 2298 4206 _civita_te
2329 4128 2577 4206 Fundis,
2623 4129 2774 4206 sedit
2801 4146 2985 4206 annos
3010 4131 3078 4206 9,
3120 4145 3354 4206 menses
3397 4130 3454 4194 7,
3505 4129 3629 4206 dies
3656 4130 3750 4184 21.

339 4215 474 4272 Fuit
503 4216 695 4268 autem
730 4199 1094 4280 temporibus
1127 4199 1258 4260 Veri
1293 4213 1346 4280 et
1379 4199 1586 4280 Marci,
1617 4220 1650 4258 a
1680 4200 1992 4280 consulatu
2037 4201 2254 4280 Rustici
2287 4205 2359 4280 et.
2384 4199 2670 4280 Aquilini,
2704 4217 2888 4271 usque
2919 4201 2990 4257 ad
3039 4201 3359 4280 Cethegum
3393 4210 3448 4280 et
3496 4200 3752 4280 Clarum.

339 4287 445 4342 Hic
475 4282 798 4345 constituit,
831 4272 894 4335 ut
923 4279 1086 4334 nulla
1117 4277 1407 4333 monacha
1441 4275 1655 4347 pallam
1683 4278 1972 4347 sacratam
2005 4273 2388 4347 contingeret,
2417 4287 2536 4347 nec
2557 4272 2862 4347 incensum
2892 4277 3128 4347 poneret
3157 4272 3453 4328 in'sancta
3480 4273 3754 4347 ecclesia,

338 4359 445 4414 Hic
489 4355 622 4410 fecit
667 4343 1062 4408 ordinationes
1090 4353 1140 4411 3.
1179 4367 1277 4422 per
1325 4343 1587 4422 mensem
1637 4346 2036 4422 Decembrem,
2070 4343 2579 4422 presbyteros_18,_
2615 4344 2892 4422 diaconos
2921 4345 3334 4422 9,_episcopos
3379 4361 3482 4422 per
3529 4345 3759 4422 diversa

339 4413 473 4486 loca
502 4429 588 4484 11.
621 4426 729 4492 Qui
759 4423 1024 4496 sepultus
1055 4427 1144 4478 est
1179 4413 1250 4479 'in
1283 4419 1614 4478 cmmeterio
1662 4417 1907 4488 Callisti,
1937 4416 2028 4471 via
2056 4413 2269 4488 Appia,
2295 4433 2332 4470 x
2361 4413 2652 4472 Kalendas
2713 4415 2915 4472 Maias.
2977 4413 3081 4471 Et'
3104 4413 3352 4474 cessavit
3382 4413 3758 4489 episcopatus

345 4501 473 4557 dies
506 4499 593 4554 11.

346 4617 3756 4653 M

1398 4740 2093 4869 SOTERIS
2202 4740 2710 4864 ΡΑΡᾸΕ

1733 4950 2390 5048 EPISTOL/E

863 5146 1202 5205 EPISTOLA
1241 5145 1495 5202 PRIMA.

796 5291 869 5333 AD
909 5287 1206 5332 CAMPANIE
1245 5286 1561 5327 EPISCOPOS.

643 5384 714 5439 De
742 5382 848 5453 [ide
873 5385 926 5437 et
956 5378 1350 5436 incarnatione
1383 5379 1444 5432 D.
1474 5379 1544 5432 N.
1576 5378 1626 5433 Ι.
1663 5376 1720 5432 C.

425 5521 595 5576 Soter
627 5518 670 5554 ⁸⁸
715 5514 1044 5588 apostolicae
1077 5513 1235 5569 sedis
1284 5511 1786 5584 archiepiscopus,
1835 5510 2008 5564 Cam-

357 5609 532 5682 panis
561 5605 863 5672 omnibus,
897 5603 1149 5660 salutem
1177 5601 1236 5656 in
1267 5601 1533 5658 Domino.

431 5712 478 5750 ⁸⁸
494 5713 556 5772 in
582 5711 917 5779 ms.Sother,
949 5714 1006 5766 et
1023 5711 1080 5765 in
1103 5709 1377 5782 gignendi
1401 5724 1541 5765 casu
1564 5707 1798 5765 Sotheri.
1825 5705 2012 5762 IlAan.

2038 5146 2087 5212 Β
2189 5143 2454 5199 Gaudere
2485 5159 2584 5199 vos
2625 5146 2875 5215 oportet,
2909 5144 3136 5216 fratres,
3170 5145 3347 5216 quod,
3407 5143 3601 5202 divina
3651 5143 3768 5198 lar-

2120 5233 2314 5307 giente
2341 5233 2550 5306 gratia,
2569 5231 2892 5289 familiares
2918 5234 3151 5290 Domini
3176 5234 3490 5304 vocamini,
3523 5235 3772 5306 ejusque

2119 5321 2420 5379 sacerdotii
2473 5320 2760 5393 dignitate
2790 5321 3124 5393 fungimini.
3161 5324 3335 5380 Nunc
3387 5327 3582 5380 autem
3634 5337 3772 5393 rogo

2119 5429 2246 5481 vos,
2279 5415 2344 5467 ut
2371 5410 2528 5468 circa
2558 5409 2756 5482 plebes
2799 5411 2963 5466 vobis
2995 5413 3346 5469 commissas
3397 5413 3656 5469 laborare
3687 5410 3776 5466 di-

2123 5502 2404 5574 gnemini,
2438 5505 2494 5556 et
2543 5501 2870 5556 fructuosos
2907 5500 3244 5571 manipulos
3293 5503 3539 5560 Domino
3572 5518 3771 5574 repor-

2125 5601 2247 5649 tare
2278 5590 2571 5647 nitamini.
2597 5588 2644 5625 ⁶⁹
2673 5588 2889 5646 Paulus
2920 5589 3076 5646 enim
3107 5589 3402 5661 apostolus
3449 5593 3520 5648 de
3552 5592 3668 5649 fide
3698 5593 3780 5647 ita

2125 5701 2172 5737 “
2201 5698 2459 5756 Ithacius
2495 5698 2618 5753 adv.
2659 5697 3011 5753 Varimadum
3043 5713 3209 5771 capp.
3242 5700 3276 5752 9
3305 5701 3362 5755 et
3397 5701 3478 5756 10.
