4114 6148
372 345 527 407 1135
1785 337 2059 400 SOTERI

2177 339 2390 399 ΡΑΡᾹΞ
3639 348 3796 409 1130

368 476 654 548 loquitur,
685 473 922 528 dicens:
955 492 982 521 ‹‹
1013 471 1175 534 Quod
1209 475 1341 526 ante
1375 471 1727 542 promiserat
1757 487 1858 542 per
1886 488 2021 543 pro-
2055 479 2110 545 Α
2138 471 2260 528 xit:
2298 494 2329 520 «
2373 473 2595 542 Loquor
2623 472 2810 540 vobis,
2844 477 2899 530 et
2927 491 3045 530 non
3097 477 3337 534 auditis.
3369 478 3429 535 Si
3472 485 3668 537 autem
3702 499 3801 539 ve-

376 566 578 636 pbetas
610 578 748 618 suos
781 560 837 614 in
874 559 1189 631 Scripturis
1230 559 1452 615 sanctis
1483 561 1553 614 de
1585 559 1727 615 Filio
1768 577 1898 625 suo,
1930 562 2031 631 qui
2143 561 2296 618 uerit
2345 561 2522 627 alius,
2556 561 2724 617 illum
2756 563 3007 619 audietis
3037 564 3106 619 9'.
3141 587 3170 615 »
3203 570 3272 622 Et
3311 567 3565 626 iterum:
3599 592 3629 619 ‹‹
3664 577 3800 628 Hea

377 657 564 710 factus
594 657 678 707 est
702 652 752 706 ei
784 667 849 705 ex
871 651 1096 705 semine
1116 649 1289 704 David
1314 651 1636 704 secundum
1669 667 1904 705 carnem
1927 651 2032 704 ⁷ο.»

375 744 518 798 Item
546 743 669 813 ipse
700 742 770 795 ad
796 739 1030 794 Galatas
1057 756 1069 792 :
1098 762 1124 788 «
1158 739 1470 810 Postquam
1504 745 1699 793 autem
1732 739 1892 794 venit
1915 739 2033 809 ple-

379 833 582 888 nitudo
615 829 919 901 temporis,
956 827 1114 881 misit
1149 833 1295 882 Deus
1332 827 1539 881 Filium
1573 845 1769 891 suum,
1803 844 1871 882 ex
1902 844 2032 882 mu-

2144 650 2373 706 Iocutus
2416 656 2508 706 est
2564 651 2848 708 Dominus
2891 653 2949 708 in
3003 655 3438 728 gazophylacio,
3472 660 3689 715 docens
3739 663 3800 718 in

2144 738 2400 810 templo:
2433 748 2488 794 et
2521 756 2692 796 nemo
2741 741 3129 812 apprehendit
3157 761 3312 815 eum,
3348 747 3488 817 quia
3536 750 3799 807 nondum

2142 833 2380 883 venerat
2407 828 2551 884 hcra
2566 830 2696 900 ejus
2718 828 2784 885 93.
2807 853 2835 880 ››
2860 832 3000 888 Ecce
3025 833 3082 888 in
3110 833 3202 889 his
3226 836 3523 906 omnibus,
3547 856 3676 908 qua
3702 857 3798 894 su-

378 922 519 977 liere
552 922 796 983 factum,
829 922 884 972 et
916 917 1136 972 factum
1170 917 1281 970 sub
1316 916 1438 988 lege
1470 915 1538 973 7'.
1560 938 1584 965 υ
1623 919 1688 971 Et
1709 916 1783 972 ad
1814 916 2032 986 Philip.

381 1027 630 1083 penses:
669 1031 694 1056 ‹‹
717 1011 777 1063 In
802 1005 1252 1062 similitudinem
1288 1005 1593 1060 hominum
1629 1007 1837 1070 factus,
1860 1009 1917 1060 et
1939 1005 2036 1060 ha-

383 1101 508 1154 bitu
545 1100 814 1152 inventus
848 1099 910 1148 ut
962 1095 1136 1149 homo
1177 1093 1246 1146 ⁷².
1279 1116 1300 1144 ι
1357 1095 1424 1148 Et
1453 1094 1513 1148 in
1548 1094 1774 1165 psalmo
1805 1111 1913 1150 xxx
1942 1094 1986 1127 ⁷³
2018 1110 2031 1147 ;

385 1214 412 1241 ‹‹
447 1190 744 1246 Infirmata
791 1185 967 1242 estin
1019 1189 1360 1257 paupertate
1399 1185 1587 1240 virtus
1638 1201 1787 1251 mea,
1822 1193 1876 1240 et
1905 1201 2038 1240 ossa

381 1297 512 1337 mea
541 1275 886 1333 conturbata
906 1279 1127 1329 suntet
1158 1291 1334 1346 super
1363 1274 1634 1330 inimicos
1659 1291 1819 1330 meos
1853 1275 2038 1330 factus

378 1385 509 1425 sum
543 1365 946 1438 opprobrium.
984 1384 1010 1412 ››
1068 1365 1227 1431 Item,
1261 1363 1340 1418 ibi
1390 1361 1480 1418 7‘:
1522 1363 1816 1418 Oblivioni
1864 1363 2038 1419 datus

379 1475 535 1522 sum,
605 1461 890 1525 tanquam
956 1457 1223 1506 mortuus
1283 1469 1315 1506 a
1375 1453 1564 1507 corde.
1632 1452 1849 1507 Factus
1906 1467 2040 1506 sum

381 1553 669 1617 tanquam
699 1559 800 1596 vas
833 1540 1198 1611 perditum.»
1225 1540 1295 1593 Et
1324 1540 1383 1594 in
1418 1557 1520 1594 Lxx
1553 1539 1598 1573 ⁷⁵
1627 1557 1637 1594 ;
1675 1563 1702 1589 ‹‹
1737 1545 2038 1610 Tanquam

387 1633 722 1708 prodigium
797 1631 985 1685 factus
1055 1645 1187 1683 sum
1247 1629 1493 1695 multis,
1568 1637 1621 1684 et
1675 1634 1736 1684 tu
1809 1629 2042 1698 adjutor

390 1725 579 1782 fortis.
616 1746 643 1773 »
678 1727 746 1777 Et
777 1721 836 1776 in
872 1738 1017 1776 Lxxu
1048 1719 1130 1776 '“3:
1169 1745 1195 1770 «
1231 1725 1303 1775 Ut
1325 1723 1662 1792 jumentum
1695 1722 1880 1776 factus
1910 1738 2040 1777 sum

393 1817 548 1888 apud
582 1820 657 1882 te,
688 1821 738 1868 et
790 1829 892 1881 ego
925 1827 1158 1883 semper
1200 1817 1412 1867 tecum.
1451 1835 1472 1861 υ
1508 1814 1578 1868 Et
1625 1813 1687 1868 in
1717 1829 1916 1867 Lxxxw
1946 1811 1991 1846 ⁷⁷
2025 1829 2039 1867 :

397 1931 423 1959 ‹‹
447 1905 631 1960 Mater
659 1901 794 1956 Sion
825 1902 1016 1955 dicet:
1048 1901 1253 1968 Homo,
1279 1906 1334 1955 et
1353 1901 1526 1956 homo
1560 1903 1747 1956 factus
1763 1906 1853 1956 est
1875 1901 1932 1955 in
1958 1918 2045 1972 ea,

395 2000 452 2049 et
483 1995 608 2064 ipse
641 1991 909 2045 fundavit
941 2006 1066 2045 eam
1101 1989 1457 2046 Altissimus.
1487 2012 1512 2039 »
1536 1991 1605 2044 Et
1637 1991 1695 2045 in
1728 1991 2046 2047 Lxxxvn“:

401 2108 421 2133 α
449 2086 655 2139 Factus
689 2099 819 2136 sum
854 2081 1003 2136 sicut
1036 2080 1210 2136 homo
1235 2082 1362 2137 sine
1392 2082 1680 2152 adjutorio
1711 2082 1863 2137 inter
1894 2098 2048 2137 mor-

393 2178 529 2228 tuos
561 2172 729 2227 liber.
766 2194 793 2220 ››
826 2172 893 2226 Et
924 2171 983 2225 in
1015 2187 1149 2225 cvm
1179 2172 1260 2226 πε
1297 2193 1323 2220 ‹‹
1359 2173 1428 2225 Et
1457 2187 1562 2242 ego
1596 2172 1784 2226 factus
1815 2188 1946 2226 sum
1979 2171 2052 2225 il-

398 2263 471 2319 lis
500 2261 907 2334 opprobrium,
939 2260 1210 2315 viderunt
1248 2275 1362 2329 me,
1399 2263 1455 2314 et
1503 2265 1809 2315 moverunt
1860 2259 2052 2331 capita

398 2369 526 2406 sua.
553 2355 661 2404 »Εἰ
690 2349 746 2404 in
775 2367 820 2404 CI
851 2347 898 2383 ⁸ο
923 2363 936 2403 :
957 2369 985 2398 «
1010 2348 1252 2417 Vigilavi
1283 2356 1337 2403 et
1368 2349 1553 2403 factus
1575 2365 1707 2404 sum
1742 2351 1896 2405 sicut
1918 2365 2051 2421 pas-

402 2457 498 2498 ser
529 2438 825 2496 solitarius
858 2438 917 2492 in
950 2442 1166 2494 tecto.»
1188 2438 1257 2492 Et
1289 2437 1344 2494 in
1376 2439 1686 2510 Evangelio
1714 2454 1727 2492 :
1753 2439 2052 2494 «Verbum

403 2546 536 2584 caro
567 2528 785 2584 factum
810 2535 916 2595 est,
941 2531 998 2582 et
1018 2527 1306 2583 habitavit
1332 2528 1388 2582 in
1414 2528 1584 2583 nobis
1599 2527 1666 2584 ⁸¹.
1686 2550 1712 2577 ››
1738 2528 1919 2583 Filius
1944 2527 2053 2598 igi-

404 2623 504 2674 tur
519 2619 842 2673 secundum
860 2632 1088 2671 carnem
1109 2617 1498 2672 dicitur.Nam
1514 2617 1834 2672 secundum
1851 2616 2058 2672 divini-

411 2714 612 2772 tatem,
642 2723 674 2760 a
705 2711 870 2760 Patre
902 2723 1196 2776 nusquam
1223 2705 1440 2776 legitur
1465 2706 1780 2773 factus,sed
1805 2705 2055 2776 genitus.

410 2796 560 2852 Dum
585 2795 740 2850 enim
766 2795 934 2849 Pater
953 2793 1429 2865 loquitur,Filius
1453 2793 1736 2866 loquitur,
1755 2799 1957 2850 etcum
1976 2795 2061 2850 Fi-

410 2885 528 2940 lius
563 2883 842 2954 loquitur,
868 2888 1092 2939 Patrem
1125 2883 1183 2937 in
1219 2883 1315 2938 illo
1345 2899 1472 2938 esse
1501 2883 1857 2954 loquentem,
1882 2883 2060 2938 docu-

413 2973 628 3030 mentis
651 2972 982 3027 cmlestibus
1007 2973 1628 3044 comprobatur,Paulo
1647 2973 1906 3042 apostolo
1925 2977 2062 3027 atte-

410 3061 730 3132 stante,qui
749 3061 880 3116 aitzu
893 3059 1551 3130 Multitarie,multisque
1564 3062 1742 3116 modis
1757 3061 1895 3116 olim
1912 3061 2063 3116 Deus

408 3151 640 3205 locutus
665 3153 752 3203 est
779 3148 1041 3218 patribus
1074 3149 1130 3201 in
1165 3148 1486 3218 prophetis,
1513 3149 1832 3204 novissime
1865 3153 2061 3204 autem

2145 917 2344 987 pcrius
2375 917 2530 972 dicta
2561 924 2717 985 sunt,
2745 936 2857 974 non
2891 923 3132 977 docetur
3162 925 3346 980 Filius
3382 935 3668 998 pracepto
3703 929 3801 983 Pa-

2145 1006 2254 1060 tris
2292 1005 2473 1060 fuisse
2506 1005 2758 1074 locutus,
2783 1011 2882 1062 sed
2921 1012 3110 1082 magis
3143 1015 3444 1084 proprium
3469 1018 3800 1074 exercuisse

2144 1093 2203 1147 in
2254 1092 2548 1163 loquendo
2593 1112 2949 1153 sermonem.
2997 1101 3182 1157 Isaias
3233 1119 3463 1174 quoque
3515 1107 3802 1175 prepheta

2147 1183 2260 1238 ait:
2295 1205 2324 1232 «
2355 1187 2486 1239 Hac
2519 1185 2658 1239 dicit
2688 1190 2971 1244 Dominus
2999 1205 3012 1244 :
3067 1194 3182 1263 Ego
3215 1193 3322 1248 feci
3378 1199 3590 1249 terram
3626 1213 3798 1252 sensu

2151 1289 2298 1339 meo,
2331 1278 2386 1327 et
2417 1273 2718 1330 hominem
2750 1293 2927 1346 super
2956 1296 3085 1334 eam
3121 1297 3134 1334 :
3167 1284 3285 1352 Ego
3316 1282 3563 1338 solidavi
3594 1287 3801 1340 calum

2150 1377 2328 1416 manu
2380 1379 2530 1430 mea,
2570 1379 2676 1435 ego
2724 1368 3004 1424 omnibus
3034 1369 3330 1425 sideribus
3382 1373 3689 1445 mandavi,
3743 1380 3806 1430 ut

2150 1450 2415 1506 lucerent
2445 1451 2503 1506 in
2537 1453 2682 1508 calo
2713 1453 2779 1509 9‘.
2805 1477 2831 1504 »
2864 1461 3008 1512 Item
3041 1459 3122 1513 ibi
3154 1477 3167 1514 :
3205 1481 3233 1509 «
3267 1461 3386 1532 Ego
3412 1478 3582 1517 omne
3613 1465 3806 1520 consi-

2151 1539 2296 1593 lium
2346 1555 2542 1595 meum
2575 1542 2774 1610 statui,
2808 1549 2865 1599 et
2895 1548 3091 1601 omnia
3122 1565 3490 1621 quacunque
3532 1553 3804 1623 cogitavi,

2150 1644 2256 1700 ego
2289 1627 2394 1683 feci
2425 1628 2492 1685 ⁸⁵.
2523 1651 2552 1679 ››
2589 1630 2733 1685 Item
2769 1632 2848 1686 ibi
2878 1649 2890 1687 :
2926 1656 2954 1683 «
3008 1634 3100 1690 Sic
3148 1637 3290 1693 dicit
3321 1640 3646 1696 Dominus:
3696 1643 3804 1708 Qui

2152 1717 2456 1772 constituit
2502 1719 2713 1774 calum
2744 1726 2803 1775 et
2832 1727 3069 1791 terram,
3122 1729 3181 1780 et
3213 1727 3346 1781 fecit
3391 1743 3542 1797 eam,
3578 1735 3633 1784 et
3677 1731 3808 1785 fun-

2151 1806 2312 1861 davit
2334 1807 2380 1840 9’
2411 1823 2538 1862 eam
2569 1807 2636 1863 '7.
2672 1830 2700 1856 »
2734 1809 2876 1865 Item
2914 1812 3032 1868 ibi:
3080 1835 3108 1862 «
3145 1815 3258 1886 Ego
3312 1815 3558 1887 primus,
3603 1824 3661 1874 et
3703 1835 3808 1890 ego

2159 1897 2217 1950 in
2249 1900 2526 1952 aeternum
2559 1914 2572 1951 :
2607 1914 2816 1954 manus
2848 1916 2978 1956 mea
3010 1903 3274 1960 fundavit
3304 1910 3542 1976 terram,
3575 1909 3811 1966 dextera

2161 2001 2288 2040 mea
2320 1985 2588 2042 solidavit
2619 1987 2826 2044 calum
2860 1989 2923 2044 ⁸⁸.
2958 2013 2977 2038 ι
3007 1992 3076 2047 Et
3102 1993 3158 2048 in
3191 1994 3480 2050 Jeremia:
3513 2019 3542 2046 ‹‹
3566 1998 3684 2068 Ego
3705 1998 3813 2053 feci

2161 2078 2375 2129 terram
2401 2076 2459 2130 in
2484 2076 2828 2134 fortitudine
2851 2096 2982 2134 mea
3005 2096 3242 2152 magna,
3258 2084 3395 2138 etin
3422 2085 3661 2142 brachio
3685 2103 3814 2143 meo

2160 2163 2385 2219 excelso
2407 2165 2469 2218 θ’.
2499 2185 2527 2213 »
2551 2167 2694 2221 Item
2721 2166 2828 2221 ibi:
2855 2186 2882 2218 ι
2905 2169 3192 2225 Dominus
3225 2172 3359 2227 fecit
3384 2177 3598 2230 terram
3635 2176 3692 2231 in
3713 2177 3818 2231 vir-

2160 2255 2287 2306 tute
2318 2267 2424 2307 sua
2456 2269 2690 2324 magna,
2714 2260 2771 2310 et
2799 2257 2980 2312 erexit
3011 2259 3210 2314 orbem
3232 2265 3398 2315 terra
3430 2262 3486 2316 in
3509 2265 3817 2335 sapientia,

2161 2345 2220 2395 et
2251 2341 2564 2412 prudentia
2593 2360 2703 2398 sua
2724 2346 2986 2400 extendit
3014 2347 3247 2418 calum,
3269 2355 3327 2404 et
3388 2352 3582 2421 posuit
3610 2371 3816 2409 sonum

2165 2445 2328 2500 aqua
2378 2431 2438 2485 in
2487 2432 2631 2488 calo
2673 2433 2714 2490 ί.
2750 2454 2778 2484 ››
2826 2435 2848 2468 ³
2901 2434 3223 2504 Defendite,
3272 2437 3625 2508 charissimi,
3681 2458 3819 2514 rogo

2164 2535 2290 2586 vos,
2316 2524 2525 2576 contra
2550 2523 2870 2580 malevolos
2888 2524 3160 2582 homines
3189 2527 3605 2586 inconcussum
3629 2531 3826 2587 Eccle-

2166 2607 2264 2662 sia
2315 2615 2564 2676 statum,
2619 2617 2683 2667 ut
2727 2629 2829 2669 vos
2884 2613 3102 2670 Christi
3150 2617 3384 2674 dextera
3441 2619 3714 2676 defendat
3760 2621 3822 2675 in

2167 2712 2375 2751 avum.

2249 2790 2396 2845 Data
2426 2790 2606 2845 Nonis
2636 2789 2794 2854 Maii,
2815 2793 3056 2848 Rustico
3087 2797 3144 2848 et
3171 2795 3439 2866 Aquilino
3471 2798 3609 2853 viris
3631 2799 3830 2854 claris-

2171 2882 2338 2939 simis
2369 2879 2711 2938 consulibus
2741 2883 2786 2933 ³.

2770 2997 3108 3054 EPISTOLA
3153 2999 3224 3054 ll.

2661 3129 2733 3168 AD
2774 3129 3076 3169 EPISCOPOS
3115 3129 3331 3171 ῙΤΑῙιῐοε.

412 3237 648 3294 locutus
679 3241 765 3292 est
797 3236 1044 3292 nobisin
1074 3235 1217 3291 Filio
1241 3236 1342 3290 ⁸³.»
1369 3237 1514 3291 Etut
1535 3237 1808 3292 eumdem
1833 3236 2065 3302 Filium,
2100 3220 2143 3285 C
2181 3230 2256 3286 Ne
2302 3231 2530 3300 femina
2559 3244 2732 3302 sacra,
2756 3245 2886 3302 rasa
2938 3228 3028 3283 vel
3069 3246 3252 3284 sacras
3281 3231 3456 3301 pallas
3505 3235 3846 3301 contingant

413 3332 652 3398 excepto
706 3327 886 3381 Patris
938 3329 1243 3396 praecepto,
1279 3327 1515 3380 doceam
1568 3326 1744 3381 fuisse
1787 3325 2068 3395 locutum,

417 3433 485 3470 ex
518 3415 681 3468 Isaia
716 3415 1008 3484 propheta
1043 3412 1336 3468 volumine
1371 3414 1721 3485 proferimus
1760 3414 2072 3470 documen-

416 3509 546 3560 tum
575 3522 587 3565 ;
625 3525 647 3554 α
673 3503 801 3558 Hac
833 3503 974 3557 dicit
999 3503 1393 3558 Dominus:ln
1419 3503 1519 3557 illa
1551 3504 1641 3558 die
1659 3505 1800 3561 sciet
1820 3505 2070 3576 papulus

424 3610 610 3660 meus,
645 3593 918 3663 quoniam
953 3608 1058 3663 ego
1091 3609 1223 3646 sum
1261 3592 1404 3662 ipse,
1431 3594 1529 3662 qui
1562 3592 1841 3664 loquebar
1868 3595 1924 3650 in
1950 3611 2073 3651 ser-

423 3683 510 3738 vis
544 3683 692 3736 meis
725 3681 1046 3750 prophr'tis,
1073 3681 1479 3752 evangelizans
1513 3683 1778 3738 auditum
1814 3685 1996 3756 pacis,
2020 3689 2076 3740 et

422 3788 555 3828 ecce
590 3773 801 3826 adsum
843 3770 908 3826 ⁸³.
948 3793 973 3819 ››
1025 3773 1169 3827 Item
1204 3771 1322 3826 ibi:
1356 3795 1383 3820 «
1431 3773 1546 3843 Ego
1581 3789 1709 3827 sum
1759 3775 2035 3831 Dominus
2060 3819 2074 3845 ,

421 3862 523 3933 qui
579 3861 787 3931 loquor
826 3861 1147 3930 justitiam,
1180 3865 1237 3916 et
1283 3861 1566 3916 annuntio
1599 3863 1899 3919 veritatem
1948 3866 2009 3919 ⁸⁸.
2049 3887 2076 3914 ››

418 3951 564 4006 Item
617 3949 718 4005 ibi.
781 3973 806 3998 ‹‹
846 3951 958 4022 Ego
1014 3950 1278 4021 cogitavi,
1326 3959 1380 4005 et
1411 3949 1643 4006 locutus
1688 3969 1840 4024 sum,
1875 3957 1930 4009 et
1974 3955 2080 4009 ad-

423 4042 583 4108 duxi,
632 4049 688 4095 et
719 4040 926 4110 creavi,
981 4046 1038 4095 et
1087 4042 1195 4097 fcci
1229 4040 1296 4097 ⁸⁵.
1334 4063 1360 4090 ››
1419 4043 1488 4097 Et
1533 4044 1880 4114 Apostolus:
1934 4068 1961 4093 «
1994 4049 2080 4100 An

420 4130 885 4202 experimentum
905 4129 1436 4201 quaritisejus,qui
1457 4132 1513 4186 in
1537 4131 2081 4202 meloquiturChri-

417 4225 544 4276 stus
580 4220 648 4274 ⁸⁸.
685 4238 708 4263 η
746 4221 814 4273 Et
839 4219 897 4273 in
932 4218 1057 4290 psal
1089 4236 1260 4274 cxvm
1293 4217 1380 4273 87:
1416 4243 1442 4269 «
1482 4221 1777 4293 Loquebar
1815 4223 1884 4277 de
1914 4223 2078 4279 testi-

426 4307 640 4361 moniis
672 4307 789 4360 tuis
823 4307 880 4360 in
915 4311 1226 4378 conspectu
1259 4323 1486 4377 rogum,
1521 4315 1576 4363 et
1607 4327 1721 4364 non
1755 4311 2082 4368 contundeo

429 4395 550 4448 bar.
584 4417 609 4442 »
645 4395 711 4448 Et
743 4395 866 4465 ipse
890 4395 1171 4451 Dominus
1207 4396 1262 4450 in
1289 4397 1602 4469 Evangelia
1635 4415 1782 4455 caeo
1805 4417 1838 4454 a
1867 4417 1929 4455 se
1953 4400 2086 4456 illu-

427 4481 646 4538 minato
700 4483 876 4536 dicit:
932 4506 958 4532 ‹‹
996 4484 1061 4537 Et
1112 4484 1306 4540 vidisti
1363 4502 1519 4554 eum,
1571 4491 1628 4542 et
1675 4489 1774 4558 qui
1827 4488 2088 4560 loqmtur

2649 3301 2734 3356 vel
2763 3301 2974 3355 altaria
3005 3302 3300 3357 incendant
3329 3301 3370 3356 ⁴.

2255 3415 2664 3473 Dilectissimis
2696 3416 2978 3472 fratribus
3011 3434 3112 3488 per
3136 3419 3312 3472 Italia
3346 3418 3673 3488 provinciae
3706 3437 3814 3476 san

2185 3507 2291 3561 ctis
2323 3505 2660 3561 constitutis
2689 3506 3003 3577 episcopis,
3037 3506 3202 3561 Sotcr
3230 3523 3397 3576 papa.

2259 3595 2480 3650 Divinis
2510 3600 2816 3666 praeceptis
2845 3596 2866 3629 ⁸
2898 3600 2955 3650 et
2996 3593 3323 3665 apostolicis
3355 3593 3588 3648 monitis
3645 3595 3841 3652 infor-

2191 3701 2438 3751 mamur,
2462 3690 2522 3739 ut
2554 3701 2655 3755 pro
2687 3685 2946 3739 omnium
2965 3681 3341 3736 Ecclesiarum
3375 3685 3550 3746 statu,
3573 3681 3834 3754 impigro

2190 3773 2495 3843 vigilemus
2525 3775 2733 3828 affectu
2754 3792 2769 3843 ;
2789 3790 2854 3828 ac
2886 3770 3092 3842 siquid
3110 3785 3356 3841 usquam
3377 3769 3826 3839 reprehensioni

2192 3866 2486 3920 invenitur
2511 3863 3026 3934 obnoxium,celeri
3050 3860 3434 3917 sollicitudine
3458 3860 3528 3916 ab
3557 3859 3836 3931 ignoran-

2195 3958 2284 4010 tia
2314 3954 2604 4026 imperitia
2635 3959 2691 4009 et
2742 3951 3215 4026 praesumptionis
3259 3953 3636 4022 usurpatione
3667 3968 3844 4007 revo—

2193 4060 2417 4098 camus.

2263 4133 2284 4167 ⁶
2332 4132 2603 4188 Sacratae
2657 4132 2774 4187 Deo
2825 4131 3073 4186 feminas
3134 4129 3220 4186 vel
3277 4127 3620 4197 monachae,
3683 4148 3858 4188 sacra

2195 4236 2334 4275 vasa
2363 4221 2449 4274 vel
2503 4226 2762 4275 sacratas
2813 4220 3001 4290 pallas
3036 4234 3213 4290 penes
3259 4234 3356 4274 vos
3405 4217 3768 4289 contingere,
3801 4225 3862 4275 et

2198 4308 2502 4365 incensum
2527 4311 2684 4366 circa
2714 4309 2924 4364 altaria
2950 4309 3196 4376 deferre,
3218 4307 3503 4380 perlatum
3523 4317 3610 4363 est
3633 4309 3707 4363 ad
3726 4325 3863 4380 apo-

2199 4399 2462 4455 stolicam
2493 4399 2690 4454 sedem
2720 4417 2733 4466 ;
2762 4415 2888 4469 qua
2921 4398 3123 4453 omnia
3143 4396 3594 4468 reprehensione
3623 4401 3681 4452 et
3704 4398 3861 4453 vitu-

2201 4490 2492 4558 peratione
2507 4489 2679 4560 plena
2711 4504 2860 4555 esse,
2882 4487 3028 4541 nihil
3055 4493 3206 4542 recte
3237 4485 3590 4556 sapientium
3611 4486 3857 4542 dubium

419 4575 636 4638 tecum,
696 4569 821 4642 ipse
855 4577 943 4625 est
972 4571 1038 4628 ⁸⁸.
1089 4595 1116 4623 »
1171 4574 1240 4628 Et
1289 4575 1664 4631 Samaritana
1706 4577 1937 4632 mulieri
1969 4580 2090 4632 ait:
2127 4588 2174 4651 ι)
2203 4582 2312 4631 est.
2336 4578 2701 4648 Quapropter
2719 4576 2896 4645 hujus
2925 4583 3138 4630 sancta
3167 4575 3324 4629 sedis
3347 4574 3716 4636 auctoritate,
3741 4575 3862 4630 hac

428 4683 454 4708 «
496 4661 611 4730 Ego
645 4675 800 4726 sum,
837 4661 934 4730 qui
981 4661 1187 4731 loquor
1219 4666 1408 4716 tecum
1443 4662 1510 4721 39.
1547 4686 1574 4712 n
1607 4665 1677 4720 Et
1708 4668 1777 4721 ad
1828 4667 2089 4738 discipu-

423 4749 510 4803 los
541 4765 554 4803 :
594 4769 620 4797 ‹‹
654 4747 846 4802 Verba
878 4765 1008 4819 qua
1044 4766 1150 4821 ego
1183 4750 1417 4807 locutus
1450 4769 1578 4808 sum
1613 4757 1796 4825 vobis,
1843 4757 2089 4827 spiritus

421 4843 478 4893 et
507 4837 625 4893 vita
656 4845 791 4892 sunt
821 4837 890 4892 9°.
929 4861 955 4887 »
993 4839 1054 4893 Et
1089 4839 1159 4894 ad
1194 4839 1454 4896 Patrem:
1492 4865 1519 4893 ‹‹
1557 4844 1672 4914 Ego
1704 4847 1772 4900 ad
1811 4851 1864 4901 te
1896 4846 2086 4912 venio,

422 4934 491 4997 et
522 4927 644 4982 hac
672 4925 875 4996 loquor
910 4927 964 4982 in
1002 4929 1220 4983 mundo
1255 4929 1320 4983 9‘.
1356 4952 1385 4979 ››
1419 4935 1485 4986 Et
1514 4931 1728 4988 iterum
1761 4934 1981 4991 Judais
2009 4935 2092 4990 di-

492 5127 539 5162 ⁷ο
569 5129 805 5202 Romi}.
847 5127 904 5202 2,
933 5128 988 5182 3.
1053 5130 1110 5202 _'“
1140 5129 1263 5202 Gal.
1299 5146 1370 5202 IV_,
1404 5132 1456 5202 4.
1536 5127 1582 5163 7’
1615 5130 1802 5202 Philip

2203 4665 2401 4720 omnia
2432 4664 2594 4721 vobis
2628 4681 2890 4720 resecare
2921 4664 3212 4727 funditus,
3239 4667 3462 4734 quanto
3495 4663 3670 4718 citius
3704 4669 3862 4734 pote-

2202 4754 2352 4824 ritis,
2375 4771 2685 4810 censemus
2711 4774 2725 4821 ς
2749 4759 2810 4810 et
2843 4770 2914 4808 ne
2944 4752 3129 4824 pestis
3163 4752 3287 4806 hac
3319 4751 3502 4806 latius
3535 4751 3872 4824 divulgetur

2203 4861 2302 4916 per
2333 4861 2537 4899 omnes
2588 4843 2939 4914 provincias,
2991 4841 3252 4911 abstergi
3287 4839 3573 4896 citissime
3622 4843 3870 4897 manda-

2207 4950 2358 4989 mus.
2381 4935 2476 4988 Ait
2505 4933 2660 4988 enim
2694 4930 3007 5004 Apostolus
3033 4948 3045 4986 :
3071 4951 3096 4979 ‹‹
3123 4928 3168 4983 D
3187 4931 3430 4998 espondi
3454 4931 3611 4985 enim
3636 4947 3739 4986 vos
3767 4931 3870 4986 uni

1811 5149 1865 5204 p.
1896 5151 1961 5204 711,
1994 5135 2048 5189 7.

2202 5151 2253 5189 v.
2291 5134 2378 5197 11,
2414 5134 2500 5204 12.
2577 5132 2625 5165 ⁷⁸
2653 5147 2706 5185 ν.
2742 5131 2828 5198 13,
2864 5129 2968 5204 14.
3010 5127 3073 5204 ’⁷³
3103 5146 3156 5185 v.
3193 5129 3248 5183 7.
3329 5127 3382 5204 ⁷⁷
3403 5145 3454 5184 v.
3479 5129 3592 5204 21}._
3650 5127 3695 5163 ⁷⁷
3726 5144 3780 5182 v.
3811 5129 3870 5184 5.

421 5199 465 5273 τι
496 5217 548 5254 ν,
581 5199 636 5273 6.
679 5196 763 5273 J79
796 5214 847 5251 v.
880 5200 967 5252 25.
1049 5200 1176 5273 "7v.
1215 5201 1267 5273 8g.
1345 5200 1388 5236 δ¹
1423 5201 1590 5273 Joan.
1626 5217 1664 5267 I,
1701 5196 1785 5259 14.
1811 5196 1826 5204 ’
1865 5203 1910 5237 ⁸⁸
1941 5196 2059 5260 Heb

2177 5248 2186 5271 ,
2225 5207 2272 5273 1,
2303 5196 2372 5261 2.7
2435 5202 2484 5236 ⁸³
2523 5204 2632 5256 Isa.
2671 5196 2853 5273 1.156.
2930 5201 2976 5234 ⁸⁸
3010 5201 3416 5273 ιδεμξινηω.
3493 5199 3541 5234 ⁸⁵
3572 5200 3681 5260 Isa.
3713 5215 3872 5273 XLVI,

423 5271 510 5326 41.
589 5271 636 5304 ⁸⁸
669 5270 715 5325 II
749 5273 878 5342 Cor.
932 5287 1053 5342 XIII,
1085 5272 1138 5325 3.
1217 5271 1260 5304 ⁸⁷
1293 5288 1343 5324 v.
1380 5273 1467 5326 46.
1547 5271 1595 5305 εδ
1650 5273 1818 5329 Joan.
1854 5292 1931 5342 1x,
1962 5278 2047 5331 37.

2177 5270 2370 5331 σόει).
2406 5292 2477 5339 IV,
2510 5275 2598 5327 26.
2679 5272 2724 5306 ⁹⁰
2753 5272 2923 5327 Joan.
2983 5288 3060 5339 v1,
3121 5271 3212 5325 64.
3294 5270 3531 5326 91.loan.
3605 5287 3743 5339 xvu,
3785 5272 3868 5326 13.

422 5343 467 5376 "
501 5344 666 5396 Joan-
727 5358 784 5405 κ,
816 5341 906 5394 25.

426 5343 467 5376 ’³
501 5344 666 5396 Joan-
727 5358 784 5405 κ,
816 5341 906 5394 25.
984 5341 1028 5375 ’³
1073 5345 1242 5397 Joan.
1303 5360 1422 5412 vm,
1453 5344 1543 5396 20.
1621 5343 1665 5377 ⁹⁴
1701 5350 1790 5401 [sa
1833 5341 1957 5413 XLV,
2004 5350 2088 5401 1'2.

426 5413 509 5466 18.
592 5412 641 5444 9⁸
672 5411 782 5466 Isa.
819 5428 1012 5466 XLVIII.
1054 5415 1134 5466 i3.
1212 5414 1256 5449 '9
1283 5415 1402 5466 .Ier.
1435 5431 1607 5466 xxvn.
1634 5416 1687 5466 5.
1769 5420 1784 5452 ι
1821 5419 1941 5466 Jer.
1975 5435 2027 5466 xi
2069 5419 2088 5466 l

2165 5347 2213 5380 ⁹⁵
2269 5349 2378 5414 Isa,
2413 5362 2562 5408 XLVI,
2601 5345 2684 5398 ιο.
2764 5343 2809 5378 οδ
2841 5344 3052 5414 divisit,
3087 5343 3174 5397 vel
3235 5343 3440 5411 ﬁnivit.
3520 5342 3572 5414 ⁸⁷
3600 5342 3711 5397 lsa.
3747 5358 3877 5411 XLV,

592 5412 641 5444 93
672 5411 782 5466 Isa.
819 5428 1012 5486 acvit},
1054 5415 1134 5468 i3.
1212 5414 1256 5449 '9
1283 5411 1607 5486 Jer.'xxvu,
1634 5416 1687 5470 5.
1769 5420 1784 5452 ι
1821 5411 1951 5472 Jer.
1975 5435 2031 5482 x,
2069 5419 2157 5486 l2,
2192 5419 2279 5472 13.
2359 5411 2378 5453 ⁷
2409 5419 2467 5472 S.
2503 5417 2610 5472 Leo
2652 5431 2744 5484 ep.
2779 5416 2868 5469 25.
2949 5413 2971 5446 ³
3001 5417 3135 5467 Hac
3192 5430 3426 5486 quoque
3485 5413 3695 5469 delirat
3727 5419 3876 5467 tem-

425 5481 583 5555 poris
620 5489 753 5537 nota
783 5499 875 5536 an.
911 5483 1017 5555 7162
1049 5501 1398 5553 congruens.
1477 5485 1499 5518 ⁴
1533 5487 1594 5542 Ut
1653 5489 1829 5545 nulla
1855 5481 2379 5544 sanctimonialium
2433 5503 2594 5544 sacra
2650 5481 2783 5541 vam
2813 5495 3155 5555 sacrataque
3183 5481 3521 5540 linteamina
3549 5487 3874 5553 contingere

423 5561 521 5630 aut
550 5553 1012 5630 ξηιξεηειιηιέίνεα
1034 5556 1230 5630 illam
1245 5557 1824 5627 deferreprasumant.
1903 5561 1923 5592 ⁸
1953 5561 2131 5616 S.Leo
2162 5577 2252 5630 ep.
2287 5561 2339 5615 4.
2420 5560 2524 5611 ⁸23
2554 5557 2692 5612 dist.
2737 5576 2749 5610 :
2783 5553 3071 5612 Sacratas'
3092 5557 3194 5611 Deo
3222 5558 3484 5625 feminas.
3505 5555 3869 5613 Conc.Laod.

426 5618 515 5684 44,
547 5617 674 5671 Gel.
707 5636 798 5688 ep.
837 5622 920 5685 10,
954 5638 1003 5675 c.
1032 5625 1122 5678 27.
