4114 6148
348 313 506 375 1137
1855 344 1969 404 ΕΡ]

2080 350 2281 410 'OL/E.
3608 383 3764 442 1138

344 444 489 510 Viro.
523 447 803 519 Virginem
839 460 1060 514 castam
1091 460 1363 521 exhibere
1412 467 1638 525 Christo
1686 470 1728 528 7.
1762 495 1791 523 »
1822 472 1846 508 ⁸
1890 477 1998 531 Illa
2028 479 2082 547 Α
2111 481 2238 551 ipse
2267 483 2510 542 Satanas
2540 491 2921 564 transﬁgurat
2950 513 3011 553 se
3042 499 3100 555 in
3156 505 3432 573 angelum
3483 509 3653 581 lucis,
3712 518 3763 572 si

344 539 435 581 est.
464 535 618 581 enim
654 538 812 581 vir-on
849 547 1108 581 ηηηιοαι..
1170 567 1382 581 δην.--
1421 557 1594 581 .-_:.--
1622 560 1724 581 --ι-ε
1763 564 1818 581 ,ιι
1880 564 1890 575 ο
1935 565 1972 581 ,ο
2176 569 2188 581 .
2243 571 2252 581 .
2299 579 2306 581 Α
2351 573 2362 581 .
2421 575 2432 581 -

344 539 435 589 est
464 535 620 592 enim
654 538 812 612 virgo
845 547 1134 617 Ecclesia,
1170 567 1388 622 sponsa
1421 557 1597 613 unius
1622 560 1728 616 viri
1760 564 1998 634 Christi,
2112 569 2362 626 ministri

347 640 481 692 quae
511 626 677 684 nullo
710 646 774 685 se
796 634 1019 703 patitur
1039 653 1234 696 errore
1252 643 1338 698 vel
1361 645 1670 703 inhonesta
1688 626 1999 721 reprehen;

344 713 510 768 sione
539 716 756 787 vitiari,
792 726 856 776 ut
882 740 985 794 per
1016 735 1192 784 totum
1226 735 1507 790 mundum
1550 753 1667 792 una
1707 740 1785 794 sit
1830 743 1998 798 nobis

345 807 520 862 unius
549 821 720 865 castra
751 820 1184 877 communionis
1218 824 1542 897 integritas.
1575 829 1597 863 9
1649 830 1809 887 Unde
1859 851 1995 890 eon-

344 901 588 967 surgite,
610 899 968 973 charissimi,
985 924 1118 964 cum
1151 915 1282 978 Deo,
1311 920 1368 969 et
1389 917 1669 985 assistite,
1686 920 1996 978 induentes

346 999 510 1039 arma
540 989 785 1058 spiritus
819 993 1096 1054 adversus
1131 1001 1520 1074 malignantes
1568 1014 1773 1064 contra
1820 1012 1995 1068 ﬁdem

345 1071 495 1142 ejus,
520 1081 575 1129 et
603 1079 883 1147 probetur
904 1085 1148 1154 spiritus
1179 1071 1493 1160 sapienter,
1519 1095 1576 1150 id
1599 1103 1708 1166 est,
1732 1101 1906 1154 verba
1924 1101 1993 1154 il-

341 1159 557 1231 lorum,
590 1165 638 1220 si
670 1184 739 1222 ex
767 1176 882 1226 Deo
915 1180 1074 1231 sunt.
1111 1177 1407 1251 Scriptum
1440 1190 1530 1239 est
1560 1187 1716 1241 enim
1752 1188 1808 1242 in
1831 1192 1993 1244 Jere-

341 1251 459 1305 mia
492 1269 506 1308 :
538 1276 566 1303 «
595 1255 968 1317 Probatorem
999 1264 1130 1320 dedi
1164 1271 1218 1322 te
1247 1268 1307 1324 in
1364 1272 1577 1343 populo
1631 1292 1757 1331 meo
1807 1279 1991 1334 robu-

337 1344 513 1411 stum,
529 1349 585 1399 et
601 1347 772 1418 scies,
794 1356 851 1406 et
871 1353 1144 1423 probabis
1169 1359 1315 1413 viam
1340 1360 1576 1418 illorum
1604 1363 1670 1422 ‘0.
1696 1388 1725 1416 »
1747 1367 1990 1425 Multum

335 1445 592 1502 namque
623 1438 791 1493 nobis
825 1445 1153 1500 necessaria
1182 1453 1270 1502 est
1294 1449 1596 1520 vigilantia
1619 1456 1765 1510 tanti
1792 1474 1990 1514 sacra-

331 1523 522 1578 menti
577 1529 878 1598 sapientiaa
917 1532 1454 1611 diseretionis,quaa
1477 1543 1704 1599 occulta
1729 1549 1991 1604 tenebra-

336 1630 468 1669 rum
502 1617 736 1685 revelat,
771 1621 840 1675 ad
901 1625 1341 1694 requisitionem
1403 1631 1740 1701 hujusmodi
1800 1637 1879 1691 rei
1935 1646 1989 1694 et

333 1705 778 1776 scrutationem,
814 1713 1092 1781 quoniam
1126 1714 1270 1772 latet
1300 1721 1736 1788 quodammodo
1767 1728 1823 1780 et
1853 1727 1986 1782 abs-

335 1795 628 1866 conditur,
661 1798 866 1868 vixque
897 1805 1414 1874 comprehenditur
1453 1811 1654 1868 dolosa
1701 1814 1986 1872 exsistens

333 1884 580 1955 malitia,
606 1902 707 1956 pro
734 1903 800 1943 eo
831 1891 988 1960 quod
1018 1893 1132 1947 sibi
1165 1895 1437 1965 pietatem
1470 1900 1680 1956 callide
1712 1901 1978 1960 blandia-

322 1975 444 2040 tur,
481 1977 544 2028 ut
573 1973 763 2030 valeat
791 1981 1184 2037 scrutantium
1243 1994 1496 2042 mentem
1555 1989 1758 2046 latere.
1811 1991 1975 2054 Quod
2015 2000 2022 2010 '

321 2062 526 2130 utique
557 2062 755 2118 sciens
787 2065 994 2123 beatus
1024 2073 1362 2141 Apostolus,
1393 2077 1474 2133 ait
1496 2094 1510 2133 :
1535 2102 1564 2129 «
1585 2080 1730 2139 Nam
1765 2086 1976 2157 hujus-

319 2149 483 2205 modi
518 2152 1044 2226 pseudo-apostoli,
1076 2163 1328 2247 operarii
1359 2166 1610 2239 subdoli,
1655 2149 1974 2247 transfigu-

310 2242 449 2294 rant
473 2255 537 2294 se
558 2240 617 2295 in
645 2243 940 2312 apostolos
959 2246 1192 2307 Christi.
1213 2250 1328 2306 Sed
1345 2269 1461 2310 non
1483 2257 1721 2330 mirum,
1739 2240 1976 2334 quando

1994 2477 2064 2493 ἡ

2109 928 2322 982 mentis
2353 932 2572 1001 ovium,
2607 935 2961 996 intrinsecus
2985 951 3180 1002 autem
3207 960 3340 1006 sunt
3370 954 3493 1027 lupi
3517 975 3758 1030 rapaces

2105 1016 2148 1068 A
2182 1016 2469 1074 fructibus
2499 1037 2700 1078 eorum
2748 1035 3114 1099 cognoscetis
3165 1054 3265 1094 eos
3313 1040 3380 1096 1³.
3415 1016 3456 1092 ν’
3489 1016 3637 1118 Ergo
3690 1052 3750 1108 in

2105 1102 2362 1174 idipsum
2399 1125 2464 1164 ex
2497 1115 2617 1167 toto
2649 1117 2818 1172 corde
2846 1126 3038 1178 vestro
3071 1127 3328 1187 referetis
3370 1139 3506 1190 ante
3555 1143 3756 1196 omnia

2104 1210 2280 1262 super
2310 1197 2411 1252 tali
2447 1204 2768 1271 quaestione
2795 1211 3285 1286 deprecationem,
3309 1226 3364 1276 et
3389 1225 3596 1283 dicetis
3616 1247 3751 1286 cum

2101 1283 2279 1339 David
2307 1303 2318 1341 :
2354 1309 2382 1336 ‹‹
2415 1291 2621 1348 Revela
2651 1295 2849 1352 oculos
2881 1316 3062 1369 meos,
3087 1309 3143 1360 et
3170 1310 3550 1370 considerabo
3575 1319 3751 1375 mira-

2101 1373 2240 1430 bilia
2272 1376 2340 1431 de
2372 1376 2495 1451 lege
2527 1385 2644 1439 tua.
2687 1385 2944 1446 Lucerna
2998 1395 3243 1463 pedibus
3302 1404 3450 1459 meis
3505 1373 3749 1466 verbum

2100 1467 2290 1529 tuum,
2332 1471 2389 1520 et
2419 1468 2617 1525 lumen
2659 1478 2886 1532 semitis
2920 1481 3062 1536 meis
3096 1484 3161 1540 ‘3.
3189 1507 3217 1536 »
3251 1489 3557 1565 Quoniam,
3583 1502 3648 1552 ut
3669 1499 3750 1552 ait

2099 1550 2301 1608 beatus
2330 1554 2530 1612 Daniel
2564 1563 2882 1632 propheta:
2930 1590 2957 1617 ‹‹
3017 1550 3311 1642 Sapientia
3362 1584 3418 1635 et
3467 1550 3746 1642 fortitudo

2098 1641 2228 1710 ejus
2257 1649 2413 1700 sunt.
2449 1646 2558 1701 Dat
2579 1651 2920 1720 sapientiam
2947 1641 3332 1731 sapientibus,
3351 1673 3408 1722 et
3433 1641 3741 1730 scientiam

2097 1729 2556 1804 intelligentibus
2587 1738 2981 1812 disciplinam.
3015 1748 3145 1819 Ipse
3187 1729 3402 1811 revelat
3453 1762 3745 1828 profunda

2015 1850 2062 1915 Β
2095 1823 2151 1872 et
2182 1819 2542 1892 abscondita,
2579 1831 2634 1915 et
2667 1830 2822 1884 novit
2845 1831 2902 1886 in
2925 1837 3184 1894 tenebris
3209 1819 3623 1914 constituta,et
3646 1850 3746 1906 lux

2092 1923 2225 1963 eum
2254 1924 2320 1963 eo
2360 1915 2466 1966 est.
2492 1914 2637 1977 Quia
2659 1918 3004 1987 sapientiam
3028 1930 3086 1980 et
3107 1927 3506 1990 fortitudinem
3531 1937 3744 1995 dedisti

2077 1996 2256 2062 ‘mihi,
2287 2003 2343 2053 et
2371 2003 2682 2058 ostendisti
2715 2008 2859 2062 mihi
2888 2027 3014 2082 quae
3057 2019 3253 2087 rogavi
3287 2024 3342 2076 te
3372 2021 3438 2077 Μ.
3476 2046 3504 2074 ››

2159 2090 2304 2142 Data
2329 2105 2366 2143 x
2398 2089 2683 2149 Kalendas
2715 2095 2896 2163 Junii,
2929 2101 3178 2176 Cethego
3210 2113 3268 2163 et
3305 2110 3469 2167 Claro
3505 2113 3549 2149 1⁸
3601 2117 3741 2174 viris

2085 2174 2437 2234 clarissimis
2467 2181 2812 2242 consulibus
2855 2185 2920 2244 1⁸.

311 2596 576 2657 Decreta
633 2593 868 2660 Soteris
929 2620 1131 2680 papae,
1193 2607 1544 2668 secundum
1597 2611 2184 2756 Gratianum.,tqluee
2233 2639 2360 2682 non
2415 2624 2728 2688 habentur
2796 2632 2861 2693 in
2925 2635 3240 2713 prioribus
3309 2645 3739 2714 decretalibu8

1874 2713 2006 2756 ems
2037 2714 2073 2756 ο
2103 2716 2175 2756 ιε.

1874 2713 2175 2774 epistous.

314 2883 696 2943 Juramentum
741 2891 954 2946 malum
1010 2894 1149 2962 quod
1196 2895 1416 2971 incaute
1451 2902 1804 2971 promittitur
1852 2921 1962 2961 non

907 2971 987 3018 est
1017 2970 1379 3026 servandum.

388 3061 428 3094 ¹⁷
460 3060 518 3116 Si
550 3061 771 3135 aliquid
814 3066 958 3122 forte
987 3069 1280 3128 incautius
1312 3091 1417 3131 nos
1441 3077 1676 3146 jurasse
1707 3081 1962 3152 contige-

311 3147 406 3216 rit,
440 3152 596 3220 quod
624 3153 996 3212 observatum
1028 3159 1084 3212 in
1120 3162 1375 3231 peiorem
1407 3176 1602 3237 vergat
1624 3147 1966 3234 exitumfil-

308 3235 410 3291 lud
453 3239 672 3296 salubri
697 3244 942 3300 consilio
958 3250 1307 3306 mutandum
1332 3256 1754 3324 noverimus,et
1777 3261 1963 3331 magis

306 3323 565 3383 instante
599 3335 940 3391 necessitate
973 3340 1394 3408 perjurandum
1429 3344 1614 3411 nobis,
1658 3365 1835 3418 quam
1857 3323 1957 3418 puro
1988 3340 2031 3407 Ο

304 3414 818 3491 factojuramento,
835 3423 892 3478 in
908 3424 1066 3480 aliud
1081 3427 1296 3482 crimen
1319 3432 1510 3502 majus
1525 3434 1951 3498 divertendum.

307 3529 545 3601 Quisque
601 3537 920 3626 sacriﬁcans
950 3543 1308 3626 lsacenlotem
1364 3545 1580 3626 habent,
1639 3554 1737 3622 qui
1785 3562 1954 3626 empta

448 3613 804 3664 sacramenta
832 3612 1073 3681 expleat,
1105 3617 1156 3668 si
1184 3621 1480 3673 necessitas
1512 3612 1809 3691 ingruerit.

377 3719 423 3752 ¹⁸
455 3719 526 3774 Ut
556 3720 701 3778 illud
736 3725 916 3781 divini
950 3729 1166 3784 oraculi
1204 3735 1494 3790 monentis
1545 3737 1760 3810 singuli
1813 3757 1954 3812 prae-

303 3815 568 3877 caveant,
604 3829 718 3882 quo
749 3815 1062 3871 scribitur:
1101 3841 1127 3868 ‹‹
1163 3819 1257 3874 Vae
1291 3823 1421 3889 soli,
1454 3825 1592 3894 quia
1623 3843 1754 3883 cum
1805 3833 1954 3886 ceci«

304 3897 477 3961 derit,
513 3916 626 3954 non
661 3901 832 3958 habet
865 3905 1263 3963 sublevantem
1299 3909 1434 3979 19;»
1468 3930 1837 3987 summopere
1861 3937 1958 3975 ve-

304 3987 562 4066 rendum.
585 3996 673 4044 est
706 3994 872 4048 nobis
903 3999 1074 4065 atque
1118 4001 1463 4068 cavendum,
1516 4020 1587 4059 ne
1631 4005 1790 4062 horis
1837 4009 1956 4065 illis

303 4081 482 4146 atque
513 4081 898 4150 temporibus,
934 4086 1146 4154 quibus
1178 4093 1295 4144 Deo
1327 4090 1597 4160 psallitur
1631 4094 1714 4150 vel
1739 4098 1958 4153 sacriﬁ-

301 4169 488 4228 catur,
525 4167 842 4239 unicuique
874 4171 1087 4229 divinis
1141 4176 1516 4249 singulariter
1566 4183 1769 4240 ofﬁciis
1809 4186 1957 4243 insi-

301 4256 502 4322 stenti,
539 4259 864 4328 perniciosa
897 4263 1114 4333 passio,
1147 4265 1232 4320 vel
1267 4268 1540 4338 quaelibet
1570 4275 1828 4344 corporis
1862 4279 1953 4333 in-

299 4343 570 4400 valetudo
603 4357 885 4415 occurrat,
919 4368 1046 4422 quae
1091 4359 1188 4410 aut
1243 4371 1456 4428 corpus
1505 4343 1696 4417 subito
1748 4366 1954 4421 subrui

300 4431 501 4500 faciat,
533 4442 635 4490 aut
669 4447 920 4494 mentem
955 4440 1302 4500 alienatione
1334 4447 1423 4502 vel
1457 4452 1675 4506 terrore
1705 4454 1954 4510 confun-

303 4522 419 4575 dat.
459 4522 564 4578 Pro
597 4524 936 4595 hujusmodi
971 4546 1103 4600 ergo
1135 4535 1373 4590 casibus
1406 4547 1816 4609 prisceventes,
1851 4561 1952 4600 ne-

303 4611 627 4684 cessarium
663 4615 940 4672 duximus
972 4617 1296 4690 instituere,
1334 4629 1394 4680 ut
1424 4627 1524 4680 ubi
1555 4631 1835 4700 temporis
1863 4634 1953 4689 vel

2079 2918 2360 3011 sequatur
2388 2918 2739 2994 intrepidus,
2788 2932 2844 2985 et
2891 2932 3145 2992 ofﬁcium
3193 2938 3484 3011 inceptum
3537 2946 3728 3001 adim-

2079 3001 2234 3070 pleat
2264 3004 2330 3059 2°.
2361 3009 2710 3069 Censuimus
2742 3033 2875 3088 ergo
2907 3026 3234 3094 convenire,
3270 3034 3334 3085 ut
3364 3047 3495 3088 cum
3543 3052 3575 3090 a
3624 3052 3724 3091 sa-

2077 3095 2410 3154 cerdotibus
2444 3103 2758 3165 missarum
2794 3119 3050 3186 tempore
3086 3135 3252 3176 saera
3283 3125 3561 3195 mysteria
3591 3143 3725 3183 con-

2075 3195 2398 3257 secrantur,
2431 3193 2480 3247 si
2511 3198 2877 3266 aegritudinis
2908 3207 3130 3263 accidat
3161 3193 3404 3280 quilibet
3461 3220 3724 3288 eventus,

2074 3290 2186 3346 quo
2218 3285 2471 3351 emptum
2505 3294 2757 3358 nequeat
2786 3291 3003 3362 expleri
3055 3300 3421 3371 mysterium,
3447 3303 3528 3359 sit
3574 3285 3725 3361 libs;

2071 3385 2202 3424 rum
2235 3373 2506 3444 episcopo
2538 3375 2622 3430 vel
2661 3381 2995 3453 presbytero
3025 3388 3115 3442 vel
3148 3388 3266 3454 alii,
3300 3395 3364 3446 ut
3415 3410 3722 3451 consecra-

2065 3457 2281 3514 tionem
2315 3462 2543 3532 expleat
2571 3466 2746 3522 ofﬁcii
2797 3472 2990 3542 coepti.
3050 3475 3174 3532 Non
3225 3479 3381 3535 enim
3435 3482 3592 3538 aliud
3644 3486 3715 3540 ad

2066 3549 2538 3620 supplementum
2575 3557 2819 3618 initiatis
2854 3565 3144 3634 mysteriis
3183 3572 3484 3641 competit,
3537 3591 3713 3643 quam

2067 3643 2168 3693 aut
2198 3640 2532 3713 incipientis
2567 3653 2666 3702 aut
2692 3652 3108 3723 subsequentis
3140 3640 3422 3728 explenda
3472 3640 3713 3718 benedi-

2066 3730 2178 3784 ctio
2211 3734 2569 3790 sacerdotis:
2609 3739 2746 3808 quia
2775 3757 2876 3795 nec
2922 3745 3173 3812 perfecta
3222 3747 3404 3804 videri
3451 3757 3718 3824 possunt,

2065 3817 2179 3872 nisi
2215 3821 2584 3888 perfectionis
2617 3828 2820 3883 ordine
2873 3833 3313 3904 compleantur;
3372 3854 3502 3894 cum
3557 3841 3714 3897 enim

2065 3925 2249 3963 unum
2279 3927 2483 3968 sumus
2518 3931 2717 3973 omnes
2749 3919 2804 3972 in
2859 3920 3110 3993 Christo,
3162 3926 3308 3982 nihil
3357 3930 3713 3988 contrarium

2065 3998 2370 4057 diversitas
2402 4002 2635 4077 format,
2669 4009 2765 4063 ubi
2790 4011 3044 4068 efﬁcscia
3075 4017 3477 4086 prosperitatis
3521 4020 3717 4076 unitas

2067 4089 2200 4145 ﬁdei
2232 4100 2626 4164 repraesentat.
2673 4099 2834 4162 Quod
2886 4102 3060 4158 etiam
3110 4107 3468 4174 consultum,
3520 4114 3717 4169 cuncti

2064 4181 2286 4235 ordinis
2320 4183 2510 4239 clerici
2543 4186 2828 4243 indictum
2861 4191 3259 4249 velindultum
3281 4211 3409 4252 esse
3441 4197 3554 4252 sibi
3599 4215 3715 4254 non

2065 4270 2388 4342 ambigant,
2414 4275 2536 4344 sed,
2557 4280 2620 4331 ut
2642 4279 3006 4346 praemissum
3032 4288 3121 4339 est
3139 4283 3198 4339 in
3225 4287 3713 4358 praecedentibus,

2065 4360 2265 4414 statim
2295 4361 2395 4415 alii
2429 4380 2530 4433 pro
2564 4368 2992 4438 complcmento
3019 4374 3354 4430 succedant.
3384 4375 3464 4431 Ne
3514 4379 3712 4432 tamen

2063 4451 2217 4521 quod
2247 4457 2466 4507 naturas
2497 4452 2793 4525 languoris
2834 4475 3010 4515 causa
3058 4463 3404 4531 consulitur,
3455 4463 3514 4519 in
3569 4483 3712 4535 pras-

2064 4541 2420 4610 sumptionis
2477 4543 2790 4612 perniciem
2850 4555 3239 4621 convertatur,
3319 4553 3517 4609 nullus
3586 4561 3716 4626 post

2064 4627 2259 4684 cibum
2297 4635 2638 4703 potumque,
2673 4633 2793 4689 sive
2833 4638 3136 4705 quodlibet
3187 4641 3497 4696 minimum
3549 4660 3712 4698 sum-

301 4698 415 4754 loci
446 4702 565 4757 sive
597 4704 735 4758 cieri
766 4707 930 4777 copia
968 4709 1342 4782 suffragatur,
1393 4713 1604 4771 habeat
1662 4698 1952 4793 (quisquis
1983 4706 2030 4769 D
2062 4721 2254 4788 ptum.
2297 4698 2540 4774 tnissas-
2568 4698 2776 4790 facere,
2828 4723 3147 4796 nullusque
3190 4728 3412 4798 absque
3457 4732 3712 4799 patentis

297 4787 419 4858 ille)
452 4806 663 4847 canens
691 4793 804 4849 Deo
835 4799 891 4849 et
922 4798 1282 4866 sacriﬁcans,
1318 4808 1449 4872 post
1481 4822 1540 4859 se
1570 4805 1744 4862 vicini
1793 4810 1949 4866 sola-

301 4877 477 4933 minis
503 4881 852 4951 adjutorem,
889 4890 950 4938 ut
981 4886 1025 4939 si
1060 4887 1254 4958 aliquo
1287 4906 1424 4945 casn
1461 4891 1576 4963 ille,
1613 4898 1712 4966 qui
1753 4898 1947 4954 ofﬁcia

292 4967 647 5038 impleturus
680 4972 922 5043 accedit,
956 4977 1221 5032 turbatus
1255 4979 1448 5050 fuerit,
1483 4983 1569 5038 vel
1603 4986 1673 5039 ad
1727 4989 1945 5043 terram

290 5054 497 5127 elisus,
529 5076 563 5114 a
591 5063 754 5132 tergo
786 5077 1016 5133 semper
1046 5063 1279 5134 habeat,
1307 5069 1405 5139 qui
1437 5073 1566 5140 ejus
1599 5073 1788 5131 vicem
1839 5092 1943 5131 ex-

2059 4803 2335 4860 molestiaa
2369 4814 2649 4877 proventu
2684 4809 2951 4864 minister
2983 4813 3064 4866 vel
3102 4815 3395 4879 sacerdos,
3429 4831 3561 4870 cum
3593 4834 3708 4872 cce-

2059 4897 2228 4966 perit,
2263 4896 2602 4966 imperfecta
2646 4899 2834 4952 ofﬁcia
2885 4905 3201 4969 prmsumat
3249 4905 3486 4957 omnino
3532 4905 3707 4958 relin-

2059 5000 2254 5056 quere.
2288 4987 2346 5042 Si
2377 4986 2510 5057 quis
2560 4988 2683 5042 hate
2738 4990 3046 5044 temerarie
3097 4993 3557 5062 praesumpserit,
3609 5007 3710 5048 ex-

2059 5077 2610 5134 communicationis
2641 5078 2992 5134 sententiam
3025 5079 3358 5135 sustinebit.

359 5289 462 5347 7Il
491 5293 617 5349 Cor.
651 5313 724 5366 xu,
757 5298 813 5350 2.
889 5295 988 5352 ⁸8.
1029 5302 1136 5353 Leo
1167 5298 1336 5367 epist.
1372 5301 1460 5357 40.
1536 5301 1878 5359 °Martinus
1904 5306 1963 5361 in
2023 5323 2151 5378 syn.
2217 5309 2592 5364 Lateranensi
2654 5311 2906 5365 consult.
2968 5313 3022 5366 3.
3102 5311 3415 5400 lolgie'rem.
3474 5330 3554 5400 vr,

375 5363 423 5400 Π
456 5363 564 5400 nm.
618 5383 675 5400 ν.
735 5369 800 5400 AQ
835 5369 900 5400 At:
999 5369 1044 5400 n
1076 5371 1249 5400 uuln.
1307 5388 1384 5400 ...ς
1442 5374 1506 5400 ηε
1564 5375 1625 5400 ιε
1729 5377 1774 5400 η
1809 5376 1933 5400 n__|
1999 5394 2157 5400 -___.-_
2219 5380 2281 5400 ιο
2342 5381 2437 5400 ,ηε
2541 5381 2584 5400 η
2616 5380 2658 5400 n
2720 5399 2727 5400 ,
2802 5399 2833 5400 η
2907 5384 2975 5400 nn
3001 5384 3070 5400 nn

291 5361 339 5396 “
374 5361 1044 5460 Ll'Cor."x1,'l3-t§.““
1073 5361 1274 5460 Matth.
1307 5388 1405 5426 vn.
1564 5375 1648 5430 16.
1729 5377 1774 5460 1f
1809 5376 1956 5460 Psal.

2080 5394 2178 5460 ηιξ,
2217 5361 3088 5460 is,1052":f4pah71},'20igs.
3146 5361 3707 5460 _gs"ij.;"as.'ée:§g'5

287 5444 340 5490 et
373 5435 545 5492 Clero.
583 5437 762 5516 ῌΑιιο.
841 5439 887 5474 ¹⁶
916 5441 1156 5516 _Aberrat
1187 5458 1418 5513 quoque
1452 5435 1543 5499 hic
1572 5447 1907 5504 consulatus
1937 5466 2029 5504 an.
2069 5435 2176 5504 170'
2201 5435 2431 5506 affixus.
2513 5453 2556 5487 1⁷
2605 5435 2694 5516 ἓξὲξ

2750 5456 2873 5526 q.4-
2926 5471 2938 5509 :
2991 5454 3052 5508 Si
3102 5456 3340 5526 aliquid.
3395 5458 3480 5512 Ita
3530 5454 3706 5516 etiam

294 5511 487 5562 caeteri
518 5509 874 5566 collectores.
911 5512 1020 5566 Sed
1054 5509 1245 5589 eadem
1275 5509 1454 5589 causa
1486 5521 1542 5571 et
1573 5521 1892 5587 quaestione
1941 5521 2156 5575 citatur
2205 5539 2273 5577 ex
2307 5524 2465 5578 Beda:
2516 5509 2891 5589 homiliallté,
2943 5527 3004 5580 In
3055 5509 3236 5581 natali
3268 5509 3479 5584 ideisoll“.
3529 5534 3710 5587 sancti

291 5581 548 5655 {cunnis
628 5580 671 5615 ¹³
704 5583 777 5637 De
803 5599 1039 5639 consecr.
1073 5585 1334 5641 distinct.
1371 5587 1394 5640 1
1429 5603 1441 5641 :
1479 5589 1544 5644 Ut
1575 5580 1737 5655 illud,
1766 5597 1822 5646 et
1849 5592 1903 5646 7.

1939 5599 2126 5663 quiest
2160 5594 2183 5645 1
2215 5609 2226 5648 :
2261 5595 2407 5649 Illud
2436 5595 2610 5652 divin.
2649 5628 2716 5637 -—-
2757 5597 2916 5660 Quod
2965 5597 3158 5653 verius
3204 5608 3287 5653 est
3332 5617 3402 5655 ex
3459 5605 3705 5660 concilio

293 5648 578 5706 Toletano
605 5669 683 5720 xx,
718 5669 845 5725 cap.
882 5655 966 5708 14·
1002 5659 1184 5710 Hann.
1263 5657 1307 5691 ¹⁹
1337 5657 1520 5715 Ecele.
1551 5675 1629 5725 ιν,
1667 5648 1752 5716 1οζ
1831 5661 1879 5696 ²⁰
1906 5648 2202 5756 Hactenus
2236 5648 2649 5740 tantum-apud
2692 5648 3058 5725 Gratianum:
