4114 6148
1394 620 1583 808 S.
1731 617 2682 808 MELITO

573 966 1488 1134 SARDIUM
1565 971 1774 1133 IN
1852 969 2328 1133 ASIA
2405 962 3509 1132 EPISCOPUS

1236 1369 1758 1464 NOTITIA
2053 1367 2863 1464 FRAGMENTA

334 1555 601 1629 (Carolus
625 1555 991 1629 Christianus
1015 1557 1210 1626 Wooc,
1235 1559 1309 1613 De
1326 1558 1884 1627 Medilom,Sardium
1916 1560 1974 1613 in
2007 1559 2134 1613 Asia
2155 1561 2402 1629 episcOpo
2426 1556 2796 1627 ;Dissertatio
2814 1556 2857 1622 Ι,
2881 1559 2957 1629 De
2975 1555 3092 1629 vita
3112 1559 3168 1629 et
3181 1551 3406 1629 meritis
3553 1550 3760 1629 Melito-

431 1629 524 1682 nis
547 1627 748 1698 Lipsiae
777 1629 954 1696 1744;
988 1623 1332 1685 Dissertatio
1370 1632 1436 1696 ll,
1471 1623 1773 1700 Descripta;
1789 1634 1848 1686 8.
1867 1623 2304 1698 Melitonis,cum
2323 1623 2668 1701 fragmentis
2687 1624 3278 1696 eorumdem,Lipsiaa
3309 1623 3662 1692 175Ι,ἰῑι-4⁶).

1393 2082 1485 2137 DE
1516 2086 1572 2140 8.
1608 2082 2022 2139 MELITIONIS
2055 2082 2230 2138 VITA
2260 2081 2348 2138 ET
2370 2080 2694 2140 MEBITIS.

1879 2228 2221 2284 Imtitutum.

409 2401 569 2456 Inter
599 2398 892 2471 praecipua
921 2396 1114 2453 saeculi
1148 2401 1276 2468 post
1305 2395 1602 2454 Christum
1639 2401 1842 2452 natum
1867 2397 2108 2453 secundi
2133 2396 2403 2452 Ecclesia;
2423 2399 2769 2450 ornamenta
2790 2394 2943 2449 haud
2967 2393 3242 2450 ultimum
3263 2391 3458 2449 locum
3493 2398 3751 2449 meretur

342 2493 584 2546 sanctus
618 2486 834 2550 Melite,
867 2486 1134 2542 Sardium
1168 2486 1225 2541 in
1259 2486 1396 2541 Asia
1425 2487 1757 2558 episcopus,
1798 2487 1884 2542 vir
1914 2486 2041 2541 vitai
2073 2483 2697 2556 sanctitate,praeclara
2725 2483 3070 2550 eruditione,
3096 2482 3358 2539 mascula
3410 2482 3750 2539 Christianae

337 2576 643 2650 religionis
674 2575 1030 2646 defensione,
1066 2575 1315 2646 aliisque
1343 2574 1402 2629 in
1433 2574 1750 2631 Ecclesium
1776 2575 2002 2631 meritis
2031 2575 2203 2645 longe
2234 2573 2738 2630 celebratissimus
2764 2591 2777 2640 ;
2814 2577 3008 2644 utpote
3031 2588 3206 2643 quem
3241 2572 3421 2628 (ἰτωοὶ
3450 2572 3756 2643 Latinique

336 2667 564 2736 Patres,
595 2665 795 2738 primi,
827 2665 1024 2733 medii,
1059 2665 1360 2737 postremi,
1383 2665 1570 2720 amice
1597 2664 2078 2736 conspirantes,et
2101 2664 2197 2736 pia
2224 2664 2478 2734 quadam
2503 2661 2682 2718 veluti
2707 2661 3077 2717 aemulatione
3098 2661 3374 2717 laudibus
3400 2661 3754 2730 extulerunt,

337 2755 791 2828 posteritatique
819 2752 1208 2810 venerabilem
1242 2753 1643 2809 reddiderunt.
1678 2752 1950 2824 Cogitans
1983 2752 2184 2824 itaque
2216 2753 2506 2823 quodnam
2543 2751 2919 2822 potissimum
2940 2754 3357 2822 argumentum
3382 2750 3488 2804 hoc
3519 2748 3751 2804 melete—

339 2851 493 2902 mate
521 2844 898 2901 tractandum
931 2842 1272 2914 deligerem,
1304 2859 1438 2898 cum
1471 2843 1622 2898 inter
1651 2843 1768 2898 alia
1796 2846 1856 2897 et
1885 2842 2064 2898 menti
2088 2857 2229 2896 mete
2247 2856 2375 2896 sese
2406 2840 2636 2896 offerret
2666 2839 2884 2907 Melite,
2920 2840 2991 2895 de
3021 2854 3086 2894 eo
3109 2839 3283 2895 etiam
3316 2854 3602 2910 exponere
3625 2853 3745 2894 non

339 2933 588 2989 multum
620 2932 906 3001 haesitavi,
941 2932 1041 2986 sed
1074 2947 1141 2988 eo
1190 2931 1363 2988 citius
1392 2931 1499 2987 inii
1529 2930 1865 2999 consilium,
1897 2935 2024 2987 tum
2066 2931 2219 3004 quod
2264 2945 2478 3001 magna
2524 2929 2731 3000 utique
2759 2929 2866 2985 viri
2906 2929 3086 3000 hujus
3116 2929 3175 2984 in
3208 2945 3331 2984 rem
3355 2927 3742 2984 Christianam

330 3024 540 3081 merita
569 3037 698 3078 esse
732 3020 1177 3092 cognoscebam,
1211 3039 1245 3076 a
1266 3020 1825 3092 nemine,quantum
1859 3021 2040 3076 sciam
2072 3036 2199 3092 ego,
2234 3018 2516 3092 peculiari
2533 3019 2962 3076 schediasmate
2994 3023 3302 3088 enarrata;
3334 3023 3456 3074 tum
3481 3017 3638 3089 quod
3659 3015 3742 3071 sic

335 3113 562 3170 occasio
594 3111 740 3166 mihi
791 3111 1102 3166 eiﬂorescit
1145 3112 1562 3167 aneedotorum
1588 3110 2030 3178 nonnullorum,
2082 3125 2330 3181 quorum
2365 3109 2420 3164 in
2473 3108 2682 3166 itinere
2714 3125 2842 3165 meo
2883 3109 3107 3166 condus
3141 3109 3244 3177 fui,
3289 3125 3558 3180 promum
3590 3123 3746 3162 nunc

331 3203 746 3275 agendi,atque
778 3201 929 3257 beati
963 3200 1142 3272 hujus
1177 3201 1362 3257 Patris
1386 3202 1713 3274 fragmenta
1729 3202 1993 3274 quaedam
2013 3201 2072 3258 in
2091 3201 2281 3256 lucem
2308 3199 2711 3272 protrahendi,
2733 3200 2793 3255 in
2817 3217 2948 3272 quae
2965 3199 3199 3256 volvens
3231 3198 3747 3271 praestantissimos

337 3294 658 3352 Bodleianaa
689 3293 1065 3365 potissimum
1100 3292 1464 3350 bibliotheca
1487 3294 1716 3349 codices
1748 3294 1893 3349 forte
1915 3293 2114 3348 incidi.
2134 3292 2329 3364 Opera:
2353 3292 2490 3348 hinc
2510 3291 2761 3362 pretium
2787 3309 2879 3348 me
2907 3293 3197 3348 facturum
3241 3291 3431 3359 credo,
3465 3291 3513 3346 si
3553 3289 3749 3345 omnia

335 3403 462 3457 quas
486 3386 555 3439 de
585 3383 874 3438 Melitonis
907 3383 1044 3452 vita,
1079 3383 1315 3454 scriptis
1345 3388 1402 3438 et
1428 3383 1653 3438 meritis
1686 3384 1936 3455 reperire
1968 3384 2168 3439 datum
2205 3383 2332 3446 fuit,
2369 3384 2422 3437 in
2457 3399 2642 3437 unum
2666 3399 3032 3454 eongessero.
3070 3381 3357 3436 Utautem
3390 3381 3594 3436 ordine
3625 3395 3749 3452 per-

331 3463 655 3529 tractentur
685 3473 902 3542 omnia,
936 3474 1006 3528 de
1028 3469 1285 3540 nomine,
1316 3472 1525 3543 patria,
1558 3488 1768 3544 genere
1796 3477 1852 3527 et
1881 3477 2043 3527 astate
2074 3473 2221 3542 ejus,
2247 3488 2365 3542 qua
2391 3471 2621 3539 claruit,
2655 3473 2916 3542 quaedam
2940 3471 3131 3542 primo
3159 3470 3356 3525 statim
3389 3469 3515 3524 loco
3537 3469 3595 3522 in
3621 3484 3744 3523 me-

333 3564 492 3620 dium
526 3562 846 3634 proferam;
882 3560 1092 3617 deinde
1149 3562 1219 3617 de
1251 3563 1377 3632 ejus
1410 3562 1667 3634 ingenio,
1699 3563 2046 3625 eruditione.
2106 3561 2472 3632 castimonia,
2507 3562 2756 3634 aliisque
2815 3562 3154 3626 virtutibus,
3204 3563 3460 3632 itemque
3490 3561 3558 3614 de
3589 3562 3741 3629 ejus,

335 3671 452 3724 quo
483 3651 763 3708 divinitus
808 3655 1120 3707 exornatus
1174 3651 1284 3705 fuit
1314 3650 1630 3722 prophetia;
1649 3652 1800 3706 dono
1824 3651 2199 3722 agam.Porro
2227 3651 2296 3705 de
2311 3651 2512 3706 sedata
2533 3667 2636 3720 per
2657 3652 2785 3720 ejus
2817 3650 3141 3722 apologiam
3165 3649 3274 3705 sub
3299 3649 3491 3704 Marco
3507 3646 3738 3702 Aurelio

334 3748 391 3798 et
420 3742 598 3797 Lucio
630 3739 780 3795 Vero
810 3739 1260 3811 imperatoribus
1291 3739 1758 3796 Christianorum
1789 3741 2112 3806 vexatione,
2148 3741 2217 3794 de
2250 3739 2515 3794 Ecclesiae
2532 3739 2868 3794 Laodicenae
2895 3739 3119 3794 reddita
3152 3755 3308 3810 pace,
3342 3735 3741 3793 deitineribus

333 3832 530 3899 variis,
559 3832 806 3901 ejusque
846 3829 999 3885 circa
1047 3828 1362 3896 Canonem,
1417 3830 1640 3885 Veteris
1671 3829 2043 3900 potissimum
2072 3829 2458 3896 Testamenti,
2509 3843 2672 3894 cura,
2707 3844 2819 3882 uno
2851 3828 3025 3883 verbo
3064 3828 3135 3882 de
3167 3831 3294 3897 ejus
3328 3828 3386 3882 in
3419 3826 3738 3882 Ecclesium

333 3921 560 3978 meritis
590 3919 791 3992 largus
813 3918 1193 3975 dicendorum
1227 3935 1460 3989 campus
1489 3935 1615 3974 sese
1639 3918 1780 3973 mihi
1805 3919 1991 3974 oﬂ'ert.
2026 3918 2256 3989 Longus
2290 3917 2642 3987 scriptorum
2668 3934 2702 3972 a
2733 3916 3004 3971 Melitone
3027 3921 3392 3972 exaratorum
3422 3916 3740 3988 catalogus,

332 4027 506 4082 quem
541 4009 944 4079 Hieronymus,
979 4006 1281 4073 Eusebius,
1307 4007 1574 4074 Ruﬁnus,
1607 4006 1967 4079 Nicephorus
1998 4007 2411 4073 exhibuerunt,
2449 4011 2708 4061 nostram
2740 4022 2975 4078 quoque
3008 4005 3328 4062 merebitur
3357 4005 3742 4074 diligentiam.

333 4100 395 4156 In
432 4098 637 4169 primis
669 4104 862 4152 autem
887 4096 946 4150 in
971 4095 1309 4165 colligendis
1323 4097 1429 4151 viri
1455 4095 1630 4166 hujus
1651 4097 2008 4152 sanctissimi
2041 4097 2384 4168 fragmentis
2405 4095 2647 4151 sedulus
2668 4112 3042 4167 ero,quorum
3067 4095 3242 4150 etiam
3259 4095 3526 4166 quaedam
3547 4093 3743 4148 hacte-

333 4205 445 4243 nus
468 4186 621 4258 typis
652 4185 912 4240 nondum
948 4183 1236 4252 exscripta
1265 4183 1560 4254 adjiciam.
1583 4185 1968 4255 Tandemque
1986 4184 2056 4240 de
2087 4184 2316 4250 haeresi,
2337 4200 2466 4254 quas
2487 4184 2556 4238 ab
2580 4199 2645 4238 eo
2672 4200 2908 4252 nomen,
2935 4190 2998 4238 ut
3018 4184 3076 4238 in
3092 4184 3299 4254 vulgus
3330 4183 3741 4251 creditur,sor-

333 4278 440 4332 tita
471 4281 580 4340 est,
615 4275 826 4341 dicam,
859 4289 1110 4344 eumque
1141 4289 1208 4328 ex
1242 4273 1645 4328 haereticorum
1706 4273 1895 4328 indice
1925 4273 2174 4328 eximere
2206 4273 2561 4329 allaborabo.
2599 4273 2666 4328 Ut
2703 4273 2760 4327 in
2795 4289 2981 4344 pauca
3011 4289 3103 4328 me
3135 4271 3500 4341 contraham,
3534 4273 3601 4326 ad
3629 4271 3739 4327 tria

332 4367 452 4421 haec
485 4364 676 4434 capita
709 4380 941 4419 omnem
974 4363 1382 4417 tractationem
1417 4364 1727 4418 revocabo:
1755 4362 2014 4417 Primum
2039 4363 2320 4418 Melitonis
2343 4362 2520 4416 vitam
2546 4363 2872 4433 meritaque
2894 4362 3282 4418 enarrabit.ln
3315 4361 3489 4417 altero
3521 4363 3741 4432 scripta

328 4457 455 4527 ejus
488 4453 947 4509 recensebuntur
968 4458 1142 4522 atque
1161 4451 1621 4523 fragmentorum
1652 4452 1786 4507 hinc
1806 4452 1941 4506 inde
1959 4451 2314 4507 exstantium
2332 4451 2582 4523 diligens
2605 4451 2940 4506 instituetur
2967 4451 3742 4522 spicilegium.Tandemque

331 4544 532 4601 ultimo
565 4542 688 4598 loco
720 4541 791 4596 de
823 4540 1332 4596 Melitonianorum
1366 4540 1568 4596 haeresi
1602 4545 1826 4612 agetur.
1859 4540 2001 4596 Cum
2035 4541 2142 4596 sub
2190 4540 2464 4594 manibus
2497 4546 2552 4594 et
2583 4544 2790 4610 praeter
2819 4556 2981 4610 spem
3019 4541 3268 4594 creverit
3299 4539 3639 4612 elaboratio,
3673 4559 3746 4598 ne

329 4632 576 4690 lecturis
609 4631 786 4686 nimis
820 4629 990 4698 longa
1019 4630 1288 4686 tractatio
1317 4646 1598 4686 nauseam
1637 4639 1884 4701 moveat,
1945 4629 2215 4701 moleque
2246 4647 2352 4686 sua
2381 4629 2646 4684 laborare
2677 4629 2941 4684 videatur
2991 4629 3330 4685 dissertatio
3353 4638 3573 4699 nostra,
3607 4647 3741 4702 per-

331 4723 687 4780 currendum
719 4736 993 4792 campum
1025 4719 1082 4773 in
1115 4719 1306 4774 stadia
1363 4720 1696 4791 dispeseere
1728 4720 1918 4789 liceat,
1950 4727 2008 4775 et
2061 4720 2166 4775 hac
2193 4719 2316 4774 vice
2372 4720 2444 4773 de
2472 4719 2762 4774 Melitonis
2811 4719 3223 4775 tantummodo
3266 4719 3384 4774 vita
3430 4736 3738 4791 exponere,

328 4827 580 4885 eumque
610 4816 675 4866 ut
720 4811 985 4882 apprime
1015 4809 1274 4877 doctum,
1322 4809 1640 4866 virtutibus
1690 4826 1868 4864 unum
1897 4809 2160 4864 omnium
2220 4809 2311 4864 sui
2341 4809 2620 4878 temporis
2654 4807 2906 4863 maxime
2938 4808 3261 4876 florentem,
3306 4818 3356 4862 et
3379 4810 3450 4863 de
3483 4808 3737 4865 Ecclesia

328 4903 426 4960 Dei
462 4899 682 4972 egregie
725 4902 1044 4954 merentem
1075 4897 1317 4964 sistere;
1352 4898 1576 4969 reliqua
1593 4904 1788 4953 autem
1822 4898 1918 4953 alii
1951 4899 2290 4970 propediem
2325 4898 2670 4952 insecutum
2703 4897 3100 4952 dissertationi
3134 4912 3445 4952 reservare.
3481 4898 3736 4952 Benevo-

328 4993 450 5048 lum
479 4995 676 5047 autem
709 4989 1012 5044 Lectorem
1042 4988 1322 5059 majorem
1355 4986 1413 5042 in
1441 4987 1676 5044 modum
1703 5005 1838 5059 rogo
1885 4995 2062 5060 atque
2089 4988 2366 5057 obtestor,
2430 4989 2494 5040 ut
2523 4985 2934 5041 conaminibus
2965 4985 3109 5040 meis
3142 4985 3350 5054 faveat,
3384 4990 3736 5056 tenuemque

329 5083 553 5138 huncce
581 5079 838 5135 laborem
866 5077 1017 5148 aequi
1044 5076 1298 5148 bonique
1327 5077 1616 5135 consulat.

1470 5219 1500 5292 §
1529 5219 1574 5274 Ι.
1607 5221 1685 5275 De
1713 5220 1982 5276 Melitonis
2013 5219 2237 5276 nomine
2264 5218 2588 5275 observatio.

395 5369 563 5426 Circa
587 5364 782 5437 ipsum
815 5361 1108 5418 Melitonis
1139 5377 1348 5417 nomen
1381 5361 1584 5417 statim
1608 5361 1671 5417 in
1700 5361 1904 5418 limine
1935 5364 2299 5419 tractationis
2331 5367 2549 5420 nostra:
2579 5359 2862 5417 nonnulla
2891 5363 3059 5416 erunt
3088 5362 3418 5418 adnotanda
3447 5365 3505 5417 et
3532 5361 3732 5418 obser-

323 5461 476 5519 vatio
510 5456 776 5530 quasdam
797 5451 1184 5525 grammatica
1205 5452 1610 5524 premittenda
1643 5452 1774 5518 erit,
1811 5469 1961 5525 quae,
2022 5457 2152 5508 utut
2181 5453 2322 5510 levis
2357 5452 2639 5509 momenti
2671 5467 2764 5506 res
2806 5450 3006 5506 multis
3059 5450 3238 5508 videri
3263 5453 3458 5524 possit,
3493 5453 3727 5510 silentio

322 5559 520 5610 tamen
550 5549 638 5604 vel
667 5546 797 5602 ideo
821 5561 934 5600 non
957 5545 1359 5615 praetereunda
1389 5543 1535 5600 mihi
1565 5543 1817 5610 videtur,
1873 5545 2052 5616 quod,
2081 5561 2216 5600 cum
2249 5563 2282 5600 a
2325 5543 2678 5616 quibusdam
2711 5543 2885 5598 fuerit
2913 5541 3195 5616 neglecta,
3217 5560 3474 5602 errorem
3504 5546 3729 5619 peperit

323 5643 384 5703 in
407 5652 583 5712 quem
604 5634 967 5696 eruditorum
990 5631 1261 5691 nonnulli
1290 5647 1418 5691 sese
1438 5631 1638 5691 induci
1669 5633 1831 5707 passi
1855 5632 2116 5705 fuerunt,
2147 5639 2204 5690 et
2223 5633 2325 5706 qui
2347 5632 2708 5690 confusionis
2738 5631 3172 5706 multarumque
3204 5634 3482 5694 tricarum
3513 5651 3726 5709 parens
