4114 6148
397 314 554 375 1147
1434 314 1500 375 S.
1547 312 1847 376 MELITO
1890 315 2061 376 SAR]

2201 313 2244 375 Μ
2291 309 2742 375 EPISCOPUS.
3665 303 3698 362 1
3713 301 3828 363 148

394 445 567 503 facile
595 443 874 501 exsistere
907 446 1119 516 potest.
1151 443 1381 500 Scilicet
1408 444 1466 500 in
1505 445 1699 501 Latine
1724 447 2016 503 reddendo
2049 445 2233 503 nostri
2273 443 2623 503 confessoris
2657 440 2917 509 nomine,
2974 441 3132 513 quod
3163 439 3387 512 origine
3417 440 3702 492 Graecum
3737 434 3831 487 est

401 543 454 590 et
494 533 729 589 Μελίτον
761 534 944 603 audit,
969 534 1209 590 diversa
1235 535 1597 591 diversorum
1658 534 2036 591 inveniuntur
2062 536 2383 592 sententia.
2416 533 2559 590 Aliis
2608 533 2762 589 enim
2797 531 3031 599 Melilus,
3063 529 3194 586 aliis
3240 528 3452 583 Miletus.
3493 524 3582 580 vel
3608 520 3828 587 Mileto,

403 625 532 680 aliis
564 625 813 692 Meliten,
844 625 976 680 aliis
1030 626 1281 696 denique
1324 627 1511 681 Melita
1541 625 1798 682 effertur.
1845 627 2130 693 Quaritur
2160 625 2358 698 itaque
2387 641 2654 697 quanam
2693 621 2960 679 formatio
2992 619 3158 676 alteri
3201 619 3276 674 sit
3332 614 3722 688 pral'erenda,
3778 619 3835 669 et

399 731 515 785 qua
547 715 921 786 potissimum
955 716 1360 770 terminatione
1391 731 1604 770 nomen
1635 716 1789 771 istud
1819 717 2020 772 Latine
2041 716 2275 773 veniat?
2304 715 2513 771 Facilis
2544 715 2863 770 admodum
2886 713 2955 768 ad
2985 711 3135 766 hanc
3158 707 3546 781 quastionem
3579 703 3703 758 erit
3743 717 3832 756 re-

398 803 656 874 sponsio,
691 804 1006 858 dummodo
1032 807 1089 858 et
1121 803 1213 858 hic
1235 820 1608 860 communem
1641 805 2163 876 grammaticorum
2197 805 2446 877 pharum
2478 803 2665 876 sequi,
2710 819 2813 858 nec
2845 802 2914 856 ab
2946 799 3238 872 analogia,
3293 813 3392 852 seu
3425 792 3836 851 similitudine

402 894 647 948 aliarum
682 908 886 947 vocum
921 893 1186 948 recedere
1217 893 1484 950 velimus.
1515 893 1725 948 Omnia
1748 898 1943 949 autem
1973 896 2211 950 nomina
2235 894 2468 966 propria
2497 895 2555 948 in
2579 893 2864 965 syllabam
2885 911 2992 943 των
3015 888 3166 960 apud
3197 891 3433 942 Gracos
3465 878 3834 948 desinentia,

403 981 605 1036 Latine
626 980 686 1035 in
712 1000 775 1034 το
811 981 976 1036 finire
1003 981 1271 1052 analogia
1303 983 1502 1038 docet:
1539 983 1621 1039 sic
1648 999 1700 1037 v.
1734 1001 1781 1038 c.
1818 979 2073 1053 Πλάτων,
2106 979 2367 1036 Πλούτων
2406 983 2600 1038 Latine
2631 998 2747 1037 non
2779 981 3058 1035 dicuntur
3087 977 3290 1034 Platon
3322 978 3425 1029 aut
3455 970 3700 1037 Plutus,
3737 967 3837 1022 sed

408 1069 601 1141 potius
626 1069 811 1138 Plato,
847 1070 1015 1126 Pluto
1042 1092 1054 1138 ;
1089 1071 1226 1126 hinc
1259 1071 1477 1127 clarum
1502 1089 1737 1144 quoque
1769 1089 1897 1129 esse
1929 1074 2194 1143 arbitror,
2220 1069 2480 1128 Μελίτων
2514 1071 2718 1127 Latine
2747 1085 2875 1126 esse
2897 1069 3106 1126 Melita.
3145 1065 3320 1121 Recte
3350 1065 3553 1133 itaque
3586 1061 3668 1115 ab
3701 1056 3841 1113 Hal-

405 1157 577 1214 loixio
603 1160 680 1231 (1)
712 1161 925 1216 erroris
955 1166 1281 1230 arguuntur
1335 1162 1540 1217 Petrus
1569 1163 1880 1233 Equilinus
1903 1168 1960 1218 et
1991 1162 2297 1234 Philippus
2344 1161 2774 1235 Bergomensis,
2807 1174 3054 1231 quorum
3088 1155 3185 1211 ille
3236 1158 3498 1210 nostrum
3548 1149 3837 1214 Melitam,

407 1248 502 1304 hic
533 1265 667 1304 vero
699 1251 970 1305 eumdem
997 1250 1261 1318 Miletum,
1294 1250 1381 1307 vel
1420 1251 1726 1308 Miletonen
1754 1253 1996 1308 vocavit.
2031 1252 2173 1308 Hinc
2206 1254 2498 1308 notandus
2529 1267 2764 1323 quoque
2796 1248 3102 1320 Philippus
3133 1245 3400 1301 Labbeus
3431 1241 3538 1313 (2),
3570 1239 3672 1295 cui
3706 1253 3842 1310 per-

402 1339 536 1394 inde
560 1344 667 1410 est,
697 1341 818 1396 sive
841 1341 1132 1410 Melitonis,
1167 1342 1285 1398 sive
1336 1342 1508 1399 Mileti
1533 1344 1768 1398 nomine
1799 1349 1999 1400 noster
2045 1344 2356 1402 salutetur.
2408 1344 2628 1414 Negare
2685 1347 2883 1398 tamen
2944 1355 3057 1395 non
3093 1353 3334 1411 possum
3380 1335 3537 1390 hunc
3570 1344 3836 1387 errorem

405 1428 606 1484 multis
630 1431 879 1499 jamjam
914 1435 1062 1485 retro
1085 1430 1316 1486 saculis
1346 1438 1628 1503 erratum,
1660 1431 1982 1489 Melitonem
2013 1450 2126 1505 que
2157 1433 2362 1489 Latine
2391 1432 2643 1491 ﬂiletum
2677 1447 2908 1503 quoque
2942 1428 3123 1484 fuisse
3149 1421 3647 1498 appellatum.Sic
3682 1420 3839 1474 enim

404 1518 464 1572 in
498 1517 693 1573 codice
723 1519 968 1590 antiquo
991 1519 1156 1588 satis,
1191 1521 1542 1593 optimaque
1568 1527 1741 1591 nota,
1774 1521 1874 1594 qui
1908 1521 2149 1579 Parisiis
2190 1525 2249 1578 in
2283 1522 2525 1594 collegio
2563 1521 2870 1578 Societatis
2890 1520 3024 1576 lesu
3073 1517 3528 1573 Claromontano
3564 1524 3842 1568 asserva-

406 1611 520 1673 tur,
558 1608 771 1678 quique
794 1608 1086 1664 Melitonis
1116 1609 1356 1676 librum,
1390 1611 1598 1667 Clavim
1623 1612 2158 1681 dictum,continet,
2184 1612 2492 1668 anterioris
2521 1611 2641 1666 folii
2671 1626 2946 1681 suprema
2967 1611 3131 1681 parte
3168 1606 3286 1662 hac
3316 1598 3840 1676 leguntur,eadem

411 1712 530 1767 qua
561 1697 736 1752 codex
767 1696 993 1768 integer
1023 1715 1200 1754 manu
1237 1704 1504 1755 exarata:
1533 1700 1766 1765 Miletus,
1800 1702 2034 1757 Asianus
2058 1703 2371 1774 cpiswpus,
2400 1701 2552 1757 hunc
2581 1701 2786 1755 librum
2805 1699 3001 1769 edidit,
3040 1713 3198 1769 quem
3232 1705 3281 1750 et
3311 1707 3558 1764 congruo
3611 1701 3842 1744 nomine

412 1785 628 1840 Clavim
659 1785 993 1856 appellavit.
1016 1785 1088 1841 Ut
1110 1788 1307 1858 itaque
1341 1789 1625 1858 Labbeus,
1660 1789 1708 1845 si
1741 1791 1976 1861 quidem
2014 1792 2194 1848 errori
2227 1791 2550 1864 antiquitas
2584 1790 2961 1862 patrocinium
2995 1789 3201 1844 afferre
3223 1789 3434 1859 potest,
3457 1778 3841 1839 excusandus

410 1874 847 1944 quodammodo
881 1875 976 1944 sit,
1007 1877 1163 1947 quod
1196 1881 1466 1934 nostrum
1498 1894 1732 1952 quoque
1763 1879 2022 1937 Miletum
2050 1882 2362 1938 vocaverit.

1681 2057 1710 2126 §
1740 2056 1810 2112 II.
1849 2056 2007 2112 Varii
2031 2054 2131 2112 hoc
2149 2056 2376 2113 nomine
2397 2056 2563 2114 clari.

439 2229 472 2246 r

492 2229 612 2284 Non
641 2227 984 2298 infrequens
1012 2229 1210 2283 autem
1241 2225 1534 2283 Melitonis
1563 2226 1622 2282 in
1656 2243 1854 2283 rerum
1889 2233 2187 2301 gestarum
2222 2227 2620 2284 monumentis
2637 2231 3084 2296 estnomen,nec
3108 2225 3307 2279 noster
3327 2219 3501 2275 unice
3532 2216 3833 2274 memoria

421 2317 864 2390 posteritatique
894 2317 1036 2373 illud
1064 2317 1328 2385 tradidit,
1362 2319 1464 2373 sed
1498 2319 1557 2372 in
1582 2318 1764 2374 sacris
1793 2335 1956 2390 aque
1985 2337 2049 2374 ac
2076 2320 2342 2393 profanis
2393 2317 2709 2375 annalibus
2741 2317 3056 2372 occurrunt
3095 2317 3152 2369 et
3180 2311 3276 2368 alii
3309 2311 3529 2380 eodem,
3563 2308 3657 2364 vel
3682 2307 3838 2363 haud

420 2408 673 2462 multum
706 2407 934 2463 diverso
961 2407 1192 2462 nomine
1219 2406 1380 2462 clari.
1415 2405 1718 2479 Philippus
1753 2407 2050 2464 Ferrarius
2077 2408 2182 2481 (3),
2215 2407 2438 2465 ordinis
2464 2405 2822 2462 Servitarum
2848 2402 3157 2476 generalis,
3177 2401 3264 2456 vir
3294 2399 3456 2456 omni
3485 2394 3840 2454 eruditionis

421 2512 632 2567 genere
655 2495 1168 2562 instructissimus,
1204 2500 1261 2551 et
1293 2497 1364 2551 de
1395 2501 1734 2552 sanctorum
1770 2497 2142 2568 potissimum
2163 2498 2325 2564 Vitis,
2353 2513 2598 2569 quorum
2635 2495 2874 2551 nomina
2903 2496 2961 2548 in
2996 2489 3475 2564 Martyrologium
3504 2487 3838 2542 Romanum

421 2601 535 2640 non
570 2583 805 2639 fuerunt
836 2585 1035 2651 relata,
1069 2585 1296 2656 egregie
1330 2585 1594 2653 meritus,
1623 2585 1910 2641 Melitonis
1942 2588 2250 2657 cujusdam
2274 2585 2576 2654 Sulcitani,
2612 2586 2669 2640 in
2701 2583 2972 2641 Sardinia
2995 2580 3275 2654 episcopi,
3301 2577 3663 2634 mentionem
3688 2574 3839 2634 facit,

424 2673 754 2746 asseritqne
787 2691 848 2730 se
880 2691 948 2730 ex
995 2674 1213 2729 tabulis
1269 2683 1323 2729 et
1364 2675 1759 2730 monumentis
1795 2676 2066 2732 Ecclesia
2095 2676 2406 2732 Sulcitana
2455 2676 2668 2732 habere
2699 2672 3105 2730 testimonium
3137 2667 3481 2741 bujusmodi
3521 2665 3838 2724 Melitonis!

419 2763 595 2830 Sulci,
629 2780 728 2819 seu
763 2763 959 2820 Snlchi
989 2763 1065 2836 (4)
1094 2764 1149 2817 in
1183 2763 1453 2819 Sardinia
1481 2764 1734 2836 episcopi
1769 2769 1825 2819 et
1847 2765 2141 2838 martyris,
2175 2782 2424 2836 eumque
2456 2765 2712 2837 primum
2773 2764 2951 2835 hujus
2985 2761 3138 2817 sedis
3173 2759 3483 2833 prasidem
3529 2755 3754 2819 statuit,
3787 2755 3839 2808 et

419 2851 721 2922 Bonifacii,
780 2852 1092 2908 Calaritani
1150 2852 1404 2924 episcopi
1463 2852 1843 2925 discipulum.
1877 2854 1957 2912 Cl.
2015 2853 2067 2909 J.
2132 2856 2189 2910 Α.
2255 2855 2555 2910 Fabricius
2615 2855 2711 2924 (5),
2766 2851 2902 2922 quid
2964 2850 3118 2907 enim
3180 2848 3338 2903 hunc
3380 2845 3558 2901 latere
3605 2840 3839 2916 potuit?

421 2940 596 3012 hujus
629 2957 863 3012 quoque
892 2940 1182 3007 meminit,
1215 2945 1393 3013 atque
1418 2944 1485 2996 ad
1535 2943 1872 3015 Hieronymi
1907 2944 2122 3014 locum,
2147 2943 2248 2998 ubi
2281 2944 2351 2998 de
2375 2948 2569 2999 nostro
2601 2941 2876 2997 Melitone
2908 2941 3116 3010 agitur,
3167 2936 3482 3007 diligenter
3513 2929 3832 2998 adnotavit,

420 3047 550 3085 eum
584 3046 717 3086 cum
749 3030 1048 3086 Sulcitano
1075 3031 1315 3086 minime
1345 3047 1472 3086 esse
1493 3031 1989 3088 confundendum.
2025 3033 2087 3086 In
2120 3033 2270 3088 Actis
2299 3032 2622 3088 Sanctorum
2645 3031 2744 3102 (6),
2770 3047 2892 3102 qua
2927 3027 3128 3084 multis
3150 3024 3555 3081 voluminibus
3578 3027 3832 3076 Antwer-

426 3121 529 3192 pia
562 3121 845 3193 singulari
869 3121 922 3177 J.
955 3121 1244 3188 Bollandi,
1305 3121 1675 3190 Henschenii,
1707 3124 2084 3194 Papebrochii
2119 3123 2486 3195 aliorumque
2541 3139 2680 3179 cura
2709 3122 2844 3176 inde
2893 3121 2964 3175 ab
3008 3134 3159 3174 anno
3193 3115 3333 3172 1613
3385 3113 3727 3188 prodierunt
3773 3112 3831 3162 et

424 3211 614 3265 adhuc
647 3213 955 3281 prodeunt,
991 3211 1062 3266 de
1090 3209 1374 3266 Sulcitani
1405 3210 1586 3282 hujus
1614 3212 1730 3266 vita
1757 3213 2020 3282 quatiam
2055 3213 2352 3269 memoria
2385 3213 2760 3268 mandantur.
2795 3209 3049 3266 Ecclesia
3080 3206 3400 3262 Laodicena
3431 3203 3692 3274 ejusdem
3725 3214 3816 3254 no-

422 3299 598 3354 minis
655 3301 832 3355 etiam
879 3301 1218 3372 episcopum
1253 3299 1480 3366 habuit,
1532 3302 1702 3371 cujus
1727 3301 1922 3372 passio
1954 3303 2141 3358 sancti
2193 3301 2438 3358 Joannis
2470 3301 2838 3373 evangelista
2872 3297 3222 3365 celebratur,
3245 3311 3378 3367 qua
3408 3295 3641 3351 Oxonia
3669 3293 3816 3346 inter

426 3389 676 3454 codices,
710 3407 853 3458 quos
884 3389 1215 3445 indelebilis
1243 3389 1648 3445 memoria'vir
1674 3391 1928 3446 Thomas
1951 3391 2217 3448 Bodlaus
2247 3391 2612 3448 bibliotheca
2658 3389 2906 3464 publica
2928 3387 3162 3458 legavit,
3200 3385 3604 3458 manuscripts
3633 3382 3814 3438 exstat

425 3477 527 3550 (7),
561 3481 616 3533 et
646 3495 821 3550 quam
844 3479 897 3535 J.
922 3478 1104 3534 Maria
1125 3478 1516 3534 Florentinius
1537 3480 1701 3551 (8),et
1721 3497 1789 3535 ex
1801 3496 1866 3536 eo
1883 3482 2055 3538 modo
2079 3485 2437 3537 memoratus
2463 3478 2855 3552 Fabricius(9)
2879 3478 3034 3551 typis
3051 3476 3492 3534 exscribendam
3516 3470 3812 3534 curarunt,

423 3572 514 3623 ast
543 3568 741 3624 nescio
772 3586 839 3624 ex
870 3586 984 3641 quo
1042 3569 1260 3637 codice,
1291 3568 1350 3624 id
1379 3573 1609 3624 tantum
1663 3586 1777 3627 non
1813 3571 2037 3643 ignoro,
2069 3570 2243 3626 Beato
2285 3569 2500 3626 Joanni
2531 3569 2774 3624 Ernesto
2809 3566 3022 3623 Grabio
3076 3565 3384 3621 consilium
3406 3563 3584 3617 fuisse
3623 3560 3811 3613 denuo

423 3657 661 3727 illam,si
693 3658 1130 3731 supervixisset,
1163 3675 1230 3714 ex
1251 3659 1449 3714 codice
1477 3659 1798 3730 Anglicano
1831 3661 2060 3716 edendi.
2085 3663 2171 3715 Ita
2192 3660 2347 3716 enim
2377 3675 2471 3715 me
2503 3659 2828 3716 docuerunt
2847 3657 2953 3712 viri
2986 3656 3166 3726 hujus
3192 3653 3386 3727 optimi
3413 3649 3653 3710 scheda,
3680 3648 3808 3714 post

425 3754 669 3806 mortem
702 3750 829 3821 ejus
869 3749 1022 3804 inter
1052 3749 1278 3804 cimelia
1308 3747 1670 3804 bibliotheca
1699 3749 2048 3817 Bodleiana,
2081 3767 2182 3805 ceu
2234 3750 2387 3805 inter
2412 3749 2602 3805 sidera
2663 3748 2876 3812 relata,
2910 3745 3109 3817 ibique
3150 3744 3446 3817 diligenter
3484 3735 3796 3797 asservata,

426 3855 572 3911 quas
598 3855 712 3895 non
745 3839 873 3894 sine
895 3838 1114 3911 insigni
1140 3838 1536 3894 emolumento
1559 3838 1818 3896 volutare
1849 3839 2312 3896 clarissimorum
2364 3840 2678 3894 custodum
2710 3837 3051 3893 humanitas
3111 3836 3255 3891 mihi
3279 3830 3576 3889 concessit.
3593 3832 3667 3883 De
3697 3822 3798 3920 hac

427 3929 695 3986 Melitone
715 3929 1062 3998 Laodiceno,
1093 3928 1340 3984 videnda
1370 3929 1570 4000 utique
1595 3935 1733 3984 sunt
1761 3945 1829 3985 ea
1869 3946 1994 4001 qua
2056 3929 2534 4002 incomparabilis
2578 3926 2878 3983 Fabricius
2903 3927 3016 3999 (10)
3049 3926 3271 3998 passim
3306 3925 3376 3979 de
3407 3937 3474 3978 eo
3507 3913 3806 4002 annotavit.

429 4020 586 4075 Inter
617 4019 1002 4092 quadraginta
1024 4023 1305 4092 martyres
1336 4020 1586 4076 Sebasta
1619 4020 1677 4074 in
1712 4019 1988 4076 Armenia
2019 4021 2127 4076 sub
2163 4001 2562 4091 persecutione
2594 4016 2801 4074 Licinii
2829 4017 2895 4072 A.
2919 4016 2979 4072 Ο.
3036 4015 3160 4084 320,
3196 4014 3410 4087 frigore
3432 4013 3716 4069 snecatos,
3746 4001 3812 4092 de

431 4110 645 4181 quibus
677 4091 875 4166 Basilii
907 4109 1123 4182 Magni,
1147 4091 1406 4181 Gregorii
1435 4109 1703 4180 Nysseni,
1736 4110 1990 4182 Ephrem
2022 4109 2172 4183 Syri,
2203 4109 2515 4166 Gaudentii
2546 4108 2863 4165 Brixiensis
2913 4106 3280 4176 aliorumque
3310 4103 3572 4176 insignes
3603 4091 3817 4189 exsistit

422 4200 739 4266 orationes,
765 4200 1087 4257 celebratur
1108 4204 1165 4255 et
1182 4199 1470 4255 Melitonis
1502 4201 1737 4256 nomine
1761 4217 1936 4272 unus,
1963 4204 2209 4272 quartus
2244 4217 2277 4256 a
2297 4200 2604 4271 principio,
2635 4202 2807 4270 prout
2827 4214 2896 4253 ex
2920 4193 3318 4253 Bollandianis
3347 4193 3503 4249 inter
3524 4207 3583 4247 se
3604 4183 3816 4244 collatis

499 4409 576 4490 (_1)
608 4411 671 4464 In
699 4412 1012 4490 Illustrium
1051 4411 1324 4490 Ecclesiae
1359 4411 1667 4490 Orientalis
1716 4413 2074 4490 scriptorum,
2107 4423 2159 4490 Α
2191 4411 2478 4490 din_e_ns_is,
2511 4428 2686 4490 quam
2705 4416 2876 4490 Sam.
2911 4412 3162 4490 Patrick,
3193 4411 3355 4476 1731,
3377 4409 3622 4490 curavit.

430 4483 542 4556 qui
560 4485 853 4556 sanctitate
899 4483 1054 4551 iuxta
1086 4484 1478 4556 eteruttitione
1526 4499 1647 4539 saec.
1700 4499 1740 4538 ιι
1767 4485 2078 4554 ﬂoruerunt
2107 4483 2159 4490 “’
2197 4552 2214 4556 _
2250 4485 2339 4556 (5)
2398 4485 2460 4540 In
2509 4484 2850 4540 Bibliotheca
2924 4485 3257 4556 scriptorum
3309 4483 3815 4543 ecclesiasticarum,

434 4534 650 4608 l’itiset
688 4534 1470 4618 aestimandi:
1527 4534 1646 4539 m"
2189 4534 2408 4610 toties;

499 4626 574 4693 (2)
604 4624 712 4697 Qui
745 4625 801 4677 in
861 4626 1006 4680 Nova
1039 4624 1374 4697 Bibliotheca
1428 4641 1558 4680 mss.
1620 4626 1910 4692 librorum,
1951 4630 2073 4683 sive
2253 4625 2330 4697 (6)
2359 4627 2577 4682 Mensis
2609 4626 2791 4697 April.
2827 4631 2970 4681 tom.
2999 4626 3042 4693 Ι,
3074 4625 3173 4680 fol.
3210 4626 3296 4679 11.

428 4695 749 4768 specimine
770 4697 1144 4767 antiquarum
1160 4696 1475 4752 lectionum
1495 4697 1833 4753 Latinarum
1851 4704 1906 4754 et
1924 4700 2073 4755 Gra—
2222 4767 2228 4768 γ
2251 4695 2328 4767 (7)
2359 4698 2500 4754 Vide
2521 4695 2826 4764 Catalogos
2843 4698 3132 4753 librorum
3156 4696 3703 4768 manuscriptorum
3719 4695 3818 4768 Af!-

427 4766 627 4822 carum
658 4766 714 4820 in
749 4784 802 4822 ιν
863 4766 1059 4840 partes
1112 4769 1488 4840 tribularum,
1525 4769 1759 4824 Parisiis
1800 4771 1960 4839 1653,
1991 4773 2070 4840 4ο,

426 4844 590 4910 parte
622 4838 901 4909 secunda,
934 4840 992 4894 in
1034 4855 1147 4910 qua
1197 4838 1408 4910 biblica
1440 4849 1493 4894 et
1525 4839 1850 4910 theologica
1880 4838 2069 4896 conti;

426 4909 659 4985 nentur,
695 4928 825 4985 pag.
857 4913 947 4976 21,
981 4909 1100 4965 ita:
1136 4909 1331 4985 Clanis
1358 4926 1533 4966 sacra
1558 4909 2069 4985 (Scripturaﬂileto

425 4998 519 5039 seu
548 4983 818 5051 Melitoné,
868 4986 1094 5049 Asiana,
1145 4991 1206 5038 ut
1236 4983 1450 5048 volunt,
1476 4983 1719 5053 episcOpO
1750 4993 1995 5038 auctore.

498 5055 572 5126 (3)
600 5055 658 5109 ln
688 5054 958 5126 Catalogo
978 5054 1233 5125 generali
1267 5061 1625 5126 sanctorum,
1659 5054 1754 5122 qui
1787 5071 1900 5126 non
1929 5059 2070 5110 sunt

425 5123 924 5198 in‘Martyrologio
981 5123 1265 5198 Romano,
1327 5125 1578 5179 Venetiis
1633 5141 1786 5180 anno
1818 5125 1976 5194 1525,
2009 5129 2066 5181 in

427 5197 531 5262 Qu.
567 5199 632 5251 ad
669 5198 910 5252 Kalend.
946 5197 1176 5266 Aprilis.
1586 5244 1595 5253 .

499 5269 573 5340 (4)
606 5269 752 5324 Urbs
783 5268 1061 5340 Sardinia
1085 5266 1414 5340 notissima,
1447 5267 1618 5335 cujus
1659 5267 1813 5338 apud
1847 5274 2067 5323 veteres

426 5337 692 5408 frequens
722 5339 976 5395 occurrit
1006 5339 1432 5393 mentiqmror
1458 5339 1609 5393 Frid.
1643 5337 2065 5408 spanhemium

427 5407 486 5462 in
520 5409 859 5478 Geom'aphia
889 5427 998 5466 sua
1024 5425 1188 5464 sacra
1216 5418 1267 5464 et
1303 5407 1919 5482 ecclesiastica’nullam
1939 5412 2066 5482 ejus

429 5483 782 5535 mentionem
818 5483 1110 5549 iujecisse,
1145 5496 1274 5550 cum
1316 5485 1508 5550 tamen
1545 5483 1716 5534 fuerit
1745 5481 1913 5536 sedes
1944 5481 2065 5550 epi-

433 5551 1015 5622 scopalis.uCont‘er.,
1038 5553 1099 5622 si
1150 5549 1364 5622 placet,
1390 5549 1620 5622 (Iellarii
1674 5549 2067 5622 Geographiam

429 5621 603 5686 antiq.
636 5633 692 5685 ν.
718 5619 1243 5689 5t,editionis,qua
1271 5619 1410 5674 mihi
1443 5621 1516 5674 ad
1548 5636 1760 5677 manus
1788 5619 1898 5690 est,
1922 5623 2064 5678 Lon-

2179 4763 2318 4844 gli'a;
2343 4775 2404 4844 et
2419 4763 2783 4844 Hiberniain
2817 4786 3002 4825 unum
3055 4767 3334 4844 collectos
3365 4774 3423 4824 et
3453 4763 3615 4844 a_Th.
3652 4763 3816 4844 Hydﬁ.

2180 4838 2545 4896 bibliotheca
2569 4841 2894 4896 Bodleiana
2929 4838 3570 4911 protobibliothecario,
3601 4838 3814 4911 Oxonie

2181 4911 2339 4982 1697,
2373 4929 2404 4967 e
2437 4913 2660 4968 theatro
2678 4907 3072 4966 Sbeldoniauo
3103 4907 3813 4982 duobusvoluminibusip

2179 4982 2277 5054 fol.
2314 4976 2518 5049 editos,
2552 4990 2693 5038 tom.
2758 4985 2798 5046 Ι,
2836 4999 2966 5054 pag.
2999 4984 3122 5050 125,
3184 4983 3383 5037 codice
3408 4983 3575 5050 2432,
3611 4976 3813 5038 Bodlei.

2179 5053 2239 5108 F.
2271 5055 2324 5108 7.
2358 5056 2410 5110 4.
2445 5057 2535 5122 32,
2599 5071 2729 5126 pag.
2765 5053 2886 5122 191,
2917 5055 2973 5121 b,
3032 5071 3122 5124 sq.
3169 5055 3447 5124 Ejusdem
3499 5054 3816 5126 fragmenta

2178 5128 2445 5196 quaedam
2479 5128 2535 5180 in
2573 5123 2760 5181 Catia.
2796 5127 3022 5179 Patrum
3055 5123 3621 5181 inveniuntur.Vidé
3642 5123 3816 5180 Mont-

2179 5199 2409 5252 laucon.
2431 5198 2697 5253 Biblioth.
2731 5197 3206 5251 Bibliothecarum
3236 5213 3292 5267 p.
3326 5198 3418 5262 14,
3455 5198 3581 5254 142.

2212 5267 2322 5393 3()8)
2353 5270 2436 5323 Ad
2486 5269 2960 5338 Martyrologium
2991 5273 3156 5322 vetus
3189 5269 3246 5322 S.
3298 5267 3664 5340 Hieronymi,
3697 5278 3814 5340 pag.

2270 5410 2325 5484 9)
2344 5409 2418 5484 _ln
2452 5409 3008 5484 codic‘eiapocrypho
3028 5413 3095 5463 N.
3121 5409 3194 5464 Τ.
3225 5415 3508 5484 parte‘ui,
3537 5429 3672 5484 pag.

2275 5480 2361 5552 10)
2392 5484 2578 5552 Citato
2607 5478 2907 5552 libfparte
2952 5496 3010 5549 ii,
3045 5497 3177 5551 pag.
3225 5478 3364 5547 '789,
3387 5481 3516 5549 790,
3539 5478 3700 5538 ‘etuin
3732 5478 3818 5552 [ξιξ

2179 5545 2448 5625 blietlieca
2481 5551 2666 5610 Graeca
2691 5545 2794 5608 lib.
2827 5569 2881 5623 v,
2917 5545 3152 5624 capfi,‘
3195 5545 3419 5624 sect.’2,
3442 5555 3469 5621 §
3490 5545 3581 5625 24,
3617 5553 3726 5613 vol.
3755 5545 3815 5615 V,

2176 5635 2308 5694 pag.
2343 5624 2468 5680 185.
