4114 6148
409 325 567 397 1155

1475 316 1542 377 S.
1588 313 1880 376 MELITO
1921 312 2271 378 SARDIUM
2315 309 2781 375 EPISCOPUS.

3689 315 3845 379 1156

407 461 565 517 xime
614 456 771 514 dedit
798 457 1165 526 proventum.
1204 452 1346 508 Hinc
1377 449 1724 522 cognomine
1755 449 2007 505 Asianus
2039 445 2331 503 salutatur
2377 446 2726 520 Hieronymo
2755 448 2874 520 (57)
2906 451 2962 504 et
2989 447 3257 504 Chronici
3307 448 3702 505 Alexandrini
3734 469 3838 506 au-

408 548 550 605 ctori
583 547 713 619 (58).
749 547 932 610 Quam
967 547 1162 597 autem
1197 541 1254 595 in
1289 541 1482 612 specie
1506 538 1864 610 provinciam
1896 537 2047 592 Asiae
2072 536 2317 608 patriam
2350 535 2638 604 habuerit,
2660 541 2716 592 et
2733 553 2858 607 quae
2886 537 3256 608 potissimum
3285 538 3424 593 urbs
3457 538 3576 610 ipsi
3606 539 3837 596 natales

407 635 646 700 dederit,
665 633 997 689 tacentibus
1016 630 1268 686 historias
1291 627 1712 694 monumentis,
1739 625 1980 681 definire
2001 642 2117 680 non
2142 627 2347 682 audeo.
2373 625 2650 681 llalloixio
2677 627 2792 698 (59)
2822 627 3060 698 quidem
3076 627 3576 683 verisimillimum
3599 629 3799 684 videtu
3816 648 3842 685 r

403 724 686 781 Sardibus
717 738 849 777 eum
887 722 1068 775 fuisse
1101 725 1328 786 natum,
1361 723 1536 789 atque
1569 732 1888 788 cognomen
1922 714 2249 784 Sirdeusis,
2282 713 2366 769 vel
2400 715 2614 770 rectius
2642 715 2927 783 Sardiani,
2950 715 3156 771 tulisse
3180 732 3292 770 non
3317 718 3742 773 tantummodo
3762 720 3831 774 ob

402 814 824 868 habitationem
856 814 913 865 et
946 825 1158 864 munus
1190 805 1468 880 episcopi,
1504 807 1657 878 quod
1689 806 1746 861 in
1773 806 1915 860 urbe
1944 804 2218 860 Sardium
2247 805 2432 875 gessit
2459 821 2481 866 ;
2512 805 2608 860 sed
2641 806 2815 860 etiam
2849 805 2920 860 ob
2943 806 3300 861 nativitatem
3331 811 3386 861 et
3418 808 3706 878 patriam.
3733 815 3832 863 Ast

402 919 534 958 cum
569 903 964 973 conjecturam
999 915 1164 953 suam
1201 897 1344 951 nulli
1376 895 1470 950 alii
1505 895 1883 950 fundamento
1914 894 2388 963 superstruxerit,
2423 910 2599 964 quam
2635 895 2788 966 quod
2813 895 3121 950 Sardensis
3151 896 3605 967 cognominatus
3636 901 3743 967 sit,
3769 902 3832 952 ut

398 993 449 1049 ei
475 992 841 1047 subscribam
879 988 1039 1043 nullo
1066 988 1232 1042 modo
1282 987 1388 1042 abs
1421 999 1513 1040 me
1544 984 1853 1056 impetrare
1903 998 2167 1055 possum,
2223 982 2357 1037 licet
2400 999 2502 1038 nec
2536 985 2715 1056 aperti
2750 984 2964 1039 erroris
2990 999 3125 1039 eum
3157 984 3308 1040 hanc
3338 987 3410 1040 ob
3441 1002 3696 1041 causam
3731 1004 3826 1041 ar-

395 1099 574 1156 guere
604 1080 798 1135 velim.
837 1079 970 1149 Ejus
1001 1082 1195 1133 tamen
1225 1076 1514 1132 sententia
1561 1091 1665 1130 cur
1695 1074 1928 1129 infirma
1979 1078 2038 1126 et
2071 1074 2331 1143 precario
2365 1081 2585 1128 asserta
2635 1073 2774 1128 mihi
2807 1075 3092 1139 videatur,
3143 1077 3530 1146 sequentibus
3564 1076 3822 1132 induc-or

393 1169 940 1227 rationibusPrimo
973 1167 1126 1240 quod
1163 1165 1372 1221 nullibi
1408 1165 1562 1220 unde
1588 1163 1917 1236 appelletur
1951 1166 2280 1231 Sardensis,
2308 1164 2406 1218 sed
2441 1163 2515 1217 ita
2549 1180 2782 1235 semper
2811 1163 3155 1220 ordinentur
3185 1166 3381 1234 verba,
3415 1171 3478 1220 ut
3512 1164 3690 1221 nullo
3725 1182 3827 1221 ue-

391 1262 547 1332 gotio
580 1259 780 1316 statim
813 1262 1026 1329 pateat,
1050 1273 1182 1312 eum
1208 1272 1323 1310 non
1350 1256 1420 1310 ob
1446 1254 1716 1327 patriam,
1751 1253 1851 1309 sed
1867 1253 1939 1308 ob
1971 1253 2319 1325 dignitatem
2343 1253 2513 1308 unice
2535 1253 2993 1309 ecclesiasticam
3016 1253 3124 1309 hoc
3145 1270 3468 1326 cognomen
3499 1257 3824 1311 meruisse.

395 1352 487 1408 Sic
518 1369 570 1407 v.
606 1369 656 1407 c.
689 1349 937 1406 Eusebio
969 1352 1207 1404 vocatur
1241 1365 1253 1403 :
1285 1351 1395 1414 Τῆς
1427 1344 1479 1399 ἐν
1513 1342 1747 1420 Σάρδεσι
1799 1343 2020 1417 παροικί

2155 1345 2412 1404 πτίσκοπος
2442 1345 2550 1414 (60)
2584 1362 2602 1398 :
2655 1350 2755 1412 τῆς
2789 1343 2842 1398 ἐν
2875 1341 3138 1419 Σάρδεσιν
3198 1343 3531 1415 Ἐκκλησίας
3587 1344 3822 1400 ἐπίσκοο

391 1461 493 1503 πος
515 1444 630 1514 (61)
665 1458 678 1496 :
714 1435 996 1514 Σαρδιαῶν
1033 1435 1325 1496 ἐπίσκοπος
1354 1441 1452 1504 τῆς
1485 1431 1680 1496 Λυδίας
1716 1435 1851 1508 (6'2),
1885 1434 1968 1491 sic
2001 1435 2020 1490 Ι

2165 1451 2235 1489 no
2268 1455 2297 1485 ‹‹
2330 1435 2638 1490 Sardensis
2669 1436 2912 1491 antistes
2945 1436 3236 1504 Ecclesiae,
3269 1436 3587 1508 episcopus
3626 1436 3826 1492 Eccle-

394 1533 492 1588 siae
521 1513 830 1586 Sardensis
852 1529 986 1600 (63),
1024 1551 1049 1576 ››
1083 1528 1166 1582 sic
1199 1526 1567 1599 Hieronymo,
1601 1525 1926 1597 Nicephoro
1950 1523 2213 1595 aliisque.
2250 1529 2294 1578 A
2319 1524 2550 1579 nomine
2583 1529 2774 1581 autem
2799 1529 3057 1582 veterum
3082 1527 3436 1598 scriptorum
3459 1525 3824 1600 simpliciter

393 1616 715 1694 Σαρδιανόν,
753 1640 775 1670 α
811 1617 1160 1672 Sardeusem
1195 1616 1315 1671 sive
1347 1614 1699 1670 Sardiauum
1732 1636 1753 1662 ι
1790 1630 1924 1670 eum
1958 1613 2315 1685 appellatum
2340 1613 2556 1669 inveni.
2593 1613 2849 1670 Alterum
2886 1617 3035 1686 quod
3070 1631 3161 1670 me
3183 1619 3394 1685 movet,
3424 1617 3534 1671 hoc
3567 1616 3818 1685 est,istis

387 1708 754 1781 temporibus
786 1705 964 1762 moris
999 1721 1111 1760 non
1139 1712 1254 1760 tam
1289 1703 1466 1760 fuisse
1502 1703 1768 1758 Ecclesiae
1801 1703 2137 1758 doctoribus
2169 1720 2202 1757 a
2233 1702 2420 1775 patria
2453 1703 2801 1774 cognomina
2835 1703 3275 1776 imponere,sed
3305 1721 3404 1760 eos
3437 1704 3508 1760 ab
3542 1703 3811 1761 Ecclesia

386 1799 606 1872 potius,
639 1796 730 1852 cui
757 1799 1060 1867 praeerant,
1095 1792 1196 1848 illa
1227 1794 1454 1848 tulisse.
1486 1794 1579 1850 Sic
1601 1793 1756 1847 enim
1782 1792 2028 1864 Ignatio,
2051 1791 2330 1849 Nourasin
2358 1791 2776 1847 Sardinianato
2798 1793 2932 1862 (64),
2953 1791 3298 1848 Antiocheni
3320 1810 3333 1848 :
3357 1793 3652 1849 Clementi
3676 1795 3809 1864 (65),

388 1889 487 1959 qui
519 1885 776 1941 Italicam
811 1889 965 1939 certe
997 1883 1240 1956 patriam
1277 1899 1390 1938 non
1425 1881 1649 1949 habuit,
1684 1882 1926 1936 Romani
1963 1899 1977 1951 ;
2012 1881 2228 1937 Irenaeo
2256 1881 2391 1952 (66),
2425 1881 2517 1936 cui
2542 1881 2679 1936 Asia
2709 1881 2888 1936 vitam
2921 1882 3099 1950 dedit,
3136 1883 3547 1955 Lugdunensis
3583 1899 3804 1956 cogno-

388 1977 550 2032 mina
580 1975 779 2031 addita
809 1973 1214 2040 inveniuntur,
1247 1976 1402 2027 certe
1433 1988 1546 2026 non
1579 1970 1650 2026 ob
1682 1971 1954 2042 patriam,
1985 1969 2086 2026 sed
2118 1971 2191 2026 ob
2226 1985 2438 2026 munus
2469 1971 2724 2043 episcopi
2752 1971 3098 2043 regionibus
3127 1972 3257 2029 istis
3289 1973 3806 2029 administratum.

386 2065 634 2122 Econtra
665 2062 790 2129 alii,
821 2080 970 2134 quos
1017 2077 1211 2118 rerum
1245 2065 1484 2117 eventus
1517 2061 1573 2116 iu
1607 2059 1832 2115 nullam
1865 2059 2205 2115 cathedram
2237 2059 2440 2129 evexit,
2477 2063 2606 2114 utut
2631 2059 2701 2114 de
2741 2074 2944 2115 eorum
2979 2060 3167 2132 patria
3197 2061 3524 2118 certissime
3551 2068 3802 2134 constet,

387 2155 617 2210 nullum
641 2157 836 2209 tamen
870 2153 941 2207 ab
963 2169 1030 2208 ea
1062 2167 1386 2224 cognomen
1417 2153 1788 2222 acceperunt,
1823 2167 1895 2205 ne
1927 2149 2144 2206 scilicet
2175 2165 2276 2220 pro
2307 2149 2596 2221 episcopis
2630 2149 2775 2206 falso
2797 2150 3269 2207 haberentur.Sic
3299 2151 3599 2221 Justinus,
3635 2156 3801 2225 cujus

386 2246 543 2301 terra
573 2247 758 2300 mater
785 2242 1049 2299 Samaria
1103 2241 1236 2309 fuit,
1271 2257 1384 2296 non
1411 2239 1834 2307 Samaritanus,
1869 2240 1970 2294 sed
2003 2237 2118 2292 κατ’
2152 2236 2352 2312 ἐξοχήν
2395 2243 2614 2310 martyr
2663 2246 2920 2295 vocatur.
2954 2240 3045 2296 Sic
3095 2240 3394 2311 Origenes,
3435 2242 3804 2299 Alexandriae

386 2339 583 2403 natus,
617 2350 650 2388 a
682 2331 867 2403 patria
899 2331 1140 2386 minime
1166 2329 1614 2399 Alexandrinus,
1649 2330 1750 2384 sed
1782 2329 1856 2383 ob
1884 2327 2147 2384 laborum
2183 2329 2522 2399 patientiam
2557 2328 2926 2401 Χαλκέντερος
2956 2346 3060 2385 seu
3090 2331 3474 2388 Adamantius
3495 2333 3804 2405 cognomi-

387 2431 583 2482 natur.
616 2425 708 2478 Sic
730 2422 1023 2478 innumeri
1057 2422 1432 2494 alii,quorum
1459 2423 1710 2493 patriam
1733 2428 2089 2491 compertam
2115 2419 2422 2486 habemus,
2460 2419 2682 2476 nullam
2714 2421 2786 2476 ab
2818 2438 2884 2476 ea
2910 2421 3260 2492 gentilitiam
3285 2422 3798 2496 accipiuntappel-

384 2513 684 2575 lationem,
719 2515 954 2567 Veteres
979 2511 1306 2583 potius,viri
1340 2509 1591 2580 alicujus
1624 2509 1870 2580 patriam
1924 2508 2276 2580 expressuri,
2305 2509 2654 2580 generaliori
2685 2510 2938 2580 quodam
2975 2514 3032 2565 et
3064 2509 3267 2566 laxiori
3298 2514 3537 2567 tantum
3587 2528 3797 2584 cogno-

387 2605 545 2660 mine
576 2602 774 2658 Asiani
806 2601 891 2656 vel
926 2601 1178 2656 Africani
1209 2599 1371 2656 illam
1407 2600 1665 2655 indicare
1695 2603 2027 2655 sueverunt.
2063 2599 2181 2654 Hoc
2210 2603 2268 2655 et
2297 2598 2552 2655 Melitoni
2585 2603 2784 2654 nostro
2803 2599 3063 2672 contigit,
3096 2600 3179 2656 ita
3195 2605 3258 2655 ut
3288 2617 3404 2656 non
3426 2601 3557 2658 sine
3582 2617 3800 2673 magna

386 2691 817 2766 probabilitatis
877 2689 1068 2762 specie
1101 2689 1424 2746 asseruisse
1457 2689 1602 2744 mihi
1634 2689 1848 2757 videar,
1891 2703 1960 2743 ex
1989 2687 2111 2744 solo
2141 2688 2451 2744 Sardensis
2483 2688 2828 2761 cognomine
2861 2687 3210 2745 Halloixium
3241 2689 3516 2762 colligere
3550 2707 3790 2763 prorsus

384 2799 500 2839 non
535 2781 815 2854 potuisse,
848 2779 1084 2850 Lydiam
1105 2781 1351 2850 ejusque
1380 2776 1718 2848 primariam
1747 2778 1951 2833 urbem
1983 2777 2191 2833 Sardes
2219 2778 2270 2832 ei
2303 2778 2556 2847 patrium
2588 2777 2880 2834 exstitisse
2913 2778 3123 2834 solum.

1639 2869 1666 2936 §
1699 2867 1759 2924 ν.
1795 2867 2019 2935 Quando
2049 2867 2227 2922 Melita
2254 2868 2526 2936 ﬂoruerit.

450 2963 550 3017 Ast
581 2959 782 3016 relicta
812 2958 963 3030 ejus,
1016 2974 1190 3029 quam
1225 2957 1422 3012 minus
1451 2960 1808 3028 compertam
1843 2957 2127 3012 habemus
2172 2957 2381 3028 patria,
2415 2958 2484 3011 ad
2518 2957 2630 3011 alia
2661 2959 3053 3026 transeamus,
3088 2973 3215 3030 quae
3251 2958 3438 3030 magis
3471 2963 3612 3015 sunt
3646 2975 3780 3030 per-

379 3056 596 3125 specta,
633 3056 808 3122 atque
843 3049 912 3105 de
943 3054 1128 3118 estate,
1162 3065 1279 3120 qua
1301 3047 1544 3103 celebris
1574 3047 1794 3103 exstitit
1824 3051 2022 3103 noster
2045 3048 2169 3118 jam
2199 3046 2624 3118 disquiramus.
2658 3049 2723 3102 In
2753 3063 2819 3104 ea
2849 3047 3204 3116 definienda,
3237 3050 3545 3119 sequentia
3576 3049 3788 3121 quibus

378 3147 501 3199 tuto
533 3140 728 3209 inniti,
761 3140 1352 3210 computationesque
1382 3142 1611 3193 nostras
1643 3153 1756 3192 non
1792 3138 1918 3192 sine
1949 3153 2126 3192 causa
2155 3141 2562 3209 superstruere
2592 3153 2910 3210 possumus
2937 3138 3436 3209 deprehendimus
3465 3142 3779 3195 momenta.

376 3232 768 3302 Hieronymus
824 3229 963 3297 (67),
997 3228 1289 3284 Eusebius
1348 3227 1458 3298 (68)
1491 3231 1548 3281 et
1576 3225 1939 3297 Nicephorus
1974 3227 2090 3299 (69)
2150 3225 2368 3297 aliique
2398 3242 2619 3282 comvos
2677 3231 3054 3298 temporaque
3085 3244 3369 3299 suppares
3395 3228 3508 3300 ipsi
3570 3229 3783 3284 faciunt

379 3321 798 3392 Hegesippum,
830 3317 1193 3390 Dionysium,
1225 3316 1661 3373 Corinthiorum
1693 3317 2058 3387 episcopum,
2091 3315 2388 3387 Pinytum,
2421 3315 2786 3372 Cretensium
2818 3317 3184 3388 episcopum,
3215 3316 3578 3390 Philippum,
3609 3315 3780 3388 Apol—

379 3410 652 3472 linarem,
701 3407 1036 3473 Musanum,
1071 3406 1422 3472 Modestum,
1474 3407 1760 3461 Irenaaum
1791 3420 1858 3460 ac
1887 3404 2283 3477 Theophilum
2331 3404 2782 3474 Antiocheuum,
2815 3406 2916 3476 qui
2949 3421 3155 3462 omnes
3190 3406 3344 3463 circa
3393 3409 3646 3464 medium
3677 3420 3778 3461 sa-

377 3498 492 3555 culi
527 3495 770 3552 secundi
829 3495 1174 3552 floruerunt.
1222 3497 1302 3550 Ex
1328 3494 1538 3550 iisdem
1587 3509 1758 3566 porro
1790 3495 2131 3550 auctoribus
2171 3494 2286 3566 (70)
2319 3499 2566 3564 constat,
2595 3494 2946 3565 {Melitouem
2977 3501 3236 3552 exortam
3271 3497 3398 3554 suis
3427 3494 3778 3568 temporibus

373 3587 433 3642 in
472 3585 728 3642 Ecclesia
787 3585 1110 3640 Laodicena
1164 3583 1595 3640 dissensionem
1627 3583 1781 3639 circa
1822 3583 2132 3654 paschatos
2190 3583 2645 3640 celebrationem
2693 3583 3094 3656 composuisse
3125 3583 3385 3642 feliciter.
3416 3585 3599 3654 Hujus
3636 3595 3766 3636 vero

375 3675 778 3736 controversias
817 3679 1055 3748 tempus
1109 3675 1324 3748 ipsein
1369 3674 1658 3748 principio
1697 3673 1912 3747 operis,
1961 3673 2113 3732 hunc
2143 3674 2204 3730 in
2249 3691 2488 3732 causam
2547 3675 2618 3732 de
2674 3674 2952 3747 paschate
3000 3676 3244 3746 exarati,
3281 3676 3366 3732 his
3414 3668 3751 3746 significavit

451 3912 558 3980 (57)
601 3907 1314 3988 Inputaloggfaijptorum
1332 3907 2028 3988 ecclesiasticarumncap.
2061 3922 2115 3988 Α
2145 3910 2341 3988 tamen
2372 3905 2433 3988 _in
2462 3905 2932 3988 Adnotationiogu
2956 3907 3060 3988 'ad
3087 3905 3302 3988 lg‘natit‘
3333 3904 3604 3988 epistolas,
3629 3914 3758 3988 quas

380 3978 472 4050 24,
505 3999 634 4054 pag.
675 3983 810 4036 11οε
851 4002 871 4054 ᾳ
905 3978 1128 4054 1181110
1163 3979 1412 4054 Asianus
1464 3979 1772 4034 Sardensis
1810 3978 2030 4054 episco-

383 4050 602 4126 pusfp'
630 4055 701 4126 Et
749 4053 984 4121 antiqua
1034 4050 1230 4126 Greca
1259 4050 1472 4126 versio,
1503 4066 1678 4120 quam
1719 4051 2032 4126 _Eabricius

383 4118 561 4182 simul
609 4125 846 4180 exhibet
879 4118 902 4179 ε’
960 4120 1212 4176 Μελίτων
1271 4118 1537 4190 ’Δσιανὸςξ
1599 4118 1848 4194 Σαρδὲων
1910 4121 2028 4176 ἐπί-

383 4215 699 4356 πξέἑῗῖῖᾼά
759 4266 1128 4356 O'l‘ympi‘ad.“
1149 4281 1414 4356 εοέκχξι,
1445 4281 1577 4356 pa’g.
1631 4266 1786 4321 206:
1852 4263 2032 4356 ’A‘AM

377 4333 470 4394 xui
504 4333 754 4394 Μἐλίτων
789 4333 1057 4406 ’Ᾰσισίνὸς,
1092 4333 1409 4410 Σαρδιαγῶύ
1439 4333 1738 4410 ἐπίσκοπος
1764 4355 1802 4410 κΔ
1825 4356 1875 4392 τ.
1900 4333 1956 4393 λ.

438 4411 668 4496 (69)..19
694 4411 1036 4496 “illustrium
1100 4407 1360 4466 Ecblesias
1420 4408 1631 4464 Orient.
1691 4407 2031 4480 scriptorum

385 4483 544 4546 Vitis,
570 4482 668 4536 fol.
694 4483 813 4535 818.

434 4553 568 4624 (60)
598 4554 798 4608 Histor.
829 4549 1222 4608 ecclesiasticae
1250 4551 1351 4608 lib.
1380 4567 1451 4607 iv.
1485 4567 1612 4622 cap.
1644 4551 1738 4622 26,
1772 4551 1867 4608 fol.
1904 4554 2026 4620 188,

381 4623 518 4682 edit.
557 4623 734 4679 Read.

449 4695 755 4769 (6|)1bid.,
813 4691 915 4748 lib.
964 4710 1041 4769 1v,
1111 4695 1351 4769 capsit”;
1408 4698 1466 4769 et
1521 4692 1829 4769 Nicephor.
1888 4698 2024 4752 Hist.

378 4765 572 4825 coclea.
606 4768 708 4824 lib.
740 4783 817 4831 iv,
838 4780 966 4834 cap.
1004 4767 1090 4832 10,
1123 4767 1223 4820 fol.
1250 4767 1376 4821 294.
1412 4766 1607 4821 Front.
1633 4765 1847 4822 Ducasi.

447 4839 562 4910 (62)
596 4840 660 4895 lu
720 4837 988 4910 Chronico
1035 4839 1110 4893 ad
1141 4839 1360 4910 Olwpp.
1420 4853 1725 4910 ccxxxvn:
1770 4835 2024 4894 Μελίτων

379 4905 693 4978 Σάρδιανῶν
720 4907 1013 4968 ἐπίσκοπος
1038 4915 1138 4978 τῆς
1171 4905 1374 4970 Λυδίας
1404 4929 1438 4962 κ
1464 4928 1516 4962 τ.
1560 4905 1615 4963 λ.

473 4984 563 5052 63)
592 4984 743 5040 Ruﬁ‘.
805 4982 944 5038 Hist.
977 4984 1164 5040 eccles.
1224 4981 1325 5038 lib.
1358 4998 1432 5046 ιν,
1468 4996 1594 5052 cap.
1649 4980 1738 5052 25,
1788 4981 1889 5038 fol.
1935 4982 2024 5052 93,

378 5053 514 5110 edit.
539 5053 694 5112 Beat.
731 5053 1014 5111 Rhenaui.

452 5127 563 5198 (64)
599 5128 678 5184 De
710 5126 898 5198 patria
935 5127 1016 5198 B.‘
1044 5123 1268 5198 ,Ignatii
1296 5122 1425 5178 vide
1453 5122 1507 5177 J.
1545 5123 1849 5198 Ernestum
1885 5127 2026 5183 Gra-

376 5195 632 5272 bium'in
668 5195 962 5272 spicilcgio
990 5195 1374 5272 $3.:P_atrum_,_
1406 5198 1550 5272 tom._
1576 5195 1810 5272 ll,_pag.
1847 5199 1872 5272 1
1907 5215 2021 5272 sq.,

2144 3978 2403 4063 editioni
2431 3978 3079 4063 “suarpraanstantissim‘m
3117 3975 3302 4033 Oxon.
3331 3975 3502 4063 1700,
3544 3975 3765 4063 illi-51,6

2139 4051 2249 4106 Th.
2274 4051 2469 4107 Sheld.
2504 4048 2717 4121 adfecit
2732 4049 2843 4105 Th.
2875 4050 3164 4118 Smithus,
3193 4049 3380 4119 magis
3411 4048 3770 4121 placet_a_sse-

2139 4138 2265 4178 rere
2293 4118 2590 4194 Ignatium'
2617 4139 2651 4177 a
2681 4122 2841 4194 Syris
2871 4138 2978 4177 sua
3008 4121 3210 4192 lingua
3252 4118 3770 4194 Nura'numhfuisss

2139 4191 2523 4264 appellatum,
2546 4191 3006 4262 quasi'diceresu
3036 4191 3344 4259 illustrem,
3377 4191 3766 4264 splendidum,

2137 4263 2452 4342 gloriosum
2487 4286 2501 4334 ;
2539 4286 2567 4314 ››
2599 4271 2656 4320 et
2686 4265 3015 4342 ita_Nuraui
3047 4280 3374 4342 cognomen
3407 4266 3624 4342 non_de
3653 4263 3768 4342 loco

2138 4335 2288 4393 unde
2319 4343 2482 4395 ortus
2539 4343 2646 4402 est,
2680 4337 2782 4392 sed
2834 4338 2905 4392 de
2947 4335 3315 4408 cognomine,
3376 4352 3495 4407 quo
3545 4335 3771 4391 honoris

2138 4425 2318 4465 causa
2344 4414 2583 4466 vocatus
2613 4409 2743 4474 fuit,
2773 4409 3203 4479 interpretatur.

2205 4481 2320 4554 (65)
2353 4482 2433 4554 De
2488 4473 2801 4554 Clementis
2859 4473 3106 4536 Romani
3165 4478 3356 4552 patria
3403 4479 3594 4536 altum
3622 4473 3764 4549 apud

2135 4553 2341 4609 omnes
2364 4553 2679 4609 silentium.

2135 4626 2580 4750 h.()66)tSmyrna
2602 4623 2759 4680 hunc
2781 4622 2966 4680 fuisse
2997 4623 3316 4680 oriundum
3351 4621 3625 4679 nonnulli
3656 4635 3770 4693 pero

2178 4712 2194 4750 ι
2240 4713 2310 4750 en
2347 4739 2359 4750 .

2178 4696 2359 4753 ibent.

2224 4768 2316 4839 67)
2350 4766 2605 4833 Epistola
2635 4767 2727 4832 83,
2760 4771 2903 4839 tom.
2923 4766 3006 4839 ιν
3035 4767 3206 4839 Opp.,
3232 4770 3398 4839 parte
3427 4765 3627 4839 ηκτοι.
3656 4761 3771 4839 666.

2229 4837 2317 4914 68)
2381 4841 2591 4914 Histor_.
2632 4837 3297 4914 ecclu.,-l_ib._iv,'_’cap.__
3321 4839 3388 4914 21
3427 4853 3442 4893 z
3505 4837 3774 4914 ’ῌκμαζςξν

2135 4905 2193 4983 δὲ
2213 4903 2274 4964 ’ἐν
2299 4903 2520 4983 astitui:
2563 4907 2649 4964 ἐπὶ
2705 4915 2804 4983 τῆς
2831 4903 3182 4983 ⁷Ἑκκλησῐας
3209 4903 3586 4983 ’Ἡγήσιππός
3618 4903 3696 4983 ire
3719 4903 3769 4956 ὅν

2131 4981 2286 5056 ζσμεν
2347 4980 2406 5036 ἐκ
2459 4985 2567 5056 τῶγ
2623 4976 2925 5056 προτέρῳνλ,
2989 4976 3078 5037 xuii
3137 4976 3418 5056 Atovdcio;
3478 4976 3767 5056 Κορινβίων

2133 5050 2448 5129 ἐπίσκοπος,
2478 5050 2706 5129 Illi/016;
2736 5050 2803 5129 re"
2824 5051 2998 5129 ἄλᾈος
3027 5056 3134 5107 τῶν
3281 5053 3515 5129 Κρήτης
3566 5050 3771 5129 intento:

2130 5145 2254 5194 πος,
2288 5124 2568 5186 Φίλιππός
2597 5144 2655 5179 τε
2685 5123 2769 5178 ἐπὶ
2828 5123 3046 5185 τούτοις
3103 5126 3193 5194 κᾳὶ
3247 5123 3636 5194 Ἀπολινάριος
3690 5123 3771 5173 καί

2132 5192 2408 5265 Μελίτων,
2461 5195 2739 5256 Μουσανός
2786 5215 2845 5250 τε
2899 5197 2988 5251 καὶ
3047 5192 3342 5264 Μόδεστος,
3384 5192 3584 5250 καὶέπὶ
3620 5197 3766 5248 πᾶσιν

378 5271 478 5344 qui
511 5287 576 5324 ex
635 5265 911 5340 Gregorio
956 5266 1379 5344 Abulpharagii
1409 5265 2023 5344 Ανᾳὺὶεμῃηᾶειξᾳνᾰηί
2055 5272 2101 5337 Β
2130 5267 2443 5344 Εἰρηναῖος.

376 5339 630 5412 historia,
680 5337 914 5412 dy’nast.
945 5356 1044 5408 vn,
1079 5337 1203 5412 pag.
1233 5339 1355 5412 110,
1385 5337 1657 5412 probavit
1682 5353 1814 5412 eum
1846 5341 2018 5398 Nurae

376 5410 534 5481 apud
565 5407 780 5468 Sardos
815 5417 1052 5481 parente
1081 5407 1282 5465 Iudaeo
1315 5407 2014 5481 fuissegproseminatum,

2201 5337 2311 5414 (69)
2345 5341 2544 5414 Hister.
2579 5340 2790 5414 coclea"
2823 5337 3047 5414 _lib.,igv,
3081 5356 3208 5412 cap.
3242 5339 3333 5395 49.

2199 5409 2308 5484 (70)
2336 5413 2544 5468 Euseb.
2560 5413 2703 5484 Hist.
2726 5411 3045 5478 eccles.,lib.
3067 5409 3305 5484 1v,'cap.
3337 5413 3443 5478 26;
3467 5409 3769 5481 Nicephor.

377 5480 678 5551 additque,
710 5500 778 5538 ex
808 5479 1144 5555 conjectura
1173 5482 1282 5538 Th.
1318 5479 1544 5555 Heydii,
1577 5482 1720 5555 forte
1741 5499 1810 5538 ex
1831 5479 2018 5555 patria
2127 5483 2267 5540 Hist.
2292 5479 2301 5484 ⁷
2325 5486 2536 5551 θεεισιςη
2571 5483 2671 5540 lib.
2705 5499 2780 5552 iv,
2814 5499 2944 5554 cap.
2981 5485 3048 5538 10
3081 5501 3094 5551 ;
3129 5479 3340 5540 Buffin.
3377 5484 3482 5539 lib.
3534 5479 3628 5550 iv,
3652 5494 3768 5550 cap-

373 5566 607 5621 quoque
665 5559 864 5608 natum
901 5551 1172 5608 Latinum
1208 5567 1420 5621 nomen
1453 5551 1700 5620 Ignatii:
1735 5551 1872 5621 quia
1901 5557 2020 5612 Nar

375 5618 500 5673 sive
528 5619 681 5674 Nam
704 5622 1011 5678 Chaldaice
1041 5625 1236 5693 ignem
1271 5618 1582 5694 significet.
1613 5623 1670 5680 J.
1703 5618 2016 5684 Pearsonio

2125 5556 2215 5610 26.
