4110 6150
433 220 589 284 1163
1505 215 1568 276 S.
1608 214 1904 279 MELITO
1950 218 2314 282 SARDIUM
2355 217 2811 284 EPISCOPUS.
3692 221 3836 285 1164

434 354 725 413 exstiterit
757 351 1131 419 architectus,
1166 349 1321 406 unde
1350 351 1565 419 omnia,
1600 368 1730 425 quae
1762 356 1919 409 vasto
1937 353 2045 410 hoc
2061 354 2455 422 continentur,
2478 362 2671 411 ortum
2691 368 2868 410 suum
2893 353 3197 423 traxerint,
3221 353 3356 427 quis
3386 354 3593 422 solem,
3616 354 3828 426 lunam,

441 445 642 503 stellas
673 442 814 500 coelo
846 441 1127 511 afﬁxerit;
1162 440 1294 512 quis
1321 439 1580 513 primum
1612 441 1910 499 hominem
1942 442 2358 516 et‘formaverit,
2389 461 2567 516 quam
2601 445 2654 501 ei
2686 449 2958 501 naturam
2992 442 3365 516 indolemque
3410 445 3710 516 indiderit,
3738 462 3835 501 cu-

427 537 527 607 jus
559 532 846 589 felicitatis
879 532 1217 603 participem
1257 546 1388 586 eum
1424 532 1663 589 reddere
1693 533 2033 602 decreverit,
2066 535 2158 590 cui
2193 535 2292 590 ﬁni
2323 552 2535 608 corpus
2567 551 2897 607 sensusque
2938 534 3341 602 destinaverit,
3390 551 3503 607 qua
3552 537 3831 608 perpetui-

442 629 556 680 tate
588 624 846 679 animam
878 620 1127 690 donarit,
1162 622 1314 693 quod
1351 621 1643 677 vinculum
1677 639 1889 695 corpus
1918 624 2072 679 inter
2098 632 2153 680 et
2181 626 2436 680 animam
2468 625 2938 697 deprehendatur
2969 640 2983 681 :
3027 625 3139 680 nisi
3175 626 3247 679 de
3278 624 3393 694 his,
3418 626 3684 697 inquam,
3712 643 3835 681 con-

440 713 718 769 stitutum
755 711 853 776 sit,
886 710 1053 782 pauci
1086 710 1157 764 ab
1192 711 1593 767 incredulitate
1624 712 1697 767 ad
1720 712 1895 767 ﬁdem
1929 713 2167 785 perduci
2190 719 2483 786 poterunt,
2505 722 2559 770 et
2580 714 2812 769 inﬁrma
2834 714 3163 769 eritcontra
3183 731 3354 770 secus
3379 716 3698 771 sentientes
3719 716 3830 773 dis-

436 804 689 871 putatio.
726 801 972 855 Animus
1003 800 1196 869 potius
1229 800 1521 856 ﬂuctuans
1551 806 1606 855 et
1638 802 1894 858 incertus
1926 803 2098 858 modo
2139 804 2209 858 ad
2243 804 2542 859 fortuitum
2572 814 2902 860 atomorum
2934 820 3308 873 concursum,
3341 806 3513 860 modo
3531 807 3624 873 ad,
3651 808 3833 864 nescio

438 908 641 964 quam,
675 889 879 945 mundi
908 888 1169 944 animam
1201 894 1499 955 aeternam,
1534 890 1706 946 modo
1737 891 1812 947 ad
1840 891 2048 947 animis
2082 897 2290 947 nostrae
2320 908 2456 948 cum
2492 909 2731 963 corpore
2759 893 3084 961 interitum,
3111 895 3286 948 modo
3308 894 3377 948 ad
3402 892 3513 950 alia
3531 900 3708 967 atque
3729 895 3834 953 alia

435 982 529 1036 his
559 979 905 1035 absurdiora
935 977 1196 1050 rapietur
1223 976 1354 1049 (69).
1388 978 1740 1034 Amovendis
1768 979 1964 1051 itaque
1997 980 2155 1036 hisce
2184 979 2434 1053 aliisque
2466 981 2643 1053 hujus
2675 982 2834 1038 modi
2871 982 3306 1053 impedimentis
3357 999 3592 1056 operam
3648 993 3833 1041 noster

434 1069 686 1126 feliciter
713 1066 965 1137 navavit,
997 1066 1226 1139 sibique
1255 1067 1410 1123 inter
1437 1065 1817 1140 philosophos
1848 1068 2006 1125 haud
2044 1070 2169 1126 leve
2196 1069 2525 1127 conciliavit
2552 1086 2784 1127 nomen.

1492 1229 1520 1295 5
1561 1227 1647 1283 IX.
1679 1229 1758 1282 De
1793 1227 2094 1299 theologica
2123 1228 2443 1285 eruditione
2483 1227 2767 1286 Melitonis

488 1380 647 1440 Nihil
678 1388 777 1438 aut
807 1397 1012 1453 parum
1049 1379 1321 1452 praestitit
1349 1377 1557 1434 viatori
1587 1378 1644 1433 in
1678 1379 1845 1435 devia
1872 1380 2110 1451 delapso
2140 1379 2349 1448 ofﬁcii,
2383 1382 2487 1451 qui
2517 1378 2631 1452 ipsi
2664 1378 2876 1436 saltem
2904 1378 3221 1451 signiﬁcat,
3272 1397 3407 1437 eum
3454 1398 3490 1438 a
3538 1386 3831 1458 proposito

417 1473 678 1529 diversas
709 1471 932 1528 calcare
961 1471 1223 1537 semitas,
1256 1473 1474 1526 rectam
1506 1478 1699 1525 autem
1722 1470 1958 1542 insuper
1986 1471 2137 1527 viam
2171 1487 2286 1527 non
2318 1470 2496 1527 simul
2527 1474 2833 1527 monstrat.
2868 1470 2963 1527 Sic
2994 1488 3099 1528 nec
3127 1470 3323 1527 Melito
3373 1472 3434 1528 in
3482 1475 3831 1533 amoliendis

424 1562 827 1618 tantummodo
854 1577 957 1633 per
989 1561 1208 1631 scripta
1234 1560 1365 1616 ﬁdei
1398 1560 1719 1617 obstaculis
1751 1561 2031 1629 substitit,
2066 1562 2168 1618 sed
2194 1563 2268 1617 ad
2299 1561 2445 1618 olios
2471 1578 2703 1633 quoque
2721 1560 2867 1617 hanc
2888 1562 2948 1617 in
2968 1577 3088 1617 rem
3112 1562 3370 1619 edendos
3395 1569 3687 1622 tractatus
3708 1582 3825 1622 ver-

419 1652 491 1707 tit
521 1653 808 1721 animum,
840 1667 1047 1724 parum
1077 1666 1206 1707 esse
1250 1654 1432 1717 ratus,
1463 1650 1885 1723 impedimenta
1913 1667 2226 1720 removere,
2260 1651 2374 1708 nisi
2405 1655 2462 1708 et
2490 1652 2620 1724 ipsa
2657 1651 2801 1707 fides
2831 1654 3151 1722 exponetur
3199 1651 3374 1723 clare,
3422 1657 3481 1708 et
3522 1656 3727 1711 omnia
3766 1672 3827 1712 ex

416 1748 636 1799 rentur.
670 1747 816 1814 Ergo
848 1742 1030 1798 edidit
1058 1740 1393 1812 complures
1422 1741 1605 1797 libros
1635 1743 1706 1798 de
1732 1742 1977 1800 diversis
2007 1747 2063 1798 et
2093 1742 2450 1814 gravissimis
2480 1741 2788 1798 divinioris
2818 1742 3000 1813 hujus
3032 1742 3357 1815 discipline
3407 1747 3745 1814 momentis,
3772 1752 3830 1803 et

419 1833 549 1903 ejus
579 1831 937 1904 prescriptis
983 1830 1055 1886 ad
1084 1830 1264 1887 vitam
1295 1833 1352 1886 et
1382 1830 1625 1887 salutem
1657 1835 1931 1887 aeternam
1965 1832 2295 1889 necessaria
2324 1830 2518 1887 ofﬁcia
2545 1831 2718 1887 claris
2749 1835 2808 1887 et
2851 1830 3174 1902 perspicuis
3217 1831 3592 1890 documentis
3640 1834 3829 1891 decla-

418 1921 577 1978 haud
611 1922 923 1977 obscurum
957 1936 1085 1976 esse
1115 1920 1271 1991 sivit,
1302 1924 1522 1990 quanta
1550 1920 1795 1978 scientia
1823 1925 1879 1977 et
1909 1921 2174 1977 doctrina
2203 1922 2260 1976 in
2285 1921 2462 1977 rebus
2487 1921 2667 1978 sacris
2691 1924 2750 1977 et
2777 1922 2848 1976 ad
2871 1921 3043 1976 ﬁdem
3068 1923 3472 1993 spectantibus
3494 1924 3825 1981 abundave-

419 2012 515 2067 rit.
548 2011 691 2067 Cum
724 2009 958 2066 animus
990 2009 1133 2065 mihi
1165 2010 1243 2065 sit
1269 2010 1341 2066 de
1371 2011 1606 2083 scriptis
1637 2011 1765 2082 ejus
1797 2027 1865 2068 ex
1893 2010 2161 2067 instituto
2193 2010 2463 2084 pluribus
2486 2011 2637 2067 infra
2655 2011 2888 2083 agendi,
2913 2028 2985 2067 ne
3006 2016 3212 2085 postea
3237 2011 3487 2070 «licenda
3506 2015 3658 2071 mihi
3681 2032 3826 2073 nunc

413 2099 771 2173 praeripiam,
804 2115 952 2171 opus
983 2115 1098 2155 non
1130 2115 1257 2155 esse
1287 2100 1558 2167 arbitror,
1589 2115 1936 2156 enumerare
1967 2099 2191 2169 multis,
2224 2116 2472 2171 quorum
2495 2103 2972 2171 argumentorum
3007 2102 3386 2159 tractationes
3406 2108 3755 2179 susceperit,
3776 2110 3828 2162 et

411 2191 484 2246 de
513 2189 728 2260 quibus
757 2188 814 2244 in
849 2188 1039 2262 Specie
1069 2189 1203 2244 ﬁdei
1234 2188 1546 2261 capitibus,
1579 2190 1812 2262 scriptis
1840 2192 2042 2262 egerit.
2079 2190 2274 2245 Fidem
2308 2190 2503 2261 potius
2535 2189 2821 2258 merebor,
2856 2189 2905 2245 si
2948 2189 3018 2245 ad
3053 2191 3416 2262 probandam
3467 2193 3824 2267 singularem

406 2278 701 2337 Melitonis
732 2279 791 2333 in
815 2278 995 2334 sacris
1027 2279 1199 2335 rebus
1230 2279 1639 2334 dexteritatem
1670 2281 1801 2351 ejus
1833 2280 2004 2335 modo
2038 2278 2193 2335 haud
2229 2296 2447 2351 paucos
2478 2279 2538 2335 in
2588 2283 2712 2334 arte
2761 2278 2950 2335 editos
3002 2280 3225 2352 ingenii
3277 2281 3433 2337 fetus
3488 2287 3679 2342 testes
3729 2302 3823 2358 po-

407 2385 667 2440 poscero,
700 2373 759 2423 et
788 2369 1061 2424 lectorem
1095 2369 1167 2423 ad
1192 2369 1508 2425 Eusebium
1544 2370 1656 2442 (70)
1688 2371 1937 2441 ejusque
1977 2386 2262 2440 sequaces
2292 2370 2502 2425 iterum
2549 2369 2910 2440 ablegavero.
2959 2369 3255 2441 Perplacet
3290 2375 3644 2444 ceteroquin
3694 2375 3824 2431 scri-

406 2464 643 2531 ptorum
675 2459 804 2530 ejus
834 2460 907 2514 de
938 2459 1113 2514 rebus
1143 2457 1484 2530 theologicis
1515 2458 1943 2515 elaboratorum
1977 2459 2209 2523 divisio,
2243 2473 2418 2530 quam
2447 2458 2505 2513 in
2540 2459 2800 2513 medium
2832 2458 3029 2513 attulit
3058 2458 3274 2531 sapius
3316 2460 3559 2532 jamjam
3618 2465 3818 2520 citatus

404 2546 730 2602 Halloixius
761 2548 894 2618 (71),
924 2547 1017 2602 cui
1045 2545 1156 2601 alia
1179 2546 1236 2601 in
1266 2546 1513 2618 gratiam
1538 2546 1869 2618 gentilium,
1904 2545 2018 2602 alia
2042 2547 2100 2600 in
2134 2546 2385 2619 gratiam
2418 2545 2883 2601 Christianorum
2915 2547 3267 2603 concinnata
3296 2548 3587 2605 videntur.
3643 2552 3735 2608 Sic
3765 2553 3817 2607 in

404 2638 665 2709 priorum
698 2637 946 2708 gratiam
980 2635 1251 2708 inprimis
1282 2636 1469 2691 editos
1500 2636 1682 2692 fuisse
1713 2635 1895 2692 libros
1925 2637 1998 2691 De
2026 2636 2155 2707 ﬁde,
2186 2636 2261 2692 De
2288 2637 2541 2703 veritate,
2574 2636 2647 2690 De
2673 2634 2987 2692 obedientia
3026 2636 3178 2706 ﬁdei,
3208 2638 3340 2710 ipsa
3362 2655 3476 2709 pre:
3529 2655 3594 2695 se
3638 2642 3821 2698 ferunt

402 2725 644 2781 nomina
672 2731 729 2781 et
761 2729 1127 2797 argumenta.
1158 2724 1270 2779 Alii
1303 2730 1523 2791 autem,
1555 2741 1701 2796 quos
1731 2725 1906 2781 etiam
1940 2725 2158 2781 multos
2188 2725 2470 2794 exaravit,
2498 2724 2685 2796 magis
2713 2726 2784 2780 ad
2821 2742 2920 2781 eos
2971 2731 3256 2797 spectant,
3306 2728 3407 2799 qui
3457 2730 3546 2785 vel
3592 2731 3717 2801 jam
3764 2731 3815 2786 in

400 2815 612 2873 Christi
645 2816 851 2871 castris
877 2820 1201 2881 versantur,
1236 2813 1323 2869 vel
1354 2815 1489 2869 dato
1521 2815 1647 2885 ejus
1678 2813 1899 2869 militiae
1932 2814 2188 2881 nomine,
2223 2811 2641 2869 admissionem
2674 2818 3030 2884 exspectant,
3069 2823 3125 2870 et
3154 2814 3423 2871 Ecclesiae
3471 2816 3709 2874 interim
3748 2819 3818 2874 li—

400 2921 533 2961 men
569 2909 781 2961 terunt.
813 2905 981 2960 Tales
1011 2908 1151 2958 sunt
1184 2905 1255 2959 De
1285 2904 1577 2972 baptismo,
1612 2905 1685 2959 De
1717 2904 1978 2969 Ecclesia,
2003 2904 2074 2958 De
2106 2902 2313 2958 Christi
2340 2906 2712 2973 generatione,
2744 2903 2818 2958 De
2856 2904 3016 2960 Verbo
3046 2906 3337 2960 ine-amato
3389 2909 3448 2960 et
3497 2905 3620 2975 alii,
3669 2926 3813 2981 quo-

403 3012 536 3051 rum
568 2994 720 3049 infra
740 2994 888 3049 dabo
921 2992 1270 3066 catalogum.
1304 2996 1531 3059 Quanta
1561 2994 1866 3066 diligentia
1895 2994 2105 3048 diurna
2135 2998 2535 3063 nocturnaque
2574 3008 2753 3047 manu
2784 2992 3118 3064 Scripturas
3160 3010 3356 3050 sacras
3382 2998 3731 3066 tractaverit,
3762 3001 3814 3054 et

402 3101 578 3157 quam
612 3084 883 3140 assiduus
915 3082 974 3136 in
1006 3099 1207 3138 earum
1236 3082 1484 3139 lectione
1516 3084 1708 3151 fuerit,
1742 3099 1857 3138 non
1890 3082 2016 3137 sine
2044 3082 2427 3136 fundamento
2476 3081 2763 3152 conjicere
2807 3098 3127 3154 possumus
3182 3100 3251 3140 ex
3305 3081 3585 3160 Ἐκλογῶν
3628 3087 3807 3155 libris,

405 3176 527 3231 sive
559 3174 847 3247 excerptis
881 3189 909 3229 e
943 3172 1124 3230 sacris
1155 3172 1352 3229 bibilis
1385 3173 1757 3239 testimoniis,
1789 3172 1850 3228 in
1881 3188 1982 3227 sex
2010 3171 2190 3227 libros
2221 3172 2445 3227 divisis.
2478 3172 2537 3226 In
2571 3172 2822 3244 gratiam
2846 3172 3107 3228 Onesimi
3140 3174 3514 3246 potissimum
3565 3179 3671 3235 hoc
3722 3179 3808 3234 di-

404 3263 673 3319 vinarum
708 3263 1144 3335 Scripturarum
1181 3262 1293 3318 mel
1323 3262 1499 3331 suxit,
1532 3267 1704 3334 prout
1735 3262 1955 3317 clarum
1987 3265 2077 3316 est
2108 3276 2174 3316 ex
2226 3260 2352 3331 ipsa
2380 3262 2509 3332 ejus
2567 3261 2637 3316 ad
2693 3261 3007 3318 Onesimum
3055 3265 3301 3336 epistola
3332 3268 3461 3337 (72).
3518 3272 3557 3321 Ε
3614 3270 3808 3325 crebra

402 3355 600 3425 itaque
630 3369 925 3409 sacrarum
959 3352 1285 3409 litterarum
1317 3352 1583 3420 lectione,
1616 3368 1718 3406 ceu
1753 3351 1972 3422 optimo
2003 3354 2059 3405 et
2088 3350 2282 3405 omnis
2311 3350 2609 3405 divinioris
2641 3350 2917 3406 doctrinae
2950 3353 3120 3407 unico
3154 3354 3305 3410 fonte
3335 3360 3390 3410 et
3439 3358 3804 3430 scaturigine,

401 3444 679 3499 derivavit
708 3460 937 3515 quoque
968 3445 1025 3498 in
1060 3460 1123 3499 se
1153 3442 1442 3516 egregiam
1474 3442 1658 3511 illam,
1690 3458 1807 3513 qua
1836 3443 2157 3497 instructus
2188 3445 2312 3496 erat
2342 3440 2595 3496 scientiae
2627 3441 2799 3496 istius
2824 3442 3241 3500 abundantiam
3269 3464 3283 3514 ;
3317 3451 3374 3502 et
3428 3463 3557 3502 cum
3604 3449 3800 3504 Jesum

394 3534 691 3590 Christum
725 3533 908 3589 Deum
941 3540 994 3589 et
1024 3532 1322 3589 hominem
1354 3531 1513 3587 haud
1541 3531 1811 3603 ignorare
1842 3530 2170 3602 praecipuus
2207 3528 2280 3585 sit
2310 3529 2441 3583 ﬁdei
2474 3535 2687 3586 nostrae
2716 3529 3020 3603 articulus,
3048 3532 3185 3588 huic
3216 3534 3381 3591 etiam
3416 3536 3631 3591 veritati
3648 3553 3797 3607 prae-

394 3624 561 3695 cipue
592 3623 837 3692 studuit,
865 3628 921 3678 et
951 3622 1185 3679 deitatis
1209 3622 1422 3695 pariter
1453 3638 1518 3677 ac
1544 3621 1813 3676 humanae
1845 3618 2241 3692 (θεανορώπου)
2273 3623 2495 3675 natura:
2527 3624 2712 3675 stator
2749 3621 2972 3676 exstitit
3002 3626 3180 3694 atque
3238 3625 3495 3680 defensor
3542 3624 3787 3680 fortissi-

394 3730 545 3770 mus.
579 3713 866 3769 Eusebius
898 3713 1011 3785 (73)
1045 3713 1195 3768 hanc
1224 3712 1282 3767 in
1318 3728 1441 3767 rem
1472 3710 1825 3767 evolvendus
1864 3715 1974 3776 est,
2006 3708 2107 3781 qui
2138 3710 2213 3764 de
2240 3724 2305 3764 eo
2338 3709 2629 3764 memoriae
2661 3709 2935 3780 prodidit,
2976 3728 3092 3782 quo
3153 3713 3369 3785 scripta
3420 3714 3545 3785 ejus
3599 3709 3648 3766 ἐν
3706 3712 3787 3774 οἱς

400 3801 763 3877 θεολογεῖται,
783 3800 871 3855 καὶ
903 3801 1032 3863 Θεὸς
1061 3800 1151 3855 καὶ
1202 3797 1488 3873 ἄνθρωπος
1529 3796 1957 3875 καταγγέλλεται
1990 3798 2017 3851 ὁ

2172 3796 2335 3866 ιστός,
2398 3819 2426 3849 ‹‹
2487 3798 2545 3852 in
2605 3798 2822 3870 quibus
2878 3799 3095 3857 Christi
3156 3803 3429 3859 divinitas
3490 3803 3792 3869 astruitur,

392 3898 451 3950 et
480 3893 539 3948 in
572 3892 786 3965 quibus
818 3910 953 3948 eum
985 3894 1165 3948 Deum
1198 3890 1372 3946 simul
1405 3895 1573 3962 atque
1601 3890 1892 3946 hominem
1925 3887 2276 3961 pmdicavit,
2312 3910 2340 3938 »
2372 3888 2647 3943 omnibus
2682 3888 2897 3945 fuerint
2921 3895 3076 3956 nota,
3107 3892 3246 3961 quin
3270 3893 3600 3950 notissima.
3624 3894 3793 3966 Inpri-

393 3983 507 4043 mis
539 3983 810 4056 egregius
838 3982 1127 4038 Melitonis
1158 3981 1323 4038 locus
1355 3986 1444 4037 est
1473 3981 1544 4037 de
1578 3981 1881 4036 divinitate
1911 3984 1968 4035 et
2001 3978 2364 4034 humanitate
2392 3978 2606 4034 Christi
2640 3979 2775 4053 (74),
2810 3996 2980 4051 quem
3011 3982 3361 4039 Anastasius
3403 3985 3626 4041 Sinaita
3670 4001 3797 4058 pro-

392 4074 580 4144 duxit,
613 4079 670 4129 et
700 4089 769 4128 ex
797 4089 863 4128 eo
894 4072 1116 4128 Caveus
1146 4071 1259 4144 (75)
1292 4076 1349 4126 et
1366 4071 1711 4126 Whislonus
1733 4070 1865 4141 (76),
1888 4076 1942 4123 et
1962 4084 2134 4140 quem
2157 4072 2358 4123 contra
2374 4067 2657 4123 Clericum
2679 4070 2994 4126 vindicavit
3017 4072 3439 4131 Weismanuus
3462 4077 3596 4150 (77).
3621 4077 3793 4133 Suam

390 4179 563 4234 porro
593 4162 652 4217 in
687 4162 860 4219 rebus
892 4161 1277 4217 divinioribus
1308 4177 1500 4215 raram
1532 4159 2015 4216 commontravit
2045 4158 2447 4213 dexteritatem
2481 4156 2539 4211 in
2574 4173 2664 4228 eo,
2697 4160 2851 4229 quod
2887 4162 3136 4230 purioris
3167 4164 3448 4221 doctrinae
3490 4168 3631 4224 adeo
3680 4166 3797 4223 fue-

389 4251 465 4305 rit
494 4267 698 4307 amans
729 4256 900 4322 atque
932 4259 1121 4320 tenax,
1156 4258 1215 4306 ut
1242 4266 1309 4306 ea
1339 4264 1409 4305 ne
1439 4248 1624 4305 latum
1654 4248 1893 4321 quidem
1924 4263 2178 4320 unguem
2212 4247 2601 4303 recedendum
2650 4264 2780 4304 esse
2836 4250 3087 4318 duxerit,
3141 4254 3242 4310 sed
3291 4254 3582 4313 hmreticis
3632 4256 3795 4312 forti-

461 4403 572 4493 ς69)
604 4404 887 4493 ῌινιιρηςδς
909 4401 1196 4493 ejusmodi
1231 4403 1554 4493 sententiose
1579 4398 2029 4493 enumeravithet
2060 4402 2084 4466 Δ

2165 4393 2451 4493 vigilare:
2466 4392 2803 4493 πρεςϐέτερῖι
2829 4403 2937 4493 τῷχ
2968 4400 3235 4493 Βίξτορος
3262 4403 3507 4493 χρὸνξυν,
3540 4404 3788 4493 (“aﬂuat

389 4462 667 4551 refutavit
700 4462 989 4551 Ba_dnlph.
1010 4474 1326 4551 Cutvvorth
1356 4474 1414 4528 in
1464 4473 1765 4551 Systemate
1799 4470 2012 4551 _iptelle-

2166 4462 2373 4551 ipsete
2552 4468 2703 4551 ,ὑπὲρ
2734 4462 2833 4551 ἦῆς
2864 4462 3616 4551 ἀληθείαςλκᾶἶῊπρ-ὀςίξῐᾲς
3672 4478 3789 4551 tota

385 4547 564 4602 οἰκιαΖί
594 4552 735 4601 tom.
770 4545 815 4610 Ι,
850 4535 975 4615 cap.
1008 4546 1062 4609 5,
1097 4543 1193 4616 fol.
1226 4545 1354 4616 8172,
1387 4535 1544 4616 sqqt,
1596 4544 1736 4599 edit.
1798 4541 2008 4616 Moshe

2161 4535 2374 4616 tlpégst:
2407 4535 2854 4616 Eypa¢1v_.'itéfw
2891 4535 3271 4601 δὲ’Ἷουσίέίνου
3331 4535 3421 4602 xei
3457 4535 3784 4605 'Milzrte'tSOU

387 4620 617 4672 mianae.
653 4617 861 4673 Confer
886 4611 1122 4693 quoque
1149 4615 1199 4670 si
1248 4611 1455 4693 pla'cet‘
1478 4611 1753 4693 ejusdem
1806 4614 2010 4693 abbati:

2165 4611 2231 4693 Leti
2261 4611 2652 4693 Turcaioﬁjai
2675 4611 3002 4693 βλήμεγςτος
3034 4618 3122 4693 acui
3158 4618 3354 4693 ὲτᾷραεγ
3409 4617 3706 4693 πλειόνων,
3738 4620 3788 4675 ὲν

388 4705 621 4765 summe
650 4679 1115 4765 reveradissfbe
1152 4679 1423 4745 mentione
1476 4679 1549 4744 ei:
1603 4687 1806 4754 nihilo,
1862 4686 2002 4741 ibid.

2166 4685 2225 4765 Ic.
2252 4683 2415 4765 ᾅῖτοξςι
2446 4679 2842 4765 θεολογεῖίταίρ
2874 4686 3128 4765 Χριστός.
3178 4679 3255 4765 Teii
3306 4687 3362 4765 δξ
3417 4679 3789 4765 Εἶρηναίρρᾐτε

386 4762 643 4837 fol_.~957.
670 4759 1102 4837 reperiendam.
1438 4831 1499 4837 μ
1578 4830 1612 4837 _
1676 4828 1726 4837 η
1796 4753 1801 4754 7

2164 4753 2574 4837 LGEMEX‘itnszQ
2621 4753 2711 4809 5ξαί
2766 4760 2873 4810 τῶν
2923 4753 3142 4837 logi:th
3187 4761 3271 4822 τίς
3333 4753 3787 4837 ἀγνοέῗβιϐλία,

456 4833 569 4907 (70)
603 4824 1523 4914 Hist.-egqle§1.1ib._lvi-ca_p.‘_$6.
1578 4828 1794 4886 Rufﬁn.
1838 4827 2023 4914 tota;

2137 4826 2387 4914 Caelica}
2418 4824 2705 4914 ὃξῖρρωτξον
2733 4826 3181 4914 κατᾳχγγέλλογτα
3229 4833 3323 4887 τὸν
3355 4824 3595 4907 ipim;
3633 4855 3648 4906 ;

380 4900 617 4980 Hieron:
651 4922 775 4980 cap.
809 4905 901 4980 24.7
931 4903 1169 4980 Niceph.
1304 4902 1507 4980 ΕΔΗ-ι).
1548 4920 1624 4980 1v3
1656 4918 1803 4980 cap.‘
1827 4900 1915 4980 l0.

2205 4901 2319 4980 (λέ)
2352 4900 2413 4980 I.n
2445 4900 2660 4980 Ὀξῃγῷ
2691 4900 3000 4980 seupuoe
3044 4906 3153 4960 viaiD
3181 4920 3309 4980 cap.
3347 4900 3432 4972 13,
3467 4924 3598 4980 pag.
3633 4900 3779 4965 '260.

451 4978 567 5048 (71)
598 4977 657 5033 In
692 4971 998 5032 lllustrium
1039 4971 1645 5048 E‘cclceiaeﬂrien‘latis
1690 4971 2024 5042 scriptorum
2205 4972 2328 5048 (75)_
2343 4971 2448 5048 Ἰη-
2491 4971 2695 5048 Hister:
2736 4973 3072 5048 .litte‘rarim
3098 4971 3430 5047 scriptorum
3467 4971 3786 5037 'ecc'leeiast.

384 5042 513 5104 Vitis
542 5042 986 5112 etdocumentis,
1019 5052 1159 5102 tom.
1197 5045 1268 5120 ll,
1304 5046 1399 5120 fol.
1431 5046 1556 5101 821.
1747 5115 1809 5120 μ
1904 5114 1914 5120 _
2131 5058 2266 5114 pag.
2301 5043 2391 5120 20.
2424 5043 2588 5114 Apud
2643 5042 2997 5100 Halloixium
3058 5044 3168 5102 hoc
3209 5042 3623 5120 'tragmentum
3677 5069 3792 5108 non

445 5120 901 5193 (72)_Eusebius,
932 5121 1075 5175 Hist.
1114 5117 1435 5193 eccles._lib_.
1471 5134 1543 5183 iv,
1576 5132 1704 5187 cap.
1744 5115 1835 5185 36,
1868 5114 2023 5171 circa
2130 5118 2339 5193 exstat.

376 5183 553 5247 ﬁn‘em’
577 5191 726 5248 hanc
758 5183 927 5248 nobis
957 5189 1201 5263 servavit
1230 5188 1563 5263 epistolam.
1647 5183 1666 5187 “
1772 5262 1775 5263 ν
1817 5183 1826 5185 “
1903 5257 1915 5263 _
2137 5255 2175 5263 η
2199 5186 2316 5254 (76)
2350 5187 2412 5240 In
2445 5183 2542 5263 ille
2569 5183 2927 5263 ᾀίξίρνιαιὶοη
2959 5203 3106 5263 upmg
3136 5189 3223 5263 the
3246 5190 3481 5263 Epistles
3511 5193 3578 5259 cf
3620 5191 3788 5262 Igna-

444 5264 558 5333 (73)
592 5266 795 5320 Hister.
835 5262 1023 5318 eccles.
1071 5260 1175 5335 lib.
1226 5255 1282 5335 v,
1331 5277 1456 5332 cap.
1508 5261 1598 5326 28,
1650 5262 1875 5335 co_ntra_
1902 5257 2017 5311 hae-
2127 5255 2510 5335 lius‘pag._6_5
2538 5261 2597 5335 et
2624 5257 2714 5335 66,
2746 5274 2875 5335 quae
2900 5255 3105 5335 tomol
3137 5255 3299 5328 libri,
3325 5280 3498 5335 quem
3536 5255 3792 5335 The'pri-

374 5327 909 5402 resin'Artemonis,
941 5349 1065 5403 quae
1107 5327 1419 5404 Cliristum'
1448 5348 1679 5404 merum
1722 5329 2015 5404 hominem
2127 5327 2319 5404 mitiga
2341 5327 2955 5404 [Ihfistiauz‘tyfeviv’d
2985 5332 3313 5404 inscripsit,
3343 5327 3561 5390 exstat.

370 5418 498 5478 esse
528 5405 780 5478 dicebat,
813 5398 1121 5478 disputans
1160 5403 1282 5478 ita):
1310 5403 1412 5457 Ἦν
1445 5398 1492 5478 δ’
1543 5402 1603 5478 ἂν
1638 5400 1807 5478 et.er
1854 5400 2013 5478 πιοοε.
2131 5400 2401 5478 ___(77)_In
2419 5398 2840 5478 Introductione
2868 5403 2929 5478 in
2960 5398 3349 5478 memorabilia
3374 5406 3785 5463 Ecclesiasticas

369 5469 1090 5547 v631i>_)teydpévov,'sipij
1149 5476 1365 5547 τςρίῖγςογ
1417 5473 1510 5545 μὲν
1563 5469 1989 5547 ᾀγτὲἦῖπτονμαῦ

1611 5469 2016 5547 ντὲτὶῖπτονμαύτ
2124 5469 2381 5530 Humi-iw
2409 5469 2464 5529 δ.
2487 5470 2554 5528 Ν.
2589 5472 2666 5538 Τυ
2699 5476 2841 5529 tom.
2876 5474 2919 5546 Ι,
2953 5491 3088 5547 pag.
3115 5477 3234 5532 114.

372 5542 491 5598 τοῖς
523 5540 577 5592 αἱ
638 5540 775 5604 eam
831 5540 1066 5620 I‘patpa‘t,
1104 5540 1203 5597 καῖ
1251 5540 1501 5619 ἀδελφῶν
1560 5540 1618 5598 δὲ
1674 5564 1835 5598 τινων
1902 5540 2012 5597 ἐστὶ
