4110 6150
427 368 580 427 1173
1376 367 1728 430 NOTITIA.
1775 399 1853 410 —-
1894 365 1938 424 1.
1987 365 2020 423 II

2141 364 2320 426 νιτΑ
2363 365 2424 425 S.
2476 366 2920 427 MELITONIS.
3677 374 3830 433 1174

424 501 595 570 cujus
629 499 974 556 concinnam
1007 503 1062 555 et
1093 501 1322 557 brevem
1357 501 1508 558 hanc
1541 504 1814 559 dabimus
1837 503 2288 574 descriptionem
2321 500 2791 574 geographicam.
2825 500 3046 568 Sardis,
3082 501 3349 557 Sardium
3372 502 3579 574 plurali
3603 507 3832 561 tantum

423 605 690 655 numero,
725 587 833 643 fuit
885 592 1026 643 urbs
1057 588 1247 661 Lydia:
1284 590 1418 662 (11),
1463 591 1520 646 in
1565 593 1702 648 Asia
1735 593 1976 658 Minore,
2009 590 2240 648 Pactolo
2285 589 2397 661 (12)
2431 589 2680 644 aurifero
2733 589 2972 644 ﬂumine
3021 592 3350 661 notissima,
3384 611 3510 664 quae
3555 593 3829 652 ﬂexuosis

423 677 698 734 Maeandri
733 679 924 732 amnis
958 678 1294 734 recursibus
1334 681 1586 752 perfusa,
1643 699 1819 753 super
1847 682 2066 738 Ioniam
2121 680 2400 753 procedit,
2438 678 2693 752 Phrygia
2726 681 2796 734 ab
2829 685 3030 735 exortu
3065 681 3206 738 solis
3253 683 3467 751 vicina,
3501 685 3572 739 ad
3606 690 3833 755 septen.

423 770 672 824 trionem
709 769 940 832 Mmsize,
968 769 1291 826 meridiana
1323 781 1479 841 parte
1511 772 1688 827 Cariae
1724 777 1943 842 partem
1978 771 2352 843 amplectens.
2387 771 2576 840 Hujus
2607 787 2742 841 ergo
2768 770 2950 841 Lydiae
2987 772 3122 827 urbs
3147 779 3198 826 et
3221 778 3393 844 caput
3417 773 3525 827 fuit
3555 775 3824 829 Sardium

423 859 664 927 civitias,
698 861 828 916 aliis
863 855 1060 934 Σάρδις
1092 861 1221 916 aliis
1253 879 1386 916 vero
1421 857 1650 934 Σάρδεις
1711 863 1905 918 Grece
1955 866 2155 917 vocata
2188 861 2318 931 (13),
2360 860 2511 915 inter
2558 859 2894 928 Thyatiram
2941 868 2998 916 et
3050 861 3511 933 Philadelphiam
3545 864 3656 934 (14)
3689 865 3823 933 sita,

424 948 631 1004 Tmolo
666 949 848 1004 monti
884 949 1178 1004 fortunato
1221 950 1490 1019 adjaccns
1549 950 1676 1020 (15),
1712 950 1882 1021 cujus
1915 950 2020 1005 Str:

2152 949 2264 1020 (16)
2297 948 2448 1004 hanc
2506 948 2667 1002 dedit
2696 947 3146 1019 descriptionem
3174 967 3187 1003 :
3215 950 3285 1006 At
3319 946 3375 1002 δὲ
3406 946 3632 1023 Σάρδεις
3661 949 3824 1014 πόλις

422 1036 530 1091 ἐστὶ
567 1035 1071 1113 μεγάλη,νεωτέρα
1101 1038 1192 1111 μὲν
1256 1042 1363 1092 τῶν
1425 1043 1706 1113 Τρωϊκῶν,
1746 1037 1951 1117 ἀρχαία
1985 1035 2041 1092 δὲ
2071 1037 2246 1110 ὅμως,
2314 1036 2450 1112 ἄκρα
2506 1039 2695 1114 εὐερκῆ
2754 1035 2974 1114 ἔχουσα,
3041 1036 3312 1112 βασίλειον
3371 1035 3428 1092 δὲ
3459 1038 3663 1112 ὕπηρξε
3718 1044 3830 1093 τῶν

419 1123 636 1184 Λυδῶν.
673 1153 699 1178 ‹‹
739 1129 940 1185 Sardis
974 1129 1114 1184 urbs
1146 1137 1230 1185 est
1263 1147 1499 1202 magna,
1529 1130 1810 1200 posterior
1839 1129 2074 1200 quidem
2100 1130 2346 1185 urbibus
2375 1131 2666 1202 Trojanis,
2694 1135 2922 1188 vetusta
2942 1136 3158 1202 tamen,
3182 1147 3344 1187 arces
3378 1129 3600 1186 habens
3633 1131 3823 1186 muni-

419 1217 703 1290 tissimus,
729 1218 954 1290 fuitque
986 1217 1124 1274 olim
1158 1219 1446 1291 Lydorum
1474 1219 1705 1291 regia.»
1742 1219 1903 1275 Unde
1928 1235 2158 1290 quoque
2189 1218 2464 1276 Horatius
2495 1220 2645 1292 (17):

1377 1363 1520 1431 Quid
1547 1363 1816 1418 concinna
1843 1367 2054 1431 Samos,
2086 1365 2216 1438 quid
2246 1365 2418 1421 Graeci
2443 1364 2596 1433 regia
2623 1365 2817 1420 Sardis
2839 1366 2866 1420 ?

414 1505 638 1579 Opibus
670 1513 844 1577 atque
875 1505 1092 1560 divitiis
1128 1505 1251 1560 haec
1285 1506 1446 1574 urbs,
1488 1511 1543 1563 et
1573 1511 1765 1565 omnis
1799 1508 1983 1581 Lydia
2019 1509 2197 1581 regio,
2238 1509 2404 1566 valde
2459 1509 2799 1577 abundavit,
2860 1507 2995 1562 hinc
3042 1511 3098 1562 et
3149 1507 3358 1578 adagia
3413 1507 3823 1580 innotuerunt,

414 1619 442 1646 «
476 1597 664 1653 Crasso
720 1597 955 1652 ditior»
1002 1600 1059 1651 et
1099 1619 1124 1646 ‹‹
1161 1596 1328 1650 Midaa
1378 1614 1539 1668 opes.
1583 1622 1612 1649 ››
1653 1600 1991 1656 Celebratur
2041 1599 2292 1655 maxime
2340 1601 2411 1655 ob
2461 1617 2720 1671 purpura
2759 1599 3019 1669 tingendi
3069 1602 3251 1653 artem
3304 1603 3360 1652 et
3404 1599 3475 1654 ob
3533 1601 3819 1669 tapetium

411 1687 1053 1759 praestantissimorum,
1087 1687 1299 1757 quibus
1346 1686 1779 1744 indormiebant
1805 1692 2064 1760 ,veteres,
2114 1693 2403 1744 texturam
2446 1690 2582 1760 (18),
2616 1689 2771 1743 unde
2821 1687 2966 1742 illud
3000 1687 3276 1743 Varronis
3311 1687 3458 1758 (19):
3493 1711 3522 1737 α
3554 1688 3712 1743 Cubo
3758 1689 3820 1743 in

408 1775 764 1831 Sardianicis
807 1775 1118 1847 (tapetibus
1168 1775 1317 1830 inter
1363 1775 1686 1831 chlamides
1743 1781 1800 1832 et
1849 1793 2143 1849 purpurea
2191 1777 2522 1833 amicula.»
2565 1782 2696 1831 Haec
2747 1777 3100 1847 czeteroquin
3145 1777 3352 1832 civitas
3402 1793 3535 1831 cum
3581 1778 3821 1832 Sardiea

409 1865 572 1931 urbe,
627 1882 755 1937 quzs
813 1883 846 1920 a
875 1865 1112 1920 Claudio
1168 1865 1477 1920 Ptolomaeo
1511 1866 1620 1937 (20)
1654 1868 1806 1922 inter
1833 1866 2092 1922 Thraciae
2123 1866 2381 1922 civitates
2415 1867 2867 1921 mediterraneas
2918 1872 3279 1930 numeratur,
3311 1870 3367 1920 et
3410 1866 3653 1922 concilio
3685 1867 3821 1921 Sar-

408 1955 657 2022 dicensi,
698 1957 755 2011 in
789 1973 964 2011 causa
986 1955 1384 2011 Athanasiana
1416 1956 1720 2025 celebrato,
1752 1957 2002 2012 illustris
2045 1960 2152 2023 est,
2185 1972 2300 2012 non
2334 1957 2504 2013 debet
2535 1957 2833 2024 confundi,
2869 1972 3057 2027 neque
3097 1973 3232 2012 cum
3280 1956 3550 2011 Sardinia
3600 1956 3820 2023 insula,

405 2046 578 2116 cujus
611 2045 807 2100 incolas
836 2045 1020 2112 Sardi,
1054 2044 1254 2100 Sardoi
1295 2049 1352 2100 et
1381 2045 1696 2101 Sardenses
1721 2063 1950 2117 quoque
1978 2051 2278 2113 vocantur,
2312 2050 2366 2101 et
2397 2046 2466 2102 de
2497 2046 2712 2118 quibus
2746 2051 2883 2101 nota
2915 2050 3056 2101 sunt
3077 2047 3191 2101 duo
3226 2046 3546 2115 proverbia,
3581 2067 3606 2095 «
3643 2045 3812 2099 Sardi

405 2133 716 2203 venales,»
748 2133 970 2190 scilicet
995 2135 1065 2190 de
1087 2134 1299 2189 vilibus
1331 2138 1386 2190 et
1413 2137 1784 2206 contemptis,
1825 2155 1846 2184 α
1881 2136 2202 2192 Sardonius
2232 2136 2407 2204 risus,
2437 2159 2464 2185 ››
2493 2137 2562 2191 de
2594 2137 2713 2191 risu
2739 2135 2874 2191 ﬁcto
2904 2140 3001 2191 aut
3034 2135 3108 2202 ei,
3135 2136 3231 2206 qui
3257 2136 3405 2190 ridet
3426 2133 3641 2189 exitiali
3671 2135 3807 2204 (21).

404 2223 620 2278 Sardus
655 2223 851 2294 itaque
882 2233 935 2279 et
966 2223 1266 2278 Sardensis
1301 2228 1388 2279 est
1424 2240 1454 2279 e
1483 2225 1771 2292 Sardinia,
1824 2225 2186 2280 Sardicensis
2218 2242 2247 2280 e
2275 2225 2542 2292 Thracia,
2596 2224 2918 2280 Sardianus
2963 2240 3095 2278 vero
3138 2240 3167 2278 e
3199 2223 3395 2293 Lydia.
3447 2222 3612 2289 Hinc,
3655 2222 3813 2292 quod

405 2313 578 2385 paulo
611 2314 884 2386 superius
913 2313 972 2368 in
1006 2314 1409 2384 notajamjam
1441 2314 1900 2381 observavimus,
1934 2315 2124 2370 Melite
2157 2315 2354 2370 minus
2401 2321 2557 2370 recte
2587 2332 2617 2368 a
2649 2315 2932 2386 dignitate
2969 2311 3364 2368 ecclesiastica
3412 2316 3650 2366 vocatur
3687 2315 3816 2365 Sar-

409 2403 607 2458 densis
642 2421 655 2470 ;
691 2403 827 2458 hinc
860 2419 1030 2474 porro
1070 2402 1468 2474 corrigendus,
1501 2403 1770 2459 Chronici
1823 2404 2196 2460 Alexandrini
2233 2403 2540 2474 interpres,
2573 2402 2668 2472 qui
2706 2402 2848 2456 illud
2884 2400 3173 2456 auctoris:
3217 2397 3469 2454 Μελίτων
3501 2395 3816 2472 Σαρδιανῶν

406 2489 501 2552 ἐπς
533 2492 740 2548 vertit:
787 2513 812 2544 ι
846 2493 1034 2547 Melito
1068 2492 1504 2547 Sardicensium
1549 2493 1827 2563 pontifex,
1863 2515 1891 2542 »
1941 2493 2252 2548 dicendum
2300 2496 2422 2547 erat
2472 2491 2913 2546 Sardianorum.
2975 2490 3153 2545 Hodie
3202 2489 3616 2545 ﬂorentissima
3668 2488 3808 2543 olim

399 2581 628 2650 civitas,
659 2581 881 2637 viculus
912 2587 1002 2638 est
1033 2581 1328 2654 ignobilis,
1361 2597 1536 2651 quem
1568 2581 1740 2635 Turci
1792 2585 2014 2649 tenent,
2047 2587 2104 2637 et
2133 2582 2266 2636 Sart
2322 2586 2553 2647 vocant,
2586 2579 2738 2636 sedes
2768 2581 2941 2636 habet
2975 2584 3258 2650 angustas
3290 2583 3348 2634 et
3375 2578 3650 2642 humiles,
3679 2578 3808 2631 sine

399 2671 728 2744 splendore,
761 2672 887 2728 sine
917 2677 1162 2728 ornatu:
1194 2671 1356 2726 nulla
1387 2669 1465 2725 ibi
1497 2671 1760 2739 ecclesia,
1792 2671 1938 2725 nulli
1967 2670 2299 2739 Christiani,
2335 2688 2438 2726 nec
2485 2670 2628 2726 alios
2678 2671 2791 2725 fere
2826 2670 3044 2724 incolas
3079 2670 3253 2724 habet
3300 2673 3502 2739 praeter
3545 2675 3805 2740 pastores

393 2766 450 2816 et
481 2760 787 2826 bubulcos,
823 2762 919 2832 qui
953 2761 1010 2815 in
1045 2761 1241 2832 ampla
1271 2764 1327 2815 et
1351 2760 1789 2830 jucundissima
1821 2761 2084 2832 planitie,
2119 2777 2248 2831 quae
2274 2761 2397 2815 vico
2429 2761 2565 2816 huic
2595 2759 2991 2831 praetenditur,
3025 2776 3270 2831 gregum
3301 2763 3357 2813 et
3387 2761 3789 2813 armentorum

391 2852 467 2906 ibi
502 2853 944 2922 depascentium
978 2869 1172 2907 curam
1205 2855 1407 2922 agunt.
1438 2850 1748 2906 Publicum
1782 2851 1857 2907 ibi
1893 2850 2130 2924 quidem
2156 2851 2475 2922 hospitium
2501 2851 2794 2924 quoddam
2826 2854 2934 2915 est,
2959 2855 3050 2904 ast
3073 2850 3264 2904 nullos
3286 2849 3398 2904 nisi
3424 2853 3625 2903 Persas
3648 2863 3792 2902 mer-

389 2950 646 2996 caturam
679 2943 962 3014 gregatim
987 2946 1318 2997 exercentes
1349 2941 1704 3012 (CaravaniS)
1729 2941 1934 3012 recipit
1965 2940 2422 3012 peregrinantes.
2455 2941 2521 2996 In
2542 2941 2783 2996 australi
2812 2941 3044 3013 regione
3064 2940 3328 3011 ingentes
3351 2939 3602 3010 antiqua:
3628 2938 3790 2994 urbis

387 3031 560 3087 hodie
587 3031 777 3086 adhuc
821 3037 1053 3088 exstant
1083 3032 1284 3095 ruinze,
1318 3031 1531 3101 quibus
1562 3031 1702 3086 visis
1726 3031 1892 3086 facile
1948 3030 2189 3102 quilibet
2221 3030 2416 3086 animo
2467 3032 2766 3102 concipere
2812 3035 3018 3102 potest,
3063 3045 3238 3101 quam
3281 3029 3590 3100 magniﬁca
3649 3025 3791 3082 olim

386 3121 584 3189 fuerit,
603 3137 777 3192 quam
799 3119 1107 3192 splendida
1120 3127 1175 3176 et
1197 3120 1773 3192 superhaantequam
1793 3124 2127 3176 verteretur.
2156 3119 2345 3176 Debeo
2359 3120 2510 3177 hanc
2533 3120 2876 3176 relationem
2901 3119 3276 3176 celeberrimo
3296 3118 3404 3173 Th.
3431 3117 3660 3173 Smitho
3681 3120 3792 3188 (22)

381 3291 444 3364 τὸ
486 3291 686 3360 κτητὸν
723 3287 1102 3364 Σαρδιανικὸς.
1136 3292 1383 3347 «Sardis
1416 3291 1557 3347 urbs
1583 3292 1769 3364 Lydiae
1800 3307 2029 3364 magna,

388 3363 531 3419 civis
585 3363 813 3418 dicitur
842 3363 1162 3419 Sardianus
1192 3373 1247 3419 et
1296 3365 1598 3431 Sardiana,
1634 3363 2030 3433 possessivum

385 3441 474 3490 est
520 3435 919 3490 Sardianicus.
967 3456 996 3483 »
1056 3439 1222 3490 Patet
1272 3438 1478 3489 exinde
1533 3436 1867 3491 Melitenem
1915 3453 2030 3490 non

387 3507 503 3578 sive
536 3507 672 3578 vitio
704 3506 1191 3561 communissime
1224 3507 1530 3561 Sat-densis
1560 3511 1906 3578 cognomine
1937 3525 2029 3576 ap-

391 3577 616 3648 pellari,
649 3593 780 3631 cum
827 3582 1017 3632 tamen
1050 3577 1371 3633 Sardianus
1402 3581 1474 3632 sit
1505 3577 2027 3649 cognominandus.

389 3650 503 3704 Vox
548 3649 704 3704 enim
748 3649 1077 3716 Sardensis,
1131 3657 1280 3704 recte
1331 3649 1670 3704 observante
1724 3649 2028 3715 Halloixio,

388 3721 580 3791 magis
612 3735 744 3774 eum
780 3721 1072 3791 significat
1102 3721 1203 3791 qui
1237 3721 1554 3775 eSardinia
1585 3725 1691 3788 est,
1726 3737 1900 3791 quam
1927 3721 2027 3790 qui

387 3807 416 3846 e
447 3792 752 3846 Sardibus.
788 3813 816 3841 «
850 3792 1116 3847 Sardinia
1163 3808 1333 3861 porro
1364 3797 1453 3846 est
1479 3793 1538 3846 in
1569 3794 1779 3856 Africa,
1823 3792 2025 3846 Sardis

386 3880 519 3917 vero
551 3863 610 3916 in
643 3863 798 3917 Asia.
831 3867 970 3917 Cum
1031 3863 1207 3933 igitur
1236 3863 1456 3917 Sardus
1487 3863 1563 3918 sit
1595 3863 1665 3927 is,
1699 3863 1796 3933 qui
1837 3879 1868 3916 e
1900 3863 2028 3917 Sar-

387 3934 568 4001 dinia,
596 3934 768 3988 etiam
819 3933 1106 3988 Sardensis
1139 3950 1204 3988 ex
1237 3934 1574 4003 cognatione
1612 3933 2024 3988 formalionum

386 4011 617 4075 recepta
652 4005 1082 4060 Sardiniensem
1124 4005 1474 4075 designabit.
1509 4027 1536 4053 ››
1581 4009 1870 4060 Hactenus
1904 4004 2022 4060 ille.

385 4077 577 4132 Tullio
639 4082 815 4141 certe,
867 4076 1050 4131 Plinio
1117 4082 1174 4131 et
1219 4076 1351 4130 aliis
1392 4077 1592 4130 Latine
1651 4077 2024 4146 loquentibus

388 4148 706 4203 Sardianus
756 4153 864 4212 est,
911 4149 1012 4217 qui
1057 4164 1083 4201 θ
1137 4149 1463 4214 Sardibus;
1517 4148 1737 4203 Sardus
1791 4163 1926 4202 vero
1969 4154 2025 4202 et

383 4220 692 4274 Sardensis
715 4225 768 4274 et
789 4221 1041 4274 Sardoos
1057 4220 1154 4290 qui
1175 4219 1506 4274 eSardinia.
1528 4219 1637 4274 Sed
1663 4219 1783 4272 haec
1814 4218 2020 4290 obiter.

453 4290 496 4360 (ll
517 4293 561 4360 1)
598 4291 849 4362 Plinius,
875 4289 1132 4346 Historia?
1157 4291 1433 4344 naturalis
1462 4291 1559 4345 lib.
1591 4307 1642 4354 v,
1671 4306 1720 4344 c.
1742 4290 1808 4362 29
1832 4306 1896 4362 :_«
1926 4289 2024 4362 Ly-

382 4363 498 4429 dia,
531 4363 742 4432 inquit,
775 4361 1099 4417 celebratur
1138 4363 1392 4416 maxime
1431 4361 1712 4416 Sardibus
1754 4361 1810 4414 in
1845 4360 2022 4416 latere

383 4433 565 4487 Tmoli
618 4433 853 4500 montis,
899 4435 999 4503 qui
1056 4440 1227 4488 antea
1283 4433 1545 4487 Timolus
1595 4432 2017 4504 appellabatur,

382 4505 597 4559 vitibus
631 4504 909 4572 consitus,
943 4511 999 4558 et
1038 4521 1107 4558 ex
1130 4520 1214 4576 eo
1268 4505 1588 4576 proﬂuente
1635 4504 1890 4576 Pactolo,
1922 4520 2017 4558 eo-

380 4578 632 4703 getmque
663 4576 1044 4701 (ihrysorrhoa
1068 4593 1081 4643 ;
1117 4575 1399 4630 Sardiana
1419 4593 1573 4631 nunc
1601 4575 1927 4647 appellatur
1955 4591 2022 4630 ea

427 4666 438 4701 ι
472 4664 547 4703 ιο.
583 4669 610 4696 ››
643 4662 671 4702 e
703 4664 750 4701 c.

427 4649 547 4712 itio,
583 4669 610 4696 »
643 4651 750 4702 etc.

455 4719 566 4790 (12)
625 4719 855 4783 Strabo,
912 4718 969 4771 in
1031 4717 1375 4788 Geoyraphia
1425 4719 1539 4774 sive
1583 4718 1649 4772 de
1695 4719 1804 4790 situ
1847 4717 2016 4790 orbis,

379 4787 482 4861 lib.
516 4787 638 4855 xm,
681 4806 809 4861 pag.
843 4789 967 4861 596,
1011 4791 1100 4844 ed.
1129 4787 1256 4844 Bis.
1285 4791 1443 4861 1549,
1473 4789 1570 4844 fol.
1605 4793 1700 4861 Gr.
1726 4789 1883 4861 Lat._:
1908 4787 2022 4841 Ῥεῖ

381 4859 438 4914 δὲ
469 4861 496 4913 ὁ
529 4857 825 4920 Πακτὶυλέὸς
863 4859 969 4913 ἀπὸ
1017 4862 1112 4913 τοῦ
1144 4857 1407 4931 *Τμώλοσί
1447 4858 1760 4931 καταφέρων
1821 4859 1882 4931 to
1912 4879 2019 4913 πα-

380 4931 534 4987 λαιὸν
568 4935 777 5008 χριισοῦ
799 4934 1003 5008 ψῆγμοι
1027 4928 1314 5008 πολὺ,-ἆφ’
1349 4929 1410 5008 οξ
1457 4932 1549 4985 τὸν
1586 4928 1825 5008 ᾏρο-ζσορ
1854 4928 2016 5004 λεγό-

382 5023 544 5076 μενον
564 4999 865 5076 fabam,
897 4999 1009 5076 ἀᾳὶ
1071 5006 1176 5076 τῶν
1237 4999 1519 5076 π’ρογὸνων
1554 4999 1739 5076 aurci
1784 4999 2018 5076 διονόμα

379 5074 571 5152 ὸθῆγαί
603 5096 752 5152 φασι.
791 5098 812 5124 ιι
849 5081 892 5126 Α
925 5074 1519 5152 Τιιιο1οηαιιῐθιῐι11ιιιι
1550 5074 1842 5152 Pactolus,
1877 5075 2017 5152 olim

379 5150 565 5202 multa
597 5145 723 5202 auri
759 5152 1022 5200 ramenta
1050 5147 1338 5213 deferens,
1377 5148 1531 5201 unde
1562 5145 1740 5202 Graeci
1772 5162 1911 5216 opes
1963 5151 2020 5201 et

379 5222 668 5287 majorum
704 5220 832 5286 ejus
864 5218 1184 5272 celebratas
1208 5218 1418 5272 ferunt.
1455 5240 1482 5267 »

445 5291 556 5361 (13)
586 5290 709 5345 Non
745 5291 960 5342 desunt
989 5289 1089 5358 qui
1121 5289 1552 5360 aanigmaticum
1578 5305 1790 5344 nomen
1819 5288 2015 5343 hario-

373 5361 572 5416 lantur
617 5378 683 5415 ex
723 5373 810 5420 μιν
849 5381 877 5408 ‹‹
915 5361 1202 5431 princeps,
1241 5382 1267 5408 »
1312 5367 1415 5415 aut
1461 5373 1582 5422 Tw
1623 5382 1652 5409 «
1695 5361 1954 5414 amassis
1988 5382 2014 5408 »

374 5439 474 5488 aut
519 5444 666 5493 ’τητζῖ
717 5451 745 5481 ‹‹
781 5436 1100 5501 superstes,
1135 5454 1163 5481 ››
1216 5432 1432 5501 quibus
1490 5431 1763 5499 cogitatis
1817 5431 2015 5486 nullus

375 5505 547 5560 hodie
579 5504 786 5559 modus
814 5509 923 5557 est.
955 5504 1169 5573 Spanh.
1202 5508 1395 5574 Geogr.
1429 5518 1610 5559 sacrae
1638 5515 1688 5558 et
1718 5505 2013 5558 ecclesiast.

379 5576 631 5648 pag.i65_.
675 5574 929 5648 Operum
961 5579 1102 5648 tom.
1130 5575 1168 5627 Ι.

449 5643 558 5715 (14)
609 5643 820 5700 Praeter
849 5643 955 5716 has
1007 5647 1181 5700 urbes
1227 5645 1285 5700 in
1343 5645 1522 5712 Lydia
1554 5662 1721 5716 porro
1761 5645 2015 5700 celebres

375 5717 614 5786 fuerunt
634 5715 1054 5785 Philadelphia,
1076 5717 1344 5786 Tripolis,
1366 5716 1608 5782 Tralles,
1629 5717 1924 5786 Magnesia
1941 5717 2013 5771 ad

379 5785 644 5858 Sipylum
677 5789 958 5858 montem,
989 5793 1047 5842 et
1078 5785 1191 5843 alia
1212 5787 1506 5858 Magnesia
1531 5789 1602 5842 ad
1632 5785 2012 5858 Mre’andrum,

378 5857 656 5934 Hypaepa;
687 5857 1112 5917 Hierocesarea
1166 5857 1559 5932 Leucophrys,
1598 5857 1774 5933 Nysa,
1804 5858 2013 5916 Teme-

2145 3291 2408 3418 nrptthylrae
2435 3295 2490 3417 sit
2510 3289 2917 3362 Aureliopolis.
2952 3289 3091 3346 Cell.
3118 3289 3308 3361 Geogr.
3333 3290 3507 3360 antz’q.
3546 3305 3674 3360 pag.
3699 3288 3788 3358 50,

2145 3380 2175 3418 e
2222 3381 2281 3416 ι.
2361 3380 2430 3417 on
2484 3405 2496 3418 .

2145 3365 2281 3419 edit.
2317 3365 2496 3418 Lond.

2216 3435 2564 3521 (15)‘St'rabo
2663 3433 2979 3521 ’Υπέξκειτα
3097 3439 3206 3486 τῶν
3266 3429 3567 3521 Σάρδωῖηρ

2147 3502 2243 3566 λοξ
2280 3502 2551 3578 εὐδαίμων
2584 3505 2732 3578 ὅρος.
2784 3502 2970 3577 Geogr.
3010 3507 3112 3563 lib.
3144 3523 3268 3572 xm,
3303 3502 3430 3577 pug.
3463 3507 3589 3563 596.
3625 3502 3781 3563 Edit.

2146 3577 2319 3632 Basil.
2354 3579 2512 3632 1549.

2215 3649 2326 3720 (16)
2361 3651 2518 3704 Idem
2552 3647 2676 3702 loco
2708 3649 2902 3705 citato.

2239 3721 2322 3789 17)
2347 3721 2717 3789 Epistolarum
2747 3720 2846 3775 lib.
2881 3737 2919 3784 ι,
2954 3720 3121 3790 epist.
3154 3721 3242 3777 11.

2237 3792 2319 3861 18)
2361 3793 2568 3846 Confer
2599 3792 2747 3846 hanc
2781 3793 2838 3846 in
2873 3808 2992 3846 rem
3024 3793 3148 3846 Jac.
3183 3793 3368 3847 Hasaai
3400 3794 3541 3849 diss.
3582 3795 3652 3851 de
3683 3797 3777 3852 in.

2136 3862 2395 3932 quinatis
2419 3863 2821 3918 Sardiensium
2844 3863 3212 3918 vestimentis
3235 3865 3306 3918 ad
3325 3864 3775 3923 illustrationem

2135 3933 2374 4004 Apocal.
2398 3951 2484 4004 ιιι,
2505 3935 2556 4000 4,
2580 3950 2704 4004 quae
2732 3933 2789 3988 in
2811 3934 3155 3989 Bibliotheca
3181 3939 3470 3990 Bremensi
3493 3943 3649 3993 tomo
3678 3941 3775 4002 ιιι,

2140 4005 2278 4060 fasc.
2313 4022 2372 4072 ιι,
2407 4021 2462 4058 ιι.
2498 4007 2550 4058 4.
2585 4021 2716 4076 pag.
2762 4022 2840 4059 ιιι.
2883 4006 3009 4070 253,
3057 4010 3264 4072 exstat,
3307 4011 3364 4060 et
3411 4008 3623 4064 Christ.
3656 4011 3777 4065 Biel

2136 4076 2278 4132 diss.
2313 4079 2385 4131 De
2415 4079 2669 4146 Purpura
2691 4077 2863 4147 Lydia
2892 4078 2963 4132 ad
2994 4078 3117 4132 Act.
3150 4093 3265 4145 xvr,
3299 4078 3388 4143 Μ,
3413 4080 3557 4134 Bibl.
3592 4083 3774 4137 Brem.

2134 4152 2275 4202 tom.
2313 4151 2381 4206 Il.
2417 4148 2558 4202 fasc.
2591 4165 2676 4211 ιιι,
2711 4165 2768 4202 n.
2801 4151 2856 4215 2,
2887 4165 2942 4219 p.
2977 4149 3101 4202 331.

2206 4220 2319 4288 (19)
2368 4219 2448 4294 Ex
2495 4219 2898 4294 ejus__Hercul_e
2947 4219 3226 4277 Socratico
3279 4223 3434 4294 apud
3495 4223 3774 4294 Nonium,

2135 4289 2335 4364 Hasaao
2366 4290 2611 4364 citante,
2633 4289 2789 4364 dicta
2815 4292 2958 4346 diss.
2995 4308 3125 4364 pag.
3150 4294 3275 4348 303.

2204 4362 2313 4429 (20)
2345 4360 2703 4430 Geographie:
2738 4363 2837 4414 lib.
2872 4378 2956 4426 ιιι,
2990 4360 3118 4432 cap.
3161 4365 3243 4418 lt.

2203 4433 2314 4509 (21)
2353 4433 2600 4509 _Ulro_que
2633 4449 2787 4509 usus
2810 4435 2914 4509 fuit
2945 4433 3161 4500 Cicero,
3199 4436 3373 4506 priori
3403 4437 3635 4509 quidem
3673 4440 3770 4495 lib.

2131 4501 2364 4576 vir__Epi
2384 4501 2656 4576 stolarum
2719 4503 2787 4556 ad
2842 4504 3096 4573 diversos,
3138 4501 3229 4576 ep.
3281 4510 3369 4574 24,
3421 4501 3490 4564 ad
3529 4511 3773 4566 Fabium

2132 4573 2402 4628 Gallum:
2443 4595 2469 4626 σι
2511 4573 2698 4628 Habes
2741 4577 2953 4629 Sardes
2995 4573 3228 4631 venales
3281 4573 3458 4635 alium
3517 4582 3631 4637 alio
3664 4600 3766 4636 ne-

2131 4647 2433 4714 quiorem;
2468 4667 2495 4695 »
2546 4645 2724 4699 altero
2769 4653 2964 4700 autem
3025 4649 3394 4716 Epistolarum
3450 4652 3551 4706 lib.
3608 4654 3768 4708 citat.

2130 4732 2221 4788 ep.
2255 4718 2344 4785 35,
2387 4719 2457 4770 ad
2519 4718 2789 4771 eumdem
2851 4719 3004 4772 hunc
3054 4720 3111 4772 in
3155 4723 3428 4776 modum:
3481 4745 3509 4771 «
3542 4723 3769 4780 Videris

2130 4787 2283 4843 enim
2333 4787 2476 4861 mihi
2517 4789 2721 4861 vereri,
2745 4804 2825 4861 ne
2857 4790 2971 4843 nisi
3003 4789 3172 4861 illum
3204 4795 3552 4861 caverimus,
3587 4795 3770 4850 ridea-

2130 4876 2263 4914 mus
2311 4857 2524 4934 γὲλωτα
2574 4855 2978 4934 Supdmvtov.)
3037 4860 3179 4915 Vide
3231 4855 3626 4934 Lloydium'in
3661 4867 3768 4921 Lex

2127 4931 2333 5002 geogrd
2370 4947 2506 4986 voce
2561 4931 2851 4994 Sardinia,
2915 4932 3217 4986 Erasmum
3270 4931 3349 4986 in_
3388 4933 3651 5001 Chiliad.,
3711 4945 3768 4991 et

2127 5003 2313 5077 Avrel.
2347 5002 2667 5077 Victorem,
2701 5003 2773 5056 De
2801 5002 3303 5077 viris_illu_striozts
3334 5019 3459 5077 cap.
3508 5007 3765 5077 57.,pag.

2131 5075 2252 5140 198,
2295 5074 2427 5128 edit.
2457 5074 2681 5127 Batava
2713 5089 2840 5142 qua:
2873 5074 3032 5140 1696,
3056 5073 3353 5142 Ultrajecti
3377 5077 3532 5130 Sam.
3565 5073 3768 5133 Pitisci

2128 5161 2268 5200 cura
2294 5161 2427 5199 cum
2461 5145 2750 5198 variorum
2789 5148 2904 5197 not.
2948 5147 3158 5211 prodiit
3198 5146 3340 5199 in-8.

2201 5219 2304 5285 122)
2339 5221 2402 5270 In
2433 5217 2648 5284 Septem
2695 5216 2831 5268 Asia:
2864 5215 3230 5269 Ecclesiarum
3279 5221 3330 5269 et
3383 5218 3772 5273 Constantino-

2126 5289 2305 5357 poleos
2335 5289 2552 5352 notitia,
2586 5286 2829 5354 Traiecti
2858 5286 2926 5339 ad
2961 5286 3142 5341 Rhen.
3174 5287 3329 5348 1694,
3355 5288 3493 5355 in-8,
3519 5305 3653 5359 pag.
3675 5292 3767 5346 27.

2128 5360 2195 5414 Ει
2252 5369 2558 5432 anteeum
2611 5366 2864 5432 exactam
2926 5374 3158 5432 quoque
3204 5359 3411 5432 harum
3461 5360 3766 5432 regionum

2128 5431 2578 5498 descriptionem
2631 5431 2791 5484 dedit
2839 5429 3000 5501 Paul.
3035 5429 3242 5484 Ricaut
3270 5430 3405 5499 Esq.
3450 5429 3768 5501 Anglorum

2128 5503 2281 5572 apud
2316 5504 2697 5573 Smyrnenses
2745 5517 2844 5573 per
2893 5499 3129 5570 longum
3180 5501 3462 5571 temporis
3513 5499 3768 5573 spatium

2126 5572 2331 5628 consul
2365 5572 2430 5627 in
2476 5573 2624 5626 libro
2678 5572 2916 5645 Anglico
2953 5589 2964 5624 :
3014 5574 3114 5627 The
3157 5577 3373 5642 present
3412 5572 3560 5629 state,
3586 5579 3654 5645 of
3683 5579 3772 5632 the

2128 5645 2296 5700 Greek
2319 5645 2435 5699 and
2460 5645 2774 5698 Armeniam
2839 5643 3132 5709 Churches,
3164 5647 3376 5699 written
3408 5651 3464 5700 at
3505 5647 3590 5702 the
3622 5643 3772 5702 'com-

2126 5716 2294 5789 mand
2325 5720 2388 5787 of
2411 5715 2494 5770 his
2520 5715 2974 5789 illaiestyLLond.
3007 5717 3170 5789 1679,
3201 5717 3353 5789 in-8,
3387 5717 3490 5771 452
3523 5720 3766 5789 paginas

2125 5786 2398 5858 impleas,
2431 5803 2546 5857 quo
2576 5786 2724 5858 libro
2757 5787 2863 5842 Th.
2898 5788 3161 5844 Smithus
3199 5786 3354 5842 haud
3398 5786 3766 5845 mediocriter

2125 5857 2358 5933 qucque
2389 5875 2532 5916 usus
2564 5857 2742 5917 fuisse
2773 5858 2918 5917 mihi
2957 5859 3199 5918 videtur.
3241 5859 3598 5916 Hodiernum
3627 5865 3760 5917 Sar-
