4110 6150
367 361 523 419 H77
1275 358 1631 419 NOTI'l'IA.
1681 389 1756 402 -—
1800 360 1846 418 Ι.
1897 357 1999 416 DE

2147 352 2227 413 [Ἀ
2271 351 2332 410 S.
2383 345 2832 410 MENTONIS.
3629 349 3784 408 1178

365 492 493 548 sedi
519 489 750 546 cuidam
792 505 1038 561 magna,
1073 487 1263 559 qualis
1295 491 1577 548 Sardiana
1607 495 1750 558 erat,
1784 489 1964 545 tctius
1992 485 2180 560 Lydire
2211 479 2573 552 metrOpolis,
2605 478 2976 550 praeponatur
3007 477 3138 550 (‘29).
3172 477 3320 549 Ergo
3355 493 3505 533 anno
3564 477 3785 534 Christi

364 584 432 636 95
467 580 664 636 Melito
696 578 1111 651 sexagenarius
1141 579 1372 634 circiter
1394 581 1639 650 jamjam
1674 579 2033 644 exstitisset;
2067 591 2219 632 anno
2253 577 2448 628 autem
2481 567 2781 642 sequentis
2813 565 3459 636 szeculiseptuagesimo
3483 567 3667 634 primo
3687 571 3788 621 aut

367 672 624 727 secundo
655 670 984 742 epologiam
1019 669 1096 724 M.
1129 670 1365 726 Aurelio
1392 671 1720 742 imperatori
1772 669 2029 725 tradidit.
2080 667 2226 736 Ergo
2269 662 2661 734 quadraginta
2691 663 2747 711 et
2777 666 3012 712 centum
3046 656 3275 710 circiter
3306 673 3491 711 annos
3535 658 3785 712 vivendo

366 762 679 834 attigisset,
714 763 884 831 cujus
915 777 1048 815 cum
1085 760 1217 817 talis
1247 766 1386 817 aetas
1417 780 1449 816 a
1482 761 1642 817 nullo
1665 762 2015 833 scriptorum
2048 757 2403 828 agnoscitur,
2431 753 2636 807 merito
2669 765 2899 820 quoque
2919 747 3279 815 dubitamus,
3304 765 3434 802 eum
3455 747 3701 802 Joannis
3727 747 3782 801 in

367 852 579 906 Patmo
607 850 932 905 exsulantis
963 853 1246 921 tempore,
1280 850 1554 906 Sardium
1589 852 1770 906 fuisse
1802 850 2164 920 episcopum.
2214 846 2387 898 Porro
2439 841 2575 896 viris
2630 836 2967 910 apostolicis
3000 853 3102 890 seu
3129 837 3420 906 ejusmodi
3454 835 3612 905 viris,
3638 851 3786 906 quos

370 940 613 1014 apostoli
655 941 1082 1005 instruxerunt,
1115 956 1147 994 a
1179 940 1410 996 nemine
1441 941 1884 1006 adnumeratur,
1920 938 2072 1009 quod
2107 939 2258 992 certe
2289 931 2518 988 silentio
2571 945 2684 983 non
2729 925 3423 998 prazterivissentveteres
3454 924 3785 995 scriptores,

369 1037 570 1103 utpote
603 1030 704 1102 qui
730 1029 1165 1086 studiosissime
1197 1031 1302 1087 hoc
1335 1035 1600 1103 egerunt,
1636 1036 1700 1086 ut
1729 1030 1945 1102 quibus
1971 1027 2063 1082 hic
2089 1028 2270 1082 honor
2290 1021 2620 1093 obtigisset,
2641 1018 3037 1089 posteritatem
3063 1033 3175 1071 non
3203 1015 3427 1082 lateret,
3450 1015 3568 1070 imo
3592 1015 3787 1085 potius

372 1124 588 1178 Irenaeo
603 1121 850 1193 aliisque
873 1121 986 1192 (30)
1000 1137 1133 1177 eum
1154 1125 1708 1192 postponunt,quem
1726 1117 1890 1194 ἐγγὺς
1905 1120 2012 1172 τῶν

2147 1111 2352 1168 στόλων
2365 1155 2378 1181 ,
2397 1107 2704 1184 γενόμενον,
2727 1123 2877 1162 «non
2892 1106 3061 1178 longe
3077 1123 3110 1162 a
3124 1107 3480 1178 temporibus
3493 1106 3784 1178 apostolo-

371 1229 503 1268 rum
528 1212 1189 1277 distantem,»vocarunt
1210 1212 1602 1282 (31).Tandem
1627 1227 1859 1284 quoque
1882 1210 2011 1281 ipsa
2031 1207 2206 1263 verba
2225 1206 2334 1260 scio
2355 1217 2520 1274 opera
2537 1203 2634 1255 tua
2649 1199 2802 1271 ,quia
2822 1213 3021 1254 nomen
3053 1196 3216 1252 habes
3236 1197 3376 1268 quod
3396 1199 3624 1264 vivas,ct
3641 1212 3784 1250 mor-

376 1307 504 1357 tuus
525 1315 600 1367 es,
631 1300 690 1355 in
722 1298 1055 1357 Melitenam
1079 1298 1320 1356 minime
1353 1301 1664 1372 quadrent,
1699 1298 1792 1355 his
1824 1297 1978 1353 enim
2011 1295 2258 1352 indicari
2287 1293 2510 1348 videtur
2540 1289 2699 1345 illius
2731 1287 3010 1360 episc0pi,
3055 1286 3324 1359 quisquis
3351 1286 3546 1356 fuerit,
3579 1286 3788 1342 miser-

375 1392 564 1446 rimus
594 1393 783 1446 status
814 1393 871 1445 et
899 1389 1114 1445 exitiali
1146 1406 1425 1462 oppressa
1455 1395 1690 1462 peccato
1721 1387 2110 1455 conscientia;
2153 1386 2224 1441 de
2253 1382 2523 1441 Melilone
2553 1389 2744 1436 autem
2777 1395 2955 1450 supra
2984 1377 3339 1443 audivimus,
3373 1380 3659 1448 quantum
3681 1376 3790 1431 vir-

370 1481 598 1538 tutibus
631 1484 687 1536 et
715 1480 844 1536 vita:
873 1484 990 1536 Deo
1021 1484 1269 1551 acceptae
1298 1481 1608 1538 vacaverit.
1633 1480 1762 1538 Iloc.
1783 1480 1982 1553 itaque
2010 1477 2176 1535 triste
2197 1473 2500 1532 oraculum
2532 1472 2795 1528 evincere
2821 1471 3034 1541 potest,
3062 1466 3202 1523 illud
3234 1467 3304 1523 de
3338 1465 3471 1534 alio,
3503 1483 3680 1538 quam
3715 1467 3785 1522 de

375 1575 577 1628 nostro
602 1571 785 1627 fuisse
815 1569 1234 1642 conscriptum.

1400 1691 1426 1761 ε
1453 1689 1569 1746 XV.
1607 1691 1677 1747 De
1709 1705 1917 1746 canone
1950 1689 2003 1745 V.
2039 1687 2091 1743 Τ.
2133 1704 2167 1742 a
2194 1685 2441 1742 Melitone
2471 1689 2744 1739 enarrato.

441 1835 546 1890 Ast
566 1831 767 1889 relicta
789 1833 895 1889 hac
913 1832 1324 1900 controversia,
1351 1833 1553 1906 paucis
1578 1834 1768 1890 adhuc
1785 1833 2107 1898 videamus,
2132 1847 2309 1903 quam
2331 1827 2558 1900 egregie
2579 1823 2829 1898 episcopi
2860 1822 2972 1880 sibi
2987 1823 3332 1878 mandatum
3357 1836 3572 1876 munus
3598 1835 3789 1893 gesse-

370 1923 467 1993 rit,
500 1929 556 1979 et
589 1940 766 1995 quam
801 1922 1043 1978 mirilice
1067 1939 1170 1978 suo
1203 1925 1474 1994 prarsidio
1506 1925 1798 1980 Sardiante
1831 1941 1942 1980 non
1978 1927 2230 1978 tantum.
2264 1921 2366 1976 sed
2397 1925 2454 1974 et
2484 1917 2764 1972 universa:
2791 1915 3056 1970 Ecclesiae
3079 1912 3389 1969 commoda
3412 1911 3782 1983 promoverit.

369 2013 535 2070 Haud
565 2012 838 2068 ultimum
863 2013 1022 2069 verbi
1045 2013 1223 2069 divini
1248 2011 2093 2084 administratoris,etepiscopi
2113 2005 2690 2081 imprimis,ofﬁcium
2717 2003 2992 2068 est,sacri
3015 2003 3255 2058 canonis
3277 1999 3782 2057 accuratissimam

373 2120 575 2160 curam
610 2102 847 2169 habere,
881 2099 1025 2163 θείας
1063 2098 1386 2175 παραδόσεις
1415 2102 1662 2176 κατέχειν
1695 2103 1736 2168 θ,
1770 2107 1825 2156 et
1851 2102 2030 2156 divinc

2147 2118 2171 2155 α
2203 2114 2367 2155 saero
2413 2112 2634 2152 canone
2665 2099 2967 2150 contentos
3023 2093 3202 2149 libros
3233 2091 3314 2146 ita
3369 2091 3684 2157 custodire,
3722 2091 3784 2143 ut

375 2209 566 2264 neque
589 2192 841 2248 addatur
872 2209 1060 2263 neque
1093 2193 1436 2248 detrahatur
1461 2192 1830 2264 aliquid.Hoc
1860 2191 1989 2248 istis
2013 2189 2385 2262 potissimum
2412 2187 2796 2259 temporibus,
2831 2185 3044 2256 quibus
3068 2180 3780 2254 interpelationis,suppo-

372 2283 606 2340 sitionis
636 2287 692 2338 et
717 2282 1158 2338 adulterationis
1196 2283 1477 2340 librorum
1502 2299 1799 2340 sacrorum
1827 2281 2023 2337 nullus
2052 2282 2168 2336 fere
2199 2280 2332 2336 ﬁnis
2365 2278 2492 2346 fuit,
2527 2277 2775 2333 maxime
2804 2281 2927 2331 erat
2960 2274 3373 2331 necessarium.
3411 2271 3551 2326 [luic
3584 2270 3782 2340 itaque

377 2373 571 2428 ofﬁcio
607 2388 713 2428 nec
743 2387 805 2428 se
828 2372 1110 2428 subduxit
1133 2372 1327 2429 Melite
1344 2373 1675 2441 noster,sed
1701 2373 1992 2445 profectus
2014 2376 2103 2428 est
2125 2371 2181 2426 in
2206 2369 2516 2434 Orientem,
2544 2372 2599 2422 et
2624 2367 2690 2421 ad
2712 2365 2903 2421 locum
2926 2365 3119 2436 ipsum
3155 2365 3260 2418 iter
3282 2361 3562 2426 instituit,
3583 2362 3638 2414 in
3662 2376 3776 2430 quo

376 2480 503 2536 qua:
535 2463 591 2517 in
623 2461 936 2532 Scripturis
970 2467 1302 2531 narrantur,
1337 2468 1501 2535 gesta
1531 2463 1670 2518 olim
1703 2464 1940 2518 fuerunt
1969 2469 2031 2516 ut
2056 2459 2280 2515 Veteris
2309 2456 2664 2513 Testamenti
2696 2455 2874 2510 libros
2905 2455 3213 2525 diligenter
3259 2453 3600 2524 comperiat,
3631 2468 3768 2522 quo-

372 2570 504 2610 rum
537 2554 712 2610 etiam
747 2557 1086 2624 sequentem
1121 2554 1194 2609 ad
1217 2553 1558 2610 Onesimum
1587 2555 1843 2624 fratrem,
1877 2569 2051 2626 quem
2083 2549 2513 2622 Onesiphorum
2541 2545 2904 2618 Nicephorus
2929 2545 3042 2616 (32)
3066 2546 3252 2608 vocat,
3275 2541 3602 2598 transmisit
3633 2538 3783 2595 indi-

372 2661 521 2713 cem,
545 2648 718 2715 prout
747 2644 1033 2700 Eusebius
1065 2659 1133 2698 ex
1166 2644 1442 2715 prooemio
1467 2644 1922 2714 libricujusdam
1941 2641 2418 2712 Melitonisquem
2439 2640 2707 2708 Excerpta
2731 2633 3331 2707 inscripsit,eumdem
3353 2630 3657 2700 recitavit(
3700 2629 3776 2700 3);

372 2756 400 2784 «
429 2734 638 2806 Moysis
666 2732 798 2789 libri
831 2749 900 2789 v:
936 2732 1196 2800 Genesis,
1233 2733 1482 2800 Exodns,
1519 2733 1824 2797 Leviticus,
1859 2730 2118 2800 Numeri,
2162 2727 2676 2786 Deuteronomium
2711 2744 2726 2796 ;
2757 2726 2930 2782 Jesus
2985 2723 3424 2790 Nave,.ludices,
3458 2719 3634 2788 Ruth,
3668 2719 3778 2773 Re-

373 2841 510 2895 gum
542 2823 674 2878 libri
705 2839 780 2891 ιν,
806 2822 1290 2894 Paralipomenon
1322 2823 1462 2893 duo,
1497 2822 1709 2879 Psalmi
1742 2822 2011 2890 Davidis;
2049 2819 2378 2876 Salomonis
2417 2815 2738 2882 Proverbia,
2774 2832 2900 2887 quae
2932 2820 2988 2870 et
3014 2812 3327 2885 Sapientia,
3383 2810 3778 2875 Ecclesiastes,

377 2913 678 2970 Canticum
713 2912 1097 2982 canticorum,
1123 2913 1256 2984 Job,
1289 2912 1732 2984 Pr0phetarum,
1769 2928 1978 2984 nempe
2001 2911 2186 2980 Isaiae,
2216 2909 2500 2979 Jeremim,
2534 2913 2590 2964 et
2619 2905 2923 2963 duodecim
2949 2902 3389 2977 prophetarum,
3422 2899 3569 2956 liber
3603 2915 3780 2955 unus.

375 3003 602 3074 Daniel,
634 3002 918 3070 Ezechiel,
953 3003 1191 3059 Esdras.
1219 3024 1248 3054 ››

450 3148 472 3183 ⁹
503 3148 678 3205 ICor.
711 3166 788 3218 xx,
820 3149 894 3217 2;
929 3151 976 3204 II
1007 3149 1209 3206 Thess.
1245 3164 1306 3216 ιι,
1342 3149 1407 3204 15
1442 3165 1456 3219 ;
1490 3167 1576 3218 ιιι,
1606 3149 1676 3219 6;
1711 3146 1834 3206 Gal.
1868 3165 1908 3216 ι,
1944 3147 2027 3202 14.

379 3322 494 3388 nis,
521 3340 636 3378 non
671 3323 798 3378 sine
829 3323 1209 3396 fundamento
1241 3323 1552 3396 excipiant,
1585 3327 1776 3380 tamen
1811 3340 2023 3395 negare

384 3411 499 3450 non
532 3401 801 3466 possunt,
829 3395 1126 3450 continere
1147 3395 1384 3451 easdem
1401 3402 1656 3451 veterum
1681 3397 2029 3452 Constitutio-

379 3483 518 3522 num
538 3465 607 3522 et
637 3466 935 3535 Διατάξεων
965 3465 1344 3521 ἀποπολικῶν
1375 3467 1604 3533 rudera,
1629 3468 1834 3523 multis
1855 3468 2030 3522 inter-

384 3538 780 3606 polationibus
813 3541 884 3594 ab
914 3540 1126 3595 Ariano
1160 3541 1302 3594 forte
1334 3541 1648 3610 impostore
1677 3540 2024 3594 intermista.

384 3610 592 3665 Nullus
615 3611 811 3681 itaque
843 3611 1222 3678 dubito,hanc
1254 3611 1718 3666 Constitutionum
1737 3611 1924 3681 legem
1948 3612 2018 3665 ab

384 3681 668 3752 apostolis
702 3681 844 3751 ipsis
871 3681 1051 3738 latam
1087 3689 1418 3752 etlempore
1441 3684 1576 3747 isto,
1600 3698 1713 3753 quo
1742 3682 1930 3736 Melite
1953 3682 2032 3736 vi-

382 3757 490 3817 xit,
522 3754 884 3808 observatam
922 3754 1101 3809 fuisse
1144 3755 1410 3822 credere;
1457 3769 1591 3808 cum
1623 3753 1896 3820 Arianus,
1930 3756 2030 3808 aut

386 3826 712 3896 cuicunque
744 3835 909 3880 sectae
943 3825 1214 3880 addictus
1255 3825 1430 3896 alius.
1479 3824 1701 3879 nullam
1761 3825 2032 3879 habuerit

384 3895 633 3953 causam
655 3897 950 3952 adulteras
984 3913 1194 3951 manus
1233 3896 1368 3951 huic
1399 3895 1523 3950 loco
1555 3896 1790 3962 inferre,
1830 3902 2029 3967 utpote

387 3969 606 4024 nullius
627 3969 1030 4039 cujuscunque
1063 3971 1298 4023 demum
1325 3968 1624 4023 sententia:
1648 3983 1902 4022 erronem
1938 3985 2032 4037 pa-

386 4041 700 4095 trocinium
731 4042 788 4095 in
804 4056 868 4094 eo
893 4040 1148 4094 invenire
1166 4045 1404 4110 poterat.
1430 4040 1731 4110 Wistonus
1746 4039 2031 4109 singulari

387 4111 562 4180 libro,
593 4127 763 4180 quem
794 4129 868 4166 an
904 4112 1070 4182 Essay
1099 4109 1179 4165 αὴ
1229 4113 1317 4166 the
1357 4109 1694 4178 Apostolical
1751 4110 2026 4165 Constitu-

388 4184 812 4249 tions,wherein
843 4185 891 4237 is
921 4184 1140 4253 proved,
1193 4184 1308 4238 that
1329 4184 1450 4252 they
1504 4198 1600 4237 are
1622 4182 1711 4236 the
1756 4190 1897 4236 most
1937 4198 2029 4236 sa-

386 4259 515 4310 cred
533 4257 600 4324 of
625 4260 715 4310 the
744 4255 1039 4310 eanonicat
1088 4255 1259 4309 Bac/is
1287 4256 1350 4323 of
1391 4256 1482 4309 the
1540 4253 1666 4308 New
1728 4254 2030 4309 Testament

389 4325 707 4398 inscripsit,
742 4332 798 4380 et
830 4327 1186 4398 quitomum
1220 4325 1294 4381 Ill
1329 4324 1741 4380 Christianismi
1756 4325 2029 4398 primitivi

387 4397 641 4464 conficit,
666 4397 738 4452 dc
770 4397 842 4452 iis
874 4397 1012 4468 egit,
1043 4412 1260 4469 easque
1279 4415 1392 4452 non
1424 4399 1593 4452 modo
1615 4397 2028 4469 genuinas,sed

389 4474 447 4523 et
477 4470 787 4524 canonicas
841 4467 1118 4539 maxime,
1146 4467 1203 4523 et
1259 4469 1461 4524 eadem
1493 4467 1708 4533 divina,
1743 4485 1859 4539 qua
1888 4467 2030 4524 Novi

389 4541 748 4596 Testamenti
781 4541 1001 4611 scripta
1031 4535 1358 4593 θεὸπνευστα
1410 4535 1778 4596 διαϐιοῖ-ἤτιῐέ
1804 4541 2030 4595 instru-

389 4617 513 4669 ctas
543 4628 672 4668 esse
702 4613 986 4683 probavit,
1018 4616 1074 4667 et
1103 4612 1183 4666 ita
1214 4612 1450 4682 quidem
1485 4611 1768 4682 probavit,
1804 4615 1886 4667 ut.

1241 4686 1510 4754 Pergama
1549 4685 1750 4739 dextra

535 4754 760 4828 De/endi
788 4764 1020 4828 possent,
1052 4759 1222 4812 etiam
1255 4756 1356 4828 hac
1385 4754 1608 4828 defensa
1638 4757 1897 4825 fuissent.

959 4827 1123 4884 VmG.
1157 4827 1372 4882 AZneid.
1405 4844 1465 4894 ιι,
1496 4827 1622 4894 290,
1655 4829 1782 4881 291.

393 4900 633 4956 Clarias.
668 4903 724 4955 et
753 4901 1027 4970 praecocis
1052 4899 1270 4970 ingenii
1304 4900 1667 4970 Baraterius,
1691 4899 1862 4970 cujus
1892 4914 2034 4970 pree-

397 4977 691 5027 maturam
724 4969 970 5026 mortem
1003 4969 1160 5027 orbis
1198 4971 1488 5027 litteratus
1533 4969 1736 5025 merito
1767 4969 1941 5035 dolet,
1972 4969 2032 5023 in

391 5045 544 5099 binis
575 5045 646 5098 de
683 5043 1171 5098 Constitutz’onibus
1191 5043 1504 5110 apostolicis
1552 5041 2034 5096 elaboratissimis

390 5115 906 5170 dissertationibus
937 5131 1137 5169 earum
1168 5131 1282 5169 non
1329 5115 1502 5169 modo
1562 5114 1953 5169 sinceritatem
1977 5117 2036 5166 et

392 5187 803 5256 antiquitatem
839 5187 909 5241 ad
945 5186 1176 5241 Eusebii
1201 5203 1388 5256 usque
1411 5191 1674 5258 tempora
1706 5185 1911 5258 multis
1952 5201 2036 5239 ra-

389 5259 652 5313 tionibus
682 5258 956 5323 asseruit,
990 5259 1088 5313 sed
1121 5264 1177 5313 et
1207 5256 1550 5313 earumdem
1573 5263 1798 5312 {etatem
1833 5256 1902 5310 ad
1933 5272 2036 5311 εω-

391 5328 508 5385 culi
540 5346 576 5384 ιι
610 5331 798 5400 prima
844 5330 1007 5384 initia
1041 5329 1258 5386 retulit.
1281 5329 1396 5384 Has
1423 5329 1862 5385 dissertationes
1895 5328 2033 5400 sub-

382 5401 583 5472 junxit
602 5399 721 5456 suae
749 5400 1144 5472 Disquisitioni
1170 5401 1580 5471 Chronologicw
1609 5401 1673 5456 de
1699 5399 2037 5456 successione

395 5473 808 5542 antiquissima
839 5475 1217 5544 episcoporum
1251 5475 1617 5528 Romanorum
1654 5472 1780 5527 inde
1807 5489 1841 5526 a
1873 5473 2034 5525 Petro

390 5561 561 5614 usque
589 5545 658 5600 ad
692 5547 970 5607 Victorem,
1006 5561 1134 5614 quae
1165 5544 1462 5613 Ultrajecti
1509 5545 1667 5613 1740,
1717 5545 1776 5599 in
1826 5547 2033 5614 quarto

391 5615 628 5687 prodiit.
661 5620 728 5670 Et
758 5618 884 5672 istas
909 5615 1163 5688 Wistoni
1193 5615 1543 5688 applausum
1575 5617 1716 5671 adeo
1748 5615 2031 5688 tulerunt,

391 5686 460 5760 ut
479 5701 578 5741 eas
600 5703 714 5760 non
748 5687 1005 5760 modoin
1021 5686 1288 5760 linguam
1307 5686 2034 5760 Anglicanamgtranst‘usas

392 5759 588 5814 denuo
602 5758 853 5815 Londini
878 5757 1144 5828 ediderit,
1158 5759 1261 5829 sed
1283 5762 1340 5816 et
1361 5757 1428 5816 ut
1446 5758 1802 5829 Baraterium
1821 5773 2034 5829 prisce-

393 5833 622 5904 pteram
654 5845 830 5890 suum
860 5845 1063 5889 vocare
1089 5827 1353 5903 mihique
1371 5829 1506 5904 plus
1536 5828 1787 5902 simplici
1807 5827 1928 5886 vice
1949 5830 2031 5885 {a-

2140 3322 2248 3378 teri
2280 3319 2436 3378 haud
2468 3321 2792 3385 erubuerit,
2826 3336 2886 3376 se
2919 3320 3107 3375 multa
3147 3337 3214 3375 ex
3258 3319 3366 3376 hoc
3397 3319 3612 3391 scripto
3644 3319 3784 3374 edo-

2138 3400 2299 3452 ctum
2340 3393 2540 3461 fuisse,
2574 3410 2702 3464 quae
2725 3397 2894 3448 antea
2923 3394 3248 3462 ignorasset
3278 3392 3421 3462 ipse.
3465 3393 3586 3447 Imo
3618 3407 3782 3464 pror-

2135 3485 2239 3522 sus
2273 3467 2382 3521 sibi
2417 3462 2764 3536 persuasum
2797 3465 3068 3530 habebat,
3095 3465 3382 3519 Baraterio
3412 3462 3785 3536 deVCohstitu-

2137 3539 2375 3595 tionibus
2406 3535 2566 3593 hisce
2613 3538 2878 3592 eamdem
2913 3553 2979 3591 ac
3019 3536 3132 3590 sibi
3162 3536 3381 3591 sedisse
3413 3535 3776 3606 opinionem,

2136 3626 2389 3681 eumque
2420 3609 2805 3681 illamgpalam
2841 3608 3096 3681 proﬁteri
3142 3613 3370 3681 tantum
3416 3624 3530 3661 non
3564 3622 3776 3661 ausum

2138 3679 2340 3738 fuisse.
2373 3685 2498 3735 llaec
2530 3679 2735 3736 saltem
2760 3696 2893 3734 eum
2927 3681 2984 3733 in
3010 3679 3182 3733 tinem
3208 3679 3361 3734 dicta
3386 3682 3655 3745 sunto,ut
3677 3695 3777 3748 pa-

2137 3757 2274 3818 teat,
2312 3769 2403 3808 me
2435 3769 2547 3807 non
2582 3753 2820 3807 omnino
2847 3751 3045 3806 frivola
3077 3751 3146 3806 ad
3171 3750 3587 3818 interpolatum
3620 3753 3780 3803 caete-

2139 3825 2303 3895 roqui
2317 3841 2350 3879 n
2363 3824 2731 3895 antiquitatis
2745 3824 3023 3894 scriptum
3042 3825 3612 3892 provocasse,utpote
3625 3820 3781 3895 quod

2138 3893 2534 3968 genuiniaurt
2584 3913 2696 3951 non
2733 3893 2901 3951 modo
2955 3899 3219 3950 ramenta
3263 3895 3541 3968 continet,
3577 3893 3690 3968 sed
3725 3896 3784 3968 et

2139 3963 2317 4038 quod,
2353 3967 2400 4021 si
2435 3967 2609 4022 etiam
2651 3973 2840 4022 totum
2872 3984 3020 4037 opus
3074 3966 3507 4038 supposititium
3541 3963 3638 4038 sit,
3672 3963 3782 4018 sub

2139 4036 2351 4110 saeculi,
2367 4039 2608 4110 secundi
2635 4036 3061 4110 initiajamjam
3082 4036 3391 4104 exatitisse,
3417 4036 3776 4092 eruditorum

2139 4108 2404 4166 nonnulli
2435 4108 2825 4166 crediderunt.

2210 4183 2322 4252 (29)
2356 4181 2537 4237 Aliter
2567 4187 2760 4237 autem
2796 4181 2913 4237 fieri
2949 4185 3196 4253 poterat,
3232 4182 3287 4236 in
3313 4198 3483 4253 parva
3515 4177 3777 4251 parmcia.

2137 4255 2223 4308 Ita
2252 4253 2405 4308 enim
2444 4270 2612 4324 porro
2644 4255 2855 4308 eaedem
2891 4253 3316 4309 Constitutiones
3347 4254 3385 4308 l.
3433 4268 3480 4308 c.
3517 4268 3782 4324 pronun-

2139 4327 2324 4380 tiant:
2359 4347 2386 4374 «
2419 4326 2516 4379 Sin
2549 4341 2680 4380 vero
2712 4325 2770 4379 in
2799 4341 2967 4396 parva
3003 4327 3258 4395 quadam
3305 4326 3555 4394 parcecia
3613 4328 3783 4396 aetate

2138 4401 2444 4469 provectus
2470 4413 2582 4450 non
2607 4393 2950 4469 reperiatur,
2975 4393 3032 4451 et
3053 4397 3124 4452 sit
3148 4393 3532 4469 aliquis,cum
3558 4393 3784 4466 quoqui

2138 4468 2353 4523 versati
2387 4473 2547 4540 sunt,
2594 4468 2998 4540 testimonium
3030 4468 3325 4540 dederint
3381 4470 3624 4540 dignum
3657 4481 3787 4522 esse

2140 4541 2238 4610 qui
2273 4542 2372 4595 liat
2394 4539 2727 4610 episcopus,
2760 4539 2861 4609 qui
2893 4540 2949 4593 in
2975 4539 3366 4596 adolescentia
3397 4539 3699 4595 mansuete
3729 4544 3788 4593 et

2140 4609 2460 4679 composite
2488 4611 2753 4676 vivendo,
2775 4609 3018 4666 senilem
3050 4618 3274 4667 aetatem
3304 4613 3474 4682 plane
3491 4612 3784 4678 ostendat,

2143 4684 2190 4740 si
2213 4685 2416 4754 talium
2451 4682 3269 4754 testimonioprobatur,quod
3295 4685 3351 4738 in
3369 4701 3507 4754 pace
3532 4685 3782 4754 ﬁat,esto

2141 4753 2472 4826 episc0pus.
2509 4776 2536 4804 »
2569 4753 2913 4826 Recentiora
2953 4755 3198 4811 concilia
3241 4755 3304 4809 in
3333 4753 3604 4826 episcopo
3635 4753 3788 4809 ordi-

2144 4825 2628 4882 nandoeamdem
2663 4825 2747 4880 vel
2781 4826 2849 4879 ad
2889 4826 3200 4880 minimum
3226 4825 3464 4897 triginta
3496 4825 3780 4882 annorum

2141 4902 2366 4954 aetatem
2401 4899 2724 4968 requirunt,
2760 4897 3130 4968 rationesque
3163 4898 3415 4953 reddunt
3436 4899 3606 4966 duas,
3629 4897 3782 4968 quod

2143 4970 2268 5041 ipse
2289 4970 2560 5025 Servator
2591 4973 2786 5023 noster
2804 4968 3009 5024 docere
3041 4987 3154 5024 non
3177 4970 3415 5041 creperit
3442 4975 3573 5041 ante
3607 4986 3783 5041 quam

2145 5039 2317 5097 natus
2349 5047 2502 5096 esset
2533 5041 2776 5111 triginta
2798 5057 3004 5108 annos,
3025 5047 3080 5095 et
3102 5040 3254 5111 quod
3281 5040 3400 5094 haec
3421 5040 3524 5094 viri
3547 5039 3785 5110 perfecti

2143 5119 2282 5168 aetas
2312 5113 2403 5169 sit.
2437 5113 2598 5168 Conf.
2633 5111 3026 5183 Binghamum
3060 5113 3119 5166 in
3152 5111 3473 5181 Originibus
3501 5128 3643 5166 sacr.
3679 5111 3784 5169 lib.

2145 5202 2207 5252 ιι,
2241 5202 2367 5255 cap.
2405 5185 2489 5252 10,
2523 5183 2638 5238 vol.
2677 5184 2720 5250 l,
2756 5199 2886 5254 pag.
2926 5184 3026 5236 142
3057 5201 3144 5254 sq.

2212 5253 2327 5327 (30)
2365 5257 2519 5320 Quos
2572 5253 2868 5326 supra§3
2927 5253 3362 5310 nominavimus
3423 5271 3490 5310 ex
3551 5253 3780 5327 Hieron.

2142 5324 2313 5400 epist'
2344 5330 2454 5400 83,;
2487 5324 2694 5383 Euseb.
2730 5328 2864 5400 Hist.
2905 5327 3094 5382 eccles.
3134 5328 3236 5382 lib.
3271 5343 3346 5397 ιν,
3379 5343 3504 5398 cap.
3536 5329 3601 5381 19
3629 5343 3642 5393 ;
3677 5324 3777 5380 Ni-

2146 5399 2397 5471 cephoro
2422 5399 2519 5453 lib.
2554 5416 2630 5466 1v,
2663 5416 2786 5469 cap.
2819 5399 2871 5452 9.

2217 5470 2328 5542 (3t)
2361 5476 2448 5526 Ita
2491 5477 2726 5526 vocatur
2754 5472 2825 5526 ab
2858 5471 3162 5540 Augustin.
3200 5477 3393 5526 contra
3431 5471 3641 5531 Julian.
3676 5470 3778 5526 lib.

2147 5561 2186 5618 ῃ
2218 5544 2448 5618 οᾶρ.ᾼ3;
2482 5543 2694 5618 Basilio
2729 5542 3043 5618 peﬁpiritu
3069 5551 3256 5599 sancto
3287 5560 3413 5617 cap.
3444 5545 3535 5618 29,
3569 5545 3786 5601 citante

2145 5613 2321 5672 Caveo
2355 5616 2488 5670 Hist.
2527 5613 2636 5671 litt.
2671 5615 2770 5672 fol.
2802 5614 2898 5673 39.

2217 5687 2330 5762 (se)
2362 5688 2498 5762 lflist.
2532 5685 2726 5762 ecetes.
2748 5687 2862 5762 _l_i_b.
2895 5704 2972 5760 ιν,
3005 5704 3130 5762 cap.
3167 5690 3253 5762 to.

2216 5757 2330 5831 (33)
2361 5757 2498 5818 Hist.
2530 5759 2715 5816 eccles.
2748 5758 2844 5817 lib.
2886 5757 2969 5833 1v,
3001 5757 3130 5835 cap.
3163 5761 3253 5817 26.
