4110 6150
377 374 528 434 1-181
1341 375 1680 436 ΝΟΤΙΤΙΑ.
1733 407 1810 418 --
1853 376 1871 433 .l
1922 374 2022 434 DE

2142 377 2258 435 ZTA
2417 373 2866 432 MELITONIS.
3627 369 3782 429 1182

766 527 792 593 ξ
825 526 967 580 XVI.
1001 529 1075 580 De
1103 524 1286 580 sedata.
1319 526 1372 582 in
1408 527 1652 584 Ecclesia
1687 527 1992 582 Laodicena
2028 528 2182 583 circa
2214 525 2510 582 Paschatos
2530 523 2946 580 celebrationem
2979 520 3380 577 controversia.

457 674 625 727 Porro
656 671 908 742 episcopi
946 672 1211 744 partibus
1241 673 1470 744 egregie
1502 673 1736 729 functus
1766 683 1848 729 est
1884 677 2081 728 noster
2109 672 2168 727 in
2201 689 2288 742 eo,
2323 673 2474 744 quod
2511 672 2638 742 paci
2671 669 2726 725 in
2753 668 3008 724 Ecclesia
3036 667 3426 730 scrvandmet
3457 666 3608 720 inter
3646 665 3782 720 ﬁdei

391 763 745 818 domesticos
768 763 984 816 exortis
1008 762 1269 817 dissidiis
1291 764 1568 818 sedandis
1599 781 1828 819 omnem
1854 764 2166 830 navaverit,
2198 779 2452 834 operam.
2475 762 2632 817 Hanc
2651 759 2938 816 Melitouis
2960 757 3299 828 prudentem
3325 772 3525 810 curam
3552 763 3784 824 experta

388 858 476 908 est
509 853 794 924 praecipue
825 852 1018 907 vicina
1052 851 1375 906 Laodicena
1406 852 1679 921 Ecclesia,
1715 855 1770 907 in
1801 869 1914 923 qua
1947 854 2018 908 ob
2049 853 2362 908 Paschatos
2390 851 2837 907 celebrationem
2873 848 3050 902 turba:
3083 851 3248 901 erant
3281 849 3509 899 exortae.
3541 845 3779 898 Constat

389 944 538 999 enim
571 943 722 997 inter
745 957 970 1010 omnes,
1003 947 1060 997 et
1090 942 1344 997 Socratis
1373 943 1483 1012 (48)
1515 942 1758 1014 insuper
1788 942 2124 998 testimonio
2182 941 2414 1013 probari
2452 947 2656 1012 potest,
2691 955 2878 1010 neque
2909 937 3226 1003 Christum,
3261 951 3449 1006 neque
3481 934 3775 1005 apostolos

383 1037 542 1088 certa
564 1031 690 1103 lege
714 1032 1009 1086 Paschatis
1039 1030 1369 1086 celebrandi
1392 1031 1546 1084 diem
1583 1032 1948 1102 praecepisse,
1981 1032 2080 1085 sed
2116 1031 2444 1085 festivitatis
2479 1029 2650 1096 hujus
2681 1033 2915 1097 tempus
2939 1023 3329 1079 Ecclesiarum
3364 1023 3605 1077 arbitrio
3638 1022 3773 1077 reli-

382 1122 605 1194 quisse.
635 1121 776 1175 Aliae
804 1121 1020 1192 itaque,
1054 1137 1121 1175 ex
1142 1136 1352 1192 magna
1384 1121 1678 1175 nascentis
1709 1121 1977 1175 Ecclesiae
2000 1135 2130 1175 cum
2161 1119 2420 1174 Judaicis
2451 1119 2662 1173 ritibus
2693 1117 3124 1186 conformitate,
3153 1116 3352 1172 eodem
3388 1129 3518 1169 cum
3553 1111 3776 1167 Judazis

376 1216 646 1281 tempore
677 1210 822 1264 illud
856 1211 1270 1266 celebrandum
1301 1213 1610 1278 duxerunt,
1637 1210 1761 1265 aliae
1793 1215 1987 1265 autem
2020 1211 2112 1266 die
2138 1209 2439 1264 Dominica
2469 1209 2624 1264 istud
2660 1209 2872 1263 festum
2904 1223 3069 1279 agere
3102 1206 3451 1262 maluerunt.
3479 1203 3676 1273 Neque
3701 1206 3781 1256 ta-

381 1317 514 1354 men
538 1299 609 1353 ab
640 1298 810 1352 initio
831 1299 950 1353 bare
981 1298 1282 1353 diversitas
1311 1297 1664 1353 discordiam
1700 1299 1945 1370 peperit,
1976 1299 2074 1354 sed
2101 1298 2374 1370 quaelibet
2407 1296 2659 1352 Ecclesia
2690 1297 2746 1350 in
2771 1297 2880 1351 ritu
2911 1297 3020 1353 hoc
3047 1296 3366 1366 adiaphoro
3389 1295 3658 1349 libertate
3675 1309 3780 1348 sua

381 1403 504 1457 usa,
539 1387 670 1442 aliis
695 1403 930 1458 quoque
963 1403 1131 1443 suam
1177 1389 1506 1446 libertatem
1559 1408 1673 1446 non
1710 1391 1937 1458 invidit,
1971 1392 2154 1446 donec
2183 1390 2478 1445 Laodicea;
2509 1405 2721 1458 magna
2753 1389 3144 1444 controversia
3173 1388 3243 1441 de
3276 1385 3648 1442 solemnitate
3680 1401 3783 1454 pa-

381 1477 568 1532 schali
601 1478 839 1533 excitata
865 1486 971 1532 est.
1009 1480 1070 1532 In
1105 1483 1501 1548 persecutione
1523 1482 1833 1536 scilicetM.
1855 1480 2074 1534 Aurelii
2100 1479 2402 1547 Antonini,
2432 1478 2689 1550 Sagarim
2715 1479 3057 1550 episcopum
3091 1492 3263 1532 suum
3297 1475 3618 1530 amiserant
3642 1473 3784 1527 Lao-

384 1568 597 1635 diceni,
630 1573 686 1622 et
717 1568 990 1624 credibile
1023 1574 1113 1623 est
1141 1570 1368 1640 aliquos
1399 1571 1477 1625 ibi
1509 1577 1737 1626 exortes
1768 1571 1974 1640 fuisse,
2006 1573 2106 1642 qui
2138 1569 2334 1639 aliam,
2363 1585 2538 1640 quam
2571 1568 2659 1624 vel
2693 1568 2910 1638 Romre,
2942 1567 3030 1623 vel
3059 1566 3197 1622 alibi
3222 1566 3506 1632 viderant,
3540 1569 3600 1618 at
3629 1562 3778 1618 Asiae

388 1659 644 1728 ignotam
678 1666 735 1712 et
764 1656 1110 1713 insolentem
1136 1661 1640 1728 consuetudinem,
1672 1661 2041 1716 introducere
2069 1664 2431 1724 conarentur,
2469 1659 2830 1714 Laodicenos
2861 1661 3076 1722 autem,
3111 1655 3278 1710 aliter
3299 1671 3331 1708 a
3357 1653 3610 1725 pueritia
3639 1653 3778 1706 edo-

386 1757 528 1813 ctos,
563 1746 680 1802 illis
706 1748 1012 1817 restitisse,
1038 1753 1210 1819 atque
1233 1749 1317 1805 sic
1339 1754 1534 1806 natam
1557 1768 1685 1806 esse
1705 1751 2156 1807 dissensionem.
2178 1750 2527 1818 Interposuit
2560 1749 2739 1818 igitur
2769 1763 2935 1802 suam
2969 1745 3374 1801 auctoritatem
3401 1741 3594 1797 Melite
3614 1746 3780 1810 atque

383 1841 448 1891 ut
482 1839 649 1892 refert
682 1837 965 1892 Eusebius
996 1838 1112 1908 (49)
1162 1855 1230 1894 ex
1260 1839 1386 1911 ipso
1415 1840 1706 1896 Melitouis
1765 1857 1956 1912 opere,
1989 1840 2226 1895 Servilio
2273 1837 2446 1893 Paulo
2504 1839 2654 1893 Asia:
2689 1836 3050 1909 proconsule,
3087 1852 3197 1906 quo
3237 1839 3496 1904 tempore
3554 1830 3787 1903 Sugaris

384 1928 726 1998 martyrium
754 1944 966 1999 passus
997 1933 1103 1993 est,
1140 1929 1448 1985 festinante
1479 1931 1700 1986 calamo
1728 1932 1874 1986 duos
1906 1932 1977 1986 de
2016 1931 2296 1985 Paschate
2327 1930 2580 1985 exaravit
2634 1929 2837 1995 libros,
2869 1928 2928 1982 in
2963 1927 3176 1997 quibus
3215 1922 3433 1992 docuit,
3466 1938 3634 1977 suam
3671 1919 3792 1974 uni-

382 2015 594 2086 cuique
625 2016 894 2071 Ecclesim
928 2018 1349 2074 observandam
1383 2037 1510 2075 esse
1541 2021 2053 2086 consuetudinem,
2087 2036 2192 2076 nec
2223 2020 2293 2074 ab
2314 2036 2380 2075 eo
2413 2019 2825 2085 recedendum,
2860 2016 3018 2088 quod
3055 2016 3166 2088 ipsi
3199 2033 3232 2070 a
3263 2017 3464 2069 sancto
3493 2029 3598 2068 suo
3635 2013 3787 2066 anti-

383 2106 541 2173 stite,
571 2123 726 2160 nunc
759 2106 973 2178 glorise
1005 2113 1279 2180 martyre,
1314 2111 1662 2181 acceperint,
1697 2111 2096 2181 traditumque
2117 2108 2446 2180 antiquitus
2479 2125 2720 2176 morem,
2755 2108 2974 2163 Pascha
2997 2107 3088 2162 die
3123 2105 3350 2160 decima
3371 2107 3578 2174 quarta
3595 2102 3784 2157 obser-

378 2195 576 2262 vandi,
611 2201 948 2251 constanter
972 2212 1100 2252 esse
1131 2197 1520 2252 retinendum.
1555 2202 1671 2254 Hoc
1695 2201 1847 2254 enim
1881 2199 2202 2271 Polycratis
2234 2198 2541 2270 profitetur
2569 2197 2812 2268 Epistola
2840 2196 3120 2268 Synodica
3143 2196 3278 2268 (50),
3318 2195 3490 2264 cujus
3521 2198 3782 2263 tempore

380 2285 491 2339 sub
511 2286 809 2340 Commodi
836 2287 1080 2356 imperio
1105 2291 1163 2341 et
1191 2287 1438 2342 Victoris
1458 2289 1800 2359 pontiﬁcatu
1827 2288 1996 2360 longe
2029 2288 2279 2358 majores
2303 2287 2373 2342 de
2394 2286 2767 2342 solemnitate
2789 2284 3046 2356 paschali
3075 2290 3283 2340 exortae
3314 2285 3547 2337 fuerunt
3576 2282 3774 2336 turbae.

380 2374 627 2444 Scriptis
669 2375 871 2446 itaque
901 2377 1026 2432 suis
1057 2379 1128 2432 de
1162 2377 1444 2433 Paschate
1475 2378 1640 2433 libris
1688 2378 1884 2433 Melito
1915 2394 2149 2434 omnem
2187 2377 2638 2433 controversiam
2672 2375 2927 2442 diremit,
2961 2379 3018 2429 et
3053 2374 3314 2429 Ecclesiae
3347 2372 3629 2427 unitatem
3681 2389 3778 2441 pa-

379 2479 623 2534 cemque
652 2464 920 2519 reddidit.
956 2468 1132 2522 Addit
1163 2467 1445 2522 Eusebius
1477 2469 1630 2538 quod
1668 2468 1846 2538 hujus
1877 2467 2102 2539 scripti,
2131 2484 2164 2522 a
2211 2467 2483 2521 Melitone
2513 2465 2676 2532 editi,
2710 2465 2881 2520 etiam
2916 2465 3183 2520 Clemens
3209 2464 3637 2520 Alexandrinus
3672 2462 3780 2533 (51)

380 2558 735 2612 mentionem
773 2557 962 2622 faciat,
998 2560 1054 2611 et
1097 2557 1252 2626 quod
1286 2556 1394 2611 hoc
1442 2557 1636 2628 ipsum
1687 2557 1977 2613 Melitouis
2017 2557 2301 2629 scriptum
2334 2557 2612 2613 Clementi
2668 2555 2828 2611 Alex.
2860 2555 3228 2610 occasionem
3263 2554 3602 2628 praebuerit,
3637 2558 3700 2608 ut
3732 2556 3788 2606 et

384 2645 510 2716 ipse
537 2645 748 2701 librum
785 2652 862 2701 De
901 2645 1162 2700 Paschate
1185 2647 1398 2714 ederet,
1433 2647 1531 2700 sed
1565 2650 1837 2701 neutrum
1871 2646 2080 2702 horum
2114 2653 2343 2703 tetatem
2376 2653 2638 2704 nostram
2663 2646 2816 2703 tulit.

1307 2822 1333 2887 §
1363 2818 1539 2875 XVII.
1573 2819 1645 2874 De
1674 2818 1943 2875 Melitouis
1971 2820 2233 2892 Apologia
2261 2836 2361 2889 pro
2393 2819 2744 2875 Christianis.

453 2994 618 3048 Nunc
648 2993 719 3048 de
744 2993 868 3060 ejus
892 2990 950 3045 in
984 2990 1244 3046 sedanda
1272 2989 1737 3047 Christianorum
1763 2992 2074 3063 peracerba
2102 2992 2404 3048 vexatione
2435 2991 2591 3047 haud
2623 2989 2934 3046 infeliciter
2961 2989 3220 3046 adhibita
3251 2989 3542 3044 industria
3574 2988 3776 3060 paucis

385 3085 700 3140 dicendum
735 3083 926 3138 adhuc
951 3086 1148 3138 restat.
1172 3083 1374 3153 Itaque
1409 3099 1522 3138 non
1555 3084 1726 3139 modo
1760 3083 1817 3139 in
1851 3101 1992 3155 pace
2021 3088 2078 3138 et
2098 3083 2412 3155 tranquillo
2435 3083 2702 3139 Ecclesiae
2729 3088 2880 3138 statu
2906 3081 3080 3136 ﬁdem
3110 3081 3343 3136 firmare
3365 3088 3417 3136 et
3445 3094 3781 3152 promovere

380 3175 610 3231 studuit
642 3177 860 3240 noster,
893 3173 992 3228 sed
1025 3177 1080 3228 et
1125 3171 1182 3226 in
1216 3172 1366 3228 bello
1399 3179 1458 3227 et
1511 3173 1935 3244 persecutionis
1968 3191 2095 3230 cum
2129 3174 2256 3244 ipso
2309 3173 2435 3228 vitm
2467 3191 2585 3229 sure
2617 3173 2878 3246 periculo
2927 3173 2997 3227 de
3053 3176 3202 3228 cmtu
3237 3171 3336 3226 Dei
3367 3172 3511 3226 bene
3561 3184 3780 3224 merere

378 3282 494 3321 non
521 3263 710 3319 desiit.
745 3263 888 3318 Nam
925 3277 1058 3318 cum
1090 3263 1318 3340 duobus
1347 3263 1629 3334 Augustis
1666 3265 1943 3321 fratribus
1964 3268 2035 3318 M.
2069 3264 2300 3320 Aurelio
2321 3265 2610 3320 Antonino
2635 3269 2693 3320 et
2717 3263 2892 3320 Lucio
2913 3264 3062 3320 Vero
3087 3263 3512 3335 imperantibus
3539 3266 3699 3317 atrox
3724 3261 3783 3315 in

373 3357 660 3411 Asiaticas
693 3353 981 3410 Ecclesias
1012 3353 1373 3410 incubuisset
1404 3357 1866 3427 tempestasﬁiZ),
1893 3357 2107 3412 inertes
2132 3354 2387 3412 latebras
2423 3361 2619 3411 uoster
2648 3355 2888 3410 minime
2916 3355 3176 3426 quaesivit
3204 3398 3210 3416 ,
3238 3354 3338 3408 sed
3384 3353 3536 3406 haud
3564 3355 3779 3406 fractus

379 3446 576 3500 animo
605 3452 831 3514 Deoque
862 3444 1141 3511 conﬁsus,
1175 3445 1245 3498 ad
1280 3444 1507 3499 clavum
1537 3447 1799 3501 Ecclesiae
1820 3448 2000 3515 stetit,
2034 3452 2094 3502 et
2122 3452 2326 3502 contra
2355 3447 2692 3518 iniquorum
2729 3448 3197 3518 magistratuum,
3233 3461 3331 3498 seu
3364 3441 3780 3514 proconsulum

384 3551 487 3588 seu
522 3537 949 3606 prmfectorum,
983 3533 1080 3602 qui
1126 3533 1276 3587 hanc
1317 3540 1724 3604 tempestatem
1778 3536 2169 3592 excitaverant
2212 3537 2482 3600 maxime,
2527 3538 2766 3591 insanos
2817 3536 3076 3590 insultus
3127 3536 3352 3589 fortiter
3401 3531 3779 3603 depugnavit.

384 3623 878 3689 Quemadmodum
913 3622 1094 3693 igitur
1125 3623 1277 3677 inter
1331 3625 1585 3679 lurentes
1621 3626 1810 3680 undas
1851 3629 1906 3680 et
1937 3625 2152 3681 ﬂuctus
2203 3628 2383 3681 maris
2417 3627 2552 3682 boni
2601 3627 3009 3698 gubernatoris
3059 3641 3152 3678 ars
3184 3640 3245 3679 se
3292 3622 3519 3693 prodit:
3555 3623 3633 3674 ita
3668 3636 3781 3673 non

381 3712 527 3768 alias
565 3712 750 3783 magis
782 3711 936 3765 beati
963 3711 1251 3768 Melitouis
1275 3714 1480 3784 virtus,
1513 3731 1689 3785 quam
1714 3714 1771 3768 in
1807 3715 2016 3771 modiis
2052 3716 2520 3785 persecutionum
2549 3715 2903 3783 turbinibus,
2937 3714 3192 3770 emicuit.
3223 3718 3406 3767 Doctae
3428 3711 3584 3765 enim
3611 3717 3785 3779 atque

380 3803 665 3874 elegantis
691 3803 968 3857 orationis
1000 3819 1117 3856 suae
1152 3803 1439 3872 praesidio,
1473 3805 1624 3860 viam
1673 3804 1784 3859 sibi
1837 3807 1906 3859 ad
1960 3805 2330 3876 imperatoris
2367 3807 2439 3861 Μ.
2475 3806 2687 3860 Aurelii
2721 3805 2998 3860 Antonini
3049 3820 3219 3858 aures
3273 3803 3427 3870 fecit,
3464 3817 3628 3854 suam
3665 3801 3778 3851 fra-

379 3897 657 3964 trumque
687 3908 928 3946 suorum
963 3908 1199 3947 causam
1236 3893 1389 3962 apud
1440 3909 1576 3948 eum
1637 3895 1776 3965 egit,
1810 3899 1867 3949 et
1914 3896 2234 3962 Apologiam
2268 3894 2480 3949 obtulit
2510 3896 2742 3964 (53-54),
2779 3911 2894 3964 qua
2926 3892 3368 3948 demonstrabat
3425 3886 3782 3960 imperatori,

385 4000 500 4039 non
534 3982 646 4038 nisi
680 3986 956 4054 tyrannos
988 3985 1044 4038 et
1083 3983 1267 4038 malos
1307 3982 1601 4055 principes
1634 3983 1942 4055 hucusque
1975 3984 2254 4041 alﬂixisse
2295 3984 2639 4054 Ecclesiam,
2686 3988 2742 4040 et
2772 4001 2888 4054 qua
2919 3984 2978 4038 in
3013 3983 3358 4038 memoriam
3391 3979 3444 4036 ei
3477 3975 3783 4034 revocabat

458 4191 568 4254 (48)
602 4189 801 4244 Hister.
836 4187 1027 4242 coclea.
1064 4187 1165 4259 lib.
1192 4203 1243 4256 v,
1281 4204 1408 4259 cap.
1439 4188 1530 4242 22.

463 4262 576 4330 (49)
609 4261 810 4314 llis/or.
843 4259 1028 4313 eccles.
1064 4258 1164 4312 lib.
1198 4275 1274 4325 ιν,
1315 4258 1440 4330 cap.
1473 4261 1562 4313 26.

458 4331 782 4454 giOgﬁHanc
840 4331 968 4385 vide
1000 4331 1155 4400 apud
1193 4331 1405 4385 Euseb.
1441 4333 1575 4386 Hist.
1621 4332 1809 4388 eccles.
1843 4330 1945 4387 lib.
1973 4349 2026 4388 ν.

385 4420 511 4472 capv
545 4406 637 4458 ‘26.

481 4476 570 4544 51)
609 4475 669 4528 ln
705 4473 852 4527 libro
885 4489 990 4526 suo
1021 4473 1091 4526 De
1120 4473 1402 4529 Paschate.

481 4548 571 4613 52)
611 4547 744 4608 Quae
793 4545 902 4599 sub
953 4544 1432 4618 imperatoribus,
1461 4544 1623 4600 hisce
1654 4545 1871 4618 agitata
1903 4546 2030 4613 fuit,

384 4615 592 4688 quinta
622 4622 705 4671 est
730 4615 1054 4686 persecutio
1080 4617 1247 4685 juxta
1273 4616 1489 4684 Sulpic.
1541 4621 1663 4671 Sev.
1703 4615 1801 4671 lib.
1837 4635 1879 4671 ιι
1911 4619 2033 4672 His-

382 4695 492 4745 tor.
524 4703 696 4745 sacrae
721 4704 847 4759 cap.
879 4688 968 4751 32,
1010 4703 1139 4757 pag.
1173 4704 1250 4742 m.
1281 4688 1408 4755 246,
1443 4705 1474 4742 a
1505 4705 1619 4759 quo
1654 4689 1870 4744 abeunt
1899 4689 2034 4744 Hie-

385 4777 665 4832 ronymus
699 4775 754 4812 in
791 4758 965 4832 ςαιαι.
991 4761 1178 4829 script.
1203 4760 1554 4832 ecclesrcap.
1583 4761 1645 4812 17
1669 4779 1688 4832 ς(
1718 4761 2029 4830 Augustin.

382 4833 460 4886 De
502 4831 743 4887 ’civitale
790 4831 887 4885 Dei
946 4845 1072 4898 cap.
1126 4833 1226 4897 52;
1261 4831 1496 4885 Orosius
1530 4832 1587 4884 in
1622 4831 1865 4886 Historia
1904 4832 2029 4887 adv.

383 4919 629 4975 paganos
668 4902 770 4956 lib.
802 4916 922 4969 vm,
959 4917 1084 4975 cap.
1129 4901 1385 4975 l5,_cam
1420 4909 1690 4972 quartam
1734 4903 2031 4970 facientes,

386 4973 609 5030 omissa
640 4975 772 5037 ista,
800 4989 925 5040 qua:
957 4974 1065 5027 sub
1101 4973 1359 5027 Adriano
1392 4978 1579 5043 coepta
1609 4978 1665 5028 et
1696 4975 1805 5028 sub
1851 4978 2035 5030 Anto-

386 5047 525 5100 nino
561 5048 654 5101 Pio
687 5045 1026 5099 continuata
1049 5044 1178 5098 fuit.
1216 5043 1610 5100 Sustulithzec
1630 5047 1950 5115 persecutio
1973 5047 2029 5101 in

385 5118 542 5183 Asia,
578 5122 783 5198 praeter
813 5116 1073 5198 Sagarim
1120 5115 1408 5198 Laodicea:
1440 5116 1804 5198 episcopum,
1857 5117 2034 5198 Poly-

387 5205 626 5259 carpum
646 5193 901 5259 Smyrna
925 5188 1281 5258 episcopum,
1301 5189 1515 5254 (Euseb.
1538 5188 1636 5242 lib.
1665 5205 1741 5254 ιν,
1760 5205 1877 5258 cap.
1906 5188 2026 5257 th);

385 5261 682 5318 Justinum
710 5265 1046 5326 martyrem.
1068 5259 1452 5331 quadriennio
1472 5265 1604 5314 ante
1627 5258 2032 5331 Polycarpum,

386 5333 602 5404 (Euseb.
641 5331 743 5387 lib.
777 5347 854 5404 ιγέ
885 5345 1002 5404 cap.
1031 5331 1116 5404 16)
1139 5329 1554 5404 ;Ρὶφὶοωωυιῐι
1586 5337 1645 5404 et
1678 5329 1938 5404 Lucium,
1964 5333 2032 5387 de

386 5401 502 5476 quo
549 5404 762 5476 Justin.
801 5401 876 5458 M.
929 5401 986 5454 in
1039 5402 1304 5476 Apologia
1340 5420 1396 5476 _I,
1429 5419 1557 5473 pag.
1591 5403 1680 5468 42,
1715 5403 1949 5456 disserit
1980 5411 2034 5458 et

382 5472 596 5530 Euseb.
630 5473 731 5530 lib.
777 5489 852 5537 ιν,
886 5487 1011 5540 cap.
1047 5472 1147 5544 l7;
1185 5472 1560 5537 Felicitatem,
1604 5479 1910 5544 postquam
1942 5490 2029 5528 se-

383 5553 543 5618 ptem
567 5547 728 5618 ﬁlios
754 5548 1038 5618 martyres
1068 5543 1127 5598 in
1153 5545 1358 5618 cceluin
1378 5543 1778 5618 praemiserat,
1813 5546 1882 5600 de
1905 5545 2029 5616 qui-

384 5615 498 5672 bus
528 5617 643 5672 vid.
677 5615 1155 5687 Martyrolallom.
1197 5617 1296 5687 die
1334 5615 1409 5670 10⁷
1446 5615 1588 5682 Jul.,
1636 5615 1931 5684 aliosque.
1951 5623 2034 5673 De

384 5688 692 5745 horrendis
726 5685 1034 5758 suppliciis
1073 5686 1134 5742 in
1183 5686 1386 5754 Gallia,
1424 5687 1681 5759 Lugduni
1713 5693 1768 5744 et
1795 5687 2030 5744 Viennae

2143 4189 2487 4246 Christianis
2518 4188 2694 4243 illatis
2740 4189 2915 4244 refert
2945 4187 3185 4243 Orosius
3216 4187 3255 4244 l.
3303 4202 3378 4252 c.,
3427 4184 3639 4240 Euseb.
3675 4183 3777 4239 lib.

2143 4277 2195 4331 ν,
2228 4279 2353 4330 cap.
2391 4262 2441 4315 1.
2490 4261 2772 4332 Repressa
2805 4261 3164 4328 aliquantum
3201 4258 3455 4332 creditur
3483 4257 3604 4332 haec
3652 4273 3779 4332 per-

2143 4329 2364 4388 secutio
2397 4333 2468 4387 ob
2497 4329 2730 4403 insigne
2776 4333 3122 4387 beneficium
3162 4348 3194 4386 a
3234 4329 3480 4399 Legione
3508 4329 3780 4403 fulmina-

2141 4406 2285 4459 trice
2343 4400 2686 4475 praestitum,
2747 4404 2900 4474 quod
2952 4404 3406 4475 miraculumuet
3465 4400 3682 4475 ethnici
3726 4404 3784 4454 et

2138 4473 2455 4530 Christiani
2508 4473 2818 4543 scriptores
2871 4484 3128 4529 narrant.
3171 4475 3238 4529 Et
3267 4473 3354 4527 illi
3399 4473 3631 4542 quidem
3681 4477 3780 4525 aut

2139 4564 2309 4619 mago
2340 4548 2570 4602 cuidam
2611 4547 2876 4620 Egyptio
2935 4547 3222 4616 tribuunt,
3258 4551 3321 4600 ut
3352 4545 3461 4620 Dio
3487 4543 3777 4620 Cass._lib.

2139 4613 2287 4687 Lxxi,
2335 4625 2436 4674 aut
2485 4613 3218 4689 precibusimperatorisp
3249 4623 3310 4672 ut
3376 4616 3486 4672 Jul.
3532 4613 3776 4689 Capitol.

2138 4691 2199 4762 in
2236 4692 2365 4745 Vita
2405 4687 2602 4762 Anton.
2654 4691 2799 4744 Phil.
2847 4687 2973 4762 cap.
3006 4691 3098 4756 24,
3129 4694 3240 4762 aut
3283 4690 3452 4744 bonis
3498 4687 3625 4758 ejus
3661 4702 3779 4740 mo-

2137 4761 2326 4823 ribus,
2358 4767 2458 4816 aut
2488 4761 2841 4833 Claudianus
2884 4760 2940 4816 in
2967 4760 3246 4833 panegyri
3300 4762 3372 4815 De
3401 4764 3550 4833 sexto
3579 4773 3778 4833 conju-

2141 4833 2257 4888 latu
2297 4832 2544 4902 Honorii,
2581 4850 2744 4889 versu
2796 4834 2920 4901 339,
2968 4829 3062 4903 sq.
3116 4829 3183 4886 Hi
3215 4837 3406 4887 autem
3455 4829 3776 4903 veluti_Eu-

2138 4905 2257 4960 seb.
2305 4905 2403 4960 lib.
2441 4922 2495 4970 ν,
2529 4900 2652 4975 cap.
2704 4908 2758 4970 5,
2791 4910 2845 4959 et
2875 4900 2946 4959 ab
2982 4900 3048 4959 eo
3080 4903 3261 4970 citati,
3295 4903 3592 4975 precibus_
3615 4900 3779 4975 dictas

2137 4971 2615 5032 Christianorum
2657 4975 2899 5048 legionis
2963 4976 3253 5048 tribuunt,
3295 4971 3483 5048 quam
3544 4971 3616 5048 ab
3668 4971 3776 5023 im-

2139 5055 2401 5132 peratore
2419 5048 2582 5132 hanc
2638 5043 3010 5132 obieci-psam
3036 5043 3513 5132 “If'alminatrice'm
3543 5043 3778 5132 Adi-ctam

2140 5111 2318 5176 fuisse
2380 5121 2560 5173 aiunt.
2623 5119 2795 5173 Addit
2851 5117 3191 5172 Tertullian.
3255 5133 3380 5186 cap.
3441 5116 3477 5168 5
3524 5111 3774 5184 Apolog.,

2137 5192 2542 5260 imperatorem
2597 5189 2818 5245 litteras
2878 5188 3132 5254 dedisse,
3166 5187 3383 5260 quibus
3439 5186 3548 5260 hoc
3600 5187 3774 5239 mira-

2139 5264 2335 5317 culum
2389 5262 2848 5318 Christianorum
2913 5261 3184 5331 precibus
3243 5259 3617 5329 ascripserit;
3651 5273 3777 5331 qua;

2138 5339 2330 5389 tamen
2367 5351 2480 5388 non
2535 5333 2784 5402 amplius
2825 5329 3092 5387 exstant:
3126 5331 3269 5386 istas
3302 5333 3494 5402 enim,
3545 5346 3670 5400 quae
3705 5329 3776 5383 ad

2139 5406 2350 5460 calcem
2388 5401 2673 5475 Apologia?
2698 5423 2735 5460 ιι
2765 5405 2918 5460 Just.
2977 5403 3243 5475 Martyris
3301 5401 3600 5475 leguntur,
3649 5416 3779 5475 esse

2138 5473 2538 5601 ευιέιίἓὲιίὶὶεε
2564 5473 2774 5533 multis
2801 5476 3065 5547 probavit
3119 5473 3376 5546 Scaliger
3433 5475 3505 5530 ad
3566 5473 3776 5528 Euseb.

2138 5565 2196 5601 n.
2377 5589 2389 5601 .

2138 5565 2196 5602 11.
2230 5565 2389 5602 2163.

2209 5690 2412 5763 (53-54)
2435 5692 2646 5751 Euseb.
2668 5692 2728 5749 in
2750 5692 3153 5766 Chronico,lib.
3169 5697 3321 5768 post.
3338 5709 3472 5769 pag.
3487 5695 3614 5752 214.
3635 5694 3774 5752 edit.
