4110 6150
389 315 545 374 1183
1482 309 1546 370 S.
1595 308 1890 369 MELITO
1937 309 2290 372 SARDIUM
2340 309 2782 374 EPISCOPUS.
3651 312 3804 372 118-4

389 451 681 520 majorum
715 461 955 502 suorum
1010 460 1146 516 erga
1176 442 1547 500 Christianos
1579 443 2062 514 benevolentiam,
2098 463 2347 518 quorum
2401 447 2724 504 elementis;
2770 446 3034 517 exempla
3083 444 3276 517 potius
3309 460 3488 517 quam
3546 445 3798 502 istorum

390 540 606 611 ﬂagitia
639 538 925 592 imitanda
982 551 1110 592 esse
1152 535 1444 591 monebat.
1479 537 1656 608 Cujus
1725 538 2001 608 Apologiae
2032 537 2125 592 hic
2174 537 2348 593 etiam
2409 544 2533 594 erat
2562 537 3038 609 exoptatissimus
3069 539 3331 601 eventus,
3374 543 3429 590 ut
3487 535 3802 605 imperator

389 635 690 699 paternam
732 627 1064 697 avitamque
1106 625 1160 680 in
1196 624 1556 680 Christianos
1591 626 2013 680 humanitatem
2050 625 2395 682 imitaretur.
2442 629 2572 698 Ipsa
2604 629 2863 699 quidem,
2896 629 3050 699 quod
3085 628 3286 699 utique
3335 627 3653 682 dolendum
3687 634 3797 695 est,

384 719 555 789 periit
589 717 941 784 lucubratio,
971 715 1129 770 illius
1163 721 1353 770 tamen
1393 733 1573 783 pauca
1606 715 1948 786 fragmenta,
1980 716 2272 786 quantivis
2303 717 2542 772 omnino
2575 717 2764 789 pretii,
2799 718 3115 773 asservavit
3160 717 3454 773 Eusebius
3501 716 3635 788 (55),
3669 732 3799 787 quae

382 824 450 862 ex
480 823 545 862 eo
577 807 753 862 etiam
808 823 941 861 cum
993 806 1498 860 observationibus
1551 806 1906 875 quibusdam
1967 805 2133 861 alteri
2189 824 2330 861 mea
2359 807 2762 864 dissertationi
2797 809 3074 865 inseram.
3125 805 3472 880 Olympiade
3504 823 3794 875 ccxxxvu,

382 913 529 966 quae,
566 900 630 950 ut
689 912 870 967 supra
900 895 1362 965 observavimus,
1415 894 1474 948 in
1526 911 1710 950 annos
1767 895 1977 950 Christi
2014 895 2252 950 169-172
2281 897 2504 962 incidit,
2536 897 2860 969 Apologiam
2891 915 3059 954 suam
3103 898 3449 969 imperatori
3491 896 3802 951 tradidisse

383 985 735 1053 Melitonem,
768 985 941 1040 refert
978 985 1267 1040 Eusebius
1297 1002 1310 1051 ;
1342 983 1588 1040 ulterius
1617 1001 1752 1040 vero
1786 984 2078 1058 progressi
2110 994 2246 1042 sunt
2280 986 2600 1042 Dodwellus
2633 987 2746 1058 (56)
2772 996 2826 1042 et
2865 990 2999 1043 Ant.
3034 987 3168 1060 Pagi
3199 987 3338 1060 (57),
3371 985 3474 1059 qui
3507 1003 3662 1042 anno
3693 986 3802 1040 470

385 1080 516 1146 post
548 1075 736 1146 prima
795 1075 1141 1143 vicennalia,
1175 1075 1350 1130 Mart.
1389 1076 1451 1129 17
1486 1076 1542 1130 id
1594 1076 1816 1130 factum
1878 1076 2059 1132 fuisse
2115 1079 2345 1146 docent,
2378 1077 2437 1132 in
2471 1093 2720 1148 quorum
2781 1081 2975 1134 tamen
3009 1079 3265 1134 rationes
3297 1094 3413 1134 non
3470 1077 3792 1149 inquiram.

384 1165 650 1220 Valesius
680 1166 792 1236 (58)
827 1182 996 1237 porro
1027 1164 1319 1220 Melitonis
1349 1167 1672 1221 orationem
1730 1165 1874 1220 nihil
1933 1165 2090 1221 aliud
2142 1167 2344 1232 fuisse,
2379 1183 2552 1239 quam
2610 1166 2874 1224 libellum
2933 1168 3278 1240 supplicem,
3313 1185 3412 1240 pro
3443 1165 3798 1222 Christianis

376 1255 721 1326 imperatori
750 1255 1037 1324 oblatum,
1070 1272 1138 1310 ex
1166 1255 1295 1325 ejus
1355 1257 1703 1328 fragmento,
1736 1258 1888 1328 quod
1941 1256 2183 1327 protulit
2240 1257 2525 1314 Eusebius
2585 1259 2968 1330 conjecturat.
3023 1259 3316 1315 Dederunt
3371 1262 3428 1314 et
3458 1257 3556 1313 alii
3587 1257 3795 1312 eadem

381 1347 786 1418 persecutione
813 1346 1063 1416 scriptas
1094 1363 1128 1401 a
1157 1363 1219 1401 se
1251 1345 1549 1418 apologias
1570 1347 1778 1402 eidem.
1805 1347 1881 1402 M.
1908 1348 2206 1403 Antonino
2229 1347 2592 1418 imperatori,
2615 1349 2886 1405 Justinus
2909 1348 3037 1406 scil.
3065 1355 3282 1420 martyr
3298 1352 3356 1404 et
3385 1346 3794 1421 philosophus,

375 1435 730 1506 Apollinaris
774 1440 832 1491 et
867 1435 1272 1508 Athenagoras
1317 1437 1426 1492 sub
1461 1437 1626 1492 titulo
1658 1436 1965 1509 legationis
2011 1454 2113 1508 pro
2137 1437 2506 1500 Christianis.
2549 1455 2698 1509 quos
2743 1439 3004 1510 ejusdem
3056 1438 3398 1496 certaminis
3448 1436 3782 1509 participes,

374 1525 607 1582 debitus
639 1526 794 1582 idem
815 1526 870 1581 in
905 1526 1070 1581 libris
1101 1527 1286 1584 honos
1317 1531 1636 1598 eademque
1661 1527 1721 1583 in
1765 1527 1908 1584 cmlo
1935 1527 2118 1597 gloria
2153 1529 2430 1584 manebit.
2468 1528 2873 1585 Tillemontius
2903 1530 3015 1602 (59)
3047 1546 3116 1585 ex
3143 1545 3280 1585 voce
3338 1522 3628 1592 ἐπέδωκεν,
3671 1542 3789 1598 qua

378 1637 524 1675 usus
548 1623 636 1675 est
666 1619 952 1675 Eusebius
983 1621 1040 1675 in
1077 1620 1364 1686 Chronico,
1397 1623 1454 1674 et
1485 1635 1663 1690 quam
1695 1617 1755 1672 in
1786 1617 2052 1674 versione
2075 1635 2183 1673 sua
2205 1634 2438 1690 quoque
2468 1619 2709 1676 retinuit
2743 1619 3145 1692 Hieronymus,
3171 1618 3415 1692 colligit,
3450 1616 3782 1673 Melitonem

377 1710 596 1782 ipsum,
631 1710 840 1766 itinere
872 1711 1117 1767 Romam
1151 1710 1443 1777 instituto,
1478 1708 1814 1781 imperatori
1845 1709 2130 1765 obtulisse
2161 1710 2478 1780 Apologiam
2507 1727 2700 1776 suam,
2723 1712 2874 1780 quod
2895 1710 2983 1766 vel
3015 1710 3169 1766 hanc
3189 1726 3425 1781 quoque
3446 1708 3518 1763 ob
3542 1722 3781 1763 causam

379 1801 525 1855 mihi
586 1819 702 1856 non
755 1802 983 1857 videtur
1037 1801 1444 1874 improbabile,
1504 1802 1783 1872 quoniam
1827 1816 1895 1855 ex
1935 1799 1965 1873 §
2011 1800 2079 1854 15
2135 1805 2383 1871 constat,
2439 1817 2574 1858 eum
2634 1802 2705 1858 ab
2759 1800 2985 1858 itineris
3038 1799 3320 1858 molestiis
3376 1815 3617 1872 prorsus
3663 1814 3778 1854 non

375 1891 755 1950 abstinuisse.

1638 1986 1667 2053 ε
1697 1981 1893 2038 XVIII.
1928 1982 2004 2038 De
2040 1982 2314 2039 Melitonis
2341 1985 2532 2040 morte.

439 2074 695 2131 Tandem
730 2091 1043 2132 commune
1096 2074 1368 2132 omnibus
1401 2073 1513 2129 iter
1542 2089 1694 2129 anno
1752 2072 1984 2127 circiter
2040 2073 2142 2128 175
2175 2089 2486 2144 aggressus
2541 2077 2652 2140 est,
2701 2073 3044 2146 cunctisque
3105 2071 3433 2139 calcandas,
3466 2075 3524 2128 et
3566 2088 3634 2127 ex
3668 2071 3776 2128 hac

367 2165 439 2221 ad
492 2165 732 2222 alteram
781 2167 945 2223 vitam
1002 2167 1282 2222 ducentes
1332 2164 1574 2222 semitas
1622 2179 1855 2235 quoque
1910 2161 2175 2219 calcavit.
2223 2166 2294 2217 At
2344 2179 2478 2219 vero
2538 2163 2870 2221 Melitonem
2917 2165 3071 2222 circa
3128 2164 3236 2220 hoc
3287 2164 3483 2235 ipsum
3541 2168 3775 2236 tempus

363 2255 598 2324 obiisse,
631 2255 740 2311 hoc
789 2262 879 2312 est
925 2258 1079 2328 quod
1129 2256 1274 2311 mihi
1335 2254 1681 2327 persuadet:
1719 2254 1798 2307 Ex
1831 2253 2074 2323 Epistola
2107 2251 2422 2322 Polycratis
2453 2253 2523 2309 ad
2560 2254 2820 2310 Victorem
2851 2255 2965 2327 (60)
2995 2254 3200 2326 liquet,
3253 2269 3384 2308 eum
3420 2253 3765 2309 defunctum

356 2345 557 2409 fuisse,
593 2362 720 2401 cum
755 2346 874 2402 hrec
904 2345 1300 2402 controversia
1325 2346 1396 2399 de
1429 2343 1708 2399 Paschate
1743 2348 2087 2410 moveretur,
2121 2347 2179 2397 et
2211 2359 2324 2397 non
2376 2343 2556 2399 multo
2580 2347 2713 2400 ante
2753 2350 3055 2400 mortuum
3097 2343 3280 2400 fuisse
3311 2343 3446 2399 inde
3476 2342 3765 2398 concludo

358 2436 512 2504 quod
549 2435 872 2508 Polycrates
893 2437 1236 2491 illustriores
1267 2436 1532 2490 doctores
1559 2431 1944 2488 Ecclesiarum
1974 2430 2366 2488 Asiaticarum
2391 2449 2702 2490 recensens
2732 2433 3067 2491 Melitenam
3101 2434 3306 2489 ultimo
3331 2435 3456 2490 loco
3493 2433 3760 2499 collocet,

363 2524 580 2580 indicio
612 2542 746 2582 eum
783 2527 1061 2582 ultimum
1093 2525 1331 2590 obiisse,
1367 2540 1472 2579 nec
1505 2527 1636 2595 post
1659 2539 1793 2578 eum
1828 2521 1972 2576 alios
1992 2520 2151 2577 fama
2183 2523 2239 2577 in
2273 2521 2530 2578 Ecclesia
2557 2523 2814 2580 celebres
2846 2525 3080 2580 obiisse.
3118 2525 3223 2580 Per
3253 2522 3571 2579 multorum
3602 2541 3772 2594 porro

362 2614 645 2671 librorum
685 2623 887 2672 auctor
910 2617 1015 2672 fuit
1046 2615 1254 2683 Melito,
1293 2615 1552 2685 adeoque
1585 2629 1700 2668 non
1732 2611 1902 2667 facile
1933 2629 1965 2667 a
1996 2611 2162 2668 libris
2210 2613 2538 2669 scribendis
2589 2615 2829 2686 quievit.
2864 2615 3088 2672 Iudicat
3115 2620 3310 2670 tamen
3343 2613 3630 2670 Eusebius
3656 2612 3766 2683 (61)

358 2706 677 2776 Apotogiam
705 2708 834 2778 ejus
862 2705 1134 2762 ultimum
1167 2722 1315 2776 opus
1341 2705 1521 2759 fuisse
1559 2703 1716 2774 quod
1743 2701 2066 2770 scripserit.
2099 2701 2242 2756 Nam
2277 2702 2496 2757 caeteris
2530 2705 2852 2771 recensitis,
2879 2703 2965 2757 ἐπὶ
2995 2707 3146 2761 πᾶσι.
3179 2703 3388 2775 inquit,
3423 2704 3766 2774 Apotogiam.

361 2794 562 2864 Itaque
593 2796 822 2851 circiter
851 2796 1254 2867 quinquennio
1279 2793 1628 2865 priusquam
1656 2792 1788 2846 lites
1819 2791 1890 2846 de
1918 2790 2202 2846 Paschate
2228 2791 2381 2847 inter
2406 2792 2689 2849 Victorem
2715 2800 2771 2849 et
2801 2794 3158 2866 Polycratem
3187 2793 3395 2848 iterum
3430 2797 3763 2862 agerentur,

361 2892 630 2941 mortuus
663 2885 793 2942 fuit.
826 2887 1104 2940 Sardibus
1136 2902 1166 2940 e
1195 2885 1314 2939 vita
1345 2882 1637 2949 discessit,
1669 2886 1846 2952 atque
1883 2880 2097 2936 ibidem
2149 2886 2314 2936 terras
2367 2899 2602 2953 quoque
2651 2886 2962 2941 mandatus
3023 2883 3148 2938 fuit.
3208 2880 3267 2937 Τί
3328 2879 3387 2935 δὲ
3435 2877 3518 2935 δεῖ
3561 2879 3760 2951 λέγειν,

359 2972 440 3027 ait
497 2975 827 3045 Polycrates
877 2975 1010 3046 (62),
1070 2969 1358 3027 Μελίτωνα
1408 2972 1501 3024 τὸν
1555 2969 1837 3044 εὐνοῦχον,
1894 2968 1982 3022 τὸν

2134 2967 2271 3042 ἁγίῳ
2329 2968 2602 3042 ῙΙνεύματι
2659 2971 2828 3026 πάντα
2880 2969 3362 3044 πολιτευσάμενοψ
3407 2969 3464 3032 ὅς
3502 2975 3676 3025 κεῖται
3707 2969 3757 3024 ἐν

361 3059 611 3136 Σάρδεσι,
644 3061 948 3138 περιμένων
975 3063 1075 3132 τήν
1106 3062 1210 3116 ἀπὸ
1240 3064 1336 3114 τοῦ
1368 3059 1597 3136 οὖρανοῦ
1620 3057 1942 3128 ὲπισκοπήν,
1977 3083 1984 3109 ε

2138 3111 2139 3115 η
2169 3061 2457 3116 Sardibus
2479 3063 2628 3118 situs
2659 3069 2769 3129 est,
2802 3064 3033 3120 Domini
3064 3065 3134 3119 de
3155 3062 3315 3118 ccelis
3345 3062 3761 3128 visitationem,

356 3153 414 3208 in
447 3171 562 3225 qua
593 3165 1025 3210 resurrecturus
1058 3161 1165 3222 est,
1197 3158 1563 3224 exspectans.
1599 3172 1627 3200 »
1657 3150 1797 3205 Utut
1856 3150 2127 3222 martyris
2186 3167 2400 3206 corona
2450 3151 2695 3208 minime
2724 3153 2977 3210 donatus
3018 3153 3190 3209 fuerit
3228 3154 3359 3223 (63),
3393 3153 3520 3222 ejus
3567 3157 3762 3208 tamen

356 3244 568 3299 natalis
602 3244 661 3299 in
696 3261 892 3300 sacros
933 3243 1198 3301 Ecclesia
1239 3243 1419 3299 fastos
1448 3242 1558 3298 fuit
1587 3240 1805 3297 relatus
1837 3248 1890 3296 et
1935 3255 2092 3297 nunc
2123 3241 2476 3312 quibusdam
2523 3243 2580 3297 in
2613 3242 3039 3315 Martyrologiis
3069 3243 3214 3315 ipsis
3246 3241 3514 3299 Kalendis
3542 3240 3765 3314 Aprilis

350 3335 458 3404 (64)
484 3335 773 3408 ascriptus
796 3334 1274 3407 deprehenditur.
1320 3335 1448 3390 llaec
1480 3334 1550 3389 de
1580 3336 1700 3388 vita
1730 3336 1791 3387 et
1821 3330 2139 3388 virtutibus
2169 3330 2326 3387 beati
2358 3330 2651 3389 Melitonis
2685 3332 2840 3389 dicta
2869 3333 3191 3390 sufﬁciant.

2019 3505 2091 3518 ﬂ

2026 3613 2105 3696 II

1455 3789 1547 3844 DE
1587 3786 1909 3843 SCRIPTIS
1949 3783 2212 3840 SANCTI
2252 3777 2648 3839 MELITONIS.

1888 3914 2229 3973 Institutum.

426 4037 678 4106 Cmptam
711 4042 842 4091 ante
872 4052 1057 4091 annos
1089 4034 1313 4108 aliquot
1344 4037 1414 4093 de
1443 4037 1728 4113 Melitone,
1781 4044 2049 4103 Sardium
2081 4047 2140 4102 in
2189 4046 2328 4102 Asia
2355 4045 2652 4118 episcopo,
2703 4043 2882 4099 telam
2923 4043 3036 4100 hac
3085 4041 3399 4115 scriptione
3451 4046 3750 4116 pertexere

357 4127 530 4196 atque
552 4126 893 4182 continuare
917 4126 1295 4183 constitutum
1329 4126 1532 4186 habeo.
1573 4131 1874 4203 Superiori
1915 4135 1985 4191 de
2022 4137 2129 4194 hoc
2155 4146 2502 4208 argumento
2536 4134 2901 4191 meletemate
2934 4135 3002 4190 de
3033 4136 3152 4190 vita
3186 4133 3476 4190 Melitonis
3508 4135 3756 4207 ejusque

355 4209 413 4264 in
446 4211 762 4268 Ecclesium
798 4213 1020 4270 meritis
1051 4215 1287 4285 exposui
1316 4231 1330 4282 ;
1360 4231 1610 4288 magnus
1634 4219 1979 4291 scriptorum
1999 4227 2070 4280 ab
2093 4227 2297 4282 eodem
2323 4232 2693 4282 exaratorum
2719 4241 3004 4280 numerus
3036 4240 3225 4280 meam
3249 4241 3407 4280 nunc
3439 4225 3757 4281 merebitur

355 4299 743 4370 diligentiam,
776 4303 1066 4374 ltujusque
1104 4303 1534 4374 scriptiunculaa
1552 4309 1863 4368 constituet
1891 4321 2325 4386 argumentum.
2359 4317 2521 4383 Quod
2555 4333 2626 4372 ne
2657 4332 2897 4388 prorsus
2928 4313 3230 4386 displiceat
3261 4314 3622 4383 institutum,
3655 4316 3757 4371 be-

351 4390 620 4444 nevolum
651 4390 927 4448 lectorem
962 4395 1244 4464 majorem
1276 4394 1332 4449 in
1367 4398 1605 4452 modum
1640 4416 1842 4470 precor
1868 4408 2043 4476 atque
2073 4407 2354 4472 obtestor,
2389 4423 2490 4478 spe
2522 4405 2723 4477 fretus,
2759 4423 2851 4461 me
2879 4407 2964 4461 vel
2999 4405 3057 4460 in
3091 4421 3155 4460 eo
3188 4405 3258 4460 de
3291 4405 3478 4461 favore
3506 4406 3756 4463 erudito-

351 4495 478 4534 rum
507 4495 684 4536 sacrae
712 4481 1077 4553 antiquitatis
1106 4483 1505 4554 indagatorum
1537 4505 1651 4544 non
1684 4489 1837 4547 male
1868 4496 2212 4554 meriturum
2245 4513 2395 4567 esse,
2419 4497 2469 4553 si
2498 4495 2559 4552 in
2592 4495 2936 4568 colligendis
2973 4495 3232 4567 undique
3261 4496 3367 4550 viri
3399 4495 3576 4567 hujus
3605 4513 3750 4553 san-

352 4661 564 4754 §c\ali'g.
606 4663 1361 4754 ἑφθὴν
1415 4676 1462 4728 Ι.
1518 4674 1670 4754 ΡΟᾼ.
1720 4678 1975 4734 ΚΛΛΡΟΣ

2127 4695 2232 4750 res,
2283 4695 2512 4736 comma
2551 4679 2599 4736 si
2650 4679 2707 4735 S.
2761 4679 2998 4736 Méliton
3041 4680 3236 4737 l’avait
3291 4683 3593 4754 présentée
3633 4680 3746 4738 lui-

351 4735 442 4814 To
493 4733 741 4814 B,!__KAIA
781 4735 1139 4814 asseres.
1187 4738 1440 4814 Μελίτων
1499 4743 1810 4814 Σαρδιανῶν
1863 4733 1992 4812 'am
2105 4733 2376 4807 merkel};

348 4812 446 4873 τῆς
480 4801 933 4900 Λ-υδίμςιριϐλίον
987 4808 1315 4886 Ἀπολογίας
1354 4801 1647 4890 Ἀντονίῦῳ
1694 4801 1824 4897 ὑπὲρ

1984 4801 1992 4863 ί
2106 4801 2479 4900 mhi—(iniam
2506 4823 2714 4900 Euseb.
2740 4823 2878 4900 Hist.
2913 4825 3101 4881 eccles.
3136 4824 3323 4900 librv,
3359 4843 3484 4900 cap.
3517 4827 3607 4900 24.

348 4877 900 4936 στιανῶνέπέδωκεν.
1208 4877 1218 4886 ’
1619 4877 1630 4890 ’
1797 4877 1805 4897 ³
1904 4877 1913 4896 ⁸

424 4953 527 4969 η.-.
843 4955 852 4969 .
1363 4959 1426 4969 Α-

2167 4877 2281 4967 (61)
2315 4877 2543 4950 ἠέλιονῖ
2559 4877 2882 4969 “genus:
2919 4877 3016 4951 Iv:
3031 4877 3044 4880 ⁷
3057 4877 3210 4969 ἐξιρἶ
3225 4877 3323 4966 Ξόξ
3363 4877 3710 4954 iisetiam
3725 4929 3743 4942 ε

419 4953 531 5096 (55)
567 4955 933 5039 [Νεμέσεια.
967 4953 1066 5013 lib.
1095 4973 1172 5039 ιγ,
1206 4974 1332 5042 cap.
1361 4959 1449 5042 26_.
2096 4953 2352 5038 ny‘mXDc
2379 4966 2696 5035 scriptorib.
2731 4983 2857 5039 cap.
2893 4969 2985 5025 24.

439 5027 530 5096 56)
580 5026 638 5081 In
670 5029 931 5083 Dtssertat
962 5029 1339 5096 Cyprwnzczs,
1388 5033 1533 5088 diss.
1570 5035 1657 5096 ll.
1692 5052 1820 5096 pag.
1854 5037 1981 5095 264.
2165 5039 2278 5096 (6'2)
2308 5039 2470 5096 Apud
2504 5039 2717 5093 Euseb.
2757 5039 2794 5096 I.
2830 5057 2880 5096 c.
2914 5045 2971 5095 et

560 5026 931 5114 ninnl'lt'sscrtut
962 5026 1339 5114 Cyprianicis,
1388 5033 1657 5114 diss._1_l,
1692 5052 1820 5114 pagg.
1854 5037 1981 5095 264.
2139 5026 2278 5114 '(62)
2308 5026 2730 5114 Apud'Euscb.
2757 5026 2896 5114 I.:c._
2914 5045 2971 5095 et
3011 5041 3164 5110 apud
3208 5041 3440 5099 Hieron.
3487 5059 3614 5114 cap.
3647 5043 3738 5100 24.

412 5100 522 5240 (57)
557 5098 767 5154 Critica
797 5101 854 5154 in
888 5098 1095 5184 Baron.
1130 5108 1270 5158 tom.
1307 5103 1347 5168 I,
1383 5120 1515 5175 pag.
1541 5107 1661 5173 178,
1749 5098 1802 5166 3v.
2163 5098 2273 5180 (63)
2307 5098 2420 5165 Hoc
2442 5127 2510 5165 ex
2541 5111 2771 5166 silentio
2807 5098 3101 5184 Polycarpi
3132 5115 3288 5182 apud
3336 5098 3640 5171 Eusebfll.
3676 5098 3736 5168 E.

433 5172 523 5239 58)
548 5170 606 5224 In
641 5173 844 5226 Adnot.
877 5172 946 5227 ad
981 5176 1176 5228 hmeb.
1214 5190 1344 5240 pag.
1375 5176 1465 5229 73.
2089 5180 2192 5236 lib.
2226 5198 2279 5240 ν.
2317 5198 2441 5240 can.
2475 5185 2564 5240 26.
2601 5182 2861 5240 probavit
2888 5183 3295 5240 'l‘illemontius
3319 5187 3488 5240 citato
3519 5186 3660 5240 loco.

548 5170 612 5256 In
641 5173 844 5256 Adnct.
877 5172 1176 5256 ati'h'uaeb.
1214 5190 1344 5245 pag.
1375 5170 1489 5229 73:
1533 5249 1542 5256 _
1631 5170 1657 5256 ς
1809 5253 1818 5256 Α
1913 5255 1919 5256 γ

2089 5170 2279 5256 lib'._v',
2317 5198 2441 5251 cap.
2475 5170 3295 5256 26,_probavitr'fillemontius
3319 5187 3488 5241 citato
3519 5170 3659 5242 loco.

413 5242 524 5328 (59)
578 5244 729 5328 pana
766 5242 839 5298 les
894 5242 1354 5328 illam-atres'four
1395 5249 1575 5302 scrvir
1616 5252 1650 5304 ἁ
1702 5250 1982 5328 l'Hialoir-e
2092 5325 2130 5328 __
2160 5242 2274 5328 (64)
2317 5242 2408 5308 Sic
2436 5257 2516 5328 _in
2552 5242 2890 5328 'Maurolyci
2923 5256 3335 5326 Marigrologz’n,
3396 5258 3738 5328 perhibente

336 5316 732 5399 ecc_l_é_sa.§tique
781 5331 908 5399 pag.
943 5317 1081 5399 441:
1118 5339 1144 5365 «
1178 5318 1219 5399 Il
1249 5335 1523 5399 composa
1555 5338 1665 5399 une
1696 5325 1973 5399 apologis,
2092 5316 2392 5393 llallo'ixio,
2429 5326 2642 5399 factum
2701 5316 2848 5399 fuit';
2902 5327 2986 5382 sic
3019 5316 3251 5399 quoque
3304 5316 3359 5382 in
3395 5316 3541 5385 ﬁctis
3597 5347 3738 5386 san-

337 5387 476 5472 qu’il
510 5388 1208 5472 ad'ressa_(1rpoaacptbvr,os)
1248 5395 1280 5442 ὲ,
1323 5387 1666 5472 Ill.'_Au_rele.
1705 5387 1976 5472 l.a_C[t:roé
2085 5401 2317 5472 clarum,
2350 5387 2490 5472 etin
2531 5398 2775 5472 Ferrarii
2819 5387 3078 5472 Catalag'o
3102 5387 3453 5472 scriptorum,
3487 5402 3586 5472 qui
3621 5420 3734 5459 non

333 5457 816 5546 utque-dLEu‘r-‘ebge
845 5457 1197 5546 ise‘serthd‘u'
1225 5468 1348 5546 met
1393 5464 1462 5517 de
1493 5465 1736 5546 donner,
1770 5464 1975 5546 ξπὲδῳ-
2085 5473 2222 5546 sunt
2280 5457 2337 5546 in
2369 5468 2756 5540 Martyrologio
2815 5457 3075 5537 Roma-ub,
3131 5457 3226 5526 ad.
3263 5473 3415 5528 diem
3442 5457 3734 5546 '1.Aprilis_

295 5546 299 5550 <
332 5543 475 5610 atavi.
497 5533 554 5580 et
575 5529 632 5610 S_.
663 5531 894 5586 Jéréme
916 5529 971 5610 la
993 5531 1259 5610 suit_tan_t
1281 5536 1430 5610 dans
1450 5552 1532 5610 _sa
1551 5529 1876 5610 tradu'clion
1903 5541 1974 5595 de
2083 5544 2210 5610 ejus
2244 5540 2359 5597 vita
2391 5529 2748 5601 rece'nsetur.

332 5594 391 5648 Ia
415 5596 746 5669 Chronique,
786 5617 897 5667 que
933 5603 1083 5659 dans
1124 5603 1177 5659 le
1218 5605 1396 5660 Traiw
1426 5606 1515 5662 de:
1543 5607 1784 5665 hommes
1823 5594 1972 5667 illus;
