4110 6150
376 319 540 423 i185
1215 355 1565 418 NOTITIA.
1611 386 1691 402 -
1731 353 1786 418 It
1830 353 1930 415 DE
1973 351 2328 416 SCRIPTIS
2369 351 2430 414 s.
2479 353 2931 417 MELITONIS.
3643 362 3798 424 uss

377 485 636 551 etissimi
663 490 1004 561 fragmentis
1037 488 1278 548 sedulus
1306 489 1549 563 insuper
1579 490 1761 562 fuero,
1788 489 1954 562 sique
1985 486 2264 545 nonnulla
2287 503 2486 546 eorum
2517 488 2671 563 typis
2701 489 2892 547 adhuc
2922 490 3182 547 nondum
3208 492 3498 567 exscripta
3518 492 3577 551 in
3599 493 3790 553 lucem

372 584 674 659 publicam
707 588 1068 656 protraxero.

1081 701 1108 770 §
1135 698 1174 754 Ι.
1202 699 1389 758 Melita
1419 700 1598 755 multa
1633 699 1848 772 scripsit
1881 698 2117 755 erudite.
2157 700 2227 755 De
2255 699 2374 772 ejus
2395 699 2706 756 eruditione
2736 701 3077 758 testimonia.

374 829 528 887 Bene
553 832 610 885 et
640 827 932 899 sapienter
963 826 1130 894 dixit,
1153 825 1252 898 qui
1273 825 1436 895 dixit,
1470 826 1863 884 eruditionem
1903 843 2008 882 nec
2032 827 2245 897 jactari
2276 827 2505 898 debere,
2535 845 2639 885 nec
2670 829 2951 886 abscondi
2991 830 3105 904 (65)
3131 851 3144 900 ;
3187 833 3595 908 poeticumque
3623 833 3789 903 illud,

1428 956 1445 972 .
1489 956 1506 972 .
1547 959 1564 975 .
1609 956 1622 972 .
1664 917 1798 972 bene
1827 917 1926 987 qui
1954 917 2142 986 latuit,
2177 916 2305 974 bene
2335 919 2502 989 vixit,
2546 959 2561 974 .
2607 959 2621 974 .
2665 961 2682 975 .
2727 961 2742 975 .

2516 1011 2681 1064 Ονιο.
2707 1009 2866 1065 Trisl.
2902 1025 2989 1078 ιιι,
3015 1011 3104 1066 25.

369 1101 502 1158 illos
523 1099 931 1157 tantummodo
965 1099 1403 1170 potestjuvare,
1437 1097 1651 1168 quibus
1672 1096 1972 1152 tenuitatis
2002 1113 2121 1155 suae
2145 1097 2503 1153 conscientia
2536 1099 2717 1153 altum
2747 1115 2978 1170 semper
3009 1101 3066 1156 in
3091 1101 3476 1158 litteratorum
3511 1104 3786 1161 societate

367 1191 618 1264 imponit
649 1189 967 1246 silentium.
999 1189 1114 1244 Nec
1145 1205 1310 1244 suam
1347 1187 1736 1244 eruditionem
1767 1188 1976 1244 beatus
2003 1187 2197 1243 Melito
2229 1189 2622 1257 abscondidit,
2651 1206 2851 1245 verum
2875 1189 3126 1261 egregiis
3157 1189 3376 1262 ingenii
3396 1191 3610 1246 fetibus
3631 1209 3787 1247 eam-

366 1283 499 1337 dem
534 1284 780 1337 teslatus
798 1284 908 1344 est,
941 1283 997 1334 et
1015 1280 1083 1333 ad
1119 1277 1513 1350 posteritatem
1550 1277 2013 1348 propagavitita,
2040 1277 2178 1332 utin
2213 1294 2279 1333 eo
2309 1295 2538 1350 quoque
2564 1280 2816 1335 nominis
2846 1278 3778 1351 suinunquamintermorituram

364 1373 479 1429 sibi
509 1371 708 1426 fecerit
738 1369 1160 1439 celebritatem,
1193 1369 1348 1440 quod
1383 1385 1415 1422 a
1446 1367 1774 1424 scribendis
1805 1367 1972 1423 libris
2004 1385 2117 1423 non
2151 1368 2517 1425 abstinuerit.
2555 1370 2691 1426 Utut
2721 1370 2876 1425 enim
2911 1385 3088 1440 quam
3128 1368 3419 1439 plurimis,
3465 1386 3596 1438 quas
3637 1388 3781 1440 pra:-

366 1461 554 1518 sulem
596 1459 866 1516 Ecclesia:
902 1460 1106 1514 decent
1127 1459 1274 1514 bene
1298 1463 1638 1524 merentem,
1665 1473 1982 1530 oppressus
2005 1462 2128 1512 erat
2149 1459 2663 1528 occupationibus,
2703 1476 2736 1514 a
2768 1459 3189 1530 componendis
3221 1463 3412 1514 tamen
3445 1463 3618 1530 atque
3651 1477 3784 1530 per-

370 1553 665 1626 potiendis
691 1552 870 1607 variis
904 1551 1089 1622 frugis
1120 1549 1350 1621 optimae
1373 1548 1538 1605 libris
1569 1549 1833 1605 animum
1867 1552 2196 1621 manusque
2242 1567 2544 1622 nunquam
2601 1550 2890 1621 cohibuit,
2931 1551 3072 1622 quin
3133 1549 3352 1622 potius,
3412 1550 3780 1622 amplissimo

367 1661 568 1701 eorum
602 1658 871 1710 numero,
913 1640 1106 1696 locum
1140 1640 1252 1696 sibi
1285 1639 1419 1696 fecit
1448 1639 1602 1696 inter
1628 1639 2020 1712 polygraphos
2057 1657 2244 1712 usque
2272 1641 2416 1696 adeo
2461 1641 2798 1712 scriptores.
2859 1639 3291 1712 Polygraplium
3350 1639 3584 1711 quidem
3641 1640 3778 1708 dici,

365 1733 521 1790 haud
556 1748 770 1804 magna
800 1745 1030 1802 semper
1055 1728 1185 1786 laus
1215 1732 1324 1797 est,
1349 1745 1454 1784 nec
1485 1745 1600 1800 quo
1622 1729 1754 1801 quis
1786 1730 1984 1801 plures
2005 1731 2463 1801 grandioresque
2485 1730 2667 1785 libros
2699 1729 2982 1797 condidit,
3007 1744 3071 1784 eo
3090 1729 3392 1796 eruditior,
3416 1729 3776 1801 reliquisque

364 1823 734 1898 praestantior
765 1837 992 1893 semper
1014 1824 1103 1875 est
1124 1821 1494 1882 censendus:
1524 1820 1676 1875 haud
1705 1821 1876 1891 pauci
1910 1821 2087 1890 enim,
2119 1837 2233 1892 quo
2268 1825 2427 1876 tenet
2448 1820 2772 1876 insanabile
2803 1819 3092 1875 scribendi
3127 1817 3454 1884 cacoethes,
3489 1817 3617 1889 ipsa
3639 1834 3779 1889 ope—

364 1933 496 1971 rum
530 1929 770 1970 suorum
805 1911 1207 1984 magnitudine
1242 1910 1391 1966 ﬁunt
1423 1909 1700 1966 minores.
1747 1908 1942 1964 Prima
1973 1909 2154 1981 igitur
2185 1909 2472 1981 unicaque
2503 1909 2793 1965 Melitonis
2825 1909 2952 1964 laus
2980 1908 3099 1962 haec
3147 1907 3392 1961 minime
3422 1911 3568 1974 esto,
3620 1907 3775 1978 quod

362 2005 683 2063 multorum
718 2003 1132 2060 tantummodo
1165 2001 1444 2056 librorum
1469 2003 1672 2055 auctor
1692 1999 2014 2068 exstiterit;
2045 1999 2146 2055 sed
2180 1999 2288 2054 hoc
2321 2001 2515 2071 potius
2543 2000 2600 2054 in
2633 1999 2909 2055 honorem
2943 1999 3071 2069 ejus
3092 2001 3312 2069 vergat,
3345 1998 3498 2068 quod
3521 1997 3783 2054 elabora-

356 2096 727 2152 tissimorum
760 2094 1104 2166 scriptorum
1133 2105 1376 2147 suorum
1408 2091 1578 2162 copia
1610 2088 1986 2162 polygraphis
2009 2089 2398 2145 eruditissimi
2420 2088 2643 2162 ingenii
2673 2088 3292 2154 debeatadnumerari,
3327 2087 3428 2158 qui
3453 2086 3773 2145 multorum

357 2186 724 2244 voluminum
752 2184 1148 2258 publicatione
1181 2182 1421 2237 nomina
1451 2197 1559 2236 sua
1590 2180 1970 2235 reddiderunt
2001 2178 2272 2236 illustria.
2307 2179 2370 2235 In
2403 2196 2470 2235 eo
2517 2180 2675 2236 enim
2718 2180 2865 2235 mire
2918 2179 3297 2235 consentiunt
3342 2193 3569 2245 omnes,
3630 2195 3776 2250 quos

359 2280 576 2351 prisca,
604 2293 751 2348 quos
787 2273 979 2330 media
1011 2272 1144 2328 tulit
1175 2277 1336 2342 artas,
1370 2271 1706 2345 scriptores,
1739 2275 1796 2328 et
1825 2287 1942 2326 uno
1975 2270 2145 2344 quasi
2168 2286 2268 2327 ore
2296 2271 2670 2341 conﬁtentur,
2703 2270 3058 2337 Melitonem,
3114 2269 3187 2324 ob
3238 2268 3524 2338 insignem
3575 2269 3773 2325 erudi-

355 2368 575 2423 tionem
622 2371 678 2422 et
708 2365 1074 2437 egregiorum
1107 2361 1458 2434 scriptorum
1491 2360 1738 2433 cepiam,
1776 2361 1896 2416 suis
1927 2360 2288 2431 temporibus
2320 2377 2505 2415 unum
2536 2361 2800 2416 omnium
2836 2361 3088 2415 maxime
3118 2359 3411 2414 exstitisse
3462 2358 3769 2428 celebrem,

355 2466 684 2539 Polycrates
712 2465 852 2536 (66),
882 2462 1096 2535 Ephesi
1125 2461 1459 2534 episcopus,
1495 2461 1553 2515 in
1587 2478 1695 2516 sua
1725 2461 1792 2516 ad
1827 2459 2114 2516 Victorem
2139 2458 2386 2530 epistola
2417 2459 2693 2530 synodica
2724 2457 3376 2515 honorificentissimam
3402 2459 3532 2529 ejus
3566 2459 3771 2530 injecit

355 2557 736 2620 mentionem,
769 2553 1160 2624 eamdemque
1188 2553 1338 2606 inter
1369 2550 1660 2621 principes
1688 2549 1872 2604 totius
1905 2549 2052 2604 Asiae
2085 2550 2318 2621 ingenio
2351 2549 2734 2620 doctrinaque
2763 2549 2918 2604 viros
2950 2550 3299 2605 numeravit.
3335 2549 3604 2605 Bullinus
3627 2549 3768 2624 (67).

358 2647 754 2719 fragmentum
787 2659 855 2698 ex
893 2642 1019 2713 ejus
1050 2641 1314 2713 Apologia
1343 2639 1610 2706 aﬂ'erens,
1644 2660 1672 2689 «
1698 2639 1818 2694 haec
1841 2644 1897 2694 et
1939 2637 2121 2693 multa
2162 2639 2277 2693 alia
2307 2639 2579 2693 nobiliter
2635 2641 2708 2694 ab
2761 2655 2827 2694 eo
2876 2639 3090 2710 scripta
3142 2640 3345 2704 fuisse,
3372 2660 3401 2688 »
3440 2640 3769 2712 subjungit.

361 2735 648 2793 Eusebius
676 2734 811 2806 (68),
845 2741 1045 2787 contra
1069 2737 1439 2787 Artemonem
1468 2735 1522 2785 et
1553 2729 1798 2785 Paulum
1827 2734 2295 2784 Samosatensem
2324 2729 2478 2784 edita
2510 2729 2727 2801 scripta
2751 2745 3079 2795 recensens,
3104 2729 3183 2784 ita
3205 2732 3442 2783 tandem
3462 2731 3769 2800 exclamat,

364 2825 447 2880 Τὰ
479 2820 537 2876 δὲ
575 2821 876 2896 Εἴρηναίου
913 2839 972 2874 τε
1009 2819 1098 2874 καὶ
1136 2818 1476 2890 Μελίτωνος,
1514 2819 1603 2874 καὶ
1644 2822 1752 2873 τῶν
1777 2818 1987 2874 λοιπῶν

2152 2818 2337 2896 ἀγνοεῖ
2377 2814 2570 2892 βιϐλία
2610 2836 2623 2887 ;
2664 2843 2684 2869 ι
2719 2820 2914 2876 [νει]αεί
2951 2836 3082 2876 vero
3114 2824 3172 2875 et
3200 2819 3509 2885 Melitonis,
3538 2826 3771 2876 caetero-

362 2930 607 2985 rumque
638 2912 937 2968 volumina
968 2911 1102 2982 quis
1141 2913 1374 2983 ignorat
1401 2911 1428 2967 ?
1458 2931 1489 2962 »
1521 2911 1681 2966 Idem
1713 2910 2001 2966 Eusebius
2034 2909 2171 2982 (69),
2203 2911 2532 2984 praecipuos
2565 2911 2733 2966 istius
2766 2911 2955 2966 aetatis
2986 2911 3296 2983 scriptores
3341 2910 3768 2968 ecclesiasticos

351 3020 704 3061 enumerans
740 3021 754 3070 ;
782 3002 1113 3057 Melitonem
1147 3017 1379 3073 quoque
1413 3001 1567 3056 inter
1595 3016 1694 3056 cos
1725 3017 1839 3054 non
1872 2999 2124 3066 reticuit,
2158 3000 2257 3054 sed
2285 3000 2362 3053 ita
2393 3001 2504 3056 sub
2534 3001 2708 3055 tinem
2742 2999 2946 3072 capitis
2978 3001 3202 3056 addidit
3237 3000 3363 3057 εὮν
3388 3008 3477 3056 καί
3519 2999 3594 3062 εἰς
3616 3003 3765 3073 ἡμᾶς

347 3100 448 3162 τῆς
489 3089 864 3160 ἀποστολικῆς
903 3085 1252 3164 παράδόσεως
1293 3091 1326 3158 ἡ
1368 3094 1467 3157 τῆς
1509 3087 1693 3164 ὑγιοῦς
1733 3086 1966 3149 πίστεως

2143 3108 2275 3161 super,
2316 3085 2582 3156 κατῆλθεν
2622 3086 2924 3162 ὀρθοδοξὲα,
2967 3113 2996 3141 ‹‹
3029 3108 3280 3163 quorum
3313 3092 3576 3147 omnium
3607 3092 3762 3163 libri,

345 3186 637 3240 sinceram
670 3181 1002 3255 apostolica:
1033 3179 1366 3235 traditionis
1397 3195 1462 3233 ac
1489 3193 1634 3233 verae
1689 3176 1827 3232 fidei
1879 3178 2204 3234 doctrinam
2237 3179 2622 3242 continentes,
2656 3180 2725 3234 ad
2787 3195 2892 3235 nos
2942 3197 3136 3252 .usque
3197 3185 3605 3252 pervenerunt.
3640 3204 3667 3232 ››
3701 3187 3765 3238 Et

349 3275 489 3331 alibi
521 3275 627 3344 (70)
660 3288 674 3328 :
705 3272 830 3327 Ἐπὶ
869 3266 1041 3324 τῶνδε
1079 3267 1169 3322 καὶ
1206 3266 1458 3325 Μελίτων
1498 3273 1598 3336 τῆς
1639 3265 1690 3321 ἐν
1730 3263 1954 3341 Σάρδεσι
1994 3266 2283 3340 παροικίας
2318 3266 2641 3334 ἒπίσκοπος,
2685 3267 3107 3341 ’Δπολλινάριός
3138 3291 3196 3324 τε
3233 3272 3331 3338 τῆς
3374 3269 3427 3324 ἐν
3461 3269 3763 3346 Ἱεραπόλει

343 3360 654 3435 διαπρεπῶς
680 3360 948 3432 ἤκμαζον.
982 3383 1010 3410 ‹‹
1043 3361 1257 3415 Iisdem
1296 3358 1659 3428 temporibus
1679 3357 1870 3412 Μελίῐο
1901 3358 1966 3412 Sa

2139 3375 2221 3413 .us
2242 3364 2299 3414 et
2330 3358 2684 3429 Apollinaris
2717 3359 3186 3432 Hierapolitanus
3218 3361 3499 3432 episcopi,
3527 3379 3762 3419 summa

338 3454 514 3508 laude
553 3453 887 3524 viguerunt.
923 3472 950 3499 ››
983 3448 1341 3504 Tertulliano
1372 3455 1642 3503 ornatum
1671 3447 1795 3518 ejus
1826 3446 2056 3502 dicendi
2085 3449 2492 3517 scribendique
2511 3465 2697 3520 genus
2726 3450 2940 3505 mirum
2974 3451 3033 3505 in
3074 3451 3310 3506 modum
3361 3452 3581 3521 arrisit,
3615 3458 3759 3508 teste

341 3544 691 3614 Hieronymo
725 3542 857 3612 (7i),
882 3540 980 3610 qui
1005 3539 1242 3610 elegans
1274 3538 1401 3607 ejus
1425 3541 1480 3592 et
1503 3537 1983 3591 declamatorium
2012 3536 2312 3609 ingenium
2347 3537 2620 3592 laudasse
2637 3538 3069 3594 Tertullianum
3093 3539 3383 3595 memoria:
3405 3541 3677 3610 prodidit,
3701 3546 3756 3597 et

341 3634 468 3706 ipse
491 3634 559 3688 de
591 3632 860 3689 Melitone
896 3641 1096 3686 nostro
1128 3629 1215 3687 ita
1241 3644 1473 3700 quoque
1503 3626 1644 3684 alibi
1678 3628 1828 3698 (72):
1863 3650 1891 3678 ‹‹
1917 3627 2063 3694 Quid
2104 3627 2311 3700 loquar
2340 3629 2410 3684 de
2471 3628 2763 3698 lllelitone,
2817 3629 3093 3684 Sardensi
3150 3629 3448 3701 episcopo,
3508 3631 3648 3700 quid
3683 3631 3754 3685 de

337 3721 718 3796 Apollinario,
741 3725 876 3787 etc.,
911 3719 1009 3792 qui
1043 3719 1298 3790 origines
1327 3718 1637 3772 hzcresium
1671 3717 2062 3790 singularum,
2095 3722 2152 3773 et
2180 3735 2248 3773 ex
2279 3720 2494 3790 quibus
2520 3720 3000 3792 philosophorum
3036 3720 3296 3774 fontibus
3328 3721 3756 3790 emanaverint,

337 3811 540 3869 multis
571 3810 968 3866 voluminibus
992 3807 1394 3880 eXplicaruut?
1417 3829 1444 3857 ››
1479 3812 1613 3862 Haec
1639 3808 1920 3878 satisjam
1941 3807 2066 3877 jam
2093 3824 2380 3879 superque
2411 3809 2702 3876 evincunt,
2727 3809 3018 3865 Melitonis
3046 3810 3260 3880 scripta
3281 3824 3392 3863 non
3423 3808 3755 3880 proletaria,

335 3903 436 3959 sed
472 3900 686 3958 eximia
715 3916 956 3972 prorsus
984 3899 1181 3964 fuisse,
1210 3898 1599 3969 eumdemque
1633 3898 1781 3952 inter
1813 3901 2048 3952 caeteros
2079 3915 2198 3952 suae
2239 3899 2422 3954 aetatis
2454 3898 2628 3965 viros,
2672 3900 2743 3954 de
2775 3899 3029 3954 Ecclesia
3053 3899 3151 3954 Dei
3182 3904 3240 3953 et
3264 3899 3413 3954 fama
3439 3904 3495 3953 et
3518 3899 3754 3970 scriptis

331 3992 507 4064 longe
538 3989 972 4056 meritissimos,
1007 3988 1256 4043 maxime
1279 3988 1574 4042 exstitisse
1595 3986 1904 4042 celebrem.
1938 3987 2176 4042 Possem
2211 3993 2484 4059 praeterea
2507 3990 2566 4044 in
2599 3990 3168 4045 commendationem
3203 3989 3558 4060 scriptorum
3583 4007 3616 4044 a
3640 3991 3753 4045 Me-

335 4083 516 4138 litone
539 4086 902 4137 exaratorum
924 4079 1065 4135 illud
1095 4095 1329 4150 quoque
1360 4077 1727 4149 Eusebii(73)
1751 4077 2010 4134 curatius
2036 4082 2324 4144 excutere,
2349 4080 2445 4133 ubi
2476 4082 2799 4151 generatim
2826 4081 3119 4136 memoriae
3145 4081 3213 4135 de
3235 4081 3444 4135 iisdem
3472 4081 3746 4151 prodidit,

339 4192 367 4222 «
401 4171 618 4226 Christi
648 4169 1007 4224 divinitatem
1042 4168 1099 4222 in
1135 4167 1342 4222 iisdem
1376 4167 1580 4233 astrui,
1612 4168 2006 4237 eamdemque
2037 4165 2220 4222 Deum
2253 4168 2428 4222 simul
2463 4174 2633 4237 atque
2666 4168 2962 4224 hominem
2991 4171 3286 4238 praedicari
3320 4169 3380 4224 in
3412 4168 3507 4234 iis,
3533 4191 3559 4218 »
3583 4167 3634 4222 ἐν
3663 4171 3750 4230 οἷς

336 4258 501 4315 ἃπασι
547 4256 888 4332 θεολογεῖται
931 4257 958 4310 ὁ
999 4256 1300 4328 Χριστός...
1348 4250 1537 4328 βιϐλία
1567 4256 1695 4310 Θεὸν
1738 4255 1826 4308 καὶ
1866 4253 2151 4330 ἄνθρωπον
2191 4255 2637 4333 καταγγέλλοντα
2677 4258 2768 4311 τὸν
2812 4258 3066 4328 Χριστόν.
3105 4260 3336 4314 Possem
3395 4259 3642 4332 insuper
3675 4261 3747 4314 ad

336 4350 714 4404 Anastasium
750 4349 1036 4404 Sinaitam
1061 4348 1173 4419 (74)
1207 4363 1538 4418 provocare,
1572 4347 1672 4418 qui
1703 4348 1959 4402 eumderr

2124 4368 2138 4398 ν
2176 4346 2268 4400 καὶ
2307 4348 2583 4424 πάνσοφον
2610 4347 2662 4401 ἐν
2689 4344 3062 4416 διδασκάλοις,
3105 4349 3370 4402 divinum
3428 4353 3483 4403 et
3514 4349 3747 4420 sapien-

332 4439 630 4494 tissimum
663 4441 816 4494 inter
846 4439 1132 4503 doctores,
1165 4435 1444 4513 θεόσοφον,
1466 4435 1685 4492 caelesti
1720 4436 2051 4507 cognitione
2082 4437 2481 4504 excellentem,
2509 4443 2754 4494 vocavit.
2779 4441 3017 4494 Possem
3051 4439 3359 4509 Nicephori
3384 4437 3746 4513 aliorumque

330 4528 722 4584 recentiorum
754 4527 814 4583 in
848 4527 1102 4582 medium
1133 4524 1386 4596 proferre
1419 4526 1772 4596 testimonia,
1812 4525 2022 4597 quibus
2053 4527 2286 4594 scriptis
2320 4526 2712 4583 Melitonianis
2744 4528 2994 4600 pretium
3022 4533 3313 4584 statuatur
3344 4528 3499 4584 haud
3535 4529 3670 4588 vile.

547 4652 579 4725 §
611 4653 679 4708 II.
709 4653 1000 4712 Librorum
1031 4669 1070 4708 a
1101 4650 1356 4708 Melitam:
1391 4653 1718 4723 scriptorum
1749 4651 2067 4722 catalogum
2114 4649 2288 4708 multi
2315 4651 2602 4708 dederunt.
2637 4654 2858 4709 Eusebii
2883 4654 3193 4711 earumdem
3223 4654 3524 4725 catalogus.

351 4788 356 4792 ‘
400 4779 509 4834 Sed
544 4779 714 4834 mitto
741 4777 885 4845 haec,
910 4777 1160 4850 noloque
1190 4775 1414 4832 diutius
1433 4774 1494 4830 in
1525 4775 1652 4848 ipso
1680 4776 1877 4832 statim
1896 4775 2098 4832 limine
2130 4776 2370 4846 haerere,
2395 4778 2540 4849 quin
2575 4777 2769 4849 potius
2793 4779 2865 4834 ad
2893 4778 3186 4834 Melitonis
3215 4780 3575 4836 recensenda
3599 4778 3738 4834 scri-

337 4879 436 4941 pta
467 4886 730 4939 propero,
765 4884 1009 4936 quorum
1042 4884 1157 4924 non
1183 4885 1336 4924 unus
1367 4867 1583 4924 alterve
1611 4872 1863 4934 tantum,
1897 4869 1998 4924 sed
2038 4869 2461 4940 quamplurimi
2499 4874 2758 4925 veterum
2818 4875 3084 4925 exactum
3139 4871 3278 4925 dare
3335 4869 3736 4926 allaborarunt

324 4958 682 5031 catalogum.
716 4958 1028 5014 Contexuit
1067 4974 1268 5014 eorum
1301 4957 1626 5014 indiculum
1662 4974 1778 5014 non
1810 4960 1981 5015 modo
2003 4958 2283 5015 Eusebius
2309 4960 2443 5032 (75),
2479 4959 2670 5016 omnis
2704 4960 2956 5015 historiae
2989 4975 3162 5016 sacres
3197 4960 3324 5014 tons
3350 4965 3523 5031 atque
3544 4963 3734 5014 scatu-

394 5139 1151 5216 (6ﬂ5)8enecaepistol_:_19.
1241 5210 1254 5216 _
1776 5211 1833 5216 __

2116 5140 2267 5216 H(_72)
2298 5140 2470 5216 idern
2492 5139 2663 5216 epist.
2695 5140 2786 5209 83,
2818 5143 2944 5195 tom.
2979 5139 3053 5194 IV
3088 5141 3249 5212 0pp.,
3299 5143 3452 5216 part.
3511 5157 3575 5212 ιι,
3629 5140 3733 5199 fol.

392 5213 503 5282 (66)
531 5213 698 5282 Apud
737 5209 944 5266 Euseb.
980 5209 1116 5264 Hist.
1145 5210 1332 5282 eccles.
1364 5209 1468 5264 lib.
1501 5225 1555 5280 ν,
1588 5226 1716 5278 cap.
1771 5211 1862 5266 24.
2078 5212 2203 5280 656,
2247 5209 2385 5267 edit.
2422 5209 2692 5268 Martiae.

395 5281 508 5360 (6:7)
544 5281 762 5360 R’ut'fin.
797 5283 934 5360 Hist.
967 5281 1296 5360 ecc_les._l_i_b.
1333 5299 1413 5347 ιν,
1451 5283 1702 5360 οιιρςὲὃ.
2077 5355 2091 5360 _
2149 5284 2498 5360 (73)_Eu_seb.
2530 5283 2667 5360 Hist.
2701 5284 2887 5340 eccles.
2921 5282 3024 5339 lib.
3075 5300 3127 5352 v,
3161 5299 3285 5356 cap.
3344 5283 3436 5352 28,
3491 5283 3560 5342 de
3611 5302 3727 5360 quo

391 5353 504 5426 (68)
534 5359 745 5410 Euseb.
775 5356 920 5410 Hist.
951 5355 1145 5426 (σειρῇ.
1183 5353 1280 5408 lib.
1315 5371 1367 5418 v,
1403 5369 1530 5425 cap.
1563 5354 1655 5426 28.
2077 5355 2202 5412 loco
2229 5353 2499 5424 pluribus
2531 5356 2704 5412 intra.

396 5423 507 5500 ((39)
539 5429 692 5500 idem
730 5430 874 5500 Hist.
900 5427 1088 5500 eccles.
1123 5425 1226 5500 lib.
1249 5442 1327 5492 1v,
1361 5423 1489 5496 cap;
1519 5425 1632 5500 21.7
1664 5497 1679 5500 Α
1770 5498 1787 5500 _
1893 5497 1908 5500 _
2146 5423 2259 5500 (74)
2292 5429 2633 5483 Anastasius
2666 5429 2720 5481 in
2758 5423 3001 5500 Ὀδηγῷ,
3038 5444 3144 5483 seu
3204 5428 3346 5483 Duce
3375 5427 3485 5486 viae
3532 5428 3728 5485 adver-

337 5511 344 5573 ί
394 5496 504 5573 (70)
538 5497 694 5554 Idem
731 5498 866 5573 Hist.
899 5499 1085 5573 etrcles.
1137 5496 1238 5552 lib.
1303 5513 1555 5573 Iv,7_cap.
1616 5497 1706 5555 26.
1760 5497 1968 5554 Confer
2075 5496 2167 5554 sus
2201 5496 2512 5572 Abephalos,
2548 5516 2676 5572 cap.
2711 5500 2802 5571 t3,
2835 5496 2968 5573 pag.
3004 5501 3132 5570 258,
3165 5501 3308 5558 edit.
3339 5501 3540 5559 Jacob.
3584 5502 3734 5560 Gre-.

317 5569 536 5625 Ruttin.
574 5573 710 5626 Hist.
744 5571 934 5626 eceles.
973 5570 1074 5623 lib.
1119 5585 1197 5638 ιν,
1221 5585 1348 5636 cap.
1374 5569 1466 5624 25.
2076 5573 2235 5627 tseri.

381 5641 494 5713 (71)
529 5645 868 5715 Hieronym.
897 5641 1154 5713 Calalog.
1188 5641 1448 5712 scriptor.
1494 5641 1680 5697 eccles.
1717 5657 1841 5712 cap.
1871 5642 1976 5706 24.,
2145 5645 2264 5716 (75)
2297 5643 2503 5701 Euseb.
2542 5643 2679 5702 Hist.
2712 5644 2896 5702 εει-ιω.
2931 5643 3035 5702 lib.
3069 5662 3145 5714 iv,
3171 5663 3295 5719 cap.
3329 5646 3420 5704 26.
