4110 6150
396 268 555 331 “87
1476 263 1538 327 S.
1585 266 1889 329 MELITO
1932 268 2285 334 SARDIUM
2328 271 2782 339 EPISGOPUS.
3656 286 3816 349 1188

397 405 523 477 rigo
565 423 580 474 ;
614 404 712 460 sed
745 405 802 457 et
830 401 987 456 idem
1021 399 1423 489 praestiterunt
1455 399 1843 473 Hieronymus
1884 402 2018 474 (76),
2050 403 2479 479 Rufﬁnus(77),
2513 409 2802 467 Honorius
2843 413 3396 486 Augustodunensis
3427 417 3562 489 (78),
3633 419 3807 476 Nice-

399 497 621 567 phorus
653 493 789 565 (79),
811 490 1173 545 'l‘ritbemius
1205 488 1342 560 (80),
1375 489 1575 545 Sixtus
1602 491 1879 547 Senensis
1913 493 2046 564 (81),
2082 493 2298 566 aliique
2321 500 2667 555 recentiores
2698 517 2846 572 quos
2877 506 3060 558 taceo.
3118 504 3260 560 Cum
3304 488 3503 562 autem
3550 488 3660 563 isti
3687 509 3806 566 fere

396 612 596 653 omnes
626 610 693 648 ex
726 591 1093 661 Hieronymo,
1117 588 1502 660 Hieronymus
1534 606 1666 644 vero
1696 607 1764 645 ex
1788 591 2029 649 Eusebio
2062 610 2169 648 sua
2200 594 2472 663 habeant,
2502 599 2571 654 ad
2607 601 2886 669 majorem
2917 603 2998 658 rei
3032 605 3503 676 perspicuitatem
3534 607 3664 679 ipsa
3685 610 3805 665 Eu-

395 685 541 743 sebii
573 683 748 738 verba
779 695 1068 751 apponam
1106 695 1119 741 ;
1153 683 1279 732 tum
1313 679 1465 748 quod
1502 679 1582 733 sit
1611 680 2063 752 antiquissimus
2095 685 2359 740 omnium
2392 688 2662 760 scriptor,
2696 692 3048 764 dulciusque
3071 712 3140 750 ex
3163 696 3286 765 ipso
3347 698 3504 753 fonte
3530 700 3810 757 bibantur

392 791 591 848 aqua;
622 778 744 827 tum
763 770 917 843 quod
945 769 1023 824 sit
1052 768 2090 845 locupletissimusexactissimusque
2114 792 2128 841 ;
2148 779 2272 831 tum
2293 777 2693 849 demumideo,
2717 783 2872 853 quod
2898 782 3228 854 catalogum
3245 801 3419 840 suum
3440 801 3507 842 ex
3530 786 3814 857 ipsismet

394 867 684 925 Mclitonis
713 861 902 931 libris,
935 876 1080 932 quos
1115 857 1574 913 instructissima
1606 860 1978 917 Caesariensis
2003 865 2270 921 servabat
2301 867 2679 941 bibliotheca,
2710 873 3028 929 confecisse
3084 874 3370 930 videatur.
3435 877 3807 935 Brevissimis

393 958 636 1030 insuper
665 952 960 1017 indicabo,
1002 948 1222 1020 quibus
1253 948 1310 1002 in
1344 950 1521 1003 rebus
1551 948 1826 1005 differant
1864 951 2096 1024 reliqui,
2128 957 2343 1027 etquid
2379 959 2452 1013 ab
2482 959 2691 1016 iisdem
2724 962 2899 1018 fuerit
2925 968 3252 1035 peccatum.

460 1049 552 1104 Sic
574 1046 756 1119 igitur
786 1041 1071 1099 Eusebius
1103 1054 1117 1094 :
1151 1060 1189 1130 «_
1214 1039 1296 1130 ΕΣ
1326 1037 1493 1130 libris
1521 1039 2049 1130 autemutriusque
2078 1043 2314 1102 illorum
2365 1048 2681 1121 (Mclitonis
2711 1052 2934 1109 scilicet
2988 1054 3279 1122 Sardiani,
3329 1063 3387 1113 et
3442 1057 3809 1130 Apollinaris

391 1133 807 1211 Hierapolitani
838 1130 1140 1204 episcopi),
1175 1126 1257 1196 bi,
1287 1144 1435 1199 quos
1464 1126 1616 1185 infra
1641 1129 2026 1201 subjecimus,
2057 1134 2129 1190 ad
2163 1140 2423 1193 nostram
2455 1140 2719 1197 notitiam
2762 1147 3171 1215 pervenerunt.
3231 1126 3527 1203 Mclitonis
3557 1146 3806 1218 quidem

384 1227 568 1281 sunt:

419 1352 470 1406 1.
506 1348 665 1408 Libri
692 1346 801 1402 (tuo
838 1345 903 1401 de
934 1344 1215 1435 Paschate.
1308 1432 1322 1435 _
1507 1432 1519 1435 _
1605 1432 1614 1435 Δ
1676 1434 1679 1435 ν

1507 1432 1519 1435 _
1605 1432 1614 1435 Α
1676 1434 1679 1435 ν
2176 1355 2225 1407 1.
2261 1351 2344 1408 Τὰ
2376 1355 2505 1428 Περὶ
2538 1358 2636 1408 τοῦ
2668 1356 2886 1435 Πάσχα,
2920 1354 3039 1427 δύο,

415 1443 470 1496 2.
504 1441 738 1496 Dcrecta
760 1435 973 1492 vivendi
994 1434 1204 1490 ratione
1225 1432 1351 1489 etde
1359 1432 1641 1505 prophetis
1663 1434 1806 1491 liber
1822 1453 1986 1495 unus.

1778 1453 1986 1495 runus.
2172 1446 2224 1499 2.
2260 1443 2357 1496 Καὶ
2385 1443 2447 1497 τὸ
2472 1443 2594 1519 περὶ
2626 1432 2932 1517 πολιτήενίας,
2965 1446 3055 1501 xxi
3087 1449 3401 1527 προφητῶν.

417 1530 470 1585 3.
503 1527 658 1583 Alius
690 1526 821 1582 item
848 1525 913 1579 de
935 1523 1195 1579 Ecclesia.
2171 1535 2223 1587 3_
2259 1532 2357 1587 Καὶ
2387 1533 2414 1586 ὁ
2445 1534 2567 1609 περὶ
2602 1535 2954 1606 Ἐκκλησίαῆ

416 1621 470 1675 4.
502 1618 658 1673 Alius
697 1617 761 1671 de
790 1615 880 1669 die
908 1613 1214 1668 Dominz’ca.

2168 1625 2221 1678 4.
2257 1622 2354 1676 Καὶ
2386 1623 2414 1677 6
2445 1623 2567 1698 περὶ
2599 1627 2876 1700 Κυριακῆς
2911 1625 3096 1703 λόγος.

411 1713 465 1767 5.
500 1712 591 1766 Est
618 1716 669 1764 et
698 1706 763 1762 de
790 1708 995 1760 natura
1024 1700 1264 1759 hominis
1294 1701 1437 1757 liber
1465 1716 1628 1757 unus.

2170 1716 2222 1768 5.
2255 1716 2373 1767 Ἔτι
2408 1709 2465 1767 δὲ
2505 1713 2533 1767 6
2565 1714 2688 1787 περὶ
2729 1714 2941 1787 φύσεως
2971 1715 3280 1792 ἀνθρώπου,

413 1802 466 1857 6.
503 1801 565 1854 Et
594 1798 667 1854 de
693 1794 977 1853 creatione
1006 1809 1174 1862 unus,

2168 1803 2221 1855 6.
2256 1799 2360 1856 Καὶ
2391 1802 2418 1855 6
2445 1801 2570 1877 περῖ
2601 1800 2874 1872 πλάσεως,

413 1891 469 1945 7.
506 1889 655 1944 Alius
678 1885 742 1941 de
773 1883 1084 1941 obedientia
1112 1899 1371 1939 sensuum
1397 1883 1560 1953 ﬁdei,

2167 1892 2219 1946 '7.
2250 1888 2347 1942 Καὶ
2379 1889 2406 1942 6
2448 1890 2570 1964 περὶ
2604 1891 2848 1961 ὑπακοῆς
2876 1890 3111 1958 πίστεως
3142 1893 3461 1970 αἱσθηρίων,

413 1982 469 2036 8.
500 1980 778 2034 Przterea
807 1977 856 2029 et
881 1974 1019 2029 liber
1047 1972 1113 2028 de
1134 1974 1324 2029 anima
1351 1983 1405 2030 et
1431 1991 1673 2048 corpore.

2165 1981 2217 2033 8.
2254 1979 2353 2034 Καὶ
2382 1980 2521 2053 πρὸς
2548 1980 2764 2045 τούτοις
2793 1982 2820 2035 ὁ
2857 1982 2982 2055 περὶ
3013 1985 3203 2058 ψυχῆς
3231 1982 3325 2039 καὶ
3355 1985 3633 2059 σώματος.

411 2071 465 2126 9.
499 2071 648 2125 Inter
677 2065 800 2121 illos
827 2069 997 2120 etiam
1025 2066 1143 2119 erat
1173 2062 1237 2119 de
1266 2065 1510 2138 lavacro.

2165 2070 2217 2122 9.
2251 2068 2352 2122 Ἦν
2384 2064 2435 2121 ἐν
2469 2069 2551 2129 οἷς
2581 2068 2673 2122 καὶ
2713 2069 2741 2122 6
2771 2070 2895 2145 περὶ
2951 2069 3207 2146 λουτροῦ,

378 2161 465 2217 10.
497 2160 562 2214 Et
590 2157 656 2212 de
682 2157 914 2211 veritate
943 2153 1109 2221 liber,

2130 2157 2215 2211 10,
2249 2156 2345 2210 Καὶ
2381 2157 2408 2210 ὁ
2440 2158 2564 2229 περὶ
2597 2156 2877 2228 ἀληθείας,

378 2250 465 2305 11.
499 2253 563 2304 Et
583 2247 730 2302 alius
761 2246 827 2299 de
849 2243 1067 2299 conditu
1099 2247 1153 2296 et
1184 2242 1540 2310 generatione
1571 2243 1796 2301 Christi.

2130 2248 2215 2302 11.
2250 2245 2347 2299 Καὶ
2380 2248 2502 2321 περί
2533 2246 2759 2309 κτίσεως
2786 2248 2877 2303 καὶ
2907 2250 3168 2323 γενέσεως
3198 2254 3465 2324 Χριστοῦ.

379 2341 466 2394 12.
497 2340 543 2392 Ε
550 2346 571 2391 ι
603 2336 740 2390 liber
769 2334 887 2405 ejus
917 2330 983 2386 de
1003 2330 1306 2402 prophetia.

2129 2338 2215 2389 12.
2249 2332 2348 2388 Καὶ
2381 2332 2550 2409 λόγος
2579 2335 2746 2391 αὐτοῦ
2774 2338 2900 2410 περὶ
2930 2339 3290 2415 προφητείας.

378 2428 465 2482 13.
491 2427 553 2480 Et
582 2440 726 2479 unus
755 2421 819 2478 de
851 2421 1266 2491 hospitalitate.

2128 2425 2214 2478 13.
2251 2422 2352 2477 Καὶ
2385 2424 2413 2477 6
2444 2424 2568 2497 περὶ
2595 2423 2921 2500 φιλοξενίας,

378 2518 464 2572 14.
491 2516 553 2570 Et
581 2513 729 2568 alius
757 2510 856 2582 qui
886 2509 1068 2564 Clavi:
1096 2508 1444 2566 inscribitur.

1020 2509 1068 2563 is
1096 2508 1444 2566 inscribitur.
2128 2515 2214 2567 14.
2250 2511 2351 2568 Καὶ
2383 2515 2418 2581 ἡ
2451 2511 2639 2575 Κλείς.

376 2607 462 2661 15.
498 2602 627 2659 Alia
658 2601 784 2657 item
805 2601 1009 2670 scripta
1037 2597 1103 2654 de
1130 2598 1367 2665 diabolo,

2126 2603 2212 2658 15.
2247 2601 2351 2657 Καὶ
2388 2601 2456 2657 τὰ
2484 2604 2609 2677 περὶ
2640 2607 2737 2658 τοῦ
2769 2601 3055 2674 διαϐόλου,

370 2696 394 2751 4
406 2697 460 2752 6.
495 2694 556 2749 Et
576 2692 642 2747 de
667 2687 1003 2763 Apocalypsi
1026 2688 1289 2757 Joannis,

2126 2691 2211 2743 16.
2241 2687 2347 2743 Καὶ
2379 2689 2502 2762 περῖ
2531 2695 2633 2758 τῆς
2658 2689 3090 2767 Ἀποκαλύψεως
3119 2694 3399 2765 Ἰωάννου,

374 2786 461 2841 17.
498 2786 559 2840 Et
587 2782 656 2837 de
685 2781 791 2836 Deo
824 2787 1127 2850 corporato.

2127 2780 2213 2833 1'7.
2243 2777 2340 2831 Καὶ
2374 2778 2401 2831 6
2434 2778 2557 2852 περὶ
2584 2777 2902 2853 ἐνσωμάτου
2933 2786 3093 2840 Θεοῦ.

371 2876 461 2932 18.
493 2874 804 2928 Postremus
832 2869 1081 2924 omnium
1119 2874 1195 2923 est
1223 2865 1447 2923 libellus
1476 2867 1547 2923 ad
1575 2868 1935 2924 Antoninum.

2127 2869 2212 2923 18.
2247 2867 2371 2923 Ἐπὶ
2402 2872 2534 2922 πᾶσι
2563 2869 2654 2924 καὶ
2685 2872 2747 2924 τὸ
2777 2873 2914 2946 πρὸς
2946 2874 3264 2930 Ἀντωνῖνον
3302 2871 3600 2952 βιϐλίδιον.

444 2990 685 3059 Quibus,
708 2986 1066 3056 interpositis
1096 2983 1441 3056 fragmentis
1478 2983 1798 3056 nonnullis,
1832 2986 2069 3041 tandem
2093 2984 2205 3040 sub
2236 2985 2413 3040 finem
2442 2986 2651 3058 capitis
2683 2988 3002 3046 adduntur.

372 3109 460 3165 19.
489 3108 879 3178 Excerptorum
916 3102 1050 3158 libri
1075 3117 1194 3157 sex.

2130 3105 2216 3156 19.
2251 3099 2531 3176 Ἐκλογῶν
2564 3099 2618 3173 ἓξ
2644 3098 2857 3178 βιϐλία,

439 3236 558 3291 Ηοο
588 3233 792 3289 ordine
822 3231 1049 3302 hacque
1081 3228 1229 3284 serie
1259 3227 1631 3285 Caesariensis
1652 3227 1945 3284 Mclitonis
1965 3229 2331 3284 enumeravit
2360 3230 2600 3303 scripta,
2628 3248 2897 3302 quorum,
2946 3250 3010 3289 ex
3040 3235 3243 3293 eodem
3276 3254 3513 3310 quoque
3542 3243 3775 3297 auctore

365 3324 688 3393 catalogum
708 3321 868 3377 dedit
899 3318 1219 3375 Halloixius
1247 3318 1381 3391 (82),
1410 3324 1499 3373 ast
1532 3317 2049 3373 valdediversuma
2075 3325 2305 3387 nostro;
2335 3336 2516 3375 unum
2548 3321 2701 3376 enim
2721 3323 2988 3394 etviginti
3024 3331 3311 3396 numerat,
3347 3327 3449 3396 ita,
3477 3333 3539 3384 ut
3561 3346 3770 3401 prorsu

362 3412 642 3480 nesciam,
676 3426 995 3483 quemnam
1027 3408 1358 3464 adhibuerit
1388 3406 1620 3462 Eusebii
1651 3407 1990 3463 editionem.
2026 3406 2234 3463 Valesii
2265 3413 2322 3464 et
2344 3409 2644 3482 Readingii
2686 3410 2830 3466 mihi
2869 3412 2940 3466 ad
2975 3428 3186 3469 manus
3218 3415 3349 3483 fuit,
3413 3433 3446 3471 a
3503 3434 3621 3487 qua
3654 3435 3772 3475 non

366 3503 479 3562 nisi
512 3500 689 3559 semel
725 3499 960 3555 recessi.

1212 3590 1239 3657 §
1272 3588 1373 3644 IIl.
1408 3589 1631 3644 Eusebii
1655 3589 1951 3658 Catalogus
1991 3604 2115 3645 cum
2143 3590 2576 3663 Hieronymiano
2605 3590 2910 3658 canfertur.

429 3717 513 3773 Ab
542 3712 791 3771 Eusebio
821 3710 881 3766 in
915 3707 1113 3783 paucis
1144 3709 1406 3764 diversus
1437 3711 1529 3764 est
1566 3707 1975 3780 Hieronymus.
2008 3707 2322 3779 Apotogiam
2343 3705 2504 3762 enim
2535 3705 2721 3779 primo
2753 3705 2877 3763 loco
2909 3707 3220 3777 recensuit,
3253 3723 3431 3780 quam
3465 3710 3756 3771 Eusebius

352 3808 585 3873 ultimo,
618 3800 898 3874 temporis
932 3817 1046 3855 non
1077 3799 1280 3855 habita
1310 3798 1551 3855 ratione.
1574 3798 1793 3854 Deinde
1832 3796 1975 3853 libru

2134 3797 2215 3870 ερὶ
2257 3796 2465 3874 φύσεώς
2507 3795 2791 3872 ἀνθρώπου
2831 3797 3046 3854 omisit.
3098 3801 3274 3855 Porro
3330 3798 3546 3856 librum
3614 3801 3747 3875 Περὶ

354 3897 601 3965 ὑπακοῆς
638 3891 870 3951 πίστεως
909 3887 1302 3963 αἰσθητηρίων,
1342 3904 1507 3961 quem
1535 3888 1783 3960 septimo
1816 3887 1943 3944 loco
1973 3910 1977 3936 ι

2128 3889 2342 3944 ιυεοδίο
2387 3888 2842 3958 nominavimus,
2876 3887 3068 3945 divisit
3135 3888 3197 3944 in
3256 3889 3428 3960 duos,
3477 3896 3543 3948 ut
3596 3908 3751 3950 unus

355 3989 431 4046 sit
461 3989 533 4044 De
559 3988 686 4058 fide,
718 3983 866 4042 alter
899 3983 969 4038 De
997 3980 1269 4037 sensibus.
1304 3980 1371 4035 Et
1397 3978 1636 4035 tandem
1667 3977 1821 4035 circa
1850 3977 2068 4034 librum
2092 3976 2223 4052 Περὶ
2278 3976 2615 4054 προφητείας
2683 3976 3116 4050 aliquantulum
3169 3978 3438 4037 desciscit
3495 3998 3525 4037 a
3566 3981 3762 4041 verbis

350 4077 608 4137 Eusebii.
633 4074 912 4147 Reliquas
945 4071 1226 4128 minutias
1257 4086 1374 4126 non
1408 4085 1570 4139 curo,
1599 4085 1703 4125 nec
1729 4067 1943 4125 curabo
1967 4069 2121 4141 apud
2150 4067 2433 4139 reliquos.

1473 4217 1501 4283 §
1532 4212 1624 4268 ιν.
1657 4212 1918 4269 Eusebius
1957 4227 2086 4270 cum
2121 4213 2351 4284 Ru/ﬁno
2379 4213 2633 4270 collatus.

421 4376 694 4433 Rufﬁnus
726 4374 785 4428 in
819 4390 885 4429 eo
916 4372 1213 4443 discrepat
1240 4370 1311 4425 ab
1342 4366 1590 4424 Eusebio
1620 4368 1772 4438 quod
1799 4366 2037 4436 librum,
2079 4382 2255 4438 quem
2287 4365 2655 4424 Caesariensis
2675 4364 3002 4422 secundum
3039 4365 3256 4437 posuit,
3288 4363 3418 4440 Περὶ
3473 4364 3762 4430 πολιτείας

347 4466 437 4522 καὶ
478 4465 797 4542 προφητῶν,
839 4462 896 4516 in
930 4461 1078 4515 duos
1108 4457 1343 4514 divellat
1380 4457 1488 4513 hoc
1520 4457 1692 4513 modo
1727 4473 1741 4514 :
1773 4457 1846 4513 De
1874 4455 2082 4528 optima
2111 4458 2525 4513 conversatione
2554 4456 2694 4512 liber
2717 4471 2884 4512 unus.
2908 4454 3011 4511 Sed
3038 4459 3092 4511 et
3111 4456 3186 4511 De
3209 4457 3507 4528 prophetis.
3541 4456 3768 4514 Deinde

347 4570 591 4612 numero
620 4552 847 4624 quinto,
882 4548 1007 4604 loco
1038 4545 1247 4624 φύσεως
1285 4545 1424 4616 legit
1451 4544 1704 4611 πίστεως,
1746 4549 1803 4601 et
1834 4546 1908 4601 De
1936 4543 2043 4616 ﬁde
2072 4544 2311 4601 hominis
2338 4545 2674 4603 Melitonem
2694 4544 2908 4601 librum
2945 4545 3256 4615 scripsisse
3285 4545 3528 4602 indicat.
3581 4545 3760 4603 Porro

342 4663 411 4703 ex
440 4642 691 4715 septimo
724 4640 892 4708 libro,
925 4652 1058 4693 cum
1091 4636 1461 4706 Hieronymo,
1503 4635 1652 4689 duos
1680 4632 1832 4692 facit.
1865 4636 1922 4688 et
1952 4634 2329 4690 undecimum
2357 4634 2562 4689 itidem
2594 4633 2804 4689 dividit
2856 4633 2918 4689 in
2971 4633 3166 4703 binos,
3206 4632 3460 4691 alterum
3500 4635 3573 4692 De
3626 4634 3757 4705 ﬁde,

343 4736 618 4803 alterum,
651 4732 725 4788 De
753 4730 1114 4801 generatione
1143 4727 1352 4783 Christi
1380 4727 1429 4780 et
1463 4724 1528 4780 :‘e
1553 4724 1838 4796 prophetia
1864 4727 2009 4796 ejus,
2036 4739 2170 4780 cum
2200 4728 2402 4779 tamen
2435 4724 2724 4780 Eusebius
2756 4725 2973 4796 pariter
2991 4739 3058 4779 ac
3087 4723 3476 4797 Hieronymus
3509 4725 3585 4778 De
3628 4739 3758 4795 pro-

338 4826 521 4899 phetia
551 4823 769 4879 librum
795 4817 1151 4891 singularem
1184 4814 1399 4870 faciant
1427 4816 1601 4884 atque
1625 4812 2005 4885 distinguant.
2029 4812 2369 4869 Duodecimi
2392 4812 2540 4883 loco,
2575 4810 2701 4886 Περῖ
2722 4809 3079 4891 προφητείας,
3107 4812 3270 4884 ponit
3300 4812 3509 4868 iterum
3531 4811 3753 4868 librum

338 4918 412 4973 De
440 4916 635 4973 anima
663 4917 715 4969 et
743 4923 985 4982 corpore,
1017 4921 1190 4980 quem
1221 4908 1416 4962 tamen
1441 4902 1614 4975 paulo
1638 4902 2037 4974 antejamjam
2061 4905 2478 4977 nominaverat,
2504 4905 2738 4962 tertiam
2770 4903 3025 4962 hominis
3052 4909 3305 4977 partem,
3339 4909 3600 4972 mentem,
3645 4905 3758 4961 ad-

346 5006 511 5065 dens.
545 5009 677 5061 Haec
699 5003 770 5059 de
801 4999 1054 5057 Rufﬁno.

418 5161 528 5233 (76)
561 5150 1035 5233 Hieronymusin
1078 5147 1337 5233 gataloqo
1370 5144 1705 5233 scriptorum
1732 5143 1993 5201 ecclesia-
2112 5145 2798 5233 _.(89)_"l"ri_tbemius'De
2854 5145 3215 5233 scriptoribus
3270 5147 3567 5233 ecclesiast.
3627 5161 3760 5218 cap.

348 5216 638 5291 stieor'um,
663 5216 874 5284 seu'De
900 5225 1037 5280 viris
1066 5219 1396 5283 illustribus,
1419 5234 1547 5287 cap.
1578 5216 1675 5291 21ἒ
2104 5216 2191 5287 14,
2226 5216 2578 5291 Bibliotheca)
2599 5219 2897 5291 ecclesiast.
2918 5216 3297 5291 ,Fabricianz,
3333 5217 3447 5291 fol.
3466 5218 3522 5272 7.

416 5271 1578 5375 (ξνάῖιῑιςῑᾱτῑάιῑιεξῖέξσὶιέέζίίίρζίιένοάρ-
1611 5287 1737 5375 ξ-ἀε.
1779 5360 1790 5373 .

2176 5271 2515 5375 ξολ-δίῳ...
2528 5271 3566 5361 sesese;sitientem};ub.*.,
3618 5304 3756 5361 pag.

422 5358 533 5447 Z78)
561 5373 872 5447 Honorius
907 5372 984 5447 ρο
1011 5362 1407 5447 scriptoribus.
1435 5358 1989 5447 ecclesiasticishlib.
2101 5362 2157 5432 5,
2181 5358 2544 5447 editqparis.

350 5462 392 5513 ι,
426 5430 551 5516 ἱνθρ.
584 5441 877 5516 25._A_puc_i
915 5439 1007 5494 Jo.
1058 5430 1187 5492 Al'b.
1242 5432 1593 5502 Fabricium,
1642 5430 1994 5489 Bibliotheca
2144 5430 2290 5516 ($2)
2329 5432 2653 5516 Halloixius
2686 5431 3090 5516 inlitustrium
3131 5432 3416 5516 Ecclesiae
3471 5431 3762 5516 .0riental.

347 5503 642 5571 eccleéiast.
677 5503 778 5568 fol:
804 5512 900 5565 75-
1396 5575 1427 5576 η
1832 5575 1842 5576 ί
2104 5503 2464 5576 scriptorum,
2489 5506 2587 5576 qui
2613 5504 2910 5562 sanctitate
2927 5510 2979 5562 et
3009 5503 3323 5576 eruditione
3355 5507 3518 5575 juxta
3563 5519 3688 5563 suc.
3718 5519 3762 5559 ιι

423 5585 536 5653 (79)
572 5582 883 5652 Nicephor.
916 5580 1128 5636 Hister.
1161 5576 1363 5635 eccles.
1392 5575 1494 5631 lib.
1519 5591 1596 5643 ιν,
1623 5590 1750 5647 cap.
1789 5575 1870 5629 10.
2106 5573 2459 5649 ﬂoruerunt,
2480 5573 2627 5634 Vitis
2657 5581 2709 5633 et
2730 5577 3083 5647 documentis,
3119 5573 3223 5636 lci.
3278 5573 3403 5632 828.
