4110 6150
345 316 501 378 1189
1170 305 1515 368 ΝΟΤΙΤΙΑ.
1562 337 1640 352 -—-
1680 305 1760 366 II.
1806 303 1909 365 DE
1953 303 1968 363 ξ

2134 303 2294 364 PTlS
2339 303 2402 364 S.
2449 304 2901 366 MELITONIS.
3601 309 3757 370 1190

1433 470 1461 536 §
1489 467 1558 524 V.
1592 467 1864 523 Honorius
1891 483 2017 522 cum
2047 467 2273 523 Eusebio
2302 466 2669 523 contenditur.

417 565 706 625 Honorius
739 570 952 630 sulem,
987 561 1086 634 qui
1117 575 1248 616 saec.
1280 575 1360 614 ιιι
1392 557 1945 629 Augustodunensis
1969 556 2181 613 claruit
2211 558 2529 630 presbyter,
2559 574 2690 614 eum
2723 573 2838 613 non
2871 556 3059 613 solum
3085 557 3306 628 omisit,
3339 576 3512 631 quem
3538 565 3595 618 et
3620 563 3753 620 Hie-

346 673 651 730 ronymus,
704 653 831 726 Περὶ
884 649 1092 726 φύσεως
1133 649 1439 724 ἀνθρώπου,
1495 649 1750 718 librum;
1802 649 1965 704 sede

2132 653 2299 704 aterea
2347 651 2458 722 ipsi
2491 650 2680 704 adhuc
2728 651 2930 720 plures
2961 650 3214 716 reticuit,
3249 649 3377 723 Περὶ
3426 653 3755 723 Ἐκκλησίας

346 748 654 810 nimirum,
705 741 834 816 Περὶ
875 742 1171 814 Κυριακῆς,
1215 737 1344 812 Περὶ
1397 735 1672 805 πλάσεως,
1714 744 1770 794 et
1831 737 1957 812 Περὶ

2129 735 2314 810 »μάτου
2355 740 2507 792 Θεοῦ.
2553 744 2860 810 Perperam
2922 740 3099 812 igitur
3157 740 3476 798 Halloixius
3525 748 3752 816 asserit,

347 854 505 904 eum,
543 839 746 907 praeter
775 831 941 885 illum
976 831 1046 885 ab
1079 829 1422 902 Hieronymo
1457 847 1570 885 non
1621 835 2147 884 commemoratum
2181 829 2418 897 librum,
2453 829 2706 883 Melitoni
2758 835 2985 884 tantum
3024 847 3202 886 unum
3239 833 3571 902 sustulisse,
3627 834 3753 910 uagi

349 922 664 999 ἐνσωμάτοο
705 923 838 975 Θεοῦ
877 919 1138 989 scilicet;
1174 920 1328 992 quod
1365 919 1510 974 forte
1540 919 1670 975 ideo
1699 918 1917 973 factum
1966 919 2146 974 fuisse
2179 919 2446 989 conjicio,
2482 920 2636 990 quod
2671 920 2888 975 dubius
2924 921 3174 992 haeserit,
3211 926 3505 995 quomodo
3551 930 3754 983 Latine

350 1017 557 1074 reddat
610 1012 745 1069 libri
775 1010 954 1081 hujus
1007 1007 1265 1065 titulum.
1301 1008 1547 1080 Insuper
1577 1007 1826 1064 Eusebio
1881 1023 1973 1079 sep

2127 1029 2132 1057 ›
2190 1006 2314 1062 loco
2371 1012 2767 1076 numeratum,
2828 1007 2958 1082 Περὶ
2998 1009 3244 1081 biremi}:
3283 1010 3520 1076 πίστεως
3559 1014 3750 1086 αἰσθη-

349 1104 581 1182 τηρίων,
624 1105 697 1159 De
723 1099 968 1158 sensibus
993 1101 1224 1154 tantum
1263 1097 1588 1172 inscripsit.

1158 1250 1187 1316 §
1217 1247 1308 1303 VI.
1338 1247 1564 1306 Eusebii
1586 1255 1638 1305 et
1665 1245 1963 1319 NicephOri
1989 1246 2228 1317 catalogi
2254 1247 2490 1302 invicem
2521 1250 2946 1315 comparantur.

425 1370 790 1440 Nicephorus
811 1369 869 1423 in
903 1367 1178 1424 omnibus
1210 1366 1328 1423 fere
1366 1382 1502 1422 cum
1533 1365 1784 1422 Eusebio
1815 1364 2137 1436 conspirat,
2162 1363 2276 1420 nisi
2307 1365 2462 1435 quod
2492 1380 2561 1419 ex
2589 1365 2790 1436 quinto
2822 1369 2878 1421 et
2922 1369 3081 1422 sexto
3116 1384 3296 1425 unum
3329 1371 3595 1429 videatur
3623 1391 3761 1430 con-

356 1465 498 1520 ﬂare
530 1461 768 1528 librum,
820 1455 897 1512 ἔτι
933 1455 1012 1524 δὲ,
1057 1459 1352 1531 inquiens,
1385 1458 1412 1510 ὁ
1454 1456 1582 1530 Περὶ
1624 1455 1862 1516 πίστεως
1917 1453 1979 1508 ἀν

2136 1474 2207 1507 ζου
2247 1454 2337 1508 καὶ
2376 1453 2630 1516 πλάσεως
2668 1455 2766 1522 τήν
2809 1453 3115 1534 ἕπιγραφήν
3148 1457 3414 1536 εἰληφώς,
3457 1480 3562 1519 nec
3611 1467 3759 1522 male

357 1556 586 1617 forsan;
611 1552 764 1623 quod
799 1551 1045 1621 septimo
1075 1549 1202 1605 loco
1233 1548 1456 1605 dictum
1487 1547 1735 1603 Eusebio
1765 1547 2153 1615 librum,cum
2175 1545 2522 1618 Hieronymo
2553 1551 2608 1602 et
2635 1547 2965 1614 Ruffino,in
2990 1549 3138 1604 duos
3169 1548 3373 1606 itidem
3399 1551 3756 1626 distinguat;

358 1642 628 1713 quodque
665 1649 938 1710 praeterea
963 1638 1142 1694 libros
1176 1638 1305 1713 Ηερὶ
1345 1635 1700 1717 προφητείας,
1747 1635 1875 1711 Περὶ
1915 1632 1981 1712 φῖ

2133 1634 2246 1703 νίας,
2289 1640 2345 1691 et
2396 1635 2608 1691 librum
2642 1636 2858 1692 Clavem
2887 1637 3110 1692 dictum
3159 1640 3411 1714 omittat,
3463 1642 3638 1715 idque
3687 1647 3756 1702 de

359 1730 651 1787 industria
682 1730 851 1799 forte,
884 1745 1020 1784 nam
1052 1745 1254 1784 omnes
1283 1745 1418 1785 eum
1450 1743 1750 1785 recensere
1781 1725 2032 1782 voluisse
2063 1725 2348 1780 Melitonis
2380 1725 2582 1794 libros,
2616 1726 2759 1781 mihi
2793 1742 2906 1782 non
2939 1726 3190 1782 videtur.

1517 1874 1545 1938 §
1569 1870 1687 1926 VII.
1726 1869 2015 1926 Trithemii
2043 1877 2096 1926 et
2121 1869 2346 1926 Eusebii
2372 1868 2614 1924 collatio.

435 1993 521 2047 Ad
553 1989 963 2059 Trithemium,
1017 1988 1526 2045 Mclitonianorum
1576 1987 1924 2058 scriptorum
1971 1985 2298 2058 catalogum
2347 1986 2817 2054 concinnantem,
2851 1987 3005 2058 quod
3055 1988 3286 2058 attinet,
3319 1990 3590 2050 instituta
3633 2013 3766 2053 cum

361 2081 610 2138 Eusebio
661 2079 989 2148 collatione,
1041 2079 1418 2150 deprehendi,
1470 2094 1608 2133 eum
1655 2077 1936 2132 librorum

2172 2073 2380 2154 φύσεως
2420 2074 2729 2149 ἀνθρώπου,
2773 2073 2905 2148 Περὶ
2944 2078 3078 2130 Θεοῦ
3118 2075 3452 2149 ἐνσωμάτου,
3487 2091 3540 2138 et
3587 2083 3765 2139 Ἀπο-

363 2168 554 2244 λογίας
615 2169 749 2241 πρὸς
800 2169 1126 2222 Ἀντωνῖνον
1194 2167 1418 2222 nullam
1479 2166 1718 2222 omnino
1779 2167 1983 2237 injecis

2138 2167 2502 2232 mentionem;
2562 2181 2693 2220 eum
2752 2165 2966 2219 librum
3030 2164 3156 2237 Περὶ
3219 2166 3462 2237 ὑπακοῆς
3529 2170 3761 2238 πίστεως

364 2260 736 2331 άίσθητηρίων
777 2258 1048 2314 divellere
1104 2260 1164 2313 in
1223 2258 1413 2324 binos,
1445 2259 1519 2313 De
1573 2257 1847 2322 sensibus,
1908 2264 1962 2313 et

2138 2255 2260 2326 ﬁde.
2296 2255 2703 2321 Undecimum,
2764 2253 2897 2327 Περὶ
2931 2252 3155 2315 κτίσεως
3194 2256 3282 2308 καὶ
3323 2257 3574 2329 γενέσεως
3633 2263 3761 2335 Χρι-

364 2353 514 2419 me,
561 2351 707 2404 dixit
744 2348 952 2404 saltem
988 2349 1062 2404 De
1089 2350 1441 2418 generatione
1475 2348 1720 2410 Christi;
1752 2352 1927 2418 atque
1956 2347 2016 2402 in
2043 2347 2152 2402 hoc
2195 2347 2434 2418 insaper
2465 2345 2596 2416 plus
2627 2346 2905 2416 peccavit,
2940 2345 3173 2414 partim,
3207 2349 3356 2419 quod
3391 2367 3494 2422 pro
3541 2354 3616 2407 De
3644 2355 3766 2421 pla-

363 2443 537 2493 smate
567 2454 744 2492 unum
777 2437 1076 2508 scripserit
1108 2439 1177 2492 De
1210 2439 1377 2509 lapsis
1413 2436 1514 2494 lib.
1550 2453 1588 2506 I,
1613 2437 1842 2508 partim,
1865 2437 2019 2507 quod
2052 2437 2203 2490 inter
2232 2435 2454 2506 scripta
2485 2434 2776 2490 Melitonis
2799 2435 3010 2489 referat
3037 2436 3306 2506 spurium
3330 2455 3475 2508 cpus
3498 2441 3771 2500 Detruns-

365 2532 448 2584 itu
478 2528 692 2586 Maria.
723 2530 769 2582 A
799 2542 933 2581 vero
964 2525 1145 2597 igitur
1173 2526 1430 2582 alienum
1462 2527 1676 2581 iterum
1708 2533 1794 2581 est
1826 2524 2092 2580 Halloixii
2117 2523 2432 2592 judicium,
2458 2524 2681 2589 eadem,
2719 2540 2846 2594 quis
2878 2523 3166 2579 Honorius
3203 2528 3767 2600 Augustoddnensis,

363 2617 808 2690 praetermisisse
852 2615 1280 2684 Trithemium;
1313 2615 1489 2671 habet
1517 2615 1673 2670 enim
1722 2614 1853 2688 Περὶ
1897 2612 1986 2668 Ἐκ

2145 2610 2242 2683 ίας,
2291 2610 2381 2666 καὶ
2421 2610 2545 2686 περὶ
2589 2614 2866 2685 Κυριακῆς
2903 2612 3106 2684 libros,
3140 2632 3286 2688 quos
3330 2617 3621 2676 Honorius
3653 2639 3767 2678 non

365 2709 563 2766 habet.

1170 2824 1196 2890 §
1227 2821 1378 2878 VIII.
1411 2821 1560 2877 Sixti
1581 2822 1809 2877 Senens.
1844 2820 2087 2890 catalogi
2111 2835 2235 2875 cum
2266 2820 2576 2876 Eusebiano
2606 2819 2959 2876 assimilatio.

436 2941 674 2997 Minime
706 2941 971 2996 omnium
1017 2943 1288 2998 accurata
1313 2943 1402 2993 est
1429 2937 1573 2993 Sixti
1607 2937 1872 2994 senensis
1903 2936 2186 2992 librorum
2220 2954 2254 2992 a
2282 2936 2552 2992 Melitone
2602 2938 3060 3010 conscriptorum
3111 2940 3496 3012 consignatio,
3550 2944 3765 3016 quippe

367 3050 488 3106 qum
508 3048 578 3088 ne
609 3035 876 3104 quartam
897 3032 1134 3103 quidem
1152 3045 1354 3086 eorum
1389 3032 1609 3099 partem
1634 3027 1883 3100 attingit,
1930 3028 2067 3084 licet
2090 3026 2234 3080 nihil
2251 3027 2520 3082 omisisse
2539 3026 2676 3082 velit
2693 3028 2891 3085 videri.
2907 3029 3170 3085 Meminit
3187 3032 3340 3087 enim
3361 3037 3771 3092 tantummodo

363 3131 767 3194 excerptorum,
815 3120 946 3175 libri
976 3127 1047 3176 De
1089 3122 1202 3176 vita
1229 3119 1648 3192 prophetarum,
1703 3120 1773 3174 De
1809 3117 2162 3190 Apocalypsi,
2195 3123 2251 3172 et
2299 3127 2572 3186 praetcrea
2600 3119 2851 3175 duorum
2901 3120 3175 3190 aliorum,
3207 3123 3265 3176 in
3311 3125 3526 3194 quibus
3572 3134 3768 3181 tamen

364 3212 736 3267 recensendis
767 3210 1020 3282 graviter
1052 3209 1447 3265 hallucinatus
1477 3218 1582 3264 est.
1616 3209 1763 3264 Nam
1798 3225 1899 3279 pro
1933 3208 1987 3262 lil

2146 3205 2243 3280 [ερῖ
2285 3204 2600 3278 ἐνσωμάτου
2647 3212 2803 3276 Θεοῦ,
2838 3209 2979 3265 dicit
3015 3227 3147 3266 cum
3181 3212 3511 3284 scripsisse,
3542 3215 3600 3270 in
3631 3215 3769 3273 illud

361 3305 646 3357 Geneseos
678 3317 729 3356 ιε
795 3300 1086 3355 Faciamus
1139 3300 1438 3364 hominem,
1489 3300 1561 3354 De
1611 3299 1716 3353 Deo
1775 3300 2094 3370 incorporeo
2155 3297 2370 3353 librum
2424 3314 2632 3365 unum,
2692 3301 2846 3370 quod
2906 3300 3076 3372 plane
3135 3303 3429 3359 diversum
3477 3310 3647 3360 sonat
3699 3307 3770 3362 ub

368 3399 636 3456 Eusebio.
669 3397 890 3454 Deinde
923 3399 980 3454 in
1015 3415 1080 3454 eo
1113 3413 1343 3469 quoque
1374 3401 1550 3465 errat,
1586 3399 1738 3469 quod
1791 3405 2033 3464 asserat,
2067 3396 2338 3452 Sardium
2371 3396 2710 3467 episcopum
2741 3397 3046 3468 scripsisse
3077 3403 3156 3454 De
3182 3403 3426 3473 catalogo
3455 3403 3771 3460 divinorum

362 3491 652 3560 utriusque
674 3490 997 3544 Testamenti
1017 3489 1358 3544 voluminum
1376 3486 1448 3541 ad
1473 3486 1812 3541 Onesimum
1845 3485 2155 3557 epistolam
2183 3501 2380 3540 unam.
2398 3490 2502 3540 Ast
2525 3485 2627 3540 illa
2645 3485 2952 3556 epistolam
2979 3488 3056 3542 nil
3076 3488 3232 3544 aliud
3264 3501 3368 3555 est,
3387 3509 3560 3562 quam
3584 3511 3769 3563 proce-

368 3580 554 3635 mium
575 3597 674 3636 sex
691 3576 934 3652 ἐκλογῶν
955 3579 1424 3648 lihrorum,quos
1452 3593 1632 3648 supra
1649 3577 2322 3646 jamjam,e.ccerptornm
2346 3577 3203 3648 nomine,commemoraverat;
3233 3579 3366 3634 hinc
3389 3597 3502 3634 non
3526 3582 3773 3638 debebat

369 3671 631 3727 eamdem
669 3675 945 3741 tanquam
982 3686 1192 3725 novum
1227 3668 1460 3739 aliquod
1495 3669 1778 3739 scriptum
1804 3667 2052 3722 seorsim
2084 3683 2385 3723 recensere
2409 3685 2422 3734 ;
2446 3683 2548 3722 nec
2581 3669 2824 3723 debebat
2855 3686 3025 3739 porro
3054 3671 3567 3745 dicere,utriusquc
3600 3676 3775 3730 Testa-

366 3763 563 3826 menti,
599 3761 698 3817 sed
739 3762 937 3817 Veteris
967 3764 1199 3814 tantum
1234 3761 1559 3814 Testamenti
1588 3775 1656 3814 ex
1685 3775 1750 3813 eo
1781 3758 1937 3812 enim
1970 3757 2092 3812 solo
2116 3757 2276 3813 dedit
2307 3758 2584 3814 librorum
2617 3758 3032 3815 canonicorum
3067 3759 3420 3833 catalogum,
3447 3768 3510 3816 ut
3543 3779 3675 3818 mox
3705 3780 3774 3819 ex

366 3851 515 3924 ipsa,
550 3867 726 3922 quam
753 3849 1024 3906 dedimus
1057 3849 1230 3919 infra,
1262 3847 1517 3920 epistolae
1552 3847 1913 3918 inspectione
1942 3846 2241 3918 apparebit
2270 3846 2399 3902 luce
2433 3849 2756 3904 meridiana
2787 3849 3023 3903 clarius.

1721 3967 1748 4034 §
1774 3964 1872 4019 1X.
1906 3963 2145 4018 Sandius
2175 3967 2416 4019 notatur.

435 4087 646 4142 Tribus
677 4086 868 4140 adhuc
897 4083 1088 4140 verbis
1121 4081 1636 4149 moneo,notitiam
1656 4097 1832 4152 quam
1866 4081 1938 4135 de
1967 4079 2244 4151 operibus
2275 4080 2562 4136 Melitonis
2587 4082 2746 4137 dedit
2766 4083 3110 4140 notissimus
3140 4084 3236 4140 ille
3267 4085 3773 4156 ChristOph.Chri-

365 4177 628 4250 stophcri
659 4177 908 4232 Sandius
942 4177 1053 4249 (83)
1084 4174 1387 4232 confusam
1423 4189 1682 4243 prorsus,
1716 4189 1749 4226 a
1778 4187 1911 4227 vero
1938 4169 2212 4238 alienam,
2245 4175 2300 4226 et
2333 4172 2615 4227 absonam
2649 4188 2776 4228 esse
2809 4174 2971 4243 adeo,
3004 4179 3067 4229 ut
3095 4174 3389 4248 integrum
3421 4176 3531 4232 hoc
3564 4177 3633 4231 de
3657 4180 3773 4231 Me-

364 4263 544 4318 litone
591 4267 767 4334 caput
797 4278 958 4318 error
1013 4267 1305 4319 mereatur
1336 4262 1470 4328 dici,
1504 4264 1562 4318 in
1595 4279 1708 4335 quo
1763 4277 1998 4316 summa
2029 4259 2165 4316 imis
2213 4265 2353 4316 sunt
2399 4262 2701 4332 permista.
2737 4264 2814 4317 Ex
2847 4280 3042 4336 ungue
3075 4265 3299 4321 leonem
3335 4271 3397 4321 ut
3443 4283 3674 4335 noscas,
3709 4266 3768 4321 id

363 4352 572 4408 saltem
605 4367 672 4407 ex
703 4369 768 4408 eo
802 4353 1068 4414 referam,
1105 4352 1302 4408 omnia
1332 4352 1617 4409 Melilonis
1649 4368 1824 4424 opera
1855 4350 2085 4406 Gelasio
2118 4367 2279 4423 papae
2309 4367 2438 4406 esse
2470 4352 2821 4423 apocrypha.

647 4468 676 4540 ᾗ
707 4471 782 4524 Χ.
818 4471 899 4524 An
928 4468 1117 4525 Melita
1139 4478 1337 4540 praeter
1367 4470 1535 4525 libr-is
1568 4471 1806 4526 Eusebio
1837 4477 1887 4525 et
1917 4470 2250 4540 Hieronymo
2275 4473 2749 4533 commemoratos,
2779 4469 2923 4524 alios
2953 4469 3132 4526 adhuc
3160 4473 3443 4544 scripserit
3464 4477 3489 4528 .9

431 4587 783 4659 Priusquam
816 4586 969 4642 circa
999 4588 1265 4660 singulos
1295 4588 1582 4642 editorum
1615 4604 1650 4641 a
1693 4586 1960 4642 Melitone
1989 4585 2270 4640 librorum
2306 4583 2509 4640 titulos
2543 4600 2673 4640 mea
2713 4585 3191 4657 eruditorumque
3223 4589 3522 4645 observata
3552 4591 3608 4646 in
3647 4609 3770 4650 me-

362 4678 524 4733 dium
559 4679 866 4748 proferam,
901 4693 1085 4748 operae
1119 4678 1368 4748 pretium
1393 4693 1485 4733 me
1517 4679 1809 4733 facturum
1845 4677 2035 4746 credo,
2065 4675 2448 4748 quaestionem
2481 4677 2825 4747 expendere,
2845 4693 2916 4730 an
2946 4679 3250 4744 Eusebius,
3272 4696 3344 4734 an
3377 4681 3764 4755 Hieronymus

363 4767 625 4823 omnium
661 4767 1165 4823 Melitonianorum
1192 4769 1544 4839 scriptorum
1579 4772 1846 4822 exactum
1871 4766 2094 4822 dederit
2125 4765 2456 4838 catalogum
2489 4766 2570 4821 ita
2603 4769 2665 4820 ut
2687 4770 2968 4837 praeterea
3000 4765 3142 4822 nihil
3171 4767 3327 4822 aliud
3358 4769 3569 4826 litteris
3592 4774 3771 4829 fuerit

362 4857 772 4929 consignatum
806 4875 840 4912 a
869 4859 1147 4914 Sardiano
1169 4859 1198 4913 ‘I
1244 4874 1433 4930 anque
1465 4862 1902 4929 argumentum,
1933 4856 2072 4927 quia
2120 4856 2427 4921 Eusebius,
2460 4856 2597 4927 quia
2628 4855 3015 4928 Hieronymus
3047 4873 3162 4911 non
3211 4856 3453 4926 habent,
3485 4862 3766 4930 sufﬁciat,

363 4964 564 5003 omnes
607 4947 863 5018 reliquos
895 4949 966 5002 ab
1001 4947 1130 5003 aliis
1177 4949 1320 5004 forte
1353 4947 1612 5002 Melitoni
1645 4947 1896 5002 tributos
1927 4946 2108 5002 libros
2139 4949 2416 5016 tanquam
2453 4947 2681 5014 spurius
2715 4945 3000 5016 rejicere?
3032 4945 3314 5002 Videntur
3343 4946 3401 5001 in
3453 4947 3604 5006 hanc
3635 4967 3768 5007 sen-

365 5035 605 5092 tentiam
629 5037 988 5110 propendere
1021 5037 1341 5094 llalloixius
1363 5037 1857 5110 (84),Whistonus
1887 5036 2372 5109 (85),Baraterius
2397 5037 2534 5108 (86),
2567 5035 2885 5092 Ccillierius
2910 5035 3299 5109 (87),aliique.
3319 5037 3597 5094 Veritatis
3611 5055 3772 5110 quae-

435 5204 546 5278 (83)
577 5207 827 5264 Sandius
859 5207 916 5261 in
948 5211 1202 5264 tractatu
1236 5209 1307 5263 De
1350 5208 1621 5263 veteribus
1649 5207 2010 5277 scriptoribus
2117 5209 2259 5278 nity,
2314 5205 2425 5278 and
2483 5205 2572 5260 the
2617 5208 2971 5262 Incarnation
3010 5209 3078 5278 of
3115 5223 3217 5262 our
3262 5208 3422 5275 Lord,
3481 5211 3640 5266 torno
3694 5209 3766 5265 IV

363 5277 782 5346 ecclesiasticis,
847 5281 1054 5335 nucleo
1114 5295 1217 5335 suo
1276 5281 1536 5337 Historia:
1591 5280 2007 5350 ecclesiastica,
2118 5277 2856 5351 PrimwviChi-istianismi,
2892 5296 3020 5351 pag.
3046 5277 3178 5334 126.

363 5365 478 5423 prae
490 5351 622 5413 fixo,
659 5367 785 5423 pag.
817 5352 904 5404 47.
1045 5422 1051 5423 ί
2193 5351 2304 5422 (86)
2323 5350 2656 5405 Baraterius
2678 5350 2734 5404 in
2754 5350 3147 5422 Disquisitione
3167 5351 3550 5423 chronologica
3565 5353 3629 5408 de
3647 5369 3768 5408 suc-

435 5422 547 5497 (eg)
570 5422 925 5497 Halloixius,
958 5422 1082 5497 c.‘l.
1115 5423 1211 5497 fol.
1248 5424 1371 5478 834.
1435 5496 1440 5497 γ
1513 5495 1524 5497 ᾉ
1723 5496 1728 5497 γ
1765 5495 1776 5497 _
1875 5496 1883 5497 ί
1954 5495 1968 5497 _
2119 5426 2360 5497 cessione
2389 5424 2789 5497 antiquissima
2811 5429 3184 5497 episcoporum
3213 5422 3438 5479 Roman.
3477 5442 3610 5497 pag.
3641 5427 3768 5482 220.

432 5493 544 5565 (85)
570 5492 840 5548 Wbislon
889 5495 948 5548 in
983 5494 1072 5548 the
1117 5495 1351 5550 Account
1378 5496 1445 5564 of
1485 5495 1571 5550 the
1617 5495 1791 5550 Faith
1823 5496 1885 5564 of
1925 5495 2012 5551 the
2192 5495 2303 5565 (87)
2335 5492 2580 5565 Ceillie’r,
2617 5492 2850 5550 Histoire
2879 5495 3143 5561 generale
3187 5497 3277 5552 des
3325 5492 3775 5553 autcum—sacres

363 5577 465 5618 uvo
503 5564 624 5632 ﬁrst
650 5566 945 5634 centuries,
978 5565 1308 5637 concerning
1336 5568 1428 5622 the
1474 5567 1844 5623 ever-blessed
1889 5567 2010 5622 Tri-
2121 5573 2172 5622 et
2203 5564 2658 5636 ecclesiastiqnes,
2684 5570 2828 5623 tom.
2864 5567 2939 5636 II,
2970 5584 3098 5640 cap.
3140 5571 3193 5634 3,
3227 5584 3360 5641 pag.
3391 5570 3482 5628 78.
