4110 6150
354 314 507 377 1191
1225 355 1228 359 .
1427 295 1490 357 S.
1539 292 1831 356 MELITO
1876 292 2239 355 SABDIUM
2282 289 2731 354 EPISCOPUS.
3613 283 3788 346 i192

360 458 496 512 dam
545 446 766 521 species
799 442 938 498 huic
988 432 1248 509 opinioni
1278 431 1487 490 exinde
1519 429 1778 501 aﬂ'ulget,
1812 429 1965 500 quod
1983 428 2308 521 Eusebius,
2339 427 2643 485 resensitis
2692 424 2987 492 omnibus,
3046 440 3193 498 quos
3240 420 3414 479 modo
3465 418 3788 477 numeravi

360 544 554 608 libris,
599 539 788 592 dicat:
821 529 943 586 Ἐπὶ
979 531 1106 582 πᾶσι
1147 523 1237 579 καὶ
1279 523 1339 578 τὸ
1379 522 1516 597 πρὸς
1554 521 1872 576 Ἀντωνῖνον
1915 519 1983 592 βιε

2165 539 2215 587 ν,
2253 542 2282 570 ‹‹
2317 525 2649 592 postremus
2699 518 2961 576 omnium
2993 524 3079 572 est
3127 513 3362 572 libellus
3395 513 3465 568 ad
3514 515 3786 584 impera—

365 602 552 692 torem
579 623 966 688 Antoninum;
985 641 1014 669 »
1034 617 1305 689 quodque
1339 611 1531 668 allatis
1553 609 1909 680 quibusdam
1933 609 2284 680 scriptorum
2308 609 2816 665 Melitoniancrum
2849 605 3213 679 fragmentis,
3231 604 3340 658 sub
3365 604 3542 658 ﬁnem
3565 602 3790 673 capitis

361 727 442 779 ita
472 718 835 776 continenter
864 709 1112 766 subdat:
1143 703 1237 760 Καὶ
1267 703 1334 756 τὰ
1359 701 1452 774 μὲν
1478 697 1794 760 Μελίτωνος
1818 701 1982 751 τοσαῦ

2179 704 2236 753 et
2263 698 2396 754 libri
2428 700 2666 772 quidem
2699 698 2994 754 Melitcnis
3026 701 3112 752 tot
3139 699 3296 759 sunt,
3327 712 3354 743 υ
3386 693 3789 758 indicaturus,

361 831 423 871 se
462 825 664 867 omnes
697 814 1090 860 enumerasse.
1130 796 1310 851 Secus
1341 798 1537 848 tamen
1574 791 1716 844 mihi
1752 790 2002 858 videtur,
2035 789 2208 845 rebus
2243 791 2419 861 probe
2451 789 2776 861 perpensis.
2813 786 3030 844 Nullibi
3063 787 3220 841 enim
3267 781 3557 855 expressis
3588 781 3794 836 verbis

362 901 608 962 asseruit
640 894 948 958 Eusebius,
979 905 1038 943 se
1072 885 1360 950 omnium,
1408 885 1700 953 quotquot
1730 877 1923 933 Melite
1959 896 2220 950 unquam
2250 879 2583 952 scripserat,
2618 880 2898 935 librorum
2933 879 3208 932 daturum
3243 892 3372 932 esse
3403 872 3744 945 catalogum
3776 890 3793 940 ;

361 993 504 1067 quin
555 987 750 1062 potius
781 982 926 1038 alios
961 979 1105 1033 forte
1135 975 1323 1029 adhuc
1355 973 1426 1027 ab
1459 972 1663 1067 eodem
1697 978 1964 1024 exaratos
1999 969 2182 1024 fuisse
2224 969 2375 1024 haud
2411 969 2658 1024 obscure
2690 968 3063 1041 signiﬁcavit,
3095 967 3178 1022 sic
3221 966 3454 1020 ordiens
3491 963 3792 1017 librorum

364 1053 654 1140 hlelitohis
704 1072 1072 1142 catalogum:
1105 1061 1326 1120 Τούτων
1367 1060 1442 1119 εἰς
1481 1056 1751 1132 ἡμετέραν
1793 1060 1987 1130 γνῶσιν

2175 1060 2252 1110 rati
2295 1056 2360 1110 τὰ
2401 1057 2822 1132 ὑποτεταγμένα,
2863 1081 2891 1108 ‹‹
2925 1074 2994 1113 ex
3028 1056 3193 1112 libris
3243 1059 3439 1110 autem
3472 1053 3798 1122 utriusque

366 1171 599 1229 illorum
634 1161 946 1236 (Melitonis
979 1153 1202 1214 scilicet
1231 1158 1286 1208 et
1319 1149 1696 1222 Apollinaris)
1734 1147 1816 1218 hi,
1850 1164 1998 1218 quos
2033 1147 2182 1202 infra
2207 1148 2592 1216 subjecimus,
2625 1149 2694 1203 ad
2729 1157 2987 1203 nostram
3021 1146 3286 1203 notitiam
3316 1147 3720 1218 pervenerunt.
3764 1161 3796 1190 ››

369 1261 526 1318 idem
561 1235 805 1312 testatur
856 1249 1046 1306 adhuc
1095 1244 1309 1300 clarius
1336 1243 1390 1296 S.
1428 1241 1811 1311 Hieronymus
1846 1238 1934 1291 his
1966 1238 2198 1293 verbis:
2233 1260 2261 1288 «
2297 1239 2539 1310 Scripsit
2567 1255 2802 1310 quoque
2849 1244 2905 1294 et
2935 1238 3070 1300 alia.
3104 1239 3175 1292 de
3222 1237 3440 1308 quibus
3469 1235 3584 1290 ista
3622 1241 3795 1298 sunt,

369 1367 493 1424 quae
536 1343 918 1418 subjecimus.
953 1360 982 1390 »
1013 1337 1272 1406 Cumque
1323 1336 1600 1404 praeterea
1643 1328 1991 1383 Anastasius
2020 1326 2243 1381 Sinaita
2293 1328 2544 1384 duorum
2578 1328 2850 1396 aliorum,
2884 1329 3128 1384 Eusebio
3177 1331 3235 1381 et
3266 1329 3611 1397 Hieronymo
3668 1341 3798 1378 non

371 1415 846 1497 memoratorum,
903 1428 1185 1483 librorum
1247 1423 1602 1477 mentionem
1655 1416 1898 1488 injiciat,
1957 1418 1993 1471 ll

2177 1416 2458 1490 κρκὼσεως
2501 1419 2736 1491 Χριστοῦ
2799 1419 3019 1474 scilicet
3072 1416 3209 1490 (88),
3270 1421 3348 1472 De
3391 1415 3800 1471 incarnatione

371 1529 597 1593 Christi,
644 1530 701 1580 et
729 1520 912 1596 Λόγου
953 1516 1027 1577 εἷς
1067 1514 1127 1568 τὸ
1172 1513 1346 1574 Πάθος
1386 1511 1620 1583 Χριστοῦ
1655 1508 1785 1581 (89),
1830 1506 1994 1562 Οναίἰι

2175 1507 2215 1560 η
2263 1508 2590 1565 Passionem
2645 1510 2885 1572 Domini,
2923 1525 3168 1581 prorsus
3200 1522 3318 1562 non
3363 1506 3551 1574 video,
3605 1518 3798 1575 quare

370 1624 524 1678 inter
549 1615 804 1690 genuina
827 1593 1125 1665 Melitonis
1156 1619 1331 1675 opera
1361 1600 1543 1655 ethos
1575 1613 1807 1669 quoque
1839 1596 2092 1667 recipere
2116 1596 2192 1650 sit
2231 1597 2661 1665 dubitandum;
2697 1598 2806 1654 nisi
2841 1600 2984 1654 forte
3014 1598 3168 1668 quis,
3200 1612 3268 1652 ex
3303 1595 3455 1651 malo
3487 1595 3544 1649 in
3581 1593 3796 1649 ortho-

371 1686 579 1768 doxani
625 1708 884 1762 nostram
919 1699 1091 1754 ﬁdem
1142 1694 1359 1759 animo,
1394 1691 1745 1760 fragmenta,
1778 1703 1905 1758 quae
1946 1702 2015 1741 ex
2062 1686 2135 1740 iis
2168 1689 2364 1744 attulit
2413 1689 2780 1756 Anastasius,
2817 1689 2996 1746 dubia
3027 1688 3164 1744 velit
3220 1689 3482 1755 reddere,
3532 1700 3800 1758 quorum

375 1802 621 1858 alterum
655 1791 947 1866 quantivis
980 1785 1145 1859 pretii
1180 1783 1249 1837 de
1270 1781 1468 1837 divina
1492 1779 1704 1851 pariter
1734 1794 1798 1832 ac
1823 1781 2085 1832 humana
2113 1779 2326 1834 Christi
2360 1783 2568 1834 natura
2599 1780 2856 1834 continet
2885 1779 3307 1835 testimonium.
3330 1775 3562 1831 Eusebii
3584 1774 3797 1839 verba,

379 1893 596 1965 quibus
627 1861 854 1952 asserit,
904 1885 990 1935 tot
1017 1894 1145 1934 esse
1182 1873 1469 1931 Melitonis
1501 1869 1738 1940 scripta,
1771 1869 2098 1938 horumque
2131 1871 2491 1937 postremum
2524 1869 2791 1923 omnium
2827 1884 2953 1923 esse
3006 1866 3346 1938 Apologiam,
3382 1863 3687 1920 commode
3722 1861 3800 1918 de

380 1958 547 2040 libris
577 1975 805 2041 saltem,
839 1970 937 2045 qui
970 1970 1040 2026 ad
1075 1967 1203 2038 ejus
1235 1963 1502 2020 notitiam
1535 1961 1947 2032 pervenerunt,
1981 1972 2296 2026 possumus
2327 1961 2385 2012 et
2413 1958 2698 2015 debemus
2729 1958 3122 2031 interpretari.

1496 2112 1524 2179 §
1551 2109 1644 2166 XI.
1681 2112 1762 2164 De
1792 2106 2062 2163 Melitonis
2094 2107 2254 2164 libris
2280 2107 2344 2164 de
2372 2109 2654 2165 Paschale.

444 2277 552 2334 Sed
586 2289 708 2345 age,
741 2271 813 2327 de
859 2283 975 2324 uno
1006 2263 1253 2320 alterove
1291 2258 1441 2314 libro
1495 2254 1798 2329 sigillatim
1831 2271 1987 2334 nunc
2034 2255 2362 2312 videamus.
2395 2257 2477 2311 Ad
2511 2256 2693 2312 libros
2724 2257 2796 2312 De
2847 2254 3108 2311 Paschate
3145 2253 3301 2326 quod
3334 2251 3567 2322 attinet,
3621 2253 3799 2306 nota-

378 2387 534 2440 mus,
577 2339 1119 2422 decantatissimam
1160 2351 1342 2416 illam,
1377 2347 1672 2423 prioribus
1703 2349 1836 2418 post
1865 2362 1915 2402 c.
1956 2363 2014 2401 n.
2047 2346 2278 2402 smeulis
2308 2346 2460 2402 inter
2503 2346 2816 2402 Ecclesiam
2849 2343 3205 2402 Orientalem
3252 2347 3308 2400 et
3355 2339 3793 2399 Occidentalem

379 2433 593 2533 magno
625 2456 952 2512 animorum
986 2447 1207 2502 fervore
1261 2441 1559 2514 agitatam,
1607 2437 2058 2494 controversiam
2100 2437 2171 2494 de
2201 2438 2290 2492 die
2339 2437 2668 2494 festivitatis
2717 2437 3034 2504 Paschalis,
3076 2437 3287 2491 horum
3337 2433 3787 2490 scribendorum

380 2521 744 2609 occasionem
802 2537 1306 2596 subministrasse.
1357 2529 1733 2595 Quaerebatur
1780 2526 2023 2596 scilicet,
2079 2543 2154 2583 an
2205 2526 2442 2598 praecise
2487 2544 2621 2582 cum
2668 2526 2908 2593 Judaais,
2943 2526 3036 2580 die
3084 2526 3151 2580 14
3203 2523 3425 2580 mensis
3474 2523 3676 2590 Nisan,
3732 2521 3791 2575 in

380 2647 788 2714 quemcunque
821 2623 1202 2683 hebdomadis
1225 2622 1376 2676 diem
1408 2619 1502 2673 ille
1527 2616 1842 2684 incideret;
1878 2632 1949 2670 an
1980 2631 2114 2670 vero
2147 2615 2307 2671 nullo
2341 2615 2475 2683 alio,
2500 2631 2671 2687 quam
2697 2615 2836 2670 solis
2864 2614 2978 2682 die,
3000 2614 3058 2669 in
3093 2613 3437 2669 memoriam
3471 2610 3790 2667 Dominicts

377 2699 844 2787 resurrectionis,
893 2733 1059 2773 sacra
1092 2710 1388 2785 paschalia
1429 2708 1547 2762 sint
1579 2705 1943 2760 celebranda.
1997 2704 2250 2760 Priorem
2303 2705 2543 2760 modum
2596 2705 2996 2776 sequebantur
3046 2703 3310 2758 Asiaticae
3359 2705 3416 2757 et
3463 2699 3789 2756 Orientales

377 2800 688 2881 Ecclesiae;
729 2816 789 2866 at
819 2807 917 2881 qui
947 2812 1142 2862 Roma:
1175 2804 1232 2856 et
1280 2800 1337 2854 in
1373 2797 1504 2853 aliis
1548 2795 1884 2866 regionibus
1911 2794 1984 2848 ad
2035 2793 2176 2850 solis
2207 2810 2478 2850 occasum
2528 2794 2658 2850 sitis
2690 2793 2988 2849 Christum
3037 2792 3324 2859 colebant,
3382 2790 3786 2862 posteriorem.

378 2910 621 2979 Utrique
653 2880 1000 2975 apostolicae
1035 2893 1322 2964 urgebant
1349 2886 1734 2979 traditiones;
1776 2884 1860 2938 illi
1893 2901 1954 2939 se
1985 2886 2473 2942 consuetudinem
2505 2903 2670 2942 suam
2705 2885 2998 2956 accepisse
3030 2900 3061 2938 a
3090 2887 3145 2937 S.
3178 2884 3401 2938 Joanne
3431 2889 3484 2938 et
3516 2880 3793 2952 Philippo

382 2970 778 3061 dicebant;—hi
810 3005 942 3044 vero
975 2987 1043 3041 ad
1080 2983 1310 3037 Petrum
1343 2984 1399 3034 et
1427 2975 1674 3032 Paulum
1701 2974 2107 3043 provocabant.
2142 2972 2340 3043 Neque
2365 2974 2435 3027 ab
2469 2973 2633 3027 initio
2666 2974 2786 3028 haec
2819 2974 3124 3028 diversitas
3146 2973 3504 3028 discordiam
3540 2970 3793 3042 peperit,

381 3091 482 3149 sed
516 3083 790 3160 quaelibet
823 3075 1070 3134 Ecclesia
1109 3073 1166 3126 in
1195 3071 1304 3126 ritu
1338 3069 1446 3123 hoc
1478 3065 1796 3137 adiaphoro
1837 3079 1945 3118 sua
1992 3062 2265 3117 utebatur
2296 3061 2582 3116 libertate.
2617 3063 2867 3117 Irenzeus
2916 3063 3026 3134 (90)
3069 3063 3260 3129 refert,
3291 3063 3346 3116 S.
3379 3060 3790 3133 Polycarpum,

379 3147 624 3238 itomam
671 3172 1018 3246 profectum,
1071 3164 1222 3217 inter
1252 3160 1366 3215 alia
1396 3173 1530 3212 cum
1579 3155 1838 3218 Aniceto,
1872 3159 2010 3208 tunc
2043 3151 2304 3207 Romano
2354 3150 2621 3222 praesule,
2659 3152 2727 3205 de
2760 3157 3019 3222 tempore
3074 3150 3372 3205 Paschatis
3426 3147 3788 3219 colloquium

375 3238 729 3331 instituisse,
763 3260 863 3316 sed
919 3258 1190 3310 neutrum
1237 3247 1495 3320 potuisse
1544 3243 1707 3300 alteri
1743 3242 2110 3314 persuadere,
2145 3245 2268 3295 uta
2307 3239 2553 3312 pristino
2589 3256 2746 3295 more
2797 3240 3124 3308 recederet;
3158 3238 3546 3294 nihilominus
3587 3243 3786 3292 tamen

379 3363 532 3417 inter
561 3327 877 3422 utrumque
903 3360 1098 3420 pacem
1134 3342 1531 3397 conservatam
1567 3333 2078 3390 fuisse.Melit0nis
2109 3335 2274 3386 aetate
2297 3331 2356 3384 in
2391 3331 2718 3386 Laodicena
2747 3331 3019 3396 Ecclesia,
3041 3328 3272 3384 sublato
3305 3346 3406 3400 per
3436 3327 3786 3400 martyrium

381 3447 584 3521 Segari
617 3418 973 3510 sedis-hujus
1005 3434 1298 3506 episcopo,
1333 3433 1389 3483 et
1419 3424 1868 3482 succedentibus
1900 3422 2050 3486 aliis,
2086 3422 2186 3492 qui
2224 3420 2641 3476 occidentalem
2676 3419 3155 3476 consuetudinem
3192 3418 3562 3473 introducere
3615 3433 3792 3472 cona-

388 3505 620 3601 bantur,
664 3535 768 3588 hac
803 3505 1081 3585 devcausa
1111 3522 1280 3577 etiam
1311 3517 1720 3572 exoriebantur
1750 3512 2166 3568 dissensiones.
2201 3509 2615 3580 Interponebat
2649 3509 2826 3579 igitur
2854 3524 2954 3562 sua
2986 3507 3178 3560 officia
3209 3510 3432 3575 noster,
3467 3511 3643 3575 atque
3685 3505 3793 3558 hac

389 3594 694 3688 occasione
725 3615 1240 3686 binos,festinante
1272 3606 1601 3673 calanio,ut
1633 3603 1711 3659 ait
1733 3602 2018 3658 Eusebius
2045 3599 2448 3672 (91),exaravit
2479 3597 2754 3664 libros,in
2789 3595 3000 3666 quibus
3027 3595 3242 3661 docuit,
3263 3609 3429 3647 suam
3465 3594 3788 3664 unicuique

383 3717 651 3778 Ecclesiae
684 3707 1167 3770 consuetudinem
1200 3717 1326 3758 esse
1357 3697 1744 3763 retinendam,
1795 3693 2130 3764 Paschaque
2175 3691 2267 3746 die
2300 3691 2364 3744 14
2395 3706 2461 3744 ex
2491 3686 2750 3756 antiquo,
2783 3701 2908 3740 esse
2952 3681 3384 3738 celebrandum.
3422 3681 3515 3735 Sic
3547 3682 3788 3736 diremit

378 3768 1126 3869 ominemﬁcontroversiam,
1160 3809 1192 3847 o
1217 3787 1399 3846 felicia
1425 3786 1538 3842 ista
1570 3783 1870 3856 tempora!
1908 3785 2108 3854 sicque
2140 3778 2407 3836 Ecclesiaa
2449 3791 2647 3849 pacem
2682 3773 2951 3829 reddidit.
2985 3773 3070 3827 Ita
3098 3772 3271 3826 refert
3301 3768 3628 3842 Polycrates
3662 3770 3779 3839 (92)

373 3901 438 3956 in
474 3895 715 3970 Epistola
744 3888 1006 3963 synodica
1035 3883 1104 3939 ad
1137 3879 1430 3945 Victorem,
1483 3876 1650 3945 cujus
1681 3877 1848 3930 astate
1899 3887 2162 3944 ausuque
2205 3869 2452 3925 nefando
2502 3865 2621 3920 haec
2671 3865 2860 3919 denuo
2893 3861 3191 3918 recruduit
3234 3858 3646 3923 controversia,
3683 3856 3784 3910 diu

1457 3965 1467 3970 -
1694 3964 1725 3970 ..
1779 3966 1787 3970 .
2113 3964 2121 3970 .
2353 3958 2369 3970 ε
2510 3954 2574 3970 ιγ’
2944 3953 3006 3970 ἰγ
3072 3949 3360 3970 ιιΑιξι--Ξ-
3417 3949 3480 3970 Π-
3525 3945 3784 3970 Π---Ι.-8Α

383 3945 584 4062 postea
614 3945 821 4051 magna
853 3975 1184 4033 animorum
1218 3965 1585 4024 contentione
1615 3964 1853 4034 agitata,
1890 3977 1996 4016 nec
2028 3964 2163 4016 ante
2189 3958 2479 4030 synodum
2510 3954 2804 4010 Nicrsnam
2836 3953 3042 4020 sopita.
3072 3949 3364 4007 Melitonis
3411 3949 3480 4003 De
3521 3945 3784 4001 Paschate

1199 4059 1209 4062 -
1456 4060 1462 4062 _
1592 4053 1605 4062 .
1925 4051 1935 4061 ι
2291 4049 2301 4062 1
2376 4047 2410 4062 ιι
2516 4048 2530 4062 ι
2585 4045 2630 4062 ιγ
2691 4061 2698 4062 ,
2767 4061 2774 4062 κ
2803 4060 2863 4062 ,_,
2886 4059 2983 4062 μμ--
3028 4039 3409 4062 ___._-_:L-_-l.
3442 4037 3656 4062 ιει.-.......
3727 4037 3784 4062 Π,

381 4037 530 4150 opus
554 4037 867 4130 "Clementi
906 4059 1292 4121 Alexandrino
1339 4053 1714 4127 postmodum
1749 4051 2114 4108 occasionem
2167 4047 2438 4120 praebuit,
2473 4048 2534 4101 ut
2585 4045 2709 4116 ipse
2758 4059 2992 4116 quoque
3022 4039 3415 4097 conscriberet
3442 4037 3662 4093 librum
3724 4037 3793 4090 De

1367 4146 1419 4150 __
1612 4143 1621 4150 .
1711 4141 1723 4150 .
1904 4140 1913 4150 .
1985 4139 1996 4150 .
2053 4139 2065 4150 .
2143 4139 2177 4150 ..
2378 4137 2412 4150 ,ι
2706 4139 2714 4150 .
2758 4139 2766 4150 .
2863 4133 2921 4150 ιι.
2959 4133 2997 4150 τη
3028 4131 3243 4150 ,,_1z,__
3279 4129 3385 4150 [nm
3414 4145 3426 4150 _
3477 4124 3681 4150 στιν-,η
3730 4120 3782 4150 1“.

377 4120 664 4234 Piisc/tate,
699 4163 757 4218 in
807 4174 922 4232 quo
955 4150 1333 4210 honorificam
1367 4141 1727 4200 Melitoniani
1759 4140 1950 4212 operis
1983 4139 2186 4209 injecit
2236 4137 2617 4202 mentionem,
2660 4139 2725 4189 ut
2754 4133 2932 4188 tradit
2959 4131 3245 4187 Eusebius
3277 4129 3386 4202 (93)
3414 4145 3428 4187 :
3477 4124 3685 4180 Τούτου
3727 4120 3786 4179 δὲ

377 4263 476 4314 τος)
518 4215 711 4329 λόγος,
753 4215 1046 4321 ίηᾷυίθηε,
1083 4241 1351 4314 μέμνηται
1395 4232 1629 4304 Κλήμης
1671 4231 1698 4284 ὁ
1733 4225 2113 4303 Ἀλεξανδρεὺς
2153 4224 2202 4280 ἐν
2245 4223 2368 4297 ἰδίῳ
2413 4223 2541 4297 Περὶ
2581 4227 2679 4278 τοῦ
2713 4223 2904 4296 Πάσχα
2943 4219 3118 4294 λόγῳ.
3163 4220 3220 4274 ὖ)
3263 4216 3310 4288 ἐξ
3345 4215 3521 4278 αἰτίας
3552 4222 3651 4284 τῆς
3685 4218 3786 4268 τοῦ

1338 4325 1346 4329 -
1594 4322 1611 4329 .-
1796 4325 1834 4329 ..-
1891 4324 1898 4329 .
2109 4325 2115 4329 .
2251 4315 2308 4329 1-1
2371 4317 2380 4325 ·
2563 4315 2598 4329 ι·
2815 4314 2834 4329 ιι
2905 4312 2936 4329 ο.
2977 4311 3234 4329 nl,m_i,,,
3281 4307 3700 4329 AI-_____.I_:_.-_
3735 4305 3786 4329 :—

383 4305 704 4405 Me).t'coivoc;
746 4343 960 4416 γραφῆς
1000 4331 1160 4410 φησὶν
1203 4325 1390 4384 ἑαυτὸν
1426 4322 1694 4391 συντάξαι.
1731 4346 1757 4371 «
1795 4324 1979 4390 Hujus

2172 4334 2219 4372 αι
2251 4315 2384 4371 libri
2418 4315 2775 4370 mentionem
2813 4312 2944 4368 facit
2976 4311 3238 4366 Clemens
3270 4307 3702 4364 Alexandrinus
3735 4305 3795 4360 in

2370 4403 2382 4416 .
3131 4415 3137 4416 ,
3233 4397 3427 4416 μευ,
3468 4399 3717 4416 .-_.-.___
3780 4414 3786 4416 _

385 4397 560 4507 opere
589 4397 703 4489 suo-
726 4397 794 4484 die
829 4397 1123 4482 Paschalis.
1159 4419 1317 4488 Quod
1353 4415 1584 4488 quidem
1623 4418 1686 4466 ut
1716 4403 2420 4466 conscriberetMelitonis
2451 4403 2668 4457 librum
2698 4417 2937 4456 causam
2969 4398 3082 4455 sibi
3115 4397 3434 4470 praebuisse
3468 4399 3738 4451 testatur.
3766 4414 3793 4442 »

387 4485 717 4595 atrumque
753 4524 946 4573 tamen
978 4529 1126 4584 opus
1155 4485 1348 4580 periit,
1372 4485 1434 4560 vet
1465 4505 1534 4559 de
1567 4498 1938 4557 Meliloniano
1972 4500 2239 4570 superest
2270 4493 2677 4550 tantummodo
2710 4509 2954 4564 parvum
2989 4491 3391 4562 fragmentum,
3417 4485 3570 4558 quod
3605 4487 3797 4556 poste-

387 4613 547 4673 ritati
579 4591 831 4667 servavit
861 4601 1168 4666 Eusebius,
1203 4596 1355 4652 inira
1384 4591 1807 4650 exhibendum.

1371 4742 1399 4808 §
1429 4738 1550 4794 Xll.
1586 4736 1675 4791 De
1705 4733 1844 4790 libro
1879 4730 2008 4806 Περὶ
2049 4725 2329 4790 πολιτείας
2367 4726 2460 4781 καὶ
2500 4727 2818 4804 προφητῶν.

461 4909 629 4967 Circa
677 4901 922 4959 alterum
968 4889 1259 4952 Melitonis
1290 4884 1575 4950 libellum,
1610 4881 1764 4954 quod
1797 4878 1858 4933 τὸ
1898 4874 2030 4951 Περὶ
2069 4898 2084 4932 1

2176 4873 2350 4935 ,ιτείας
2400 4873 2491 4928 καὶ
2530 4875 2828 4951 προφητῶν
2871 4870 3231 4938 inscribitur,
3263 4867 3603 4932 tenendum,
3645 4879 3799 4918 non-

395 4955 589 5060 nuilos
631 4995 860 5053 codices
909 5001 1086 5044 manu
1120 4981 1404 5048 exaratos,
1437 4991 1584 5049 quos
1635 4970 1932 5036 Valesius,
1985 4967 2045 5023 in
2080 4966 2231 5024 notis
2266 4967 2336 5023 ad
2394 4965 2608 5022 Euseb.
2643 4964 2912 5020 nominat
2940 4961 3131 5034 legere
3169 4958 3236 5013 τὰ
3275 4955 3402 5032 Περὶ
3442 4976 3502 5012 π.
3544 4974 3596 5009 κ.
3638 4972 3696 5007 π.
3739 4967 3803 5007 ac

463 5181 578 5254 <88)
612 5177 878 5233 Αοειειειε-
912 5166 1160 5232 Sinam»
1194 5160 1254 5216 ίη
1297 5151 1539 5230 ὀδητίῖλν
1592 5167 1718 5223 ⁸³9·
1773 5148 1860 5218 ίθν
1917 5164 2046 5220 ⁸³³³·
2157 5137 3392 5254 ροεῗιῗίζ,Αὲςιέί¹ιεὲἓὲθέέσηξὲ·.ῗῗσιέῗξξξῗὲέ
3434 5132 3802 5254 τῖέηιῗιδῖῖξνιξῗ

463 5205 578 5254 (00)
612 5205 878 5233 ﬂuctuum.
913 5205 1160 5232 usual-9)
1197 5205 1254 5216 ι·-
1323 5205 1463 5230 ⁷-⁷..
1492 5205 1539 5224 δι
1604 5205 1713 5223 ηνιν
1847 5205 1860 5218 ι
1917 5205 1930 5220 ι
1994 5205 2024 5219 υ
2235 5205 2246 5229 ι
2299 5205 2333 5230 _.
2437 5205 2482 5227 ι,
2593 5219 2602 5227 _
2946 5214 2974 5226 ν
3221 5210 3231 5220 ,
3655 5205 3667 5216 ,

393 5256 523 5310 258,
1188 5307 1236 5310 __
1459 5297 1561 5310 Am
2157 5218 2402 5310 Ceillier,
2426 5222 2532 5310 Jcnt.
2565 5216 2714 5310 libro
2747 5215 3017 5310 pag.,7o:
3061 5233 3089 5262 ‹‹
3123 5211 3268 5266 Mais
3296 5225 3390 5310 ces
3434 5208 3583 5310 deqx
3603 5205 3808 5310 cliviae

467 5277 573 5396 iis»
606 5322 790 5398 idem.
823 5314 982 5398 ίωςιιη
1014 5307 1265 5398 sap-.42.
1292 5297 1679 5398 esse-..
2158 5277 3462 5398 ξῑείέῖεδξίξεεάρξξ,ξ’ῖξξξξξις’ξδῗς.εεῖξῖετπῗιξυέῑηθ
3483 5277 3684 5398 βὲἒῖὲν
3720 5277 3805 5398 ῑίις

607 5349 982 5449 iisiis-insui?
1005 5349 1701 5451 Histria(idioi’icicrem,
1737 5365 1890 5439 apud
1925 5365 2047 5420 Eu-
2159 5380 2272 5417 non
2301 5349 2410 5432 que
2444 5361 2494 5416 le
2525 5349 2691 5441 Saint
2724 5357 2931 5413 suivoit
2965 5356 3019 5411 la
3052 5349 3321 5426 pratique
3367 5351 3436 5406 de
3483 5349 3678 5420 l’Asie,
3730 5350 3805 5404 οι)

398 5470 522 5525 seb.
559 5468 759 5520 Hister.
792 5459 1002 5522 eccles.,
1037 5455 1141 5525 lib.
1174 5466 1232 5515 v,
1266 5463 1396 5516 cap.
1427 5444 1525 5523 24_
1617 5511 1650 5525 η
1693 5518 1704 5525 Δ
1751 5510 1764 5525 ⁸
1851 5524 1858 5525 7
2009 5524 2012 5525 ν
2157 5431 2802 5525 ιὀῌξίὲέξρῖριι-ΞΑἭῩ
2833 5429 2887 5484 lc
2920 5430 2982 5484 14
3015 5428 3085 5485 de
3116 5426 3174 5484 la
3202 5426 3359 5481 lune.
3399 5443 3424 5475 ’

401 5503 1480 5608 “(SiliiEiisebiuchtwei-Hieronymus
1511 5512 1569 5568 in
1611 5510 1886 5580 Catalogo,
1920 5524 2046 5581 cap.
2228 5507 2316 5580 (93
2347 5505 2548 5562 Euseb.
2581 5503 2679 5560 cit.
2714 5503 2824 5558 loc.

401 5611 491 5664 45.
