4110 6150
287 307 446 373 1193
1113 301 1472 367 ΝΟΤΙΤΙΑ.
1518 338 1596 351 —-
1639 304 1718 368 II.
1766 305 1872 368 DE
1912 309 1975 370 St

2086 309 2270 373 iPTIS
2312 310 2379 373 s.
2428 312 2875 377 MELITONIS.
3143 352 3161 367 .
3557 296 3718 379 1194‘

289 444 339 501 si
366 446 560 500 noster
589 438 781 512 plures
810 439 880 497 de
911 439 1020 499 hoc
1050 446 1386 512 argumento
1416 440 1821 514 conscripserit
1846 443 2043 516 libros,
2076 447 2225 518 quod
2245 447 2580 522 Hieronymi
2610 455 2664 507 et
2697 450 3051 524 reliquorum
3090 452 3387 510 communi
3433 459 3719 527 repugnat

297 531 645 592 testimonio.
677 531 826 588 Male
867 548 1031 603 porro
1088 532 1348 590 Ruiﬁnus
1403 533 1974 606 Christophorsonus,
2031 536 2262 610 elegans
2323 540 2573 607 Eusebii,
2631 549 2764 600 ante
2818 542 3136 613 Valesium,
3185 544 3484 616 interpres,
3543 552 3715 617 atque

294 623 613 680 Hailoixius
643 638 707 677 ex
739 636 853 678 uno
885 622 990 678 hoc
1021 621 1166 680 libro
1197 623 1339 681 duos
1380 623 1657 696 iecerunt,
1711 625 1955 683 alterum
2004 629 2078 685 De
2115 638 2264 686 recta
2313 632 2745 702 conversatione,
2790 634 3032 690 alterum
3086 636 3161 690 De
3203 635 3505 707 prophetis,
3552 636 3716 706 quasi

291 714 356 771 in
387 715 581 771 Graeco
614 712 891 783 legeretur
921 711 1010 766 καὶ
1043 712 1105 767 τὸ
1136 713 1267 786 Περὶ
1309 716 1631 787 προφητῶν,
1681 731 1850 786 quam
1899 717 1975 775 lec

2086 736 2206 777 nem
2265 736 2465 778 omnes
2517 730 2843 780 constanter
2885 724 3109 781 codices
3168 731 3462 796 respuunt.
3512 723 3713 780 Hiero-

290 822 499 877 nymus
528 810 816 876 praeterea,
847 805 1151 874 Honorius,
1184 805 1534 862 Trithemius
1582 813 1635 863 et
1687 806 1883 863 Sixtus
1929 808 2200 866 Senensis
2250 828 2451 869 omnes
2502 813 2732 881 habent,
2784 815 2856 870 De
2899 817 3015 871 vita
3062 815 3464 887 prophetarum
3505 816 3714 871 librum

293 912 493 964 unum,
552 900 610 951 et
659 892 1013 964 Nicephorus
1065 894 1318 965 insuper,
1370 891 1532 968 λόγος
1579 890 1638 948 δὲ
1673 891 1856 968 ἕτερος
1899 901 1975 951 τοῑ

2086 896 2371 963 [ελίτωνος
2427 900 2669 977 φέρεται,
2720 904 2748 956 ὁ
2805 903 2937 977 Περὶ
2994 900 3278 966 πολιτείας
3335 902 3428 958 καὶ
3490 924 3714 981 προφη-

284 985 414 1040 τῶν.
449 984 595 1040 Hinc
616 983 818 1039 merito
850 982 1080 1039 illorum
1102 984 1441 1040 sententiam
1473 985 1782 1055 rejicimus.
1814 987 2087 1058 Exposuit
2122 989 2293 1059 igitur
2346 996 2537 1048 noster
2569 994 2627 1048 in
2681 993 2787 1049 hoc
2839 1010 3011 1065 opere
3058 995 3128 1051 de
3177 1003 3354 1064 recta,
3405 1010 3527 1066 quas
3580 1011 3714 1065 pro-

291 1075 494 1147 phetas
523 1074 742 1142 deceat,
777 1072 1003 1130 vivendi
1034 1073 1254 1130 ratione
1286 1073 1523 1144 vitaeque
1551 1074 1983 1147 consuetudine,
2012 1078 2399 1151 scriptumque
2419 1097 2544 1138 esse
2578 1082 2804 1138 videtur
2849 1089 3049 1139 contra
3086 1084 3426 1140 Montanum
3474 1085 3709 1156 ejusque

285 1164 538 1221 asseclas
566 1162 881 1220 Ecclesium
916 1161 1017 1219 Dei
1048 1162 1170 1218 istis
1201 1164 1551 1235 temporibus
1600 1163 1808 1219 mirum
1855 1166 2169 1237 turbantes,
2225 1177 2277 1225 et
2328 1170 2640 1241 prophetiae
2689 1173 2904 1229 donum
2953 1189 3055 1244 per
3097 1172 3387 1230 atiectatas
3434 1177 3712 1243 exstases,

290 1254 476 1310 varias
505 1252 759 1324 corporis
798 1252 1209 1320 contorsiones,
1243 1268 1342 1324 per
1380 1259 1562 1309 atram
1614 1254 2087 1328 melancholiam,
2135 1264 2189 1314 et
2246 1259 2608 1329 phreneticas
2659 1261 3080 1331 convulsiones,
3134 1263 3610 1333 Pythonissarum
3654 1264 3715 1321 in

292 1360 536 1415 morem,
571 1343 937 1409 mentientes,
970 1341 1291 1413 multosque
1323 1341 1574 1398 ﬁdelium
1605 1360 1638 1398 a
1667 1350 1821 1400 recto
1852 1346 2076 1402 tramite
2107 1347 2439 1406 sedueentes
2479 1348 2616 1423 (94).
2654 1352 3076 1407 Dcmonstravit
3114 1352 3175 1408 in
3215 1369 3280 1409 eo
3337 1354 3463 1409 sine
3509 1352 3706 1422 dubio,

288 1434 442 1505 quod
478 1431 758 1504 probabili
790 1431 949 1487 valde
978 1431 1310 1501 conjectura
1339 1430 1472 1488 licet
1515 1430 1779 1501 divinari,
1830 1433 2163 1505 prophetam
2212 1436 2421 1506 Spiritu
2473 1437 2576 1496 Dei
2625 1455 2754 1496 vere
2796 1444 2988 1497 aetum
3038 1457 3154 1497 non
3202 1440 3406 1498 debere
3455 1440 3712 1498 moribus

289 1523 409 1580 suis
439 1523 693 1580 externis
723 1522 784 1577 in
816 1521 1007 1578 decori
1039 1519 1262 1590 regulas
1291 1520 1632 1592 impingere,
1666 1522 1762 1578 sed
1795 1529 2118 1595 utrumque,
2141 1526 2478 1597 prophetam
2527 1544 2670 1596 esse,
2721 1529 3035 1599 decoreque
3087 1529 3295 1597 vivere,
3347 1536 3400 1584 et
3450 1545 3611 1601 posse
3660 1537 3714 1586 et

291 1612 502 1670 debere
531 1611 860 1668 consistere.
893 1609 1229 1675 Miltiadem,
1263 1612 1359 1682 qui
1391 1616 1553 1667 relate
1578 1626 1694 1667 non
1750 1611 1992 1667 multum
2044 1615 2322 1685 posterior
2368 1615 2493 1685 fuit,
2549 1622 2604 1671 ul
2656 1615 3027 1673 incredibiles
3076 1615 3443 1674 Montanismi
3492 1612 3736 1673 sisteret

291 1717 650 1775 progressus,
682 1699 832 1757 idem
866 1700 1129 1756 habuisse
1178 1700 1526 1766 institutum,
1574 1707 1624 1756 et
1680 1708 1877 1757 contra
1931 1701 1975 1757 lt!

2086 1719 2271 1759 anum
2320 1704 2617 1776 scripsisse
2670 1705 2900 1776 librum,
2952 1704 3082 1780 Περὶ
3130 1707 3230 1760 τοῦ
3284 1705 3361 1779 μὴ
3412 1701 3519 1760 δεῖν
3576 1724 3716 1777 προ-

294 1791 476 1869 φήτην
511 1789 567 1939 ἐξ
597 1787 837 1936 Exacto:
871 1786 1085 1861 λαλεῖν,
1117 1790 1234 1847 Non
1265 1789 1454 1847 decere
1487 1791 1808 1864 prophetam
1854 1789 1918 1846 in
1966 1793 2179 1849 exstasi
2232 1793 2403 1865 loqui,
2457 1793 2733 1852 Eusebius
2782 1795 2896 1868 (95)
2946 1795 3137 1865 refert,
3186 1795 3282 1868 qui
3330 1801 3385 1853 et
3436 1794 3600 1852 illum
3652 1796 3715 1853 in

294 1895 530 1939 comnen
572 1881 627 1939 io
657 1896 724 1938 ex
776 1879 791 1935 i
837 1883 913 1939 et.

288 1895 627 1954 compendio
657 1895 913 1939 exmner.

1516 2025 1546 2093 §
1573 2024 1728 2080 XIII.
1759 2026 1833 2081 De
1864 2023 2004 2081 libro
2035 2023 2165 2100 Περὶ
2196 2031 2482 2100 κυριακῆς.

372 2171 549 2238 Quem
572 2173 768 2241 quarto
793 2182 1031 2224 numero
1069 2166 1362 2238 posuimus
1417 2165 1649 2237 librum,
1705 2165 1837 2242 Περὶ
1888 2187 1975 2243 ac;

2086 2174 2175 2241 ἧς,
2233 2171 2307 2228 De
2345 2170 2434 2228 die
2482 2172 2769 2228 Dominica
2826 2172 3104 2245 exposuit.
3164 2172 3433 2246 Κυριακή,
3473 2173 3535 2229 in
3587 2189 3707 2229 me-

299 2260 540 2317 moriam
570 2257 968 2316 resurectionis
998 2256 1329 2325 Dominicas,
1382 2272 1687 2314 commune
1726 2259 1873 2329 apud
1921 2261 2222 2329 primaevus
2270 2260 2622 2317 Christianos
2671 2277 2881 2319 nomen
2930 2262 3035 2317 fuit
3084 2261 3281 2332 primas
3330 2261 3705 2319 hebdomadis

296 2350 412 2407 diei
444 2349 575 2423 (06).
611 2363 780 2421 quam
813 2354 1000 2402 tamen
1032 2361 1467 2416 nonnunquam,
1501 2347 1725 2419 quando
1754 2347 1975 2418 gentilii

2087 2348 2431 2418 scribebant,
2461 2350 2560 2417 τήν
2592 2352 2687 2404 τοῦ
2743 2347 2911 2418 ἡλίου
2958 2349 3192 2424 ἡμέραν,
3242 2372 3271 2402 ‹‹
3302 2351 3439 2407 solis
3482 2351 3635 2407 diem
3671 2373 3700 2401 ››

292 2440 464 2497 etiam
494 2438 781 2511 appellare
812 2453 927 2493 non
982 2434 1322 2491 dubitabant
1371 2436 1507 2507 (97).
1559 2437 1636 2492 De
1696 2436 1863 2508 hujus
1918 2436 2111 2493 divina
2167 2437 2525 2495 institutione
2583 2440 2828 2496 multum
2880 2440 3218 2511 disputatur.
3271 2443 3416 2497 Suet
3472 2441 3701 2513 quidem

290 2526 586 2597 nonnulli,
628 2527 721 2598 qui
754 2532 880 2599 post
910 2525 1198 2582 excidium
1233 2524 1776 2597 Hierosolymorum,
1806 2524 1922 2582 imo
1955 2525 2059 2582 sub
2090 2526 2302 2583 exitum
2350 2528 2579 2583 demum
2624 2527 2816 2583 saeculi
2864 2528 3058 2601 primi,
3103 2528 3239 2585 solis
3291 2528 3440 2585 diem
3489 2545 3702 2587 conse-

293 2623 516 2675 cratum
549 2616 722 2673 fuisse
752 2615 1099 2687 cpinantur;
1130 2612 1313 2668 verior
1362 2620 1550 2670 tamen
1599 2629 1817 2679 eorum,
1868 2616 1992 2671 sine
2040 2614 2233 2682 dubio,
2294 2622 2378 2671 est
2427 2616 2726 2683 sententia,
2782 2618 2879 2688 qui
2927 2632 3043 2674 non
3094 2617 3192 2673 diu
3247 2624 3372 2688 post
3419 2617 3706 2675 sublatum

298 2710 366 2764 ad
399 2706 575 2764 emlos
606 2706 917 2762 Dominum
948 2704 1068 2774 ejus
1098 2701 1542 2759 celebrationem
1573 2702 1893 2759 institutam
1925 2703 2101 2760 fuisse
2130 2704 2392 2772 credunt,
2423 2706 2569 2777 quod
2614 2706 2853 2774 erudite,
2880 2714 3082 2777 praeter
3110 2706 3466 2775 alios,tuetur
3515 2708 3678 2763 Justu

204 2812 207 2813 '
312 2796 653 2868 Henningus
683 2796 1016 2853 Bazhmerus
1048 2792 1184 2864 (98).
1220 2792 1285 2846 In
1317 2790 1568 2863 sabbato,
1601 2793 1893 2864 primaque
1923 2793 2063 2849 feria
2107 2809 2396 2849 sacrorum
2448 2795 2835 2851 faciendorum
2882 2810 3050 2851 causa
3099 2796 3324 2866 publice
3381 2796 3715 2853 convenisse

298 2886 652 2944 Christianos
681 2887 884 2959 primis
914 2883 1102 2939 statim
1138 2880 1254 2937 illis
1290 2883 1663 2954 temporibus,
1712 2883 1879 2939 etiam
1930 2899 1999 2940 ex
2046 2882 2301 2939 fontibus
2348 2884 2522 2941 sacris
2582 2885 2851 2942 elucescit
2900 2885 3035 2958 (99).
3087 2887 3153 2942 In
3207 2901 3477 2957 magnum
3521 2886 3718 2958 utique

308 2991 480 3033 sacra:
505 2975 858 3048 antiquitatis
904 2977 1308 3033 detrimentum
1359 2972 1592 3038 accidit,
1642 2972 1789 3042 quod
1839 2970 1932 3028 hic
1981 2971 2269 3028 Melitonis
2324 2971 2468 3027 liber
2510 2974 2760 3045 perierit,
2810 2975 2972 3044 cujus
3020 2974 3309 3032 scribendi
3357 2978 3722 3034 occasionem

311 3065 456 3121 forte
484 3065 642 3121 dedit
670 3065 1056 3122 controversia
1087 3066 1158 3121 de
1184 3063 1488 3120 festivitate
1517 3060 1794 3117 Paschali.
1823 3060 1927 3117 Hie
1956 3059 2120 3127 liber,
2153 3063 2430 3131 quantum
2464 3061 2699 3117 memini
2750 3078 2873 3133 ego,
2908 3063 3124 3133 primus
3161 3079 3328 3134 super
3383 3063 3577 3121 nobile
3617 3065 3724 3121 hoc

304 3162 641 3227 argumento
673 3155 774 3210 fuit
805 3155 1102 3212 confectus
1130 3175 1145 3222 ;
1176 3155 1235 3210 in
1266 3169 1331 3209 eo
1362 3152 1552 3209 forsan
1584 3150 1898 3222 legeremus
1917 3148 2123 3205 Christi
2154 3149 2653 3222 apostolorumquc
2693 3152 2913 3208 sancite
2961 3153 3030 3209 de
3078 3151 3407 3223 abrogando
3461 3153 3719 3210 sabbato.

299 3244 554 3301 Irenaaus
583 3243 659 3316 (1)
694 3244 816 3299 solo
849 3244 940 3300 die
972 3243 1272 3301 Dominico
1304 3240 1732 3298 resurrectionis
1772 3238 2001 3295 Domini
2049 3239 2385 3309 mysterium
2433 3239 2836 3297 celebrandum
2887 3257 3033 3311 esse,
3082 3242 3346 3299 asseruit.
3384 3243 3460 3299 De
3490 3243 3580 3300 die
3609 3242 3726 3299 Do-

307 3332 552 3404 minico,
612 3331 744 3407 Περὶ
803 3337 905 3401 τῆς
965 3331 1177 3408 ἡμέρας
1235 3335 1521 3406 κυριακῆς,
1581 3329 1779 3386 beatus
1835 3329 1975 3384 Eusc

2086 3346 2131 3396 s,
2186 3329 2485 3400 episcopus
2548 3330 2969 3387 Alexandrinus
3019 3331 3224 3388 saeculo
3292 3331 3453 3389 tertio
3534 3332 3722 3390 clarus

305 3423 623 3481 orationem
656 3422 1022 3495 conscripsit,
1054 3438 1226 3495 quam
1260 3438 1325 3478 ex
1359 3437 1498 3476 mss.
1539 3418 1738 3487 edidit,
1772 3418 1965 3474 Latine
1994 3417 2180 3483 vertit,
2220 3421 2278 3473 et
2305 3418 2790 3489 adnotationibus,
2819 3420 3178 3491 potissimum
3204 3421 3274 3478 ad
3310 3436 3472 3480 sacra
3492 3421 3723 3495 publica

301 3511 509 3569 veteris
538 3512 805 3571 Ecclesia:
827 3512 1236 3585 spectantibus,
1268 3508 1570 3567 illustravit
1600 3507 1795 3565 beatus
1824 3508 1910 3564 Jo.
1943 3506 2095 3563 Guil.
2124 3506 2333 3575 Janus,
2369 3506 2460 3566 hic
2492 3509 2893 3567 conferendam
2924 3509 3023 3583 (2).

1395 3686 1591 3755 §XIV.
1623 3685 1698 3741 De
1730 3683 1873 3741 libro
1903 3681 2035 3759 Περὶ
2066 3681 2276 3761 φύσεως
2309 3683 2622 3761 ἀνθρώπου.

388 3838 468 3895 De
499 3834 645 3892 libro
676 3831 957 3905 sequenti,
988 3828 1119 3905 Περὶ
1151 3827 1358 3904 φῦσεως
1387 3825 1695 3901 ἀνθρώπου,
1726 3828 1800 3884 De
1827 3829 1975 3883 natm

2086 3826 2321 3883 hominis
2366 3826 2460 3898 (de
2503 3842 2616 3898 quo
2655 3825 2854 3882 itidem
2900 3829 3238 3899 argumento
3284 3826 3554 3898 Nemesii,
3607 3827 3731 3898 cpi-

317 3927 482 3998 scopi
510 3923 795 3989 Emeseni,
818 3922 988 3979 hodie
1017 3921 1202 3978 adhuc
1233 3926 1414 3976 exstat
1443 3917 1689 3988 insignis
1718 3924 1869 3974 certe
1899 3917 2042 3974 liber
2068 3915 2548 3987 Greco-Latinus,
2594 3916 2783 3971 editus
2831 3916 3009 3972 nitido
3059 3917 3268 3972 Oxonii
3321 3916 3483 3985 167i,
3518 3917 3579 3973 in
3609 3918 3664 3984 8,
3700 3934 3734 3972 a

318 4020 408 4076 Jo.
444 4014 625 4084 Fello,
656 4012 948 4072 Cistriensi
988 4011 1299 4083 episeopo),
1349 4010 1491 4065 nihil
1543 4009 1692 4081 quod
1742 4023 2003 4066 moneam
2052 4006 2253 4076 habeo,
2297 4006 2406 4061 nisi
2446 4006 2593 4076 quod
2642 4006 2905 4062 eumdem
2961 4021 3031 4062 ex
3091 4006 3345 4076 catalogo
3395 4006 3734 4077 scriptorum

319 4104 825 4165 Melitonianorum
856 4101 1154 4159 omiserint
1184 4100 1591 4173 Hieronymus,
1628 4097 1936 4164 Honorius,
1967 4096 2318 4152 Trithemius
2348 4101 2401 4151 et
2430 4094 2621 4151 Sixtus
2649 4096 2937 4165 Senensis,
3001 4095 3268 4150 Ruiﬁnus
3319 4092 3449 4169 Περὶ
3500 4095 3736 4156 πίστεως

318 4194 628 4270 ἀνθρώπου,
660 4195 734 4250 De
758 4191 863 4263 ﬁde
893 4190 1132 4247 hominis
1160 4189 1315 4261 legit.
1352 4188 1705 4259 Nicephorus
1756 4204 1905 4253 vero,
1956 4204 1975 4243 ε

2086 4202 2177 4242 10c
2224 4191 2277 4241 et
2324 4185 2513 4240 statim
2566 4185 2904 4255 insequente
2948 4183 3091 4240 libro
3149 4182 3278 4257 Περῖ
3326 4181 3603 4253 πλάσεως,
3662 4186 3738 4241 De

312 4285 611 4353 creatione,
648 4296 827 4338 unum
869 4278 1003 4335 facit
1058 4277 1132 4350 (3)
1183 4278 1242 4333 in
1292 4291 1401 4348 quo
1450 4274 1760 4348 posteriore
1809 4275 2194 4332 haltuciuatus
2246 4276 2479 4343 insuper
2525 4288 2746 4344 quoque
2796 4279 2878 4328 est
2926 4271 3297 4339 Trithemius,
3352 4274 3449 4343 qui
3494 4288 3614 4329 non
3664 4273 3736 4329 de

311 4375 612 4450 plasmate,
645 4371 743 4429 sed
778 4375 860 4427 De
892 4367 1087 4441 lapsis,
1123 4366 1448 4425 Melitenem
1480 4365 1692 4422 librum
1720 4365 2040 4437 scripsisse,
2076 4363 2262 4420 tradit.
2309 4363 2468 4419 Forte
2499 4369 2733 4434 uterque
2782 4361 2928 4418 liber
2975 4376 3105 4418 cum
3154 4360 3217 4418 in
3272 4360 3444 4418 tinem
3474 4379 3508 4418 a
3534 4366 3734 4419 nostro

390 4581 506 4656 (94)
541 4579 759 4639 Ulutde
783 4595 915 4635 vera
951 4576 1207 4656 Montani
1238 4572 1779 4656 ejusquehaeresic‘os
1811 4576 1970 4656 aetate
2117 4569 2256 4656 _(98)
2289 4569 2495 4656 iilustr.
2529 4569 2860 4656 Emhmerus
2899 4570 2959 4625 in
3004 4569 3281 4652 singulari
3327 4568 3735 4656 dissertatz‘pc

316 4640 575 4711 nandum
601 4660 751 4709 certe
781 4656 1020 4718 constet,
1055 4650 1161 4704 hoc
1193 4640 1393 4703 tamen
1413 4651 1569 4718 extra
1591 4642 1828 4718 dubium
1855 4644 1966 4718 est,
2077 4640 2368 4718 stalo'die
2414 4641 2884 4718 Christianorum,
2941 4657 3066 4713 quae
3114 4642 3298 4713 prima
3359 4649 3439 4698 est
3488 4641 3551 4697 in
3590 4640 3735 4697 Diu.

316 4727 575 4782 eamdem
610 4723 894 4781 Melitonis
917 4712 1179 4791 tempore
1218 4715 1972 4791 maxime_viguisse,_ejus-
2078 4712 2615 4791 Jur'g'secetesz‘astiei
2644 4716 2878 4791 antiqui.

320 4813 430 4869 que
459 4797 827 4869 virusipsam
868 4795 1007 4869 adeo
1044 4783 1303 4869 Lydiam,
1331 4796 1416 4869 __et
1470 4786 1736 4868 inprimis
1781 4786 1970 4869 Thyaf
2085 4854 2121 4869 η
2154 4784 2266 4869 (99)
2299 4787 2379 4868 Ita
2412 4786 2652 4868 habetur
2878 4800 2970 4869 xx,
3016 4785 3146 4867 7,.1
3178 4784 3302 4869 (lor.
3354 4801 3468 4852 xvr,
3517 4783 3577 4869 ἓ,
3623 4786 3731 4838 etc.

321 4858 513 4939 tiram,
544 4858 743 4924 urbem
786 4858 1107 4939 Sardibus,‘
1140 4863 1213 4939 in_
1245 4859 1471 4939 quibus,
1501 4858 1805 4939 episcopus
1854 4863 1973 4939 erat

320 4929 535 5006 noster,
565 4939 835 5003 vicinam,
868 4936 1150 4991 infecisse.
1194 4929 1552 5006 Ita-testatur
1596 4929 1970 5006 Epiphanius,

322 5000 542 5068 Advers'.
576 5000 830 5066 haereses
856 5008 954 5064 lib.
990 5024 1028 5074 ι,
1063 5022 1189 5071 cap.
1242 5003 1333 5060 3i.
1398 5000 1820 5074 Conferjtngti
1871 5014 1973 5056 cu-

318 5084 546 5155 jusdam
577 5080 869 5155 anonymi,
903 5070 1070 5155 quoin
1122 5070 1584 5155 Franci‘sc._i.ee_,
1730 5073 1794 5127 υ.
1827 5086 1974 5155 esse,

322 5142 677 5226 eompertum
730 5142 1216 5226 baheo,_Histofy
1249 5148 1333 5226 Aof
1415 5142 1777 5215 Montanism,
1828 5142 1895 5215 by
1944 5158 1980 5198 a

324 5228 436 5294 Lay
458 5217 797 5294 'gentleman,
834 5221 1006 5279 Lond.
1042 5217 1204 5294 i709,
1246 5217 1298 5271 8.

418 5286 507 5365 95)
538 5296 744 5353 Euseb.
779 5286 925 5351 Hist.
956 5292 1087 5365 ecel.
1124 5286 1225 5365 lib.
1259 5305 1312 5356 v,
1344 5304 1476 5365 cap._
1506 5286 1592 5365 t‘_7.

420 5358 511 5442 96)
544 5369 686 5442 Vide
717 5366 1017 5436 Binghami
1058 5363 1319 5434 Origenes
1369 5358 1787 5424 ecclesiasticas,
1839 5363 1976 5414 tom.

331 5440 424 5504 IX,
457 5440 579 5504 pag.
618 5440 702 5494 15.

323 5484 811 5585 ,Ἵῖἧῖοιίυξῖίῃῃε
871 5508 1051 5585 Μωὶέ
1094 5505 1313 5585 Αροίοσ,
1375 5499 1977 5585 ILproMChristi'a‘nlis,

332 5568 638 5654 s89,’pag.
676 5580 970 5654 132,_cdit.
1014 5568 1349 5654 ᾳταιιίειηξεε
1400 5568 1515 5640 Τῆν
1569 5568 1625 5654 δὲ
1670 5575 1766 5654 τρῦ
1813 5568 1979 5639 ἡλίου

337 5641 551 5727 ipsese!
577 5641 739 5725 ἔοινῇ
769 5641 962 5710 ruinae
990 5648 1089 5716 τὴν
1120 5644 1424 5702 συνέλευσιν
1453 5641 1777 5715 ποιούμεθα,

644 5771 918 5832 Parnon.
963 5766 1074 5827 Gn.
1119 5766 1192 5827 V.

2083 4854 2305 4913 Confer.
2362 4856 2625 4927 inprimis
2689 4857 2943 4910 Wotton’s
3025 4857 3446 4911 miseeltaneous
3493 4855 3739 4927 discour-

2083 4944 2185 4993 ses,
2232 4923 2477 4996 relatin'g
2533 4932 2585 4983 to
2634 4927 2721 4983 the
2777 4927 3094 4982 Traditions
3148 4927 3259 4980 and
3308 4927 3503 4996 Usages
3549 4923 3741 4996 ofptha

2083 4999 2299 5054 Seribes
2324 5000 2433 5054 and
2445 4994 2760 5055 “Pharisees
2790 4999 2851 5053 in
2882 5013 2984 5053 cur
3034 4997 3225 5052 btess’d
3277 4994 3554 5051 Sauz'our's
3584 4994 3739 5062 time,

2083 5071 2197 5127 vol.
2233 5071 2274 5140 i,
2303 5086 2428 5140 cap.
2464 5072 2550 5139 10,
2585 5087 2709 5140 pag.
2740 5068 2868 5136 29/1,
2903 5068 3226 5140 uhiomnia
3259 5067 3326 5125 N.
3374 5068 3446 5140 AT.
3491 5066 3636 5133 loca,
3673 5066 3745 5122 de

2086 5138 2430 5225 celebrando
2464 5138 3049 5213 primo‘hehdomadis
3080 5139 3171 5196 die
3198 5138 3443 5210 agentia,
3470 5143 3744 5194 accurate

2088 5216 2517 5415 ::(ptc)nijrlcinzeus
2571 5286 2722 5357 apud
2760 5284 2965 5341 Euseb.
3010 5284 3146 5339 Hist.
3186 5282 3319 5338 eeel.
3369 5281 3469 5338 lib.
3503 5297 3556 5350 v,
3615 5294 3745 5352 cap.

2092 5500 2106 5514 .
2162 5429 2238 5514 (ξ)
2282 5429 2495 5486 Prodiit
2518 5430 2609 5486 hic
2640 5428 2870 5485 Eusebii
2901 5427 3061 5483 Alex.
3098 5426 3325 5484 libellus
3354 5425 3553 5497 Lipsius
3581 5424 3744 5490 1720,

2090 5503 2244 5643 mili).
2269 5573 2443 5637 Quem
2476 5580 2702 5629 secutus
2735 5578 2817 5629 est
2861 5569 3106 5638 Ceillier,
3157 5570 3252 5642 qui
3305 5568 3534 5628 titulum
3579 5568 3752 5641 hujus

2091 5643 2222 5700 libri
2255 5645 2328 5701 De
2359 5645 2413 5699 ια
2442 5645 2741 5709 formation
2772 5645 2836 5702 de
2865 5644 3124 5701 t’homme
3152 5643 3420 5701 reddidit.

3348 5762 3426 5821 38
