4110 6150
341 288 497 351 1197
1172 293 1515 358 NOTlTIA.
1562 329 1636 342 —
1681 296 1760 360 II.
1808 299 1906 360 DE
1950 299 2298 367 SCRIPTIS
2346 305 2406 369 S.
2456 306 2910 373 MELITONIS.
3600 325 3758 388 1198

333 421 583 528 omnino.
607 437 726 478 non
759 422 938 490 video,
971 439 1143 496 quare
1168 425 1409 528 alteram
1441 430 1707 500 praeferre
1737 431 1978 489 velimus
2037 433 2362 505 lectionem,
2397 455 2521 510 quae
2551 441 2783 514 insuper
2815 445 2875 500 in
2900 447 3104 504 mendo
3136 449 3580 528 adhucjaceret,
3615 475 3750 516 nam

356 527 472 568 non
497 512 723 568 deberet
756 529 884 568 esse
911 519 970 584 ἤ,
1001 516 1092 570 sed
1126 514 1213 568 καὶ
1249 517 1372 569 νοός·
1461 527 1523 566 ut
1577 529 1726 577 recte
1782 522 2049 579 observav

2078 531 2095 578 t
2151 525 2484 583 Whistonus
2539 512 2700 602 (10)(
2735 533 3088 606 Caeteroquin
3138 512 3764 606 eidemverudit’issim—e

341 602 533 671 Anglo
559 602 744 657 dicam
791 620 802 657 :
838 617 968 658 cum
1001 603 1058 659 S.
1098 604 1160 658 lt.
1192 606 1401 662 Wolltu
1432 610 1846 680 inmoluerim
1871 612 2134 676 scribere,
2169 616 2294 671 ideo
2326 620 2475 687 quod
2531 621 2810 690 triplicem
2864 602 3025 680 istam
3088 627 3337 685 hominis
3391 602 3766 712 diiisionem',

347 706 518 762 quam
549 698 734 746 tamen
768 707 875 748 nec
907 693 1028 764 ipse
1058 695 1277 764 probat,
1304 698 1448 753 inter
1479 699 1854 769 Christianos,
1891 703 1987 772 qui
2019 705 2226 758 smculo
2257 706 2440 775 primo
2471 715 2524 764 et
2555 714 2806 767 secundo
2839 713 3095 782 vixerint,
3138 717 3454 776 obtinuisse
3501 693 3756 796 asserat;

346 779 477 850 licet
508 781 764 836 eamdem
801 797 863 836 ex
894 781 1355 841 Melitonislibro
1390 788 1616 857 probari
1676 806 1861 858 posse,
1919 797 2244 848 constanter
2301 810 2520 865 negem.
2583 799 2874 858 Platonica
2932 779 3476 878 sane'philoSOphia

353 867 488 976 satis
517 869 548 922 a
579 868 844 924 Patribus
877 870 984 926 fuit
1013 872 1275 943 adoptata
1303 877 1794 948 ;Platonicamque
1827 879 1971 934 hanc
2007 880 2257 936 hominis
2288 883 2622 942 divisionem
2655 888 2877 945 admisit
2909 867 3141 962 jamjam
3169 867 3506 971 Philo-(12),

347 956 541 1012 Patres
572 958 828 1028 primaevi
859 959 977 1016 fere
1008 977 1205 1017 omnes
1233 964 1478 1034 sapiunt.
1503 965 1752 1021 Ireuaaus
1781 967 1893 1039 (13)
1923 972 2075 1024 certe
2099 971 2486 1029 disertissimis
2519 975 2703 1032 verbis
2733 979 2874 1034 dixit
2901 956 2924 1035 ε.
2969 1004 2996 1031 ‹‹
3030 956 3174 1038 ⁷Τι’ἱιι
3233 956 3387 1042 sunt‘
3423 956 3505 1045 ei,
3551 956 3755 1062 quibus

347 1047 634 1152 perlectus
667 1047 836 1104 homo
868 1058 1106 1116 constat,
1142 1068 1332 1122 carne,
1368 1054 1582 1124 anitna,
1613 1057 1832 1125 spiritu.
1868 1079 1896 1106 »
1931 1060 2245 1129 nationem,
2279 1077 2449 1131 quare
2481 1065 2667 1121 forsan
2703 1068 2793 1124 hic
2835 1070 3116 1127 Melitonis
3174 1073 3316 1131 liber
3363 1077 3450 1133 vel
3506 1047 3753 1152 perierit,

343 1134 431 1190 vel
464 1150 800 1207 suppressus
830 1138 1019 1206 fuerit,
1054 1156 1166 1196 non
1202 1143 1364 1210 meis,
1392 1145 1487 1198 sed
1508 1144 1808 1200 clarissimi
1840 1146 2074 1202 editoris
2106 1148 2378 1219 Nemesii,
2409 1153 2597 1210 verbis
2624 1155 2808 1212 discas
2840 1160 3011 1215 velim
3045 1180 3060 1231 ;
3105 1177 3226 1232 quae
3283 1182 3358 1222 an
3415 1134 3615 1236 valeat,
3674 1134 3755 1229 uti

343 1224 537 1323 val-ere
570 1225 786 1281 videtur
815 1227 1140 1296 Whistono,
1172 1231 1293 1301 ipse
1317 1232 1624 1301 judicabis,
1656 1235 1928 1291 benev0te
1961 1235 2154 1293 lector.
2188 1244 2272 1294 Ita
2301 1248 2486 1296 autem
2518 1243 2614 1298 ille
2645 1245 2754 1314 (14)
2788 1263 2800 1301 :
2861 1224 3165 1320 Postquam
3216 1255 3372 1310 enim
3416 1224 3754 1326 Apolli'narii

345 1320 400 1367 et
430 1313 608 1383 ipsius
640 1318 967 1384 sequacium
999 1321 1398 1376 Dimeritarum
1430 1322 1711 1378 increbuit
1734 1324 1964 1393 dogma,
2005 1327 2100 1396 qui
2131 1329 2434 1386 Dominum
2469 1313 2825 1390 nostrumex
2858 1313 3035 1392 tribus
3088 1342 3345 1409 partibus
3383 1313 3752 1406 constitutum

343 1401 694 1471 asserebant,
731 1401 783 1457 ἐν
817 1405 1032 1477 σαρκὸς,
1062 1407 1152 1460 καὶ
1183 1410 1392 1482 ψυχῆς,
1427 1409 1515 1463 καὶ
1547 1411 1802 1481 θεότητος
1832 1410 1950 1466 ἀντὶ
1981 1419 2049 1466 τοῖ

2108 1412 2229 1474 νοῦ.
2266 1418 2591 1489 (Epiphanii
2621 1431 2748 1478 sunt
2791 1425 2980 1494 verba,
3028 1401 3152 1498 pag.
3189 1431 3369 1502 1016),
3402 1401 3752 1503 ρυοίοέὲὶῖιξ

334 1505 434 1544 eos
468 1491 832 1562 proﬂigarent
860 1495 1182 1564 orthodoxi,
1216 1497 1487 1569 deinceps
1518 1509 1753 1570 receptae
1785 1502 1946 1572 prius
1973 1506 2267 1560 sententias
2294 1507 2363 1561 de
2397 1508 2574 1565 tribus
2623 1511 2827 1568 animae
2868 1491 3128 1583 partibus
3180 1491 3750 1593 valedixe‘runt,‘licei

337 1578 408 1633 ab
435 1579 691 1649 Apostoli
723 1581 935 1652 verbis,
969 1584 989 1638 Ι
1020 1584 1215 1641 Thess.
1249 1603 1303 1651 v,
1333 1587 1425 1655 23,
1450 1588 1875 1646 firmamentum
1911 1591 2016 1646 sibi
2048 1608 2309 1662 arrogare
2371 1596 2624 1654 videatur
2658 1619 2672 1668 ;
2728 1609 2780 1656 et
2827 1578 3056 1658 demum
3119 1605 3393 1663 haereseos
3449 1578 3745 1680 cujusdam

333 1670 480 1738 apud
515 1676 764 1738 posteros
795 1673 1205 1743 arcessebatur,
1241 1676 1494 1731 animam
1527 1695 1558 1731 a
1591 1677 1792 1750 spiritu
1823 1695 2119 1736 secernere
2158 1699 2170 1736 :
2203 1683 2378 1739 simili
2430 1684 2597 1755 plane
2644 1688 2787 1759 lege,
2846 1707 2958 1760 qua
3015 1693 3218 1748 mersio
3274 1695 3335 1751 in
3389 1670 3744 1771 baptismate,

337 1772 495 1813 nunc
529 1758 696 1825 trina,
729 1761 861 1817 dein
898 1778 1030 1832 una,
1064 1765 1252 1821 denuo
1283 1772 1334 1821 et
1367 1767 1512 1822 trina
1545 1767 1778 1840 placuit,
1813 1785 1913 1839 pro
1958 1769 2284 1840 dogmatum
2341 1775 2622 1845 varietate,
2679 1758 2803 1848 quae
2857 1758 3170 1838 Ecclesiam
3223 1758 3478 1844 subinie.
3510 1758 3746 1848 lacesse:

335 1845 493 1902 bant.
525 1849 814 1908 Hactenus
845 1852 1187 1910 Cistriensis.

1212 1947 1239 2014 §
1268 1945 1444 2002 XVII.
1477 1947 1549 2001 De
1579 1947 1718 2002 libro
1752 1945 1880 2020 Περὶ
1922 1945 2147 2012 κτίσεως
2171 1948 2259 2003 καὶ
2292 1949 2551 2026 γενέσεως
2583 1957 2848 2028 Χριστοῦ,

405 2045 599 2109 Quoad
637 2043 846 2100 librum
882 2043 1190 2100 undecimo
1221 2043 1325 2100 sub
1357 2044 1518 2101 titulo
1551 2045 1677 2118 Περὶ
1727 2044 1955 2106 κτίσεως
2011 2067 2043 2100 κ

2078 2047 2101 2100 ηὶ
2160 2047 2419 2119 γενέσεως
2450 2052 2708 2126 Χριστοῦ,
2742 2057 2814 2112 De
2869 2059 3088 2116 conditu
3119 2067 3170 2118 et
3198 2066 3547 2135 generatione
3578 2067 3738 2126 Chri-

322 2139 402 2196 sti
433 2139 966 2203 commemoratum,
1000 2135 1296 2191 observare
1327 2137 1514 2206 liceat,
1539 2137 1826 2207 vulgarem
1861 2138 2164 2196 lectionem
2207 2142 2264 2197 in
2325 2143 2670 2201 editionibus
2727 2149 3059 2207 Eusebianis
3115 2170 3256 2224 esse,
3316 2155 3443 2229 Περὶ
3501 2156 3735 2223 πίστεως

323 2227 415 2283 καὶ
448 2222 729 2300 γενέσεως,
762 2239 931 2293 quam
965 2231 1017 2279 et
1051 2223 1312 2278 Bullinus
1343 2225 1610 2294 sequitur,
1643 2227 1737 2296 qui
1767 2227 2021 2297 insuper,
2053 2237 2249 2284 contra
2282 2231 2458 2287 Graeci
2517 2237 2795 2291 sermonis
2853 2237 3110 2306 formam,
3170 2222 3310 2298 duros
3359 2222 3630 2317 diversos,
3665 2222 3734 2305 ei

323 2318 495 2375 unico
529 2317 654 2381 hoc,
687 2315 817 2370 fecit
849 2315 1045 2370 libros.
1071 2315 1136 2370 ln
1167 2315 1383 2371 codice.
1420 2323 1608 2372 tamen
1643 2316 1874 2382 Mazar.,
1907 2317 2134 2383 Medic.,
2166 2318 2497 2388 Fuketiane,
2533 2331 2582 2376 et
2607 2325 2755 2392 apud
2789 2324 3176 2395 Nicephorum
3211 2331 3411 2401 legitur
3445 2335 3571 2406 Περὶ
3618 2315 3734 2390 art-

333 2425 470 2468 σεως
499 2404 588 2460 καὶ
620 2404 883 2480 γενέσεως
921 2405 1184 2476 Χριστοῦ,
1217 2421 1384 2475 quam
1419 2406 1590 2460 etiam
1627 2405 1962 2475 scripturam
1996 2422 2049 2461 vr

2078 2422 2186 2460 ram
2221 2422 2346 2462 esse
2404 2425 2519 2464 non
2577 2410 2922 2484 dubitamus,
2984 2416 3191 2472 Valesii
3254 2419 3357 2476 hac
3412 2423 3473 2478 in
3519 2404 3579 2480 re
3633 2427 3739 2482 ad-

316 2497 438 2569 juti
470 2495 896 2566 approbatione.
934 2494 1327 2565 Hieronymus,
1357 2501 1430 2559 et,
1464 2495 1558 2564 qui
1590 2495 1836 2564 pressius
1861 2509 1990 2550 eum
2023 2504 2082 2550 ut
2113 2497 2418 2566 plurimum
2452 2511 2786 2572 sequuntur,
2843 2505 3120 2564 Honorius
3175 2518 3344 2583 atque
3395 2515 3740 2576 Trithemius

319 2602 436 2642 uno
475 2604 497 2634 ι
529 2583 912 2655 generationis
946 2605 974 2634 ››
1007 2582 1280 2639 vocabulo
1302 2583 1579 2648 contenti,
1612 2583 1672 2638 in
1704 2583 1898 2638 Latina
1927 2583 2391 2654 interpretatione
2421 2603 2612 2644 vocem
2643 2589 2870 2653 κτίσεως
2922 2582 3430 2671 praetermiserunt,
3475 2609 3742 2674 tanquam

317 2676 627 2740 duriorem,
660 2673 818 2730 veriti
851 2675 976 2729 sine
1004 2673 1198 2739 dubio,
1237 2688 1308 2727 ne
1346 2672 1633 2728 Christum
1663 2673 1726 2727 in
1755 2672 2015 2729 ordinem
2068 2681 2454 2731 creaturarum
2514 2678 2812 2736 detrudere
2871 2682 3212 2741 viderentur.
3275 2690 3533 2747 Attamen
3586 2672 3739 2752 hunc

315 2781 567 2822 errorem
591 2779 707 2820 non
731 2765 942 2819 erravit
970 2762 1185 2830 Melite,
1216 2762 1508 2818 incautius
1548 2762 1815 2817 nonnihil
1848 2766 1980 2817 ante
2020 2771 2212 2819 nolam
2270 2768 2717 2825 controversiam
2768 2771 2992 2828 locutus
3028 2791 3039 2827 :
3074 2775 3265 2832 Patres
3321 2780 3474 2835 enim
3523 2785 3740 2854 synodo

321 2856 557 2914 Niceena
586 2855 895 2910 anteriores
924 2869 1116 2910 vocem
1148 2852 1377 2914 κτίσεως
1407 2852 1789 2908 adhibuerunt
1841 2869 1959 2908 non
1983 2854 2151 2908 modo
2181 2854 2250 2908 de
2281 2856 2569 2912 creatione
2594 2873 2660 2913 cx
2703 2859 2910 2930 nihilo,
2935 2878 3125 2918 verum
3148 2866 3318 2922 etiam
3348 2868 3418 2923 de
3447 2852 3606 2925 omni
3637 2888 3738 2943 ge-

320 2960 459 3000 nere
482 2942 892 3014 productionis,
925 2942 1157 3012 ipsaque
1184 2943 1327 2997 adeo
1376 2941 1744 3012 generatione
1798 2943 1896 2994 τοῦ
1954 2940 2132 3014 Λόγου
2189 2950 2398 3000 aeterna
2429 2954 2482 3001 et
2512 2950 2881 3006 oeconomica.
2942 2957 3061 3008 Hoc
3083 2952 3259 3024 igitur
3288 2965 3340 3012 et
3371 2940 3739 3018 Meliteni-in

321 3050 491 3090 causa
517 3033 641 3099 fuit,
673 3048 844 3101 quare
876 3031 934 3086 in
967 3031 1128 3086 titulo
1161 3030 1313 3097 libri,
1347 3031 1404 3084 in
1438 3047 1548 3101 quo
1581 3030 1651 3085 de
1689 3038 1896 3085 aeterna
1930 3031 2161 3098 Christi,
2192 3034 2426 3104 ejusque
2455 3035 2514 3090 in
2547 3044 2796 3108 tempore
2837 3055 2904 3095 ex
2963 3041 3156 3111 Maria,
3190 3047 3552 3113 generatione
3583 3050 3734 3105 edis-

320 3121 524 3188 seruit,
553 3120 754 3175 durius
792 3119 1130 3176 vocabulum
1181 3118 1525 3186 adhibuerit,
1585 3127 1840 3189 respectu
1892 3121 2086 3188 procul
2135 3121 2308 3177 dubio
2368 3123 2560 3180 habito
2619 3127 2688 3181 ad
2736 3126 2898 3195 illud,
2934 3129 3194 3188 Proverb.
3249 3150 3344 3205 vn,
3377 3136 3446 3189 22
3478 3153 3491 3191 :
3527 3135 3730 3212 Κύριος

315 3204 492 3264 ἔκτισέ
527 3229 592 3280 με
623 3203 963 3281 ἀρχήνόδῶν
994 3205 1180 3275 αὐτού,
1244 3216 1301 3263 ut
1360 3208 1573 3262 Caveus
1627 3208 1862 3278 cenjicit
1911 3207 2045 3264 lelic

2078 3216 2174 3266 ter.
2232 3211 2396 3267 Hune
2449 3213 2600 3268 enim
2638 3214 2846 3284 locum,
2881 3233 3012 3274 cum
3043 3221 3172 3276 aliis
3201 3203 3501 3293 ejusmodi,
3532 3203 3730 3297 de'ge-

315 3299 611 3356 neratione
637 3299 746 3354 ista
776 3302 987 3353 reterna
1017 3306 1399 3368 exposuerunt
1426 3299 1614 3353 Patres
1648 3298 2025 3355 Antenicaani.
2060 3299 2215 3356 Nihil
2248 3301 2416 3372 igitur
2465 3302 2712 3359 lueretur
2745 3306 3078 3366 Whistonus
3109 3312 3239 3383 (15),
3269 3316 3492 3383 quando
3523 3332 3587 3371 ex
3623 3317 3728 3373 hoc

307 3393 600 3454 Melitonis
632 3393 776 3448 libro
809 3394 1014 3449 Ariano
1046 3409 1147 3449 suo
1178 3393 1451 3464 dogmati,
1483 3393 1768 3449 Christum
1801 3399 1933 3449 ante
1993 3391 2174 3463 posita
2207 3393 2406 3447 mundi
2463 3393 2832 3452 fundamenta
2863 3407 3114 3457 creatum
3142 3402 3314 3461 luisse
3346 3421 3378 3461 a
3399 3405 3514 3464 Deo
3537 3413 3723 3478 Patre,

309 3482 639 3554 prtesidium
670 3483 892 3554 quaerit.

1455 3583 1700 3656 ἕΧνΙΙΙ.
1743 3586 1817 3640 De
1868 3585 2007 3640 libro
2054 3583 2185 3657 Περὶ
2223 3583 2582 3660 προφητείας.

380 3682 486 3749 Qui
516 3682 772 3755 sequitur
803 3681 1060 3753 proximo
1087 3682 1212 3739 loco
1245 3682 1407 3749 liber,
1450 3681 1623 3756 Λόγος
1653 3683 1820 3736 αὐτοῦ
1856 3681 1981 3755 Περὶ
2017 3702 2049 3734 π

2078 3680 2377 3759 ;οφητείας,
2424 3691 2509 3740 est
2547 3701 2714 3755 quem
2773 3689 3035 3746 Bullinus
3095 3708 3225 3749 cum
3284 3695 3467 3752 verbis
3523 3707 3720 3768 poste-

311 3772 559 3830 rioribus
588 3773 844 3842 proxime
874 3771 1269 3828 antecedentis
1301 3772 1432 3827 libri
1464 3773 1759 3844 conjunxit
1785 3773 1890 3829 hoc
1922 3772 2088 3828 modo
2123 3788 2136 3826 :
2164 3773 2234 3827 De
2263 3773 2617 3842 generatione
2649 3775 2854 3833 Christi
2876 3785 2930 3834 et
2974 3781 3263 3853 praphetia
3292 3785 3430 3854 eius,
3464 3802 3530 3842 ac
3577 3788 3624 3843 si
3655 3788 3724 3845 de

312 3861 511 3932 eptimi
545 3861 855 3917 Servateris
887 3877 1121 3918 munere
1155 3862 1483 3932 prophetico
1510 3863 1865 3933 exposuisset
1891 3862 1948 3918 in
1982 3862 2205 3918 eodem.
2265 3863 2430 3917 Juxta
2489 3863 2892 3933 Hieronymum
2921 3885 3086 3940 quem
3123 3879 3176 3928 et
3200 3875 3725 3945 Augustodunensis

315 3951 592 4022 sequitur,
617 3950 784 4006 verba
814 3949 989 4022 hujus
1021 3950 1169 4006 tituli
1211 3951 1285 4006 ita
1315 3952 1633 4007 ordinanda
1683 3953 1866 4008 forent
1901 3969 1914 4006 :
1981 3951 2049 4004 Ac‘

2078 3972 2156 4026 (ος
2209 3951 2334 4024 περὶ
2391 3957 2495 4020 τῆς
2555 3951 2719 4007 αὐτοῦ
2772 3959 3131 4032 προφητείας,
3192 3963 3267 4018 ila
3324 3965 3476 4019 enim
3509 3967 3717 4031 vertit;

293 4042 428 4095 Item
461 4039 526 4095 de
545 4039 840 4111 prophetia
869 4056 968 4095 sua
1001 4040 1212 4095 librum
1254 4057 1447 4095 unum.
1485 4041 1746 4096 Valesius
1778 4041 1884 4096 hoc
1913 4043 2128 4110 prohat,
2166 4042 2256 4096 cui
2290 4050 2476 4097 tamen
2511 4058 2624 4098 non
2675 4047 2990 4115 assentior;
3025 4049 3155 4106 licet
3206 4051 3365 4107 nullo
3418 4055 3586 4110 modo
3621 4072 3717 4111 ve-

299 4129 403 4184 lim
435 4145 660 4200 negare,
695 4129 1022 4186 Melitenem
1064 4131 1368 4200 prephetiae
1393 4130 1756 4198 charismate,
1816 4133 1962 4202 quod
2015 4130 2296 4201 prioribus
2356 4130 2536 4187 tribus
2559 4140 2870 4202 quatuorve
2901 4138 3125 4194 saeculis
3157 4140 3253 4194 uni
3286 4141 3516 4197 alterive
3545 4143 3710 4200 Chri-

301 4219 614 4274 stianorum
651 4219 1134 4274 communicatum
1194 4219 1380 4275 adhuc
1427 4238 1458 4274 a
1518 4220 1632 4276 Dee
1689 4221 1970 4290 novimus,
2031 4219 2204 4275 fuisse
2234 4228 2594 4276 exornatum.
2628 4223 2787 4276 Certe
2817 4239 2946 4280 eum
2998 4227 3330 4297 prephetam
3369 4247 3402 4284 a
3431 4231 3716 4304 plerisque

306 4306 484 4361 fuisse
516 4305 793 4374 habitum,
827 4307 986 4362 docet
1019 4305 1356 4363 Tertulliani
1383 4309 1534 4378 apud
1566 4309 1975 4378 Hieronymum
2009 4309 2124 4380 (16)
2158 4309 2548 4364 testimonium
2584 4327 2596 4365 :
2634 4332 2662 4359 ‹‹
2717 4312 2891 4381 llujus
2922 4314 3148 4385 elegans
3179 4324 3230 4372 et
3261 4319 3714 4380 declamatorium

306 4395 605 4466 ingenium
637 4395 876 4450 laudans
901 4396 1282 4452 Tertullianus
1312 4397 1371 4452 in
1403 4404 1618 4469 septem
1652 4397 1830 4467 libris,
1866 4415 2008 4470 quos
2039 4399 2267 4469 scripsit
2300 4400 2570 4456 adversus
2600 4401 2908 4458 Ecclesium
2955 4421 3054 4474 pro
3089 4407 3384 4478 Montano,
3415 4411 3553 4468 dicit
3583 4429 3717 4470 eum

295 4501 328 4541 a
364 4485 646 4555 plerisque
682 4493 1000 4541 nostrorum
1033 4486 1362 4556 prephetam
1393 4487 1591 4556 putari.
1631 4510 1653 4538 It
1705 4487 1807 4544 Ubi
1849 4494 2036 4544 tamen
2069 4487 2330 4544 observes
2363 4490 2618 4558 velim,in
2653 4492 2950 4548 nonnullis
2973 4497 3395 4567 exemplaribus
3428 4517 3525 4571 pro
3559 4525 3586 4552 ‹‹
3620 4504 3716 4558 di-

290 4574 390 4645 cit,
429 4596 458 4624 ››
491 4574 684 4630 haberi
717 4597 744 4626 «
776 4575 1088 4632 cavillatur.
1127 4599 1146 4626 ι
1175 4575 1256 4632 De
1288 4577 1573 4633 Melitonis
1596 4578 1746 4633 dono
1777 4577 2110 4648 prephetico
2140 4579 2358 4645 confer,
2391 4579 2440 4633 si
2474 4578 2739 4647 lubuerit,
2775 4581 3191 4642 dissertationis
3223 4589 3428 4658 prioris
3457 4593 3483 4659 §
3516 4593 3601 4650 t2.

1505 4677 1535 4748 §
1588 4675 1737 4731 ΧΙΧ.
1792 4681 1869 4730 De
1902 4675 2046 4731 libro
2100 4677 2274 4731 clavis
2321 4675 2489 4730 dicto.

360 4771 540 4839 Liber,
567 4772 664 4844 qui
695 4771 758 4828 'H
779 4770 954 4841 κλείς,
992 4771 1180 4828 Ctavz’s
1209 4774 1344 4844 (17),
1368 4773 1718 4842 inscribitur,
1739 4775 2069 4830 continebat
2100 4773 2536 4844 explicationem
2591 4776 2869 4833 variarum
2934 4782 3242 4854 Scriptum
3272 4802 3442 4844 sacrae
3503 4804 3703 4846 vocum

2123 4898 2354 4982 (ithe.
2423 4897 2628 4982 hellus,
2681 4902 3016 4982 Ccst_riensi_s
3061 4906 3120 4962 in
3153 4909 3353 4982 Anglia
3381 4911 3700 4982 episcopus,

2048 4972 2369 5027 eruditione
2400 4977 2452 5025 et
2484 4971 2632 5042 fama
2665 4973 2912 5030 maxime
2951 4977 3154 5042 clarus,
3188 4971 3265 5034 inv
3301 4971 3696 5038 xli/notationi;

2050 5043 2146 5122 bus
2176 5044 2235 5122 in
2279 5041 2610 5122 Nemesium,
2637 5046 2707 5098 de
2737 5049 2942 5100 natura
2973 5041 3235 5119 hominis,
3271 5069 3394 5122 pag.
3427 5054 3460 5106 3
3490 5054 3690 5110 editio-

2048 5115 2137 5170 nis
2168 5113 2530 5168 Oxeniensis.

357 4895 869 5022 glethVllgsteznégn
902 4897 988 4953 his
1011 4900 1292 4970 primitive
1316 4898 1680 4971 Christianity
1705 4900 1936 4968 reviv‘d,

283 4968 399 5023 vel.
429 4968 524 5032 ιν,
561 4985 681 5036 pag.
717 4971 849 5026 266.

354 5039 464 5164 SH)
526 5041 587 5094 In
648 5041 929 5096 dissertet.
989 5043 1183 5112 Σῶμα,
1246 5041 1426 5116 ψυχή,
1486 5045 1715 5114 πνεῦμσχ,
1781 5041 1934 5112 Lips.

287 5111 355 5165 ha
383 5113 476 5164 illa
511 5111 668 5176 1732,
705 5130 831 5181 pag.
866 5113 921 5166 7.

354 5156 476 5251 (rei
503 5156 1270 5256 ish‘il'efb‘eurnhndiopi/icio,
1308 5185 1406 5240 lib.
1454 5203 1494 5251 ι,
1531 5202 1655 5256 ρης.
1717 5184 1938 5239 14..Ῑο-

277 5255 440 5326 Seph.
481 5255 931 5326 .4tztz'quz'lsluds
970 5256 1067 5326 ΙΨ.
1107 5254 1142 5321 1,
1174 5274 1297 5326 cap.
1333 5260 1364 5314 5
1402 5273 1414 5312 :
1467 5254 1714 5311 ’Έπλὰσε
1744 5256 1770 5309 ὁ
1804 5255 1937 5316 Θεὸς

279 5321 371 5403 τὸὲν
406 5321 715 5403 ἅνθρῳπόν,
750 5325 883 5403 ᾉοῦν
920 5321 1106 5380 λαϐὼν
1139 5321 1256 5381 ἁπὸ
1283 5333 1381 5397 τῆς
1413 5334 1540 5403 γῆς,
1571 5328 1663 5381 καὶ
1723 5330 1936 5400 πνεῦμα

282 5394 469 5469 ἐνῆκεν
499 5394 679 5469 pretii),
709 5396 798 5450 καὶ
833 5399 1041 5469 ψυχήν.

355 5468 468 5550 (tu?)
495 5468 742 5548 Irenaeus
762 5468 1032 5550 Adrcrsus
1063 5473 1317 5550 hcet-eses,
1373 5471 1471 5527 lib.
1506 5488 1558 5550 ἶ,
1591 5473 1800 5550 (χι-1129.
1837 5473 1935 5525 His

284 5537 499 5613 similia
530 5543 776 5609 reperire
806 5542 975 5596 etiam
1000 5550 1083 5598 est
1110 5543 1208 5598 lib.
1249 5559 1300 5612 v,
1332 5557 1456 5613 cap.
1510 5545 1565 5600 6.
1599 5543 1934 5600 Whistenus

289 5609 410 5666 hac
445 5610 564 5666 loca
585 5627 701 5667 non
735 5613 990 5668 adduxit.

2119 5185 2542 5311 alsisg’histon.
2576 5184 2635 5241 in
2659 5185 2744 5241 his
2762 5190 3044 5258 primitiae
3066 5191 3452 5265 Christianity,
3482 5195 3694 5264 ve|.IV,

2121 5275 2154 5298 σ
2244 5274 2275 5308 ῖέ
2323 5297 2334 5310 .

2264 5274 2641 5407 [ῗὶθιζοηγωμε
2676 5332 2746 5407 De
2764 5329 2901 5386 viris
2935 5330 3276 5407 illustribus,
3312 5353 3437 5407 cap.
3471 5341 3560 5394 24.

2115 5401 2230 5482 (th
2263 5402 2324 5454 In
2358 5401 2527 5482 Aetia
2567 5402 2664 5457 SS.
2717 5401 3270 5476 Antwerpiensibus.
3301 5401 3436 5479 Apr.
3472 5411 3522 5476 1,
3572 5429 3698 5482 pag.

2047 5472 2131 5536 11,
2172 5471 2370 5545 Clavus
2402 5471 2626 5545 legitur,
2669 5489 2834 5534 quem
2882 5471 3181 5545 operarum
3235 5471 3482 5537 erre'rem
3512 5471 3701 5538 tidel‘i-

2044 5546 2132 5598 ter
2184 5544 2351 5599 etiam
2412 5544 2615 5613 repetit
2671 5545 2884 5601 Veneta
2921 5544 3145 5604 horum
3214 5557 3483 5610 Actorum
3529 5556 3700 5615 editio

2044 5629 2212 5670 nova.
