4110 6150
372 298 532 360 1199
1432 295 1496 357 8.
1544 292 1844 357 MELITO
1884 292 2242 356 SARDIUM
2283 290 2735 354 EPISCOPUS.
3626 294 3785 356 [200

374 448 551 490 sensu
581 428 891 502 improprio
920 427 1325 498 adhibitarum,
1347 428 1420 484 ad
1450 441 1580 484 eum
1611 427 1731 484 fere
1750 427 2005 493 modum,
2026 425 2253 497 qualem
2273 425 2335 482 in
2366 426 2628 482 Formula
2648 422 2971 498 spiritualis
2998 425 3398 498 intelligentia
3425 427 3491 483 S.
3520 414 3793 484 Eucherii

381 520 803 594 Lugdunensis,
834 534 960 590 quas
989 519 1138 575 inter
1166 519 1350 590 Opera
1378 518 1521 589 ejus,
1543 524 1597 574 et
1627 518 1688 572 in
1718 515 2057 572 Bibliotheca
2087 517 2315 570 Patrum
2343 515 2617 587 maxima,
2649 522 2801 573 tomo
2835 514 2928 583 VI,
2970 522 3171 583 exstat,
3194 515 3383 587 legere
3409 515 3566 574 licet.
3603 516 3792 574 Clanis

373 610 659 678 vocabuli,
690 609 838 681 quod
869 610 929 665 in
958 608 1331 680 inscriptione
1359 607 1545 679 eperis
1607 607 1776 677 hujus
1829 606 2158 673 adhibetur,
2205 605 2590 676 signiﬁcatum
2647 606 2837 663 discas
2892 606 3063 663 velim
3088 623 3157 663 ex
3194 606 3319 678 ipso
3348 607 3635 681 Melitene,
3668 609 3790 681 qui,

377 700 561 756 Ctavis
589 715 707 755 suae
736 713 861 769 cap.
889 699 945 764 9,
977 696 1057 754 ita
1083 697 1240 755 vocis
1269 696 1443 767 hujus
1470 696 1874 767 metaphoricae
1904 694 2229 765 explanavit
2261 710 2497 751 sensum
2529 712 2545 751 :

459 847 482 877 ι
519 825 727 892 Clavis,
749 824 1033 895 adapertio
1061 822 1393 897 spiritualis.
1428 825 1493 878 In
1525 821 1828 894 Evangelia
1859 821 1902 858 ¹¹
1938 838 1952 877 :
1982 821 2276 893 Accepistis
2305 820 2521 877 clavem
2552 820 2824 891 scientiae,
2855 822 2967 895 ipsi
3001 839 3118 877 non
3149 822 3429 880 introistis
3454 841 3476 887 ;
3500 827 3552 879 et
3576 839 3666 879 eos
3697 827 3799 896 qui

377 913 690 974 introibant
713 916 1095 989 prohibuistis.
1130 914 1273 971 Item
1293 914 1503 984 Claves,
1527 913 1781 984 iustitia,
1825 913 2251 985 misericordiae,
2291 913 2621 986 pietatisque
2646 916 2898 972 virtutes.
2929 913 2992 971 ln
3022 914 3332 985 Evangelio
3370 916 3416 950 ¹²
3446 931 3461 972 :
3495 915 3613 970 Tibi
3654 914 3799 974 dabo

374 1009 553 1065 claves
580 1010 738 1080 regni
767 1009 1048 1064 castorum.

455 1157 484 1186 α
520 1134 721 1205 Clavis,
752 1136 972 1206 apertio
998 1149 1284 1189 sacrarum
1314 1132 1752 1204 Scripturarum,
1782 1132 1896 1201 vel,
1924 1134 2159 1204 potestas
2207 1131 2428 1201 ligandi
2456 1135 2623 1204 atque
2673 1132 2930 1188 solvendi
2976 1148 3097 1200 seu,
3147 1132 3244 1204 jus
3299 1131 3697 1189 introducendi
3723 1132 3798 1188 ad

374 1224 567 1293 vitam,
590 1226 702 1281 sive
732 1222 1065 1280 excludendi
1091 1222 1163 1278 ad
1186 1231 1443 1278 mortem.
1467 1221 1625 1277 Sicut
1662 1236 1759 1292 per
1787 1220 1995 1276 Isaiam
2026 1219 2071 1255 ¹³
2100 1221 2173 1277 de
2202 1221 2490 1278 Salvatore
2518 1221 2728 1278 dicitur
2752 1238 2766 1277 :
2799 1223 2945 1278 Dabo
2967 1223 3175 1278 clavem
3194 1220 3389 1278 domus
3420 1220 3599 1277 David
3628 1237 3796 1294 super

376 1311 632 1369 humeros
661 1314 806 1383 ejus,
829 1320 884 1369 et
906 1312 1139 1384 aperiet,
1169 1317 1225 1366 et
1255 1326 1366 1367 non
1396 1316 1479 1367 est
1507 1311 1603 1382 qut
1632 1309 1876 1367 claudat.
1911 1311 1976 1365 Et
2005 1310 2067 1366 in
2096 1309 2435 1381 Apocalypsi
2469 1310 2514 1346 ιδ
2547 1327 2560 1364 :
2592 1311 2769 1367 Habeo
2797 1312 2979 1368 claves
3008 1313 3202 1368 mortis
3225 1315 3280 1368 et
3327 1313 3662 1382 inferorum.
3688 1332 3717 1361 ιο

449 1440 681 1497 Exstare
715 1438 870 1495 enim
899 1437 1168 1504 adhuc,et
1194 1437 1256 1492 in
1285 1436 1650 1493 bibliothecis
1678 1435 1956 1492 ineditam
1995 1435 2328 1493 delitescere
2374 1435 2486 1492 hoc
2537 1434 2825 1493 Melitonis
2872 1437 3160 1509 egregium
3215 1452 3380 1509 opus,
3438 1437 3802 1496 Bibliotheca:

378 1533 614 1588 Patrum
642 1530 903 1585 maxime
962 1528 1075 1600 (l8)
1127 1527 1529 1598 Lugdunensis
1579 1526 1825 1582 editores
1886 1526 2111 1596 pariter,
2172 1541 2239 1582 ac
2294 1524 2551 1581 Labbeus
2578 1524 2688 1593 (l9)
2748 1529 3024 1583 testantur
3053 1541 3168 1583 non
3199 1528 3406 1594 modo;
3439 1527 3541 1583 sed
3589 1534 3642 1582 et
3673 1532 3800 1585 tuto

375 1636 628 1678 asserere
650 1634 882 1690 possum
939 1618 1084 1687 ipse,
1131 1624 1323 1687 utpote
1379 1617 1473 1687 qui
1532 1615 1766 1688 pretiosi
1824 1615 1992 1685 hujus
2034 1614 2388 1687 antiquitatis
2441 1616 2823 1683 monumenti,
2855 1616 2917 1672 in
2944 1616 3243 1672 itineribus
3274 1616 3415 1672 meis
3448 1617 3626 1673 factus
3663 1632 3794 1675 sum

380 1727 638 1784 compos,
662 1710 874 1781 quique
904 1708 1043 1764 illud
1076 1707 1383 1779 aliquando
1406 1723 1537 1763 cum
1570 1706 1707 1762 orbe
1737 1706 1980 1762 litterato
2011 1705 2439 1763 communicare
2469 1707 2838 1763 constitutum
2887 1707 3124 1773 habeo",
3179 1706 3311 1764 licet
3366 1707 3536 1765 facile
3584 1708 3797 1780 praevi-

379 1801 572 1866 deam,
605 1798 951 1855 malevolum
975 1803 1144 1868 atque
1173 1796 1575 1852 immodestum
1607 1810 1904 1851 censorem
1931 1796 2263 1867 quemdam,
2286 1796 2383 1867 qui
2412 1795 2697 1868 symbolas
2727 1812 2858 1852 suas
2885 1797 2956 1852 ad
3010 1795 3421 1854 Bibliothecam
3477 1797 3795 1855 Hallensem

378 1888 624 1956 confert,
665 1886 722 1942 id
748 1885 895 1941 mihi
915 1900 1137 1957 quoque
1164 1885 1558 1956 Oppositurum
1588 1886 1886 1955 esse,quod
1916 1884 2064 1940 inter
2091 1884 2203 1939 alia
2232 1885 2448 1956 injusta
2486 1885 2789 1956 minusque
2843 1885 3075 1941 fundata
3130 1885 3338 1956 objecit
3397 1901 3600 1958 nuper,
3661 1903 3800 1945 eum

383 1978 842 2050 presbyterorum
874 1984 929 2033 ct
959 1976 1330 2032 diaconorum
1359 1975 1589 2032 Achaiae
1618 1974 1914 2046 epistolam
1947 1975 2296 2048 encyclicam
2318 1976 2387 2032 de
2418 1976 2687 2046 martyrio
2716 1976 2775 2031 S.
2807 1976 3044 2047 apostoli
3073 1978 3315 2033 Andreae
3363 1993 3432 2034 ex
3491 1993 3629 2035 mss.
3662 1980 3803 2036 edc-

383 2083 505 2125 rem
531 2083 545 2135 ;
579 2066 723 2122 tanti
755 2065 976 2123 scilicet
1004 2064 1093 2123 vel
1113 2064 1243 2121 ideo
1272 2079 1389 2121 non
1420 2080 1543 2121 esse
1570 2064 1932 2135 epusculum,
1963 2064 2229 2135 quoniam
2261 2064 2505 2121 Grabius
2548 2066 2609 2121 in
2636 2065 2931 2137 Spicilegio
2991 2082 3095 2121 suo
3145 2065 3209 2122 in
3265 2066 3452 2122 lucem
3509 2067 3803 2138 publicam

379 2156 521 2214 illud
547 2171 663 2213 non
694 2153 1031 2226 protraxerit
1050 2154 1183 2226 (20).
1209 2154 1362 2210 Bella
1386 2169 1522 2209 sane
1551 2153 1714 2219 ratio,
1747 2153 1905 2224 quasi
1933 2169 2064 2210 vero
2114 2155 2317 2209 unicus
2371 2154 2612 2210 Grabius
2658 2170 2857 2211 omnes
2913 2154 2973 2211 in
3033 2154 3409 2221 bibliOIhecis
3461 2157 3804 2227 Anglicanis

378 2247 620 2303 latentes
649 2244 947 2301 thesauros
975 2259 1171 2300 eruere
1201 2242 1284 2299 vel
1337 2243 1599 2308 voluerit,
1650 2243 1735 2299 vel
1785 2243 2049 2313 potuerit.
2074 2243 2418 2299 Claudantur
2447 2244 2617 2315 igitur
2645 2244 2916 2300 immensi
2948 2244 3045 2300 isti
3078 2246 3605 2317 manuscriptorum
3635 2247 3803 2303 codi-

378 2352 533 2404 cum,
567 2334 778 2407 quibus
805 2333 1149 2390 bibliotheca
1186 2333 1493 2389 Bodleiana
1515 2331 1797 2403 superbit,
1825 2332 2077 2388 thesauri
2108 2333 2367 2389 aGrabio
2405 2349 2560 2390 nunc
2613 2336 2839 2405 penitus
2892 2334 3154 2391 exhausti
3183 2351 3197 2403 ;
3251 2336 3640 2407 omnibusque
3693 2337 3803 2392 ha-

379 2440 508 2482 rum
541 2423 873 2481 deliciarum
906 2422 1318 2479 scrutatoribus
1358 2429 1481 2492 post
1516 2430 1755 2478 mortem
1788 2422 1992 2477 eruditi
2025 2422 2193 2493 hujus
2248 2423 2356 2478 viri
2414 2423 2630 2479 dictum
2686 2439 2844 2481 nunc
2890 2431 3013 2480 esto
3060 2424 3253 2480 illud:
3317 2426 3439 2481 Non
3487 2426 3637 2498 plus,
3683 2444 3805 2484 non

379 2514 662 2571 ultra.Sed
690 2518 985 2569 transeant
1017 2513 1137 2569 haec
1166 2527 1293 2569 cum
1321 2511 1539 2568 caeteris
1569 2510 2071 2568 erroribusltedeo
2103 2512 2291 2582 potius
2321 2512 2391 2567 ad
2422 2511 2710 2568 Mclitonis
2734 2512 2975 2583 Clavem,
3014 2514 3300 2585 addoque,
3357 2530 3449 2571 me
3478 2514 3653 2587 illius,
3710 2522 3807 2574 ast

380 2604 645 2660 Latinum
702 2602 931 2671 saltem,
990 2617 1211 2658 servare
1239 2599 1589 2671 exemplum,
1623 2600 1771 2671 quod
1802 2617 1869 2656 ex
1910 2601 2124 2672 duplici
2173 2601 2389 2671 codice,
2449 2601 2626 2657 altero
2664 2602 3126 2673 Claromontano,
3158 2605 3334 2660 altero
3362 2604 3695 2674 Mesmiano,
3726 2608 3806 2664 ad

379 2693 592 2750 calcem
628 2691 939 2748 Bibliorum
972 2691 1336 2762 Thcadulphi
1366 2689 1796 2746 Aurelianensis
1826 2689 2101 2761 episcopi,
2132 2691 2328 2747 codice
2352 2691 2508 2747 mille
2538 2692 2762 2748 circiter
2790 2708 3071 2749 annorum
3117 2694 3492 2766 descripserat
3531 2695 3803 2752 eruditis-

377 2782 555 2837 simus
585 2780 756 2837 Mieh.
815 2779 1081 2851 Lequien,
1115 2778 1435 2850 Grabioque
1489 2777 1896 2834 transmiserat.
1959 2778 2251 2833 E-liturum
2310 2795 2371 2834 se
2429 2779 2537 2835 hoc
2592 2781 2878 2848 quantivis
2934 2781 3099 2851 pretii
3144 2790 3608 2854 monumentum,
3666 2798 3804 2840 cum

377 2869 872 2928 emendationibus
896 2872 1019 2926 Jac.
1052 2868 1364 2936 Sirmondi,
1397 2867 1752 2939 promiserat,
1785 2884 1817 2922 a
1846 2870 2093 2938 quotam
2147 2867 2326 2923 multa
2356 2868 2465 2923 alia
2521 2869 2881 2940 exspectabat
2931 2870 3085 2926 orbis
3127 2870 3433 2937 litteratus,
3466 2872 3700 2929 nomine
3745 2885 3805 2931 et

378 2960 574 3018 omine
602 2964 845 3031 Magnus
875 2958 1107 3015 Crusius
1135 2958 1268 3030 (2-1),
1301 2961 1482 3014 morte
1515 2973 1631 3013 non
1662 2957 1740 3012 ita
1768 2956 1986 3028 pridem
2020 2956 2350 3025 exstinctus,
2394 2957 2651 3030 mihique
2709 2968 2833 3029 post
2888 2960 3006 3016 fata
3035 2976 3264 3031 quoque
3320 2961 3617 3033 colendus,
3661 2978 3806 3033 prai-

379 3057 593 3121 ceptor,
626 3050 725 3120 qui
754 3055 941 3104 tamen
967 3048 1096 3118 jura
1126 3064 1248 3116 sua,
1281 3048 1419 3103 dum
1450 3047 1681 3114 viveret,
1713 3046 1882 3102 facile
1911 3045 2050 3101 mihi
2074 3046 2263 3103 cessit.
2295 3047 2550 3103 Divisum
2582 3056 2768 3104 autem
2795 3057 2880 3105 est
2923 3049 3204 3105 Melitonis
3243 3048 3349 3106 hoc
3397 3058 3481 3105 sat
3530 3066 3807 3121 magnum

378 3154 520 3210 Opus
548 3136 608 3193 in
643 3138 794 3194 varia
823 3137 1027 3207 capita,
1057 3152 1302 3208 quorum
1337 3151 1408 3192 en
1438 3135 1545 3191 tibi
1596 3135 1876 3205 syllabum
1911 3151 1925 3190 :
1985 3150 2108 3205 cap.
2171 3137 2223 3200 t,
2283 3135 2406 3191 sine
2453 3136 2614 3193 titulo
2671 3138 2731 3193 in
2765 3144 3002 3207 utroque
3032 3137 3231 3194 codice
3258 3146 3511 3210 apparet,
3544 3147 3597 3195 et
3629 3155 3809 3195 mem-

380 3229 479 3285 bra
502 3228 617 3282 Deo
659 3226 807 3283 Patri
840 3227 897 3281 in
929 3226 1229 3296 Scriptura
1285 3230 1340 3280 S.
1402 3242 1501 3295 per
1555 3222 2032 3298 ἀνθρωποπάθειαν
2085 3223 2292 3279 tributa
2338 3226 2470 3296 quid
2526 3226 2871 3298 significent,
2933 3228 3188 3298 exponit,
3254 3231 3399 3299 quod
3459 3228 3607 3284 intra
3655 3229 3808 3286 inter

379 3317 714 3388 fragmenta,
756 3317 1090 3388 speciminis
1117 3317 1261 3385 loco,
1295 3315 1460 3372 dabo.
1494 3316 1628 3386 Cap.
1653 3317 1705 3382 2,
1740 3315 1804 3370 de
1833 3314 1974 3370 Filio
2004 3316 2110 3370 Dei
2135 3315 2432 3371 secundum
2462 3332 2684 3372 carnem
2716 3317 3069 3386 inscribitur,
3102 3327 3154 3374 et
3187 3319 3319 3389 quid
3355 3318 3576 3375 Christo
3626 3319 3807 3377 ascri-

380 3415 473 3478 pta
498 3408 752 3463 membra
790 3416 1008 3478 notent,
1037 3409 1220 3463 docet.
1257 3407 1391 3476 Cap.
1425 3407 1479 3477 3,
1508 3407 1617 3477 agit
1641 3406 1707 3462 de
1734 3408 1990 3477 supernis
2019 3407 2311 3462 creaturis.
2336 3406 2473 3478 Cap.
2504 3409 2558 3477 4,
2590 3408 2656 3463 de
2677 3409 2888 3478 diebus,
2906 3411 3094 3475 annis,
3124 3418 3177 3464 et
3205 3409 3562 3481 temporibus.
3589 3410 3806 3482 Cap.5,

381 3496 446 3554 de
491 3498 761 3553 numeris.
823 3497 956 3569 Cap.
999 3500 1052 3564 6,
1083 3496 1151 3552 de
1195 3496 1398 3552 mundo
1423 3504 1475 3552 et
1532 3494 1787 3567 partibus
1843 3496 1978 3561 eius.
2015 3494 2147 3566 Cap.
2178 3495 2233 3563 7,
2266 3495 2332 3553 de
2384 3496 2557 3568 lignis
2587 3498 2968 3569 iri/ructuosz's.
2998 3498 3129 3568 Cap.
3179 3498 3233 3566 8,
3267 3496 3335 3552 de
3360 3496 3596 3554 diversis
3623 3499 3803 3556 homi-

457 3639 500 3678 “
539 3640 675 3698 Luc.
709 3657 791 3711 xi,
820 3641 911 3707 52,
992 3639 1036 3676 ¹²
1067 3639 1266 3695 Matth.
1300 3655 1418 3707 xvr,
1447 3638 1538 3696 19.
1616 3637 1663 3675 ¹³
1693 3655 1816 3711 cap.
1848 3656 1988 3708 ιλιι,
2022 3655 2034 3686 π

2154 3643 2201 3695 2.
2279 3639 2325 3676 ¹⁴
2355 3655 2479 3711 cap.
2517 3656 2558 3706 1,
2585 3657 2637 3698 v.
2670 3640 2756 3695 l8.

461 3796 920 3869 (18)Bibliothec.
979 3795 1093 3849 PP.
1131 3793 1411 3869 βίῃφι,
1470 3795 1610 3869 tom.
1671 3790 1740 3869 Il,
1779 3798 1921 3869 part.
1973 3806 2035 3869 ιτ,

390 3864 489 3924 tot.
520 3864 647 3936 212,
681 3868 741 3922 in
770 3866 959 3922 addita
990 3864 1183 3920 notula
1215 3881 1228 3920 :
1265 3864 1426 3936 Liber
1455 3864 1626 3919 etiam
1650 3864 2039 3934 cjusdem,qui

391 3941 576 3997 Clavis
606 3935 638 3993 α
673 3939 731 3995 S.
788 3938 1135 4009 Hieronymo
1194 3935 1549 4009 inscribitur,
1595 3935 2040 4009 manuscriptus

391 4012 666 4082 reperitur
695 4011 751 4066 in
778 4006 1129 4082 Bibliotheca
1157 4008 1262 4082 _PP.
1306 4008 1364 4082 S_.
1393 4006 1448 4062 J.
1482 4006 1735 4082 Parisiis,
1768 4007 1815 4061 si
1848 4010 2038 4082 tamen

391 4077 696 4155 germanus
726 4083 1045 4155 sitqt‘mtu‘s.‘
1081 4079 1277 4155 Ericus
1332 4078 1646 4155 Benzelius
1681 4078 1740 4155 in
1791 4077 2041 4155 epistola

393 4149 635 4227 quadam
667 4153 879 4227 inedita
908 4152 974 4227 ad
1008 4150 1249 4227 Gabjum
1285 4165 1362 4227 λβ(
1394 4149 1679 4227 Metitonis
1709 4150 1927 4217 Asiani,
1950 4164 2040 4203 se-

391 4220 563 4283 cundi
595 4225 789 4281 saeculi
819 4223 1023 4288 Patris,
1075 4221 1237 4291 liber,
1273 4220 1455 4276 Clavis
1486 4222 1691 4285 dictus,
1725 4236 1831 4275 ms.
1862 4228 2042 4275 exstat

390 4298 450 4352 in
483 4297 860 4351 vetustissimo
890 4295 1083 4350 codice
1113 4292 1547 4347 membranaceo
1593 4292 1817 4361 collegii
1862 4293 2041 4347 Ludo-

391 4368 502 4424 vici
530 4367 741 4437 Magni,
774 4366 861 4422 vel
885 4366 931 4420 si
966 4364 1142 4420 mavis
1180 4363 1761 4437 Claromontani,_PP.
1793 4363 2041 4437 Jesuita-

393 4453 564 4504 rum;
597 4434 742 4494 illud
791 4438 948 4493 enim
996 4452 1207 4493 nomen
1264 4437 1481 4506 accepit
1538 4435 1842 4505 collegium
1869 4434 2039 4505 istud,

432 4518 693 4566 ostauam

391 4525 736 4637 posslu‘ima
764 4580 894 4634 hinc
921 4582 1128 4647 Iesum,
1163 4577 1449 4649 posuitque
1487 4577 1742 4645 insignia
1788 4578 1934 4649 regis

533 4650 712 4723 Impia
738 4666 892 4723 gens,
926 4649 1298 4723 alium_nescit
1328 4649 1533 4723 habere
1556 4654 1752 4723 Deum.

392 4719 783 4781 Describerem
816 4720 1266 4789 lubentissimus,
1315 4721 1428 4777 nisi
1485 4719 1754 4791 temporis
1782 4719 2042 4790 angustia

431 4801 689 4852 romeret.
723 4817 752 4845 »

390 4814 689 4869 premeret.
723 4817 752 4845 ››

462 4868 572 4942 (19)
600 4864 1073 4942 Philipp.__l.abb.,
1108 4870 1243 4920 tom.
1299 4864 1358 4942 _I_I_
1413 4862 1782 4930 Bibliothecw,
1839 4879 1895 4942 ρ,
1947 4863 2039 4942 8_7,

391 4934 533 4998 etin
565 4942 713 4996 Nova
742 4934 1081 4994 Bibliotheca
1102 4952 1232 4990 mss.
1292 4935 1587 5001 librorum,
1639 4952 1684 4989 s.
1742 4934 2042 5005 specimine

390 5015 761 5086 antiquarum
784 5010 1080 5086 lectionum
1136 5008 1473 5086 Latinarum
1515 5011 1563 5061 et
1612 5006 2041 5086 Graecarumuin

386 5085 421 5139 4
448 5078 633 5155 partes
664 5083 1020 5155 tributorum,
1047 5079 1414 5155 Paris.__1§53,
1448 5078 1503 5145 4,
1534 5086 1774 5155 βψς-ιι,
1810 5094 1864 5147 p.
1921 5078 1985 5155 2t
2023 5093 2037 5131 :

395 5175 418 5205 ι
448 5149 635 5213 Clanis
665 5169 836 5211 sacrm
860 5151 1186 5222 Scriptura,
1218 5150 1409 5205 Mileto
1441 5149 1853 5222 seuultielito‘ne,
1876 5150 2038 5203 Asia-

386 5244 481 5294 no,
516 5234 575 5284 ut
604 5227 823 5291 volunt,
882 5219 1146 5294 episcOpo
1198 5229 1444 5294 auctore.
1479 5243 1506 5269 »
1541 5220 1622 5274 Ex
1651 5219 1847 5294 codice
1902 5234 2036 5294 mss.

386 5291 593 5359 collato
624 5312 754 5353 cum
786 5291 1102 5365 appendice
1119 5294 1185 5348 ad
1212 5292 1387 5349 biblia
1411 5292 1524 5348 fere
1544 5307 1722 5365 aurea
1746 5291 2038 5365 Theodulf

385 5371 485 5438 phi
540 5362 970 5438 Aurelianensis
1025 5365 1324 5438 episcopi,
1357 5379 1479 5433 qua:
1530 5362 1814 5438 quantivis
1872 5362 2040 5431 pretii

386 5434 605 5497 exstant
635 5441 695 5496 in
730 5434 1071 5494 bibliotheca
1100 5434 1443 5492 Memmiana
1490 5443 1623 5490 ante
1652 5434 2033 5504 octingentos,

2148 3798 2202 3847 et
2231 3791 2380 3863 quod
2418 3790 2682 3854 excurrit,
2739 3805 2927 3863 annos
3008 3788 3307 3863 descripta
3337 3788 3793 3863 ⁸ςξιθεεπιῑὶεεῇηιο

2149 3859 2496 3919 charactere.
2551 3864 2615 3917 In
2671 3861 2928 3933 Catatogo
2982 3865 3177 3917 tamen
3228 3859 3592 3918 Bibliotheca:
3651 3861 3791 3918 illu-

2150 3936 2333 3990 striss.
2354 3934 2572 3989 domini
2600 3935 2671 3988 de
2701 3934 2965 4003 Mesmes,
2989 3934 3049 3989 in
3080 3941 3276 3988 senatu
3313 3932 3608 3988 Parisiensi
3642 3951 3789 4003 prae-

2150 4007 2289 4061 sidis
2322 4005 2568 4072 inlulati,
2602 4007 2695 4074 qui
2727 4007 2785 4060 in
2816 4006 2983 4062 Bern.
3004 4007 3072 4061 de
3100 4004 3461 4060 Montiaucon
3487 4004 3799 4059 Bibliothe-

2148 4093 2213 4133 ca
2242 4077 2718 4132 Bibliot/tecarum
2764 4080 3265 4147 manuscriptorum
3292 4092 3461 4140 nova,
3516 4083 3654 4131 tom.
3724 4078 3798 4144 ll,

2150 4148 2248 4204 fol.
2285 4149 2618 4213 1326-1330,
2647 4156 2846 4213 exstat,
2880 4151 3056 4204 altum
3091 4150 3159 4203 de
3194 4148 3393 4203 Bibliis
3440 4147 3802 4216 'I‘hcodulpbi

2149 4228 2203 4275 et
2234 4220 2500 4275 Mclitoue
2535 4220 2973 4277 stlentium.Ncc
3004 4222 3209 4275 mirum
3237 4234 3252 4274 :
3282 4219 3353 4273 ab
3376 4220 3801 4286 imperitissimo

2148 4291 2302 4347 enim
2331 4293 2627 4360 κονιστικῷ
2680 4291 2798 4347 ι]ωο
2853 4294 3372 4362 manuscriptorum
3418 4290 3802 4362 Memmiano-

2149 4378 2273 4418 rum
2306 4362 2661 4430 consignatio
2699 4362 2799 4418 fuit
2833 4365 3111 4429 confecta,
3143 4361 3308 4433 quem
3335 4377 3449 4417 non
3480 4361 3802 4433 aliteriver-

2148 4434 2261 4489 sari
2291 4433 2705 4504 deprehendes,
2738 4449 2904 4503 quam
2941 4442 2997 4490 ut
3029 4432 3339 4489 talia’dicat
3369 4435 3438 4489 de
3467 4432 3799 4489 codicibus:

2150 4527 2177 4555 «
2215 4506 2298 4561 Un
2320 4506 2457 4561 livre
2479 4520 2575 4559 sur
2607 4505 2754 4559 retin
2775 4525 2789 4571 ;
2813 4508 2957 4562 deux
2992 4505 3247 4561 volumes
3270 4504 3563 4561 d’anciens
3585 4506 3797 4575 postes,

2147 4578 2335 4642 velin;
2372 4591 2448 4631 un
2478 4576 2589 4630 viel
2620 4579 2804 4646 poete,
2846 4578 2996 4645 in-ls,
3032 4576 3179 4632 velin
3214 4593 3227 4644 ;
3261 4578 3391 4645 cinq
3452 4584 3641 4632 autrcs
3673 4593 3801 4630 ma-

2147 4649 2398 4704 nuscrits
2429 4646 2587 4712 in-lt,
2618 4650 2810 4716 papier
2843 4666 2858 4717 ;
2918 4654 3112 4719 quatre
3170 4646 3793 4719 manuscritsiin-t'qlio,

2146 4720 2283 4775 dent
2314 4719 2448 4774 trois
2477 4734 2573 4773 sur
2595 4719 2743 4773 veltn
2775 4729 2824 4773 et
2846 4716 3033 4776 'uu'en
3061 4719 3272 4789 papier,
3307 4726 3414 4789 etc.
3450 4739 3478 4767 ››
3516 4717 3597 4774 Ne
3627 4716 3799 4774 (Edi-

2147 4806 2252 4860 pus
2281 4797 2465 4860 posset
2494 4790 2772 4846 divinare.
2806 4790 3101 4847 Debuisset
3134 4788 3211 4845 ’et
3259 4788 3401 4844 illud
3456 4789 3647 4845 adhuc
3693 4790 3799 4860 ad-

2146 4859 2290 4917 dere
2308 4863 2550 4925 scilicet,
2574 4878 2644 4915 an
2676 4877 2915 4930 asseres,
2948 4862 3041 4932 qui
3073 4862 3297 4917 codices
3328 4860 3619 4932 cohibent,
3687 4859 3793 4915 ab-

2144 4933 2296 5002 iegni
2327 4949 2400 4987 an
2435 4932 2681 5001 quercei,
2742 4936 2917 4989 crassi
2944 4931 3016 4987 an
3062 4940 3260 4989 tenues
3311 4931 3469 5002 sint:
3506 4939 3560 4987 et
3588 4946 3656 4986 ex
3685 4946 3796 5000 quo

2147 5001 2320 5069 corio,
2344 5020 2415 5058 an
2450 5005 2674 5071 bovino,
2733 5020 2805 5059 an
2865 5004 3126 5075 vitulino,
3188 5001 3506 5075 anrsuitlo,
3550 5002 3794 5075 ligatura

2146 5076 2392 5132 exterior
2414 5082 2654 5138 constet,
2686 5079 2743 5131 et
2765 5075 2848 5132 sic
2878 5073 3118 5132 dixisset
3141 5074 3354 5145 omnia,
3379 5089 3505 5145 qua:
3533 5073 3605 5130 de
3624 5074 3794 5129 codd.

2146 5162 2313 5204 nosse
2340 5162 2540 5216 parum
2574 5147 2759 5201 refert.

2217 5215 2500 5290 (20)'Vide
2549 5217 2914 5290 Nacbrichten
2967 5234 3073 5275 van
3132 5219 3289 5275 eincr
3344 5215 3658 5272 Haltischen
3709 5215 3799 5269 Bi-

2147 5289 2399 5356 bliothe/c,
2428 5289 2701 5362 22Asluck,
2736 5306 2860 5362 pag.
2888 5292 3015 5362 360,
3048 5298 3168 5362 not.
3208 5291 3261 5345 1.

2216 5362 2325 5431 (21)
2356 5359 2593 5433 Crusius
2618 5360 2678 5416 in
2726 5361 2952 5418 Dissert.
3000 5359 3298 5433 'epistolt'ca
3339 5359 3410 5417 ad
3463 5359 3593 5418 Chr.
3647 5359 3801 5415 Wor-

2143 5433 2340 5500 mium,
2374 5448 2502 5504 pag.
2540 5432 2626 5486 13.

456 5554 476 5575 ⁸
506 5559 645 5618 Hoc,
680 5548 862 5607 inerte
892 5554 1236 5622 prmventus,
1270 5568 1387 5608 non
1417 5551 1695 5621 praestitit.
1732 5552 1915 5607 Ctavis
1944 5556 2183 5622 textum;
2206 5549 2491 5622 integrum
2525 5563 2594 5622 ex
2631 5549 3269 5622 codiceﬂArgentinensi
3294 5565 3479 5622 nuper
3497 5547 3676 5607 edidit
3731 5551 3800 5604 D.

384 5623 537 5677 Pitra
567 5624 628 5677 in
662 5630 813 5677 tome
844 5622 894 5676 II
919 5621 1215 5692 Spicilegii
1243 5620 1616 5679 Solesmeusis.
1645 5623 1845 5692 Paris.,
1883 5623 2040 5689 1852,
2065 5620 2215 5686 in-l,
2246 5638 2337 5690 ap.
2373 5620 2589 5676 Firmin
2623 5620 2788 5678 Didot
2819 5621 2977 5679 EDIT.
