4110 6150
382 384 534 444 1203
1447 374 1510 434 S.
1559 372 1850 432 MELITO
1894 368 2005 430 ΞΑ)

2172 365 2246 426 ΙΜ
2291 363 2743 426 EPISCOPUS.
3639 359 3795 420 1204

382 513 687 574 retinuisse
745 510 940 566 Graeca
998 506 1225 563 Eusebii
1283 506 1470 574 verba,
1532 507 1811 564 incertum
1872 502 1995 558 sine
2054 501 2251 568 dubio,
2313 498 2596 571 quomodo
2653 494 2941 552 Melitonis
2973 498 3222 548 mentem
3270 491 3482 562 absque
3514 491 3798 548 haereseos

384 604 708 675 suspicione
763 600 1044 670 exprimat
1123 597 1340 652 Latine.
1417 597 1543 653 llzec
1605 595 1799 651 omnia
1858 593 2094 662 probare
2153 596 2438 661 poterunt,
2500 595 2757 642 nostrum
2817 584 2888 640 ob
2943 583 3052 675 hoc
3108 582 3384 675 scriptum
3443 582 3806 675 nonan-tisse

382 669 629 751 stat-ima
677 669 964 748 veteribus
1016 689 1340 744 haereticum
1393 692 1732 757 rcputatum.
1797 685 1940 749 Quid
1993 683 2040 737 si
2089 695 2243 751 spem
2291 679 2495 744 fecero,
2531 692 2622 732 me
2655 675 2741 730 his
2786 675 2924 743 ipsis
2953 672 3196 744 plagulis
3226 671 3514 728 Melilonis
3548 669 3807 725 libellum

383 786 460 840 De
491 785 592 839 Deo
619 790 904 853 corporato
938 781 1079 836 forte
1126 779 1536 849 exhibiturum,
1571 784 1624 833 et
1675 795 1738 834 ex
1792 778 2034 846 ipsamet
2085 773 2266 830 libelli
2316 771 2671 844 inspectione
2722 769 3054 826 benevolum
3089 769 3380 824 Lectorem
3414 767 3808 823 convicturum

382 890 527 944 esse,
568 872 895 928 Melitonem
937 888 966 924 a
995 869 1149 940 gravi
1183 870 1288 926 hoc
1317 884 1507 925 errore
1536 867 1790 924 abfuisse
1822 882 1994 937 quam
2028 864 2381 936 longissime.

1564 986 1592 1059 ἕ
1621 986 1790 1042 XXII.
1831 989 1908 1041 De
1937 982 2207 1058 Apologia
2236 984 2293 1038 S.
2331 981 2632 1040 Melitonis.

459 1108 544 1164 Ad
603 1107 727 1176 ejus
783 1104 1128 1173 Apologiam,
1185 1119 1283 1159 seu
1336 1102 1398 1156 τὸ
1459 1101 1600 1174 Πρὸς
1662 1102 1985 1156 Ἀντωνῖνον
2046 1101 2075 1173 β

2192 1095 2320 1152 ἴδιον
2356 1115 2510 1155 nunc
2560 1097 2761 1154 venio:
2815 1097 2896 1154 sic
2927 1097 3149 1154 videtur
3177 1097 3448 1166 inscripta
3482 1097 3654 1152 fuisse
3686 1095 3815 1152 hinc

389 1196 658 1267 Apologia
688 1212 789 1266 pro
829 1193 1167 1250 Christianis
1197 1194 1266 1248 ad
1329 1193 1726 1263 imperatorem
1775 1192 2025 1247 Marcum
2079 1189 2373 1248 Aurelium
2434 1189 2810 1254 Antoninum,
2843 1189 3186 1259 cognomine
3243 1188 3677 1257 PhiIOSOphum,
3710 1185 3814 1257 qui

386 1285 458 1342 ab
514 1287 683 1341 annis
713 1284 918 1340 Christi
965 1283 1064 1339 161
1115 1299 1291 1353 usque
1338 1283 1405 1335 ad
1443 1283 1545 1335 180
1607 1281 1846 1350 imperio
1898 1282 2149 1337 Romano
2202 1280 2448 1349 praefuit,
2500 1286 2553 1333 et
2583 1294 2680 1348 per
2709 1278 2744 1330 9
2799 1277 3014 1347 priores
3059 1293 3244 1333 annos
3273 1293 3404 1332 cum
3441 1276 3607 1332 Lucio
3636 1279 3814 1339 Vero,

386 1374 577 1441 fratre,
637 1373 941 1444 imperium
1003 1387 1309 1428 commune
1377 1370 1594 1425 habuit.
1654 1363 1940 1424 Βιϐλίδιον
2005 1371 2215 1425 dicitur
2268 1370 2417 1438 ideo,
2477 1369 2627 1438 quod
2691 1368 2913 1438 preprie
2966 1375 3113 1423 esset
3169 1367 3398 1422 libellus
3464 1382 3694 1437 precum
3755 1371 3816 1419 et

395 1462 636 1534 supplex
695 1461 1026 1532 imperatori
1083 1461 1327 1526 oblatus,
1390 1475 1504 1515 non
1561 1475 1695 1515 vero
1757 1459 1983 1528 longior
2020 1459 2350 1529 integraque
2407 1458 2734 1527 dogmatum
2785 1456 3229 1512 Christianorum
3272 1457 3344 1511 ab
3392 1455 3818 1527 objectionibus

390 1562 447 1610 et
478 1552 782 1608 calumniis
811 1550 1112 1621 gentilium
1147 1548 1474 1614 vindicatio,
1511 1556 1568 1602 ut
1608 1555 1756 1618 patet
1810 1549 1892 1604 vel
1923 1564 1988 1604 ex
2038 1549 2162 1619 ipso
2204 1548 2366 1602 illius
2415 1547 2750 1617 fragmento,
2785 1547 2931 1616 quod
2989 1547 3196 1617 profert
3231 1546 3544 1601 Eusebius:
3590 1543 3810 1613 Ταύτην

394 1639 451 1697 δὲ
485 1647 569 1694 σὸι
605 1637 774 1712 μόνην
807 1637 1176 1712 προσθέρομεν
1212 1633 1420 1706 δέησιν.
1456 1638 1608 1693 Idem
1655 1638 1823 1692 etiam
1856 1637 1960 1693 fuit

2193 1657 2217 1694 s
2270 1639 2548 1709 Apologia;
2595 1637 2803 1693 Justini
2837 1637 3116 1710 Martyris,
3153 1641 3214 1692 ut
3243 1654 3306 1692 ex
3345 1637 3456 1692 line
3487 1639 3815 1708 posterioris

404 1731 742 1805 Apologett’ci
772 1731 893 1799 ejus
940 1736 1181 1794 constat,
1246 1727 1340 1782 ubi
1373 1729 1455 1782 sic
1502 1727 1758 1799 loquitur
1807 1727 1960 1798 (34):
2017 1731 2027 1780 l

2196 1732 2318 1798 υμᾶς
2370 1727 2468 1779 οὗν
2535 1725 2792 1798 ἅξιοῢμεν
2841 1725 3262 1801 ὑπογράφειν-τας
3313 1726 3374 1780 τὸ
3424 1726 3548 1797 ὑμῖν
3603 1722 3819 1794 δοκοῦν,

400 1823 681 1892 προθεῖναι
713 1815 863 1870 τουτὶ
892 1817 954 1870 τὸ
991 1810 1287 1890 βιϐλίδιον,
1342 1837 1369 1866 ‹‹
1403 1819 1750 1885 Quapmpter
1801 1831 1895 1870 vos
1958 1833 2023 1878 t‘o

2196 1834 2241 1888 s,
2279 1825 2335 1871 ut
2369 1818 2861 1888 superscribentes
2893 1817 3044 1887 quod
3098 1817 3256 1872 vobis
3314 1818 3522 1886 placet,
3556 1816 3816 1871 libellum

407 1910 560 1965 hunc
591 1908 940 1978 proponatis.
975 1928 1002 1956 »
1050 1905 1418 1962 Occasionem
1471 1905 1638 1974 hujus
1669 1905 1979 1962 scribendae
2038 1903 2376 1980 Ἀπολογίας
2428 1907 2537 1977 ipsi
2590 1906 3060 1963 subministrabat
3092 1903 3288 1976 quinta
3319 1906 3425 1960 sub
3461 1905 3824 1976 imperatori-

407 1997 513 2053 bus
543 1997 666 2052 istis
698 1997 756 2050 in
814 1994 1163 2051 Christianos
1211 1995 1416 2064 agitata
1466 1994 1802 2068 persecutio.
1839 1993 1980 2049 Cum
2026 1996 2181 2052 enim
2226 1996 2297 2050 ab
2349 1996 2582 2052 Hellade
2611 1996 2682 2051 ab
2732 1997 2921 2051 Asiam
2957 1996 3237 2051 minorem
3273 1995 3589 2052 transiisset
3617 2002 3830 2066 tragoe-

405 2088 627 2143 diarum
660 2084 1006 2142 Gallicarum
1045 2085 1218 2156 fama,
1251 2091 1304 2140 et
1362 2100 1495 2141 curn
1553 2086 1703 2139 fama
1771 2084 1954 2140 rabies
2010 2086 2069 2141 in
2127 2084 2520 2154 Christianos;
2564 2102 2711 2141 nova
2741 2084 3066 2154 regionibus
3097 2085 3243 2152 istis,
3275 2085 3601 2156 iniquorum
3633 2084 3820 2155 magi-

407 2184 642 2233 stratum
674 2183 728 2232 et
758 2174 1162 2246 proconsulum
1197 2175 1405 2240 furore,
1439 2182 1558 2230 orta
1602 2181 1904 2245 tempestas
1951 2175 2307 2231 occasionem
2365 2175 2586 2231 dedisse
2643 2175 2860 2230 videtur
2888 2175 3189 2246 {Apologiis
3218 2173 3506 2230 Melitonis
3537 2181 3589 2230 et
3616 2173 3831 2244 Apolli-

406 2268 582 2333 naris,
634 2281 746 2322 uno
800 2266 1114 2335 eodemque
1161 2264 1408 2334 scriptis.
1454 2270 1537 2318 An
1592 2264 1734 2333 ipse,
1793 2265 1996 2320 itinere
2039 2265 2272 2320 Romam
2323 2265 2604 2334 instituto,
2636 2263 2963 2334 imperatori
3005 2264 3271 2320 obtulerit
3301 2263 3628 2335 Apologiam
3659 2279 3834 2318 suam

403 2355 618 2419 Melite,
677 2355 824 2423 quod
885 2369 951 2408 ex
1005 2353 1194 2422 phrasi
1244 2349 1503 2421 ἐπέδωκε,
1558 2368 1666 2421 qua
1708 2367 1842 2407 usus
1895 2360 1978 2408 est
2027 2353 2306 2407 Eusebius
2357 2353 2417 2407 in
2475 2352 2772 2415 Chronico,
2806 2360 2857 2407 et
2901 2368 3067 2423 quam
3103 2353 3163 2407 in
3194 2353 3457 2410 versione
3488 2367 3586 2406 sua
3619 2351 3842 2422 pariter

404 2461 471 2500 ac
502 2444 562 2498 in
595 2444 858 2513 Catalogo
890 2446 1131 2498 virorum
1166 2443 1475 2498 illustrium
1507 2443 1741 2498 retinuit
1775 2458 1998 2513 quoque
2045 2443 2449 2513 Hieronymus,
2481 2440 2698 2508 colligit
2743 2441 3160 2512 Tillemonlius,
3194 2449 3350 2498 certo
3399 2457 3513 2497 non
3569 2445 3833 2498 constat:

411 2533 466 2587 id
493 2539 680 2587 tamen
713 2541 867 2587 extra
897 2532 1308 2587 dubitationem
1345 2533 1589 2602 positum
1623 2532 1862 2596 videtur,
1897 2531 2068 2586 fuisse
2102 2533 2214 2588 hoc
2250 2531 2513 2586 ultimum
2557 2530 2840 2586 Melitonis
2872 2531 3173 2602 scriptum,
3206 2547 3316 2602 quo
3357 2532 3502 2588 bene
3533 2534 3601 2587 de
3633 2531 3837 2586 Eccle-

410 2622 489 2678 sia
555 2623 798 2690 meruit;
857 2638 1011 2687 nam,
1067 2623 1286 2678 caeteris
1338 2621 1634 2678 recensitis
1683 2622 1841 2676 libris
1897 2619 1987 2673 ἐπὶ

2255 2620 2439 2691 inquit
2501 2619 2797 2688 Eusebius,
2828 2618 2917 2672 καὶ
2966 2618 3027 2672 τὸ
3060 2618 3203 2690 Πρὸς
3239 2620 3334 2674 τὸν
3388 2620 3707 2673 Ἀντωνῖνον
3740 2619 3833 2690 βι-

406 2703 665 2778 ϐλίδιον;
715 2712 885 2782 quod,
941 2727 1052 2781 quo
1104 2712 1335 2765 demum
1393 2710 1749 2780 imperatoris
1805 2727 1956 2765 anno
2004 2711 2256 2766 oblatum
2310 2711 2401 2779 sit,
2463 2711 2662 2779 paucis
2706 2725 2860 2766 nunc
2913 2711 3018 2766 erit
3058 2711 3392 2766 videndum.
3424 2711 3484 2766 Si
3513 2709 3825 2767 Chronicon

407 2799 636 2855 Eusebii
665 2799 1010 2866 evolvamus,
1048 2799 1342 2868 sequentia
1400 2798 1482 2853 ibi
1534 2799 1826 2853 memoriae
1875 2799 2081 2853 tradita
2127 2798 2609 2868 deprehendimus
2659 2797 2809 2870 (35);
2861 2798 2974 2867 ΟΛ,
3033 2798 3192 2853 ΣΛΖἈ
3229 2800 3272 2853 Ι.
3324 2798 3493 2854 POA‘.
3546 2797 3832 2853 ΚΛᾹΡΟΣ

404 2892 490 2944 ΤΟ
539 2894 595 2942 B'
647 2890 767 2943 KAI
820 2888 1166 2957 ΚΕΘΙΙΓΟΣ,
1229 2883 1485 2942 Μελίτων
1538 2883 1848 2958 Σαρδιανῶν
1904 2885 2200 2948 ἐπίσκοπος
2241 2892 2341 2956 τῆς
2395 2883 2598 2946 Λυδίας
2646 2881 2860 2960 βιϐλίον
2924 2886 3264 2962 Ἀπολογίας
3310 2886 3618 2959 Ἀντωνίνῳ
3690 2886 3826 2961 ὑπὲρ

407 2980 749 3053 Χριστιανῶν
781 2973 1044 3043 ὶπὲδωκε,
1079 2993 1201 3033 eam
1257 2977 1472 3032 scilicet
1505 2978 1763 3032 traditam
1815 2994 1957 3046 esse,
1987 2982 2030 3034 C

2201 2986 2253 3033 et
2300 2976 2542 3048 Cethego
2572 2992 2716 3033 coss.
2761 2978 3092 3049 Olympiade
3123 2994 3395 3044 ccxxxvit,
3428 2995 3574 3050 qum,
3635 2977 3824 3033 debita

409 3069 888 3139 chronologorum
951 3069 1212 3122 instituta
1268 3067 1716 3136 computatione,
1749 3068 1914 3122 annis
1971 3076 2096 3138 post
2150 3067 2435 3122 Christum
2498 3069 2644 3123 natis
2705 3068 2940 3122 109-172
2993 3069 3316 3138 respondet,
3349 3069 3492 3124 etin
3534 3067 3823 3124 decimum

409 3157 632 3213 Aurelii
687 3156 964 3212 Antonini
1021 3171 1234 3211 annum
1297 3156 1520 3212 incidit.
1556 3157 1763 3213 Eadem
1797 3156 1962 3211 habet
2021 3155 2290 3211 Chronici
2341 3156 2711 3212 Alexandrini
2765 3164 2960 3212 auctor
3016 3157 3156 3228 (36).
3213 3158 3361 3224 Quin
3394 3173 3461 3213 ex
3511 3155 3669 3228 ipsis,
3702 3171 3830 3227 quae

410 3257 710 3318 supersunt
769 3247 936 3302 hodie
993 3247 1277 3318 Apologia?
1327 3246 1502 3317 hujus
1562 3248 1916 3316 fragmentis,
1973 3263 2101 3303 cum
2161 3244 2409 3300 veritatis
2455 3247 2697 3316 quadam
2748 3247 2936 3318 Specie
2969 3245 3358 3318 colligendum
3399 3254 3504 3315 est,
3537 3262 3660 3302 eam
3701 3251 3835 3301 ante

411 3351 627 3391 annum
661 3336 785 3406 170,
821 3337 923 3406 qui.
958 3343 1039 3391 est
1071 3335 1278 3389 Aurelii
1308 3335 1581 3390 Antonini
1619 3337 1702 3402 10,
1738 3351 1847 3406 quo
1897 3343 2151 3391 mortuus
2197 3336 2314 3404 jam
2373 3343 2489 3389 erat
2545 3335 2771 3404 Lucius,
2805 3352 2920 3392 non
2951 3336 3125 3393 fuisse
3172 3335 3440 3392 oblatam.
3470 3335 3650 3392 Aliter
3678 3333 3833 3390 enim

411 3429 560 3479 certe
593 3423 749 3478 illam
798 3423 970 3480 Lucio
1020 3423 1230 3494 pariter
1283 3439 1348 3478 ac
1400 3423 1588 3480 Marco
1639 3425 1870 3478 Aurelio
1899 3425 2187 3480 Antonino
2235 3424 2642 3495 inscripsisset,
2675 3427 2990 3496 praesertim
3026 3442 3156 3482 cum
3188 3427 3248 3481 in
3282 3443 3344 3482 ea
3385 3429 3576 3496 ageret
3606 3419 3836 3496 imperii

411 3520 587 3583 parte,
632 3528 751 3584 quae
776 3514 840 3568 ad
877 3513 1037 3568 Lucii
1071 3513 1345 3567 ditionem
1379 3512 1692 3581 pertinebat
1724 3514 1929 3583 potius,
1979 3530 2149 3586 quam
2179 3515 2249 3570 ad
2295 3516 2605 3584 Antonini;
2660 3533 2767 3572 nec
2817 3517 3067 3582 dixisset,
3102 3517 3352 3571 faustum
3399 3515 3690 3571 Antonino
3732 3515 3837 3570 im-

413 3603 629 3673 perium
691 3603 996 3668 ominatus,
1031 3599 1166 3672 μετᾶ
1196 3605 1292 3653 τοῦ
1328 3596 1545 3668 παιδός,
1581 3603 1673 3657 sed
1714 3603 1954 3659 omnino
2003 3625 2036 3675 μ

2213 3606 2264 3657 οὗ
2297 3599 2555 3680 ἀδελφοῦ.
2602 3609 2798 3670 Porro,
2855 3604 3024 3659 unius
3075 3604 3276 3658 saltem
3323 3603 3425 3657 lilii
3474 3603 3836 3671 imperatoris

423 3691 642 3747 mentio
675 3691 738 3746 fit
770 3709 782 3758 ;
819 3691 1014 3746 habuit
1063 3699 1251 3745 autem
1288 3692 1608 3746 Antoninus
1657 3692 1820 3757 duos,
1871 3694 2120 3748 Annium
2148 3693 2382 3762 Verum,
2415 3703 2468 3748 et
2497 3693 2884 3757 Commodum,
2917 3706 3156 3760 quorum
3190 3690 3342 3761 prior
3363 3705 3514 3745 anno
3547 3691 3652 3744 170
3698 3691 3834 3747 fatis

416 3793 685 3838 cesserat.
722 3782 951 3848 Rursus,
997 3780 1363 3847 Commodus,
1396 3782 1489 3836 cui
1549 3781 1682 3836 felix
1741 3790 1998 3851 precatur
2045 3783 2376 3854 imperium,
2412 3779 2721 3835 tribunitiae
2755 3779 3048 3850 potestatis
3071 3779 3192 3850 jam
3223 3783 3344 3834 tum
3369 3777 3546 3834 fuisse
3577 3777 3821 3844 videtur,

419 3887 548 3927 cum
585 3871 704 3926 haec
735 3869 1001 3926 scriberet
1033 3868 1250 3935 Melite,
1283 3885 1450 3939 quam
1483 3870 1709 3925 demum
1736 3870 1977 3926 obtinuit
2003 3889 2154 3928 anno
2185 3873 2306 3926 170.
2339 3871 2490 3936 Haec,
2522 3871 2780 3940 inquam,
2801 3869 2993 3925 omnia
3025 3868 3300 3940 probabili
3332 3868 3464 3924 satis
3492 3867 3818 3937 conjectura

421 3960 715 4031 evincunt,
751 3960 898 4015 banc
955 3959 1271 4029 Apologiam
1306 3975 1419 4015 non
1453 3958 1627 4014 fuisse
1675 3967 1804 4016 ante
1855 3977 2075 4016 annum
2125 3961 2482 4032 imperatoris
2514 3960 2802 4016 decimum
2849 3959 3259 4031 consignatam.
3315 3966 3402 4014 An
3446 3964 3632 4013 autem
3689 3972 3825 4012 eum

417 4049 781 4106 Tillemontio
813 4049 925 4120 (37)
958 4049 1191 4103 ulterius
1233 4049 1675 4118 procedendum,
1714 4057 2052 4122 tempusque
2103 4053 2289 4108 traditi
2347 4051 2529 4108 libelli
2571 4052 2847 4123 supplicis
2908 4067 3060 4108 anno
3105 4052 3338 4107 demum
3389 4051 3490 4106 175
3543 4050 3835 4121 figendum

416 4139 506 4208 sit,
540 4140 599 4195 in
632 4139 819 4194 medio
870 4137 1229 4208 relinquam;
1280 4145 1527 4193 attamen
1561 4154 1676 4194 non
1729 4138 1948 4194 videtur
1995 4141 2153 4196 omni
2199 4143 2535 4212 exceptione
2587 4142 2770 4210 major
2825 4141 3108 4196 sententia
3146 4141 3321 4212 probe
3351 4139 3656 4212 pensitala.
3690 4139 3843 4195 Sane

417 4231 762 4285 Commodus
794 4243 1027 4284 consors
1087 4227 1311 4297 imperii
1379 4228 1635 4283 nondum
1681 4231 1864 4283 tactus
1913 4229 2136 4285 videtur
2165 4246 2294 4287 cum
2349 4231 2470 4286 haec
2520 4231 2797 4286 scriberet
2845 4229 3058 4301 Melito,
3093 4229 3234 4285 alias
3284 4245 3495 4286 nomen
3555 4230 3678 4298 ejus
3723 4243 3842 4283 non

421 4317 874 4388 praetermisisset
909 4318 968 4372 in
1003 4317 1206 4384 titulo;
1264 4331 1370 4371 nec
1411 4315 1517 4386 ipsi
1580 4317 1820 4371 ominari
1873 4319 2148 4388 potuisset
2206 4321 2542 4391 imperium,
2577 4321 2725 4390 quod
2782 4319 3013 4389 iamjam
3073 4319 3371 4387 tenuisset,
3427 4319 3470 4374 si
3530 4322 3649 4373 tuta
3700 4317 3843 4374 foret

423 4407 774 4463 Tillemontii
807 4408 1168 4477 conjectura;
1205 4407 1311 4463 hoc
1361 4416 1551 4464 autem
1601 4424 1731 4463 cum
1780 4409 1948 4464 faciat
1979 4411 2036 4465 in
2084 4411 2348 4480 Apologia
2399 4427 2501 4466 sua
2553 4417 2767 4476 noster,
2797 4409 2986 4465 innuit
3018 4410 3216 4479 simul,
3248 4425 3376 4465 cum
3412 4417 3546 4464 tunc
3579 4408 3834 4464 nondum

417 4496 593 4552 fuisse
639 4497 1058 4566 imperatorem.
1114 4496 1344 4566 Dupinii
1409 4497 1518 4568 (38)
1578 4497 1668 4552 hic
1723 4497 1903 4553 obiter
1962 4500 2246 4554 notandus
2306 4515 2481 4566 error,
2517 4514 2686 4569 quem
2717 4503 2910 4554 tamen
2971 4499 3390 4568 typothetarum
3426 4497 3610 4568 potius
3637 4497 3838 4552 vitium

423 4588 615 4653 credo,
671 4586 764 4656 qui
826 4586 1084 4640 traditam
1140 4585 1318 4640 nostri
1373 4586 1694 4657 Apologiam
1749 4587 1925 4643 fuisse
1974 4587 2176 4644 scribit
2233 4604 2384 4644 anno
2447 4588 2575 4655 182,
2629 4603 2737 4658 quo
2783 4588 2998 4644 dudum
3045 4596 3300 4644 mortuus
3354 4594 3471 4642 erat
3518 4588 3830 4658 imperator.

419 4675 690 4733 Referunt
749 4689 915 4744 porro
966 4673 1226 4730 Historiae
1284 4690 1453 4729 sacrae
1513 4675 1833 4746 scriptores,
1894 4677 2148 4734 Marcum
2200 4678 2571 4743 Antoninum,
2623 4677 2908 4734 Melitonis
2957 4679 3314 4749 aliorumque
3380 4675 3825 4732 Christianorum

419 4764 934 4838 supplicationibus
966 4773 1308 4835 permotum,
1365 4767 1660 4836 scripsisse
1712 4766 2010 4837 epistolam

2211 4784 2466 4825 ommune
2522 4767 2685 4826 Asiae,
2743 4767 2884 4840 Πρὸς
2937 4767 2998 4820 τὸ
3055 4765 3237 4821 κοινὸν
3291 4767 3391 4830 τῆς
3445 4765 3649 4832 Ἀσίας,
3717 4780 3828 4836 qua

491 4901 607 4981 (53)
635 4899 1133 4981 ,lustiti._Mart_yr.
1165 4900 1421 4981 "Apolog.
1481 4919 1516 4956 II
1561 4918 1659 4974 pro
1685 4903 2076 4981 JChristiqnjs,

2206 4897 2346 4981 ilioy
2378 4897 2899 4981 ’A'ttoztoylzsﬁ'Smxe
2953 4902 3073 4962 τοῖς
3124 4898 3471 4976 λελεγμένοις
3523 4896 3829 4981 βασιλεῦσι,

422 4991 546 5044 cap.
584 4971 676 5048 14,
709 4990 839 5048 pag.
868 4973 962 5048 36,
993 4971 1126 5027 edit.
1165 4971 1436 5028 llutcbin.
1473 4971 1572 5030 seu
1600 4975 1790 5044 potius
1837 4975 2040 5031 Grabia

1216 4971 1436 5028 utcbin.
1473 4971 1572 5030 seu
1600 4975 1790 5044 potius
1837 4975 2079 5031 Grabia-
2190 4971 2576 5048 καῖνὲτεροιδέ
2605 4971 2832 5028 ξτολλοί.

427 5064 535 5112 nae,
569 5045 752 5101 Oxon.
790 5045 946 5100 1703.
989 5114 1036 5117 __
2263 5047 2374 5117 (37)
2403 5044 2755 5112 Tillemont,
2817 5045 3098 5102 Mémoz'res
3144 5061 3303 5117 poun
3337 5046 3516 5100 servir
3573 5046 3610 5098 ὰ
3653 5044 3841 5117 γιἬὶει.

497 5119 607 5187 (35)
642 5117 844 5172 Euseb.
879 5114 1270 5190 ingC-hrom'co,
1305 5115 1403 5172 lib.
1441 5125 1580 5190 post.
1616 5135 1739 5188 pag.
1773 5118 1898 5186 214,
1934 5118 2082 5190 (θάἰῑ.

2223 5114 2380 5173 celes.
2415 5119 2509 5173 cit.
2571 5119 2691 5190 loc.
2746 5123 2882 5173 nota
2927 5117 3008 5171 2:
3069 5114 3413 5190 S.7Méliton
3472 5135 3503 5169 a
3538 5116 3702 5190 ﬁerit
3739 5132 3843 5172 son

424 5191 630 5259 Scalig.
663 5195 842 5244 Atust.
879 5187 1039 5261 16:38,.
1257 5187 1261 5188 7
1407 5259 1419 5261 _
1475 5187 1494 5261 ’γ
1618 5187 1629 5188 7
1697 5187 1706 5188 7
1942 5187 1950 5190 7
2045 5260 2052 5261 ί
2193 5192 2448 5261 Apologia
2479 5192 2640 5258 aprés
2672 5189 2794 5253 469,
2830 5197 2882 5261 et
2915 5189 3196 5258 peut-étrc
3220 5189 3403 5244 meme
3432 5187 3593 5258 apres
3621 5187 3742 5261 175.

497 5258 608 5333 (36)
641 5266 705 5317 In
738 5263 981 5333 Corpore
1011 5260 1321 5333 Byzantina
1366 5259 1598 5333 obvius,
1644 5267 1776 5333 tom_.
1833 5261 1928 5333 Ill,
1971 5260 2081 5333 fol.
2235 5258 2376 5332 7(38)
2407 5263 2614 5330 Dupin,
2657 5260 3042 5333 Bibliothéqae
3089 5261 3188 5314 des
3243 5265 3468 5333 auteurs
3531 5258 3843 5333 ecclesia“.

424 5328 945 5404 206,7edit.Venet.
976 5328 1109 5404 Δξῖλξεΐ
1161 5328 1502 5404 Ὀλυμπιὰς,
1555 5329 1618 5392 ς’.
1672 5328 1797 5386 Ἰνδ.
1849 5332 1915 5404 γ’.
1968 5331 2047 5384 Ὑτ

2221 5328 2430 5401 om.7l,
2493 5328 2616 5404 pag.
2676 5333 2794 5388 63:
2857 5354 2885 5381 «
2935 5328 3171 5404 Méliton
3229 5332 3416 5385 tleurit
3465 5345 3594 5384 sous
3682 5329 3844 5404 l'em-

431 5398 689 5479 99¢???)
730 5402 839 5479 κειὶ⁸
877 5398 1194 5479 nassam.
1256 5398 1428 5479 Nota,
1470 5398 1725 5479 nondum
1771 5398 2054 5458 absolutam

2227 5405 2317 5458 tire
2347 5398 2424 5479 de
2445 5398 2911 5479 Marc-Antoniu,
2943 5403 2984 5457 il
3013 5403 3341 5479 representa
3373 5419 3435 5457 sa
3460 5401 3850 5479 _Re_que_ste_la

435 5473 733 5540 Eusebius,
791 5475 1110 5530 absolutam
1169 5491 1301 5531 vero
1361 5475 1751 5544 Olympiadem
1829 5481 2089 5530 numerat
2198 5473 2497 5531 deuxieme
2528 5477 2712 5530 année
2741 5477 2808 5530 dc
2831 5473 3855 5543 cetempereur,c’est-a-direlal82

436 5546 878 5614 Alexandrinus,
920 5554 1086 5614 atque
1144 5545 1219 5599 ita
1267 5545 1478 5615 subdit,
1529 5553 1823 5614 postquam
1879 5548 1948 5601 de
1980 5547 2086 5615 lu:-
2199 5548 2268 5602 de
2300 5548 2350 5602 la
2380 5547 2688 5604 Naissance
2717 5547 2787 5601 de
2815 5546 3215 5601 Jésus-Christ.
3249 5569 3270 5597 ι
3307 5546 3467 5602 Conf.
3522 5544 3666 5601 Dan.
3719 5544 3858 5602 Lar-

421 5617 573 5689 ’διὶμὶ
607 5612 869 5689 Martyris
889 5625 942 5689 et
972 5612 1286 5689 Crescentis
1315 5612 1591 5689 Apologia
1620 5612 1836 5689 dixerat
1866 5633 1878 5672 :
1916 5612 2092 5689 ’AMa‘:
2200 5619 2437 5689 roquani
2463 5618 2790 5676 Adversaria
2817 5632 3001 5688 sacra,
3033 5634 3160 5689 pag.
3191 5618 3318 5674 646.

439 5681 528 5737 καὶ
585 5679 863 5751 Μελίτῖων,
919 5683 1197 5748 Ἀσιαιὺς,
1258 5679 1569 5759 Σαρδιανῖῷν
1623 5684 1937 5754 ἐπίσκοπος,
2000 5687 2091 5761 βι-
