4110 6150
344 357 505 418 1205
1177 362 1526 425 ΝΟΤΙΤΙΑ.
1575 398 1651 409 -
1695 367 1772 427 Π.
1818 368 1917 427 DE
1963 375 1967 426 t

2148 374 2310 435 l"TIS
2359 377 2423 436 S.
2473 377 2928 440 MELITONIS.
3615 384 3771 444 1206

343 490 590 584 vetabat,
623 507 696 547 ne
725 491 873 584 quis
923 492 1293 584 imposterum
1353 495 1704 554 Christianos
1752 499 2049 572 religionis
2105 519 2222 560 suae
2279 521 2446 563 causa
2505 509 2971 567 calumniaretur.
3034 511 3222 566 Exstat
3278 511 3453 583 hujus
3505 513 3768 584 epistolas

345 581 556 675 duplex
593 579 775 675 versio
808 579 1021 675 (iratae—tt,
1063 582 1242 675 altera
1265 586 1409 655 apud
1443 586 1730 643 Justinum
1803 589 2104 663 Martyrem
2159 599 2293 667 (39),
2354 600 2528 656 altera
2576 605 2720 672 apud
2785 601 3084 658 Eusebium
3119 602 3256 675 (40),
3317 579 3559 674 uterque
3581 611 3770 662 tamen

348 671 606 727 eamdem
632 670 926 727 Antonino
959 673 1058 728 Pio
1092 673 1306 744 tribuit,
1343 677 1488 746 quod
1529 677 1779 734 Valesius
1810 681 1920 751 (41)
1952 692 2006 738 et
2055 685 2381 743 Kortholtus
2413 689 2522 761 (42)
2583 670 2873 756 notarunt,
2925 670 3189 748 Chronici
3217 670 3617 748 'Alexan‘drini
3669 709 3777 749 au-

351 769 562 817 ctorem
582 761 913 851 laudantes,
948 763 1159 834 quippe
1189 765 1283 834 qui
1322 774 1470 822 recte
1502 767 1984 842 animadverterit,
2017 774 2312 844 epistolam
2343 776 2500 833 illam
2533 795 2647 834 non
2693 779 2982 834 Antonino
3016 779 3132 844 Pio,
3194 781 3289 836 sed
3348 780 3537 836 Marco
3591 782 3776 851 potius

347 849 886 940 essetribuendam.
919 854 1197 908 Caeterum
1239 853 1298 909 in
1331 854 1455 925 ipso
1489 855 1660 926 hujus
1708 858 1959 929 epistolte
2015 869 2168 919 textu
2230 873 2386 922 tanta
2443 867 2590 923 inter
2648 868 2877 923 Eusebii
2935 868 3225 940 exemplar
3263 876 3317 924 et
3363 869 3507 925 illud
3563 849 3778 926 Justini

350 939 634 1011 Apologia:
663 939 987 996 subnexum
1019 943 1266 997 occurrit
1296 943 1699 1016 discrepantia,
1733 949 1928 1004 ut'Jo.
1985 949 2236 1008 Clericus
2269 954 2403 1026 (43),
2472 972 2574 1027 pro
2632 971 2787 1012 more
2845 972 2968 1022 suo,
3027 939 3199 1013 totam
3257 973 3378 1014 rem
3432 957 3525 1028 pia
3583 957 3778 1014 fraude

347 1030 650 1088 confictam
674 1031 1136 1102 credat.§Duplex
1171 1031 1342 1103 hujus
1373 1035 1671 1107 Apologia},
1702 1053 1824 1108 quae
1857 1043 2078 1095 aetatem
2113 1048 2364 1099 nostram
2397 1060 2512 1100 non
2544 1045 2694 1112 tulit,
2725 1049 2908 1101 exstat
2964 1048 3345 1117 fragmentum
3373 1061 3388 1101 :
3413 1061 3602 1103 unum
3623 1047 3775 1119 apud

343 1119 680 1187 Eusebium,
720 1120 962 1176 alterum
987 1121 1134 1191 apud
1168 1120 1438 1179 Chronici
1468 1122 1842 1182 Alexandrini
1871 1128 2076 1197 saepius
2099 1128 2216 1199 jam
2275 1131 2509 1188 citatum
2567 1141 2877 1202 auctorem,
2936 1135 3086 1206 quod
3135 1138 3436 1207 utrumque
3485 1150 3775 1208 apponam

342 1209 514 1266 infra.

1552 1333 1804 1408 ΞΧΧΙΙΙ.
1844 1333 2227 1412 ΒεΈκλογῶν
2264 1338 2427 1395 libris
2465 1354 2581 1396 sex.

418 1446 687 1517 Superest
727 1453 784 1501 ut
808 1448 876 1502 de
909 1451 1302 1520 Excerptorum
1335 1449 1450 1505 sive
1481 1448 1769 1526 Ἐκλογῶν
1801 1452 1962 1508 libris
1991 1455 2254 1524 quaedam
2287 1456 2471 1511 adhuc
2501 1455 2709 1512 dieam.
2739 1457 3009 1512 Erasmus
3041 1457 3157 1530 (44)
3201 1457 3268 1513 ad
3329 1455 3557 1514 titulum
3599 1457 3770 1529 hujus

347 1538 539 1606 operis
568 1541 850 1606 observat,
881 1552 1009 1592 eum
1047 1545 1196 1594 recte
1228 1539 1464 1594 omnino
1495 1539 1668 1596 scribi
1701 1557 1802 1612 per
1829 1561 1883 1612 κ,
1915 1559 2029 1599 non
2087 1559 2187 1616 per
2245 1563 2300 1618 γ,
2359 1545 2705 1614 Eclogarum,
2765 1547 3124 1617 Eglogarum,
3182 1562 3506 1617 quanquam
3560 1549 3620 1603 in
3687 1547 3776 1602 his

354 1641 553 1696 parum
583 1627 881 1682 conveniat
913 1627 1060 1682 inter
1091 1629 1433 1698 exemplaria
1461 1629 1676 1686 Latina.
1713 1631 1982 1687 Precibus
2013 1634 2582 1705 Onesimicujusdam
2636 1636 2958 1706 composuit
3015 1637 3119 1691 hos
3175 1635 3350 1692 libros
3404 1635 3619 1705 Melito,
3676 1624 3776 1707 qui

349 1731 451 1784 pro
481 1730 674 1770 amore
706 1730 772 1771 ac
803 1717 990 1771 studio
1022 1732 1126 1771 suo
1154 1733 1285 1787 erga
1318 1717 1549 1773 verbum
1574 1719 1695 1790 Dei,
1731 1727 1860 1776 sunt
1889 1721 2056 1776 verba
2085 1723 2313 1779 Eusebii
2365 1724 2501 1794 (45),
2561 1725 2766 1795 saepius
2803 1743 2835 1780 a
2904 1729 3104 1781 nostro
3162 1725 3542 1796 postulaverat
3594 1725 3766 1782 libros

359 1803 573 1861 Veteris
603 1805 948 1861 Testamenti
979 1814 1238 1862 accurate
1265 1823 1606 1877 cognoscere
1649 1827 1662 1877 ;
1719 1817 1853 1878 quot
1913 1826 2165 1880 numero,
2199 1823 2250 1868 et
2300 1829 2434 1884 quo-
2464 1814 2577 1868 sint
2625 1815 2824 1870 ordine
2882 1814 3213 1885 conscripti,
3271 1829 3438 1886 quem
3505 1822 3774 1886 praeterea

355 1910 565 1965 magno
595 1894 727 1950 fidei
757 1896 955 1951 ardore
986 1904 1038 1951 et
1069 1912 1274 1967 magna
1314 1899 1576 1954 discendi
1608 1899 1913 1970 cupiditate
1939 1901 2208 1971 ﬂagrasse
2246 1902 2462 1969 scribit,
2495 1909 2548 1958 et
2599 1903 2669 1956 de
2719 1918 2829 1973 quo
2891 1909 3243 1974 compertum
3304 1902 3564 1972 habebat,
3623 1905 3772 1974 quod

345 1983 419 2041 ob
456 2000 707 2039 amorem
762 1984 856 2039 Dei
910 1985 1013 2040 ista
1073 1986 1239 2041 rebus
1283 1988 1589 2044 mundanis
1646 1989 1914 2046 omnibus
1969 1992 2262 2059 anteferat,
2323 1992 2633 2062 salutisque
2688 1999 2910 2048 aeternae
2967 1992 3288 2049 obtinendas
3345 2007 3515 2048 causa
3557 1993 3773 2049 fortiter

349 2076 604 2131 decertet
629 2075 817 2130 unice.
854 2075 1189 2132 Praeclarum
1221 2093 1356 2134 sane
1387 2079 1708 2134 encomium
1736 2096 1749 2134 :
1778 2086 1852 2145 et,
1885 2080 1929 2134 si
1961 2097 1993 2135 a
2024 2081 2266 2135 laudatis
2298 2080 2514 2136 laudari
2542 2081 2772 2137 demum
2804 2081 2926 2136 laus
2957 2088 3059 2150 est,
3091 2097 3207 2137 non
3244 2096 3548 2152 possumus
3577 2081 3772 2152 utique

346 2166 532 2236 aliter,
565 2167 700 2238 quin
733 2167 804 2222 de
832 2167 1103 2238 singulari
1138 2168 1340 2238 pietate
1369 2175 1423 2224 et
1469 2171 1689 2240 egregia
1737 2170 1991 2226 Onesimi
2041 2169 2232 2226 indole
2280 2172 2594 2227 sentiamus
2643 2173 2856 2242 optima
2887 2173 3119 2243 quasvis,
3153 2171 3384 2242 ejusque
3436 2171 3770 2227 memoriam

344 2255 734 2312 venerabundi
767 2272 988 2327 semper
1017 2257 1354 2314 recolamus.
1391 2259 1600 2315 itinere
1625 2261 1814 2330 itaque
1844 2260 1902 2315 in
1936 2259 2222 2317 Orientem
2249 2262 2529 2328 instituto,
2560 2262 2781 2318 Veteris
2835 2262 3191 2318 Tcstamenti
3243 2261 3418 2316 libros
3469 2261 3771 2330 diligenter

347 2361 466 2401 non
493 2346 662 2401 modo
693 2345 890 2401 didicit
924 2346 1139 2411 Melite,
1173 2349 1755 2418 eorumqueindicem
1789 2349 2055 2405 Onesimo
2102 2363 2202 2403 suo
2261 2349 2452 2418 misit;
2515 2365 2709 2404 verum
2771 2350 2940 2404 etiam
3003 2365 3070 2404 ex
3108 2349 3314 2404 divinis
3361 2349 3487 2404 istis
3543 2349 3771 2420 scriptis

349 2441 611 2505 excerpta
643 2434 876 2505 insuper
896 2435 1144 2505 collegit,
1181 2435 1239 2490 in
1271 2451 1366 2493 sex
1397 2436 1569 2492 libros
1619 2437 1938 2502 distributa,
1987 2445 2049 2494 ut
2091 2439 2182 2508 ipe
2233 2445 2463 2494 testatur
2509 2438 2660 2509 apud
2712 2437 3040 2505 Eusebium,
3088 2434 3139 2506 ἐξ
3188 2438 3287 2505 ὧν,
3333 2437 3620 2509 inquiens,
3677 2443 3768 2498 καὶ

344 2523 439 2582 τὰς
477 2521 737 2599 Ἑκλογᾶς
797 2523 1165 2598 ἐποιησάμην,
1221 2524 1294 2586 εἷς
1349 2521 1403 2596 ἕξ
1467 2520 1618 2600 βιϐἶα
1665 2523 1880 2582 διελών.
1944 2529 1967 2583 Ὲ

2146 2526 2295 2581 ribus
2353 2525 2464 2582 mel
2509 2534 2717 2597 sugunt
2772 2542 2926 2595 apes,
2990 2542 3271 2582 venenum
3329 2527 3581 2597 viperae;
3635 2527 3769 2598 quid

347 2613 520 2683 igitur
552 2631 618 2670 ex
653 2615 772 2685 lege
803 2621 857 2671 et
890 2615 1178 2686 prephelis
1209 2616 1551 2685 excerpserit
1585 2624 1792 2682 noster,
1828 2617 1873 2672 si
1932 2625 2230 2687 quaeratur,
2290 2617 2413 2686 ipsa
2465 2616 2672 2671 iterum
2732 2617 2991 2672 Sardiani
3047 2616 3219 2674 verba
3275 2617 3634 2688 responsioni
3676 2618 3773 2674 in"

345 2703 554 2759 servire
585 2710 874 2772 poterunt,
922 2702 1127 2774 quibus
1184 2703 1372 2774 palam
1431 2705 1512 2771 tit,
1571 2719 1699 2760 eum
1755 2703 1822 2757 τὰ
1880 2723 1968 2776 περ

2179 2710 2440 2777 Σωτηρος
2473 2703 2560 2757 καὶ
2592 2704 2773 2774 πάσης
2816 2709 2916 2772 τῆς
2940 2703 3172 2765 πίστεως
3223 2704 3408 2777 ἡμῶν,
3441 2721 3526 2770 ea,
3550 2721 3672 2777 quas
3697 2707 3768 2762 ad

341 2799 690 2851 Servatorem
735 2800 786 2848 et
818 2793 885 2846 ad
918 2792 1241 2850 universam
1278 2792 1446 2848 fidem
1475 2801 1722 2848 nostram
1754 2794 2127 2864 pertinent,in
2156 2795 2391 2865 gratiam
2424 2794 2681 2850 Onesimi
2714 2794 2801 2850 sui
2847 2793 3164 2865 collegisse,
3219 2810 3384 2866 quem
3443 2794 3767 2865 simplicem

344 2899 760 2956 pauperemque
783 2882 1014 2950 laicum,
1045 2898 1160 2938 non
1191 2880 1476 2954 κράτιστον
1507 2879 1770 2958 Θεόφιλον
1805 2898 1967 2953 quem

2169 2882 2364 2948 fuisse,
2398 2881 2664 2939 nonnulli
2697 2882 2814 2956 (46)
2839 2885 3077 2939 credunt
3124 2883 3272 2953 ideo,
3332 2890 3390 2939 ut
3440 2890 3766 2956 promptum

341 2974 629 3031 Melitonis
659 2974 872 3030 inﬁmae
905 2973 1075 3029 etiam
1111 2974 1276 3030 sortis
1309 2973 1639 3030 hominibus
1670 2973 2011 3030 inserviendi
2043 2972 2303 3028 animum
2335 2989 2400 3030 eo
2433 2973 2746 3042 majoribus
2795 2973 3070 3029 extollant
3126 2973 3413 3030 laudibus.
3473 2975 3538 3030 In
3581 2973 3767 3030 medio

347 3072 538 3120 tamen
570 3064 950 3136 relinquimus
984 3063 1187 3120 horum
1218 3065 1624 3134 conjecturam,
1656 3063 1709 3119 id
1742 3063 1940 3119 saltem
1967 3063 2156 3120 adhuc
2187 3062 2456 3132 addituri,
2490 3063 2592 3119 hos
2625 3061 2961 3134 Eclogarum
3009 3062 3186 3120 libros
3217 3064 3357 3120 mihi
3406 3080 3524 3120 non
3577 3061 3754 3120 videri

341 3154 604 3210 ultimum
637 3171 669 3208 a
697 3151 966 3208 Melitono
998 3152 1385 3224 conscriptum
1417 3166 1581 3222 Opus,
1608 3151 1736 3207 licet
1768 3151 1972 3222 potiori
2004 3152 2128 3209 loco
2156 3153 2214 3209 in
2246 3152 2522 3210 librorum
2555 3155 2701 3210 serie
2747 3153 2818 3209 ab
2875 3153 3116 3211 Eusebio
3164 3170 3280 3212 non
3339 3154 3551 3210 fuerint
3604 3167 3764 3210 com-

345 3244 632 3316 prehensi,
668 3244 763 3299 sed
798 3250 918 3314 post
950 3258 1170 3308 omnes,
1202 3242 1514 3313 iuterjectis
1538 3241 1879 3314 quibusdam
1910 3242 2059 3310 aliis,
2090 3249 2510 3311 recenseantur,
2552 3241 2883 3313 appendieis
2921 3243 3078 3314 quasi
3110 3242 3254 3314 loco,
3282 3242 3444 3314 cujus
3472 3242 3553 3299 rei
3616 3242 3766 3302 hanc

347 3335 523 3391 fuisse
545 3349 771 3389 causam
804 3332 1169 3404 conjicimus,
1200 3333 1347 3403 quod
1379 3348 1496 3388 non
1526 3339 1642 3387 tam
1672 3331 1890 3403 ingenii
1919 3347 2061 3403 opus
2086 3332 2393 3400 censuerit,
2435 3346 2608 3402 quam
2668 3330 2899 3386 laboris.
2976 3331 3377 3403 Fragmentum
3435 3331 3664 3404 insigne
3709 3348 3765 3403 et

348 3423 412 3480 in
445 3425 687 3481 Historia
718 3440 881 3480 sacra
913 3423 1160 3479 maxime
1190 3422 1412 3479 celebre
1438 3430 1690 3493 superest
1725 3422 1888 3478 hodie
1918 3437 1984 3478 ex
2014 3421 2175 3478 libris
2205 3421 2362 3478 hisce
2389 3420 2733 3491 ceteroquin
2763 3419 3087 3490 deperditis.

688 3517 715 3582 §
739 3513 948 3570 XXIV.
981 3513 1295 3570 Observalio
1324 3511 1388 3568 do
1414 3513 1576 3568 libris
1607 3512 1878 3568 Melitonis
1905 3519 2096 3567 contra
2113 3511 2311 3568 haeresi

1799 3513 1878 3566 ais
1905 3519 2096 3567 contra
2113 3511 2450 3568 hwresesﬂe
2480 3509 2623 3566 libro
2655 3508 2786 3583 Περὶ
2817 3508 3140 3582 σαρκώσεως
3158 3511 3422 3583 Χριστοῦ.

432 3605 666 3671 Quando
699 3611 902 3673 praeter
933 3603 1035 3659 hos
1067 3601 1307 3658 Eusebio
1346 3608 1821 3658 commemoratos
1848 3600 2022 3656 libros
2051 3601 2432 3668 Hieronymus
2463 3598 2572 3670 (47)
2604 3603 2869 3669 praeterea
2899 3597 3248 3655 mentionem
3279 3597 3412 3654 facit
3455 3598 3766 3655 multorum

359 3692 735 3756 voluminum,
769 3691 972 3762 quibus
1003 3690 1252 3761 origines
1294 3690 1592 3745 haeresium
1621 3689 1973 3759 singularum
2007 3687 2388 3759 explicaverit,
2419 3693 2473 3743 et
2502 3703 2569 3744 ex
2602 3686 2808 3758 quibus
2837 3686 3300 3757 philosophorum
3323 3685 3600 3742 frontibus
3619 3702 3768 3744 ema-

357 3781 616 3838 naverint
649 3780 884 3851 singulae
913 3800 928 3848 ;
963 3779 1068 3835 hoc
1100 3794 1216 3835 non
1247 3779 1316 3834 de
1347 3778 1620 3848 peculiari
1651 3778 1892 3849 quodam
1924 3785 2090 3849 atque
2129 3776 2486 3832 voluminoso
2508 3791 2677 3846 opere
2725 3774 3008 3846 intelligas
3064 3775 3257 3844 velim,
3311 3776 3406 3830 sed
3454 3775 3764 3846 generatim

356 3871 426 3928 de
455 3869 724 3927 omnibus
755 3867 1042 3925 Melitonis
1075 3867 1301 3940 scriptis
1331 3868 1542 3924 dictum
1577 3873 1728 3938 puta,
1763 3873 1956 3938 utpote
1986 3882 2106 3938 quae
2139 3867 2254 3922 fere
2283 3865 2497 3936 omnia,
2531 3872 2588 3920 ut
2619 3864 2868 3920 vidimus
2921 3864 3214 3935 hactenus,
3278 3863 3479 3920 haeresi
3535 3863 3764 3921 cuidam

357 3962 592 4017 fuerunt
621 3959 904 4030 opposita.
939 3960 1175 4030 Scripsit
1201 3961 1389 4014 tamen
1421 3965 1689 4029 praetcrea
1716 3965 1923 4024 noster,
1948 3963 2007 4014 ut
2038 3955 2464 4013 observavimus
2495 3970 2685 4025 supra,
2747 3952 2890 4008 alios
2945 3952 3134 4010 adhuc
3191 3952 3366 4008 libros
3421 3954 3569 4009 inter
3625 3968 3767 4024 quos

355 4051 632 4106 referendi
666 4055 797 4104 sunt
845 4048 1140 4106 Anastasio
1197 4047 1430 4102 Sinaitae
1487 4047 1914 4103 commemorati
1971 4048 2102 4116 duo,
2158 4045 2298 4102 alter
2359 4045 2429 4101 De
2471 4045 2728 4116 passione
2779 4043 3017 4111 Domini,
3075 4042 3217 4100 alter
3267 4043 3338 4098 De
3381 4043 3766 4100 lncarnationc

356 4139 567 4198 Christi
601 4136 728 4212 Περὶ
760 4136 1082 4212 σαρκώσεως
1111 4137 1372 4209 Χριστοῦ,
1403 4151 1568 4207 quem
1602 4135 1967 4207 posteriorem

2138 4151 2219 4207 [ne
2248 4135 2400 4191 inter
2429 4135 2637 4204 scripta
2686 4132 3054 4190 Melitoniana
3118 4133 3327 4204 recepit
3384 4133 3596 4189 Cavcus
3625 4131 3761 4204 (48):

356 4246 597 4286 n-onens
622 4229 874 4299 insuper,
931 4243 1074 4299 Opus
1123 4227 1270 4282 istud
1324 4243 1356 4282 a
1406 4226 1551 4282 libro
1610 4225 1917 4295 Melitonis,
1975 4226 1979 4278 Ῑ

2167 4227 2300 4279 Θεοῦ
2347 4221 2658 4296 ἐνσωμάτου
2717 4223 3002 4282 diversum
3025 4238 3146 4281 esse
3171 4225 3542 4294 censendum,
3573 4229 3764 4294 utpote

356 4322 507 4391 quod
542 4335 652 4377 non
689 4317 748 4374 in
775 4333 975 4389 unum,
1008 4325 1068 4373 ut
1098 4317 1215 4384 ille,
1249 4317 1346 4372 sed
1384 4316 1444 4372 in
1476 4315 1665 4387 plures
1689 4315 1930 4372 divisum
1963 4315 2128 4370 fuerit
2154 4313 2348 4382 libros,
2391 4320 2443 4369 et
2488 4328 2556 4369 ex
2613 4327 2849 4383 quorum
2918 4311 3080 4368 tertio
3139 4311 3520 4382 fragmentum
3575 4311 3766 4367 attulit

354 4410 604 4481 insigne,
634 4409 704 4464 ab
735 4407 1037 4465 Anastasio
1067 4411 1439 4462 asservatum.
1472 4404 1678 4460 Contra
1709 4404 2062 4461 Marcionem
2093 4405 2336 4476 scriptus
2365 4411 2481 4460 erat
2517 4393 2607 4460 hic
2655 4402 2820 4469 liber,
2881 4402 2976 4474 qui
3028 4401 3380 4459 divinitatem
3438 4401 3646 4458 Christi
3701 4402 3763 4459 in

353 4516 528 4557 carne
549 4501 792 4572 negavit,
825 4506 878 4556 et
912 4496 1197 4556 Melitonis
1230 4497 1334 4553 hac
1361 4498 1420 4553 in
1450 4503 1605 4567 parte
1635 4495 1952 4552 doctrinam
1978 4495 2186 4565 scripto
2214 4493 2366 4550 edito
2396 4499 2833 4566 Oppugnaverat.

1582 4622 1745 4681 XXV.
1779 4624 1852 4680 De
1877 4625 2123 4680 transitu
2152 4621 2350 4680 Mariae
2372 4621 2529 4678 liber.

425 4770 661 4844 Spurius
680 4774 871 4826 tamen
902 4769 988 4823 est
1025 4764 1187 4830 liber,
1222 4762 1317 4835 qui
1349 4763 1422 4820 De
1451 4763 1693 4818 transitu
1732 4762 1899 4819 beata
1927 4761 2116 4817 Maria
2165 4760 2398 4832 virginis
2455 4758 2562 4815 sub
2613 4759 2734 4830 ejus
2791 4758 3023 4816 nomine
3088 4758 3502 4829 circumfertur,
3559 4767 3611 4816 et
3660 4760 3758 4832 qui

431 4954 545 5027 (59)
575 4953 736 5027 Apud
765 4951 971 5007 Justin.
1005 4953 1166 5004 Mart.
1191 4947 1262 5003 ad
1297 4946 1514 5004 calcem
1544 4945 1751 5016 prioris
1807 4944 2008 5016 Apolo—
2320 4939 2686 5027 Erasmusnin.
2710 4939 2862 5027 Notis
2882 4939 2952 4995 ad
2964 4941 3307 5027 'llietzonymi
3335 4939 3512 5027 (Italici.

353 5010 810 5099 aiebas-r3135;
919 5093 934 5099 _
1289 5091 1302 5099 .
1841 5010 1898 5099 ξ-
1989 5093 2000 5099 -
2183 5012 2533 5099 ttétﬁsseb-
2568 5010 3450 5099 “essede-,'.ib-_.<Y»°sP-.2§e

430 5081 542 5168 (4⁷0)
574 5081 736 5166 apud
771 5093 1160 5168 Eusebsﬂist.
1192 5091 1382 5168 coclea.
1428 5089 1527 5158 lib,
1562 5105 1639 5154 ιν,
1671 5103 1794 5160 cap.
1834 5088 1920 5155 13,
1953 5093 2006 5142 et
2116 5162 2126 5168 _
2175 5081 2295 5168 £46)
2327 5085 2634 5140 Tillemont
2684 5083 3010 5168 (Μένηοὺςεδ,
3039 5089 3211 5168 Ietc‘,‘
3243 5081 3307 5168 c.
3348 5081 3453 5154 1.):
3518 5104 3546 5166 ς‹
3604 5083 3757 5168 C’es-

355 5151 728 5226 in‘Ch'ron'ico
757 5167 913 5222 Alex.
944 5166 1013 5219 ad
1044 5179 1257 5219 annum
1285 5163 1403 5216 169.
1513 5151 1522 5158 ⁷
1627 5151 1634 5154 ’
1740 5151 1758 5160 ’
1906 5151 1914 5155 ⁷
2115 5151 2215 5211 toit
2272 5151 2706 5226 apparemment
2751 5170 2826 5209 un
2885 5151 3088 5222 simple
3134 5152 3340 5226 la’ique,
3394 5151 3648 5226 quoique
3702 5156 3756 5212 le

428 5224 546 5312 (41)
576 5238 840 5312 Valesius
869 5237 928 5291 in
961 5234 1180 5312 {Voisagl
1210 5233 1399 5312 Euseb.
1434 5231 1554 5312 .lib.
1588 5246 1848 5312 Iv,._cap.
1909 5229 2000 5312 2d.
2112 5228 2267 5312 Saint
2296 5224 2490 5283 voulftt
2522 5227 2650 5312 hien
2683 5227 3085 5312 entreprendre
3111 5224 3460 5312 ideiggrands
3515 5224 3758 5296 v0yages

428 5296 542 5382 (42)
581 5309 1024 5382 Kortholtus__in
1084 5305 1545 5382 Adnotatioailms
1596 5296 1809 5374 quibus
1845 5302 2004 5356 varia
2113 5309 2166 5354 et
2197 5299 2296 5382 des
2317 5315 2588 5382 ouvrages
2615 5299 2723 5380 fort
2753 5298 2916 5382 longs
2945 5299 3062 5382 asa
3100 5296 3521 5382 consideration
3542 5314 3569 5382 Δς
3590 5314 3756 5382 parce

355 5365 561 5442 Justirii
582 5365 840 5440 Edicta
881 5377 1216 5434 illustravit.
1242 5393 1368 5447 pag.
1399 5376 1490 5431 5t.
1517 5446 1520 5447 γ
1602 5365 1622 5374 ’
2111 5386 2224 5447 _que_
2252 5372 2304 5447 la
2333 5365 2568 5435 charité,
2600 5369 2694 5440 qui
2717 5377 2800 5426 est
2846 5365 3100 5447 toujours
3154 5365 3409 5435 humble,
3477 5377 3558 5424 est
3591 5365 3756 5440 'préle

425 5457 546 5528 (43)
577 5456 828 5511 Clericus
858 5452 918 5506 in
959 5448 1202 5528 Histeria
1242 5440 1431 5528 'ece'les.
1474 5446 1735 5528 duorum
1786 5459 2003 5528 primo-
2110 5445 2143 5496 a
2173 5440 2431 5528 obfir'en
2463 5450 2580 5498 tout
2607 5457 2714 5497 aux
2740 5440 3034 5528 'moi‘ndrners
3058 5453 3425 5528 personne‘sni

356 5509 860 5590 rubismcalorum,
902 5538 1028 5592 pag.
1057 5522 1190 5592 7317,
1204 5527 1267 5592 et
1297 5520 1443 5574 dans
1472 5518 1553 5592 la_
1584 5509 1860 5592 Biblioth.
1897 5532 2002 5592 gn-
2183 5513 2296 5592 (47)
2327 5513 2672 5592 _Hieronym.
2733 5513 2901 5583 Epist.
2957 5511 3044 5564 80.
3119 5525 3285 5581 quem
3343 5509 3531 5569 locum
3586 5529 3756 5588 supra

355 5601 548 5656 σέσηπε
567 5584 926 5663 atmoderate,
957 5584 1096 5650 tom.
1144 5590 1242 5658 VI,
1274 5607 1400 5662 pag.
1459 5589 1583 5645 412.
1638 5587 1843 5646 Confer
1897 5588 2002 5643 Ba-
2111 5584 2492 5663 exhibuimus.

357 5653 538 5729 rater.
566 5653 609 5724 l.
639 5683 690 5726 c.
725 5683 850 5738 pag.
881 5653 1006 5719 499.
1229 5653 1238 5658 ⁷
1274 5653 1294 5662 ’
1348 5653 1377 5662 ⁷

2185 5655 2298 5729 (48)
2319 5658 2553 5726 Caveus,
2585 5656 2784 5715 Hister.
2817 5655 3016 5726 litum,
3049 5669 3178 5728 pag.
3211 5653 3297 5713 43.
