  <div class='ocr_page' id='page_1' title='image "/cluster/home/n/w/nwhite01/storage/ocr_20150623/5/mdp.39015015401063/618.png"; bbox 0 0 4110 6150; ppageno 0'>
   <div class='ocr_carea' id='block_1_1' title="bbox 401 312 567 376">
    <p class='ocr_par' dir='ltr' id='par_1_1' title="bbox 401 312 567 376">
     <span class='ocr_line' id='line_1_1' title="bbox 401 312 567 376; baseline 0.012 -1"><span class='ocrx_word' id='word_1_1' title='bbox 401 312 567 376; x_wconf 74' lang='grc'>1209</span> 
     </span>
    </p>
   </div>
   <div class='ocr_carea' id='block_1_2' title="bbox 1855 310 2372 375">
    <p class='ocr_par' dir='ltr' id='par_1_2' title="bbox 1855 310 2372 375">
     <span class='ocr_line' id='line_1_2' title="bbox 1855 310 2372 375; baseline 0 -2"><span class='ocrx_word' id='word_1_2' title='bbox 1855 310 2372 375; x_wconf 78' lang='lat' dir='ltr'><strong>FRAGMENTA.</strong></span> 
     </span>
    </p>
   </div>
   <div class='ocr_carea' id='block_1_3' title="bbox 3661 319 3824 385">
    <p class='ocr_par' dir='ltr' id='par_1_3' title="bbox 3661 319 3824 385">
     <span class='ocr_line' id='line_1_3' title="bbox 3661 319 3824 385; baseline 0.012 -2"><span class='ocrx_word' id='word_1_3' title='bbox 3661 319 3824 385; x_wconf 79' lang='grc'>1210</span> 
     </span>
    </p>
   </div>
   <div class='ocr_carea' id='block_1_4' title="bbox 396 437 2036 521">
    <p class='ocr_par' dir='ltr' id='par_1_4' title="bbox 396 437 2036 521">
     <span class='ocr_line' id='line_1_4' title="bbox 396 437 2036 521; baseline -0.002 -20"><span class='ocrx_word' id='word_1_4' title='bbox 396 440 537 502; x_wconf 79' lang='grc' dir='ltr'>κατὰ</span> <span class='ocrx_word' id='word_1_5' title='bbox 573 440 764 519; x_wconf 79' lang='grc' dir='ltr'>καιρὸν</span> <span class='ocrx_word' id='word_1_6' title='bbox 795 439 850 497; x_wconf 72' lang='grc' dir='ltr'><strong>ἂν</strong></span> <span class='ocrx_word' id='word_1_7' title='bbox 881 437 1116 504; x_wconf 69' lang='grc' dir='ltr'>ἱκείναις</span> <span class='ocrx_word' id='word_1_8' title='bbox 1147 441 1268 506; x_wconf 82' lang='grc' dir='ltr'>ταῖς</span> <span class='ocrx_word' id='word_1_9' title='bbox 1295 439 1530 518; x_wconf 66' lang='grc' dir='ltr'>ἡμέραις</span> <span class='ocrx_word' id='word_1_10' title='bbox 1558 442 1672 516; x_wconf 87' lang='grc'>(59)</span> <span class='ocrx_word' id='word_1_11' title='bbox 1723 442 1815 497; x_wconf 83' lang='grc' dir='ltr'><strong>καὶ</strong></span> <span class='ocrx_word' id='word_1_12' title='bbox 1843 439 2036 521; x_wconf 77' lang='grc' dir='ltr'>ἐγράφτ</span> 
     </span>
    </p>
   </div>
   <div class='ocr_carea' id='block_1_5' title="bbox 2167 437 3821 521">
    <p class='ocr_par' dir='ltr' id='par_1_5' title="bbox 2167 442 3821 521">
     <span class='ocr_line' id='line_1_5' title="bbox 2167 442 3821 521; baseline 0.006 -21"><span class='ocrx_word' id='word_1_13' title='bbox 2167 442 2230 513; x_wconf 90' lang='lat' dir='ltr'><strong>li,</strong></span> <span class='ocrx_word' id='word_1_14' title='bbox 2260 460 2383 517; x_wconf 69' lang='lat' dir='ltr'><strong>quas</strong></span> <span class='ocrx_word' id='word_1_15' title='bbox 2416 448 2748 518; x_wconf 80' lang='lat' dir='ltr'><strong>tempestive</strong></span> <span class='ocrx_word' id='word_1_16' title='bbox 2803 449 2867 507; x_wconf 88' lang='lat' dir='ltr'><strong>in</strong></span> <span class='ocrx_word' id='word_1_17' title='bbox 2921 450 3054 508; x_wconf 89' lang='lat' dir='ltr'><strong>illos</strong></span> <span class='ocrx_word' id='word_1_18' title='bbox 3110 451 3231 509; x_wconf 87' lang='lat' dir='ltr'><strong>dies</strong></span> <span class='ocrx_word' id='word_1_19' title='bbox 3270 451 3572 510; x_wconf 75' lang='lat' dir='ltr'><strong>inciderat.</strong></span> <span class='ocrx_word' id='word_1_20' title='bbox 3603 453 3821 521; x_wconf 78' lang='lat' dir='ltr'><strong>Quibus</strong></span> 
     </span>
    </p>
   </div>
   <div class='ocr_carea' id='block_1_6' title="bbox 397 538 590 591">
    <p class='ocr_par' dir='ltr' id='par_1_6' title="bbox 397 538 590 591">
     <span class='ocr_line' id='line_1_6' title="bbox 397 538 590 591; baseline 0.005 -1"><span class='ocrx_word' id='word_1_21' title='bbox 397 538 590 591; x_wconf 77' lang='grc' dir='ltr'>ταῦτα.</span> 
     </span>
    </p>
   </div>
   <div class='ocr_carea' id='block_1_7' title="bbox 2160 534 3490 611">
    <p class='ocr_par' dir='ltr' id='par_1_7' title="bbox 2160 534 3490 611">
     <span class='ocr_line' id='line_1_7' title="bbox 2160 534 3490 611; baseline 0.005 -21"><span class='ocrx_word' id='word_1_22' title='bbox 2160 534 2327 590; x_wconf 87' lang='lat' dir='ltr'><strong>etiam</strong></span> <span class='ocrx_word' id='word_1_23' title='bbox 2363 535 2564 592; x_wconf 85' lang='lat' dir='ltr'><strong>diebus</strong></span> <span class='ocrx_word' id='word_1_24' title='bbox 2592 537 2709 595; x_wconf 68' lang='lat' dir='ltr'><strong>haec</strong></span> <span class='ocrx_word' id='word_1_25' title='bbox 2739 556 2773 594; x_wconf 87' lang='lat' dir='ltr'><strong>a</strong></span> <span class='ocrx_word' id='word_1_26' title='bbox 2802 539 2967 596; x_wconf 84' lang='lat' dir='ltr'><strong>nobis</strong></span> <span class='ocrx_word' id='word_1_27' title='bbox 2996 540 3307 611; x_wconf 88' lang='lat' dir='ltr'><strong>perscripta</strong></span> <span class='ocrx_word' id='word_1_28' title='bbox 3336 545 3490 597; x_wconf 89' lang='lat' dir='ltr'><strong>sunt.</strong></span> 
     </span>
    </p>
   </div>
   <div class='ocr_carea' id='block_1_8' title="bbox 469 622 3815 701">
    <p class='ocr_par' dir='ltr' id='par_1_8' title="bbox 469 622 3815 701">
     <span class='ocr_line' id='line_1_8' title="bbox 469 622 3815 701; baseline 0.001 -19"><span class='ocrx_word' id='word_1_29' title='bbox 469 625 702 682; x_wconf 89' lang='lat' dir='ltr'><strong>Videtur</strong></span> <span class='ocrx_word' id='word_1_30' title='bbox 727 624 833 682; x_wconf 88' lang='lat' dir='ltr'><strong>hoc</strong></span> <span class='ocrx_word' id='word_1_31' title='bbox 863 625 1266 696; x_wconf 79' lang='lat' dir='ltr'><strong>fragmentum,</strong></span> <span class='ocrx_word' id='word_1_32' title='bbox 1296 624 1446 696; x_wconf 88' lang='lat' dir='ltr'><strong>quod</strong></span> <span class='ocrx_word' id='word_1_33' title='bbox 1480 624 1630 695; x_wconf 88' lang='lat' dir='ltr'><strong>apud</strong></span> <span class='ocrx_word' id='word_1_34' title='bbox 1659 622 1950 680; x_wconf 81' lang='lat' dir='ltr'><strong>Rutﬁnum</strong></span> <span class='ocrx_word' id='word_1_35' title='bbox 1975 622 2084 695; x_wconf 87' lang='lat'>(60)</span> <span class='ocrx_word' id='word_1_36' title='bbox 2110 628 2163 678; x_wconf 93' lang='lat' dir='ltr'><strong>et</strong></span> <span class='ocrx_word' id='word_1_37' title='bbox 2194 623 2576 694; x_wconf 72' lang='lat' dir='ltr'><strong>Nicephorum</strong></span> <span class='ocrx_word' id='word_1_38' title='bbox 2627 628 2741 700; x_wconf 82' lang='lat' dir='ltr'>(6t)</span> <span class='ocrx_word' id='word_1_39' title='bbox 2804 645 3025 701; x_wconf 88' lang='lat' dir='ltr'><strong>quoque</strong></span> <span class='ocrx_word' id='word_1_40' title='bbox 3071 630 3354 695; x_wconf 84' lang='lat' dir='ltr'><strong>invenies,</strong></span> <span class='ocrx_word' id='word_1_41' title='bbox 3403 629 3630 687; x_wconf 89' lang='lat' dir='ltr'><strong>initium</strong></span> <span class='ocrx_word' id='word_1_42' title='bbox 3689 646 3815 689; x_wconf 88' lang='lat' dir='ltr'><strong>esse</strong></span> 
     </span>
    </p>
   </div>
   <div class='ocr_carea' id='block_1_9' title="bbox 400 712 3815 790">
    <p class='ocr_par' dir='ltr' id='par_1_9' title="bbox 400 712 3815 790">
     <span class='ocr_line' id='line_1_9' title="bbox 400 712 3815 790; baseline 0.003 -20"><span class='ocrx_word' id='word_1_43' title='bbox 400 715 582 785; x_wconf 86' lang='lat' dir='ltr'><strong>ipsius</strong></span> <span class='ocrx_word' id='word_1_44' title='bbox 612 714 802 785; x_wconf 88' lang='lat' dir='ltr'><strong>operis</strong></span> <span class='ocrx_word' id='word_1_45' title='bbox 833 729 848 782; x_wconf 89' lang='lat'><strong>;</strong></span> <span class='ocrx_word' id='word_1_46' title='bbox 878 729 988 786; x_wconf 90' lang='lat' dir='ltr'><strong>quo</strong></span> <span class='ocrx_word' id='word_1_47' title='bbox 1019 713 1306 771; x_wconf 85' lang='lat' dir='ltr'><strong>scribendi</strong></span> <span class='ocrx_word' id='word_1_48' title='bbox 1337 714 1694 770; x_wconf 83' lang='lat' dir='ltr'><strong>occasionem</strong></span> <span class='ocrx_word' id='word_1_49' title='bbox 1722 719 1983 771; x_wconf 94' lang='lat' dir='ltr'><strong>accurate</strong></span> <span class='ocrx_word' id='word_1_50' title='bbox 2011 712 2262 783; x_wconf 79' lang='lat' dir='ltr'><strong>exponit.</strong></span> <span class='ocrx_word' id='word_1_51' title='bbox 2292 714 2571 773; x_wconf 84' lang='lat' dir='ltr'><strong>Exhibent</strong></span> <span class='ocrx_word' id='word_1_52' title='bbox 2627 718 2777 775; x_wconf 90' lang='lat' dir='ltr'><strong>istud</strong></span> <span class='ocrx_word' id='word_1_53' title='bbox 2839 718 3172 788; x_wconf 80' lang='lat' dir='ltr'><strong>Ualloixius,</strong></span> <span class='ocrx_word' id='word_1_54' title='bbox 3215 720 3633 790; x_wconf 87' lang='lat' dir='ltr'><strong>Tillemontius,</strong></span> <span class='ocrx_word' id='word_1_55' title='bbox 3669 722 3815 780; x_wconf 88' lang='lat' dir='ltr'><strong>Ben-</strong></span> 
     </span>
    </p>
   </div>
   <div class='ocr_carea' id='block_1_10' title="bbox 399 802 667 860">
    <p class='ocr_par' dir='ltr' id='par_1_10' title="bbox 399 802 667 860">
     <span class='ocr_line' id='line_1_10' title="bbox 399 802 667 860; baseline -0.004 -1"><span class='ocrx_word' id='word_1_56' title='bbox 399 802 667 860; x_wconf 88' lang='lat' dir='ltr'><strong>themius.</strong></span> 
     </span>
    </p>
   </div>
   <div class='ocr_carea' id='block_1_11' title="bbox 1467 891 2740 964">
    <p class='ocr_par' dir='ltr' id='par_1_11' title="bbox 1467 891 2740 964">
     <span class='ocr_line' id='line_1_11' title="bbox 1467 891 2740 964; baseline 0.003 -18"><span class='ocrx_word' id='word_1_57' title='bbox 1467 892 1496 963; x_wconf 62' lang='grc' dir='ltr'>ἥ</span> <span class='ocrx_word' id='word_1_58' title='bbox 1528 891 1597 948; x_wconf 91' lang='grc' dir='ltr'><strong>ΙΙ.</strong></span> <span class='ocrx_word' id='word_1_59' title='bbox 1632 892 1965 960; x_wconf 79' lang='lat' dir='ltr'><strong>Fragmenta</strong></span> <span class='ocrx_word' id='word_1_60' title='bbox 2000 907 2076 947; x_wconf 71' lang='lat' dir='ltr'><strong>ea:</strong></span> <span class='ocrx_word' id='word_1_61' title='bbox 2132 891 2402 964; x_wconf 79' lang='lat' dir='ltr'><strong>Apologia</strong></span> <span class='ocrx_word' id='word_1_62' title='bbox 2449 892 2740 950; x_wconf 78' lang='lat' dir='ltr'><strong>Melitom&#39;s.</strong></span> 
     </span>
    </p>
   </div>
   <div class='ocr_carea' id='block_1_12' title="bbox 461 990 3813 1066">
    <p class='ocr_par' dir='ltr' id='par_1_12' title="bbox 461 990 3813 1066">
     <span class='ocr_line' id='line_1_12' title="bbox 461 990 3813 1066; baseline 0.001 -17"><span class='ocrx_word' id='word_1_63' title='bbox 461 993 717 1051; x_wconf 84' lang='lat' dir='ltr'><strong>Alterum</strong></span> <span class='ocrx_word' id='word_1_64' title='bbox 753 992 1131 1063; x_wconf 75' lang='lat' dir='ltr'><strong>fragmentum</strong></span> <span class='ocrx_word' id='word_1_65' title='bbox 1167 991 1443 1048; x_wconf 90' lang='lat' dir='ltr'><strong>Eusebius</strong></span> <span class='ocrx_word' id='word_1_66' title='bbox 1482 991 1579 1048; x_wconf 90' lang='lat' dir='ltr'><strong>cit.</strong></span> <span class='ocrx_word' id='word_1_67' title='bbox 1610 991 1725 1047; x_wconf 86' lang='lat' dir='ltr'><strong>loc.</strong></span> <span class='ocrx_word' id='word_1_68' title='bbox 1757 992 1962 1047; x_wconf 84' lang='lat' dir='ltr'><strong>iterum</strong></span> <span class='ocrx_word' id='word_1_69' title='bbox 2004 990 2179 1056; x_wconf 80' lang='lat' dir='ltr'><strong>dabit,</strong></span> <span class='ocrx_word' id='word_1_70' title='bbox 2212 993 2363 1063; x_wconf 88' lang='lat' dir='ltr'><strong>quod</strong></span> <span class='ocrx_word' id='word_1_71' title='bbox 2422 1009 2490 1049; x_wconf 85' lang='lat' dir='ltr'><strong>ex</strong></span> <span class='ocrx_word' id='word_1_72' title='bbox 2552 994 2823 1066; x_wconf 64' lang='lat' dir='ltr'><strong>Apologia</strong></span> <span class='ocrx_word' id='word_1_73' title='bbox 2873 996 2941 1051; x_wconf 91' lang='lat' dir='ltr'><strong>ad</strong></span> <span class='ocrx_word' id='word_1_74' title='bbox 2992 996 3164 1052; x_wconf 86' lang='lat' dir='ltr'><strong>Marc.</strong></span> <span class='ocrx_word' id='word_1_75' title='bbox 3227 995 3414 1052; x_wconf 86' lang='lat' dir='ltr'><strong>Aurel.</strong></span> <span class='ocrx_word' id='word_1_76' title='bbox 3460 995 3813 1053; x_wconf 85' lang='lat' dir='ltr'><strong>Antoninum</strong></span> 
     </span>
    </p>
   </div>
   <div class='ocr_carea' id='block_1_13' title="bbox 388 1076 2036 1159">
    <p class='ocr_par' dir='ltr' id='par_1_13' title="bbox 388 1076 2036 1153">
     <span class='ocr_line' id='line_1_13' title="bbox 388 1076 2036 1153; baseline -0.002 -15"><span class='ocrx_word' id='word_1_77' title='bbox 388 1083 532 1153; x_wconf 86' lang='lat' dir='ltr'><strong>imp.</strong></span> <span class='ocrx_word' id='word_1_78' title='bbox 566 1082 868 1150; x_wconf 87' lang='lat' dir='ltr'><strong>nonnulla,</strong></span> <span class='ocrx_word' id='word_1_79' title='bbox 902 1089 985 1138; x_wconf 89' lang='lat' dir='ltr'><strong>ast</strong></span> <span class='ocrx_word' id='word_1_80' title='bbox 1020 1080 1305 1152; x_wconf 81' lang='lat' dir='ltr'><strong>quantivis</strong></span> <span class='ocrx_word' id='word_1_81' title='bbox 1326 1079 1513 1152; x_wconf 86' lang='lat' dir='ltr'><strong>pretii,</strong></span> <span class='ocrx_word' id='word_1_82' title='bbox 1546 1076 1837 1151; x_wconf 83' lang='grc' dir='ltr'>κλασματα</span> <span class='ocrx_word' id='word_1_83' title='bbox 1867 1079 2036 1146; x_wconf 89' lang='lat' dir='ltr'><strong>sistit,</strong></span> 
     </span>
    </p>
   </div>
   <div class='ocr_carea' id='block_1_14' title="bbox 2167 1076 3813 1159">
    <p class='ocr_par' dir='ltr' id='par_1_14' title="bbox 2178 1080 3813 1159">
     <span class='ocr_line' id='line_1_14' title="bbox 2178 1080 3813 1159; baseline 0.002 -24"><span class='ocrx_word' id='word_1_84' title='bbox 2178 1081 2411 1152; x_wconf 87' lang='lat' dir='ltr'><strong>quibus,</strong></span> <span class='ocrx_word' id='word_1_85' title='bbox 2440 1082 2515 1137; x_wconf 89' lang='lat' dir='ltr'><strong>ita</strong></span> <span class='ocrx_word' id='word_1_86' title='bbox 2545 1083 2824 1140; x_wconf 80' lang='lat' dir='ltr'><strong>Eusebius</strong></span> <span class='ocrx_word' id='word_1_87' title='bbox 2856 1100 2870 1140; x_wconf 90' lang='lat'><strong>:</strong></span> <span class='ocrx_word' id='word_1_88' title='bbox 2906 1084 2990 1137; x_wconf 90' lang='grc' dir='ltr'>Ἐν</span> <span class='ocrx_word' id='word_1_89' title='bbox 3019 1080 3076 1138; x_wconf 73' lang='grc' dir='ltr'>δὲ</span> <span class='ocrx_word' id='word_1_90' title='bbox 3123 1087 3203 1156; x_wconf 80' lang='grc' dir='ltr'>τῷ</span> <span class='ocrx_word' id='word_1_91' title='bbox 3253 1084 3390 1159; x_wconf 84' lang='grc' dir='ltr'>πρὸς</span> <span class='ocrx_word' id='word_1_92' title='bbox 3414 1083 3507 1138; x_wconf 88' lang='grc' dir='ltr'><strong>τὸν</strong></span> <span class='ocrx_word' id='word_1_93' title='bbox 3541 1082 3813 1159; x_wconf 74' lang='grc' dir='ltr'>αὐτοκρά-</span> 
     </span>
    </p>
   </div>
   <div class='ocr_carea' id='block_1_15' title="bbox 388 1165 2036 1248">
    <p class='ocr_par' dir='ltr' id='par_1_15' title="bbox 388 1166 2033 1247">
     <span class='ocr_line' id='line_1_15' title="bbox 388 1166 2033 1247; baseline -0.004 -21"><span class='ocrx_word' id='word_1_94' title='bbox 388 1170 524 1246; x_wconf 80' lang='grc' dir='ltr'>τορα</span> <span class='ocrx_word' id='word_1_95' title='bbox 556 1167 760 1247; x_wconf 79' lang='grc' dir='ltr'>βιϐλίῳ</span> <span class='ocrx_word' id='word_1_96' title='bbox 792 1168 1017 1227; x_wconf 75' lang='grc' dir='ltr'>τοιαῦτά</span> <span class='ocrx_word' id='word_1_97' title='bbox 1044 1190 1167 1225; x_wconf 90' lang='grc' dir='ltr'>τινα</span> <span class='ocrx_word' id='word_1_98' title='bbox 1195 1169 1316 1234; x_wconf 80' lang='grc' dir='ltr'>καθ’</span> <span class='ocrx_word' id='word_1_99' title='bbox 1346 1171 1510 1242; x_wconf 72' lang='grc' dir='ltr'>ἡμῶν</span> <span class='ocrx_word' id='word_1_100' title='bbox 1543 1166 1626 1223; x_wconf 80' lang='grc' dir='ltr'><strong>ἐπ’</strong></span> <span class='ocrx_word' id='word_1_101' title='bbox 1677 1167 1844 1222; x_wconf 75' lang='grc' dir='ltr'>αὐτοῦ</span> <span class='ocrx_word' id='word_1_102' title='bbox 1901 1186 2033 1242; x_wconf 85' lang='grc' dir='ltr'>γεγο</span> 
     </span>
    </p>
   </div>
   <div class='ocr_carea' id='block_1_16' title="bbox 2167 1165 3809 1248">
    <p class='ocr_par' dir='ltr' id='par_1_16' title="bbox 2168 1169 3809 1248">
     <span class='ocr_line' id='line_1_16' title="bbox 2168 1169 3809 1248; baseline 0.006 -27"><span class='ocrx_word' id='word_1_103' title='bbox 2168 1188 2182 1221; x_wconf 94' lang='grc' dir='ltr'><strong>ι</strong></span> <span class='ocrx_word' id='word_1_104' title='bbox 2241 1169 2466 1246; x_wconf 77' lang='grc' dir='ltr'>ἱστορεῖ’</span> <span class='ocrx_word' id='word_1_105' title='bbox 2495 1193 2524 1224; x_wconf 79' lang='grc' dir='ltr'><strong>ιι</strong></span> <span class='ocrx_word' id='word_1_106' title='bbox 2556 1176 2684 1231; x_wconf 84' lang='lat' dir='ltr'><strong>Jam</strong></span> <span class='ocrx_word' id='word_1_107' title='bbox 2710 1191 2843 1233; x_wconf 88' lang='lat' dir='ltr'><strong>vero</strong></span> <span class='ocrx_word' id='word_1_108' title='bbox 2883 1176 2943 1232; x_wconf 91' lang='lat' dir='ltr'><strong>in</strong></span> <span class='ocrx_word' id='word_1_109' title='bbox 2992 1191 3056 1233; x_wconf 91' lang='lat' dir='ltr'><strong>eo</strong></span> <span class='ocrx_word' id='word_1_110' title='bbox 3088 1175 3232 1232; x_wconf 89' lang='lat' dir='ltr'><strong>libro</strong></span> <span class='ocrx_word' id='word_1_111' title='bbox 3273 1190 3441 1248; x_wconf 86' lang='lat' dir='ltr'><strong>quem</strong></span> <span class='ocrx_word' id='word_1_112' title='bbox 3480 1175 3809 1247; x_wconf 84' lang='lat' dir='ltr'><strong>imperatori</strong></span> 
     </span>
    </p>
   </div>
   <div class='ocr_carea' id='block_1_17' title="bbox 389 1257 2646 1333">
    <p class='ocr_par' dir='ltr' id='par_1_17' title="bbox 389 1257 2646 1333">
     <span class='ocr_line' id='line_1_17' title="bbox 389 1257 2646 1333; baseline -0.002 -16"><span class='ocrx_word' id='word_1_113' title='bbox 389 1263 767 1333; x_wconf 82' lang='lat' dir='ltr'><strong>nuncupavit,</strong></span> <span class='ocrx_word' id='word_1_114' title='bbox 803 1261 935 1317; x_wconf 88' lang='lat' dir='ltr'><strong>talia</strong></span> <span class='ocrx_word' id='word_1_115' title='bbox 965 1262 1226 1333; x_wconf 67' lang='lat' dir='ltr'><strong>quaedam</strong></span> <span class='ocrx_word' id='word_1_116' title='bbox 1256 1261 1523 1318; x_wconf 82' lang='lat' dir='ltr'><strong>adversus</strong></span> <span class='ocrx_word' id='word_1_117' title='bbox 1557 1274 1663 1315; x_wconf 89' lang='lat' dir='ltr'><strong>nos</strong></span> <span class='ocrx_word' id='word_1_118' title='bbox 1694 1257 1799 1314; x_wconf 90' lang='lat' dir='ltr'><strong>sub</strong></span> <span class='ocrx_word' id='word_1_119' title='bbox 1830 1257 1930 1315; x_wconf 91' lang='lat' dir='ltr'><strong>illo</strong></span> <span class='ocrx_word' id='word_1_120' title='bbox 1963 1258 2110 1315; x_wconf 80' lang='lat' dir='ltr'><strong>facta</strong></span> <span class='ocrx_word' id='word_1_121' title='bbox 2138 1275 2260 1317; x_wconf 91' lang='lat' dir='ltr'><strong>esse</strong></span> <span class='ocrx_word' id='word_1_122' title='bbox 2291 1270 2582 1321; x_wconf 87' lang='lat' dir='ltr'><strong>memorat.</strong></span> <span class='ocrx_word' id='word_1_123' title='bbox 2617 1286 2646 1314; x_wconf 88' lang='grc'><strong>››</strong></span> 
     </span>
    </p>
   </div>
   <div class='ocr_carea' id='block_1_18' title="bbox 467 1389 2049 1473">
    <p class='ocr_par' dir='ltr' id='par_1_18' title="bbox 467 1389 2049 1473">
     <span class='ocr_line' id='line_1_18' title="bbox 467 1389 2049 1473; baseline -0.005 -18"><span class='ocrx_word' id='word_1_124' title='bbox 467 1398 545 1455; x_wconf 85' lang='grc' dir='ltr'>Τὸ</span> <span class='ocrx_word' id='word_1_125' title='bbox 574 1397 677 1473; x_wconf 76' lang='grc' dir='ltr'><strong>γὰρ</strong></span> <span class='ocrx_word' id='word_1_126' title='bbox 719 1394 1071 1452; x_wconf 79' lang='grc' dir='ltr'>οὐδεπώποτε</span> <span class='ocrx_word' id='word_1_127' title='bbox 1117 1399 1231 1471; x_wconf 83' lang='grc'>(62)</span> <span class='ocrx_word' id='word_1_128' title='bbox 1290 1397 1599 1472; x_wconf 78' lang='grc' dir='ltr'>γενόμενον,</span> <span class='ocrx_word' id='word_1_129' title='bbox 1646 1397 1735 1448; x_wconf 70' lang='grc' dir='ltr'><strong>νῦν</strong></span> <span class='ocrx_word' id='word_1_130' title='bbox 1795 1389 2049 1448; x_wconf 87' lang='grc' dir='ltr'>διώκεται</span> 
     </span>
    </p>
   </div>
   <div class='ocr_carea' id='block_1_19' title="bbox 386 1480 2042 1560">
    <p class='ocr_par' dir='ltr' id='par_1_19' title="bbox 386 1480 2042 1560">
     <span class='ocr_line' id='line_1_19' title="bbox 386 1480 2042 1560; baseline -0.004 -18"><span class='ocrx_word' id='word_1_131' title='bbox 386 1487 450 1543; x_wconf 84' lang='grc' dir='ltr'><strong>τὸ</strong></span> <span class='ocrx_word' id='word_1_132' title='bbox 482 1490 590 1542; x_wconf 81' lang='grc' dir='ltr'><strong>τῶν</strong></span> <span class='ocrx_word' id='word_1_133' title='bbox 624 1481 889 1540; x_wconf 75' lang='grc' dir='ltr'>θεοσεϐὦν</span> <span class='ocrx_word' id='word_1_134' title='bbox 920 1486 1095 1560; x_wconf 67' lang='grc' dir='ltr'>γένος,</span> <span class='ocrx_word' id='word_1_135' title='bbox 1153 1489 1362 1547; x_wconf 87' lang='grc' dir='ltr'>καινοῖς</span> <span class='ocrx_word' id='word_1_136' title='bbox 1421 1482 1778 1556; x_wconf 70' lang='grc' dir='ltr'>ἐλαυνόμενον</span> <span class='ocrx_word' id='word_1_137' title='bbox 1834 1480 2042 1557; x_wconf 83' lang='grc' dir='ltr'>δόγμα-</span> 
     </span>
    </p>
   </div>
   <div class='ocr_carea' id='block_1_20' title="bbox 385 1570 2040 1650">
    <p class='ocr_par' dir='ltr' id='par_1_20' title="bbox 385 1570 2040 1650">
     <span class='ocr_line' id='line_1_20' title="bbox 385 1570 2040 1650; baseline -0.002 -20"><span class='ocrx_word' id='word_1_138' title='bbox 385 1595 438 1630; x_wconf 75' lang='grc' dir='ltr'><strong>σι</strong></span> <span class='ocrx_word' id='word_1_139' title='bbox 471 1576 585 1650; x_wconf 83' lang='grc'>(63)</span> <span class='ocrx_word' id='word_1_140' title='bbox 617 1574 753 1630; x_wconf 85' lang='grc' dir='ltr'>κατὰ</span> <span class='ocrx_word' id='word_1_141' title='bbox 773 1575 874 1643; x_wconf 76' lang='grc' dir='ltr'><strong>τὴν</strong></span> <span class='ocrx_word' id='word_1_142' title='bbox 907 1572 1091 1629; x_wconf 75' lang='grc' dir='ltr'>Ἀσίαν</span> <span class='ocrx_word' id='word_1_143' title='bbox 1112 1576 1248 1648; x_wconf 80' lang='grc'>(64).</span> <span class='ocrx_word' id='word_1_144' title='bbox 1278 1574 1345 1631; x_wconf 82' lang='grc' dir='ltr'><strong>Οἱ</strong></span> <span class='ocrx_word' id='word_1_145' title='bbox 1375 1573 1477 1650; x_wconf 75' lang='grc' dir='ltr'>γὰρ</span> <span class='ocrx_word' id='word_1_146' title='bbox 1511 1570 1749 1635; x_wconf 78' lang='grc' dir='ltr'>ἀναιδεῖς</span> <span class='ocrx_word' id='word_1_147' title='bbox 1779 1572 2040 1649; x_wconf 72' lang='grc' dir='ltr'>συκοφάν-</span> 
     </span>
    </p>
   </div>
   <div class='ocr_carea' id='block_1_21' title="bbox 380 1659 2042 1740">
    <p class='ocr_par' dir='ltr' id='par_1_21' title="bbox 380 1659 2042 1740">
     <span class='ocr_line' id='line_1_21' title="bbox 380 1659 2042 1740; baseline -0.002 -20"><span class='ocrx_word' id='word_1_148' title='bbox 380 1684 468 1720; x_wconf 85' lang='grc' dir='ltr'><strong>ται</strong></span> <span class='ocrx_word' id='word_1_149' title='bbox 500 1662 726 1719; x_wconf 76' lang='grc' dir='ltr'><strong>καίτῶν</strong></span> <span class='ocrx_word' id='word_1_150' title='bbox 772 1661 1087 1740; x_wconf 81' lang='grc' dir='ltr'><strong>ἀλλοτρίων</strong></span> <span class='ocrx_word' id='word_1_151' title='bbox 1146 1663 1362 1738; x_wconf 80' lang='grc' dir='ltr'>ἐρασταὶ</span> <span class='ocrx_word' id='word_1_152' title='bbox 1419 1664 1519 1733; x_wconf 76' lang='grc' dir='ltr'>τὴν</span> <span class='ocrx_word' id='word_1_153' title='bbox 1579 1659 1639 1717; x_wconf 83' lang='grc' dir='ltr'>ἐκ</span> <span class='ocrx_word' id='word_1_154' title='bbox 1688 1666 1794 1717; x_wconf 83' lang='grc' dir='ltr'><strong>τῶν</strong></span> <span class='ocrx_word' id='word_1_155' title='bbox 1854 1659 2042 1716; x_wconf 88' lang='grc' dir='ltr'>διατα-</span> 
     </span>
    </p>
   </div>
   <div class='ocr_carea' id='block_1_22' title="bbox 383 1747 2039 1833">
    <p class='ocr_par' dir='ltr' id='par_1_22' title="bbox 383 1747 2039 1833">
     <span class='ocr_line' id='line_1_22' title="bbox 383 1747 2039 1833; baseline -0.003 -24"><span class='ocrx_word' id='word_1_156' title='bbox 383 1754 612 1829; x_wconf 84' lang='grc' dir='ltr'>γμάτων</span> <span class='ocrx_word' id='word_1_157' title='bbox 693 1747 912 1828; x_wconf 79' lang='grc' dir='ltr'>ἔχοντες</span> <span class='ocrx_word' id='word_1_158' title='bbox 1008 1752 1290 1833; x_wconf 72' lang='grc' dir='ltr'>ἀφορμὴν,</span> <span class='ocrx_word' id='word_1_159' title='bbox 1367 1756 1606 1830; x_wconf 75' lang='grc' dir='ltr'><strong>φανερῶς</strong></span> <span class='ocrx_word' id='word_1_160' title='bbox 1689 1748 2039 1826; x_wconf 74' lang='grc' dir='ltr'>λῃστεύουσι,</span> 
     </span>
    </p>
   </div>
   <div class='ocr_carea' id='block_1_23' title="bbox 375 1836 2034 1918">
    <p class='ocr_par' dir='ltr' id='par_1_23' title="bbox 375 1836 2034 1918">
     <span class='ocr_line' id='line_1_23' title="bbox 375 1836 2034 1918; baseline -0.003 -20"><span class='ocrx_word' id='word_1_161' title='bbox 375 1842 591 1918; x_wconf 78' lang='grc' dir='ltr'><strong>νύκτωρ</strong></span> <span class='ocrx_word' id='word_1_162' title='bbox 612 1842 700 1897; x_wconf 85' lang='grc' dir='ltr'><strong>καὶ</strong></span> <span class='ocrx_word' id='word_1_163' title='bbox 741 1841 1053 1916; x_wconf 80' lang='grc' dir='ltr'>μεθημέραν</span> <span class='ocrx_word' id='word_1_164' title='bbox 1079 1838 1467 1917; x_wconf 72' lang='grc' dir='ltr'><strong>διαρπάζοντες</strong></span> <span class='ocrx_word' id='word_1_165' title='bbox 1514 1843 1625 1915; x_wconf 86' lang='grc'>(65)</span> <span class='ocrx_word' id='word_1_166' title='bbox 1681 1840 1810 1903; x_wconf 76' lang='grc' dir='ltr'>τοὺς</span> <span class='ocrx_word' id='word_1_167' title='bbox 1868 1836 2034 1914; x_wconf 69' lang='grc' dir='ltr'>μηδὲν</span> 
     </span>
    </p>
   </div>
   <div class='ocr_carea' id='block_1_24' title="bbox 380 1929 731 1995">
    <p class='ocr_par' dir='ltr' id='par_1_24' title="bbox 380 1929 731 1995">
     <span class='ocr_line' id='line_1_24' title="bbox 380 1929 731 1995; baseline 0.009 -8"><span class='ocrx_word' id='word_1_168' title='bbox 380 1929 731 1995; x_wconf 79' lang='grc' dir='ltr'>ἀδικοῦντας.</span> 
     </span>
    </p>
   </div>
   <div class='ocr_carea' id='block_1_25' title="bbox 2231 1381 3805 1457">
    <p class='ocr_par' dir='ltr' id='par_1_25' title="bbox 2231 1381 3805 1457">
     <span class='ocr_line' id='line_1_25' title="bbox 2231 1381 3805 1457; baseline 0.004 -21"><span class='ocrx_word' id='word_1_169' title='bbox 2231 1381 2386 1445; x_wconf 88' lang='lat' dir='ltr'><strong>Quod</strong></span> <span class='ocrx_word' id='word_1_170' title='bbox 2422 1382 2574 1439; x_wconf 89' lang='lat' dir='ltr'><strong>enim</strong></span> <span class='ocrx_word' id='word_1_171' title='bbox 2600 1400 2891 1457; x_wconf 77' lang='lat' dir='ltr'><strong>nunquam</strong></span> <span class='ocrx_word' id='word_1_172' title='bbox 2924 1390 3089 1442; x_wconf 84' lang='lat' dir='ltr'><strong>antea</strong></span> <span class='ocrx_word' id='word_1_173' title='bbox 3117 1385 3326 1442; x_wconf 83' lang='lat' dir='ltr'><strong>factum</strong></span> <span class='ocrx_word' id='word_1_174' title='bbox 3359 1385 3559 1451; x_wconf 79' lang='lat' dir='ltr'><strong>fuerat,</strong></span> <span class='ocrx_word' id='word_1_175' title='bbox 3615 1400 3805 1457; x_wconf 88' lang='lat' dir='ltr'><strong>persc-</strong></span> 
     </span>
    </p>
   </div>
   <div class='ocr_carea' id='block_1_26' title="bbox 2153 1471 3804 1546">
    <p class='ocr_par' dir='ltr' id='par_1_26' title="bbox 2153 1471 3804 1546">
     <span class='ocr_line' id='line_1_26' title="bbox 2153 1471 3804 1546; baseline 0.002 -19"><span class='ocrx_word' id='word_1_176' title='bbox 2153 1471 2441 1528; x_wconf 91' lang='lat' dir='ltr'><strong>cutionem</strong></span> <span class='ocrx_word' id='word_1_177' title='bbox 2473 1489 2633 1529; x_wconf 90' lang='lat' dir='ltr'><strong>nunc</strong></span> <span class='ocrx_word' id='word_1_178' title='bbox 2665 1474 2874 1544; x_wconf 88' lang='lat' dir='ltr'><strong>patitur</strong></span> <span class='ocrx_word' id='word_1_179' title='bbox 2904 1475 3127 1546; x_wconf 89' lang='lat' dir='ltr'><strong>piorum</strong></span> <span class='ocrx_word' id='word_1_180' title='bbox 3160 1474 3459 1530; x_wconf 85' lang='lat' dir='ltr'><strong>hominum</strong></span> <span class='ocrx_word' id='word_1_181' title='bbox 3483 1489 3804 1544; x_wconf 82' lang='lat' dir='ltr'><strong>genus,no-</strong></span> 
     </span>
    </p>
   </div>
   <div class='ocr_carea' id='block_1_27' title="bbox 2154 1559 3806 1634">
    <p class='ocr_par' dir='ltr' id='par_1_27' title="bbox 2154 1559 3806 1634">
     <span class='ocr_line' id='line_1_27' title="bbox 2154 1559 3806 1634; baseline 0.003 -20"><span class='ocrx_word' id='word_1_182' title='bbox 2154 1559 2234 1614; x_wconf 86' lang='lat' dir='ltr'><strong>vis</strong></span> <span class='ocrx_word' id='word_1_183' title='bbox 2266 1578 2363 1631; x_wconf 88' lang='lat' dir='ltr'><strong>per</strong></span> <span class='ocrx_word' id='word_1_184' title='bbox 2410 1562 2600 1618; x_wconf 82' lang='lat' dir='ltr'><strong>Asiam</strong></span> <span class='ocrx_word' id='word_1_185' title='bbox 2630 1564 2870 1620; x_wconf 86' lang='lat' dir='ltr'><strong>decretis</strong></span> <span class='ocrx_word' id='word_1_186' title='bbox 2901 1565 3264 1634; x_wconf 76' lang='lat' dir='ltr'><strong>exagitatum.</strong></span> <span class='ocrx_word' id='word_1_187' title='bbox 3317 1564 3806 1634; x_wconf 86' lang='lat' dir='ltr'><strong>Impudentissimi</strong></span> 
     </span>
    </p>
   </div>
   <div class='ocr_carea' id='block_1_28' title="bbox 2151 1654 3805 1724">
    <p class='ocr_par' dir='ltr' id='par_1_28' title="bbox 2151 1654 3805 1724">
     <span class='ocr_line' id='line_1_28' title="bbox 2151 1654 3805 1724; baseline 0.002 -18"><span class='ocrx_word' id='word_1_188' title='bbox 2151 1666 2400 1724; x_wconf 82' lang='lat' dir='ltr'><strong>namque</strong></span> <span class='ocrx_word' id='word_1_189' title='bbox 2431 1654 2706 1711; x_wconf 75' lang='lat' dir='ltr'><strong>delatores</strong></span> <span class='ocrx_word' id='word_1_190' title='bbox 2771 1662 2825 1711; x_wconf 89' lang='lat' dir='ltr'><strong>et</strong></span> <span class='ocrx_word' id='word_1_191' title='bbox 2873 1655 3187 1711; x_wconf 85' lang='lat' dir='ltr'><strong>alienarum</strong></span> <span class='ocrx_word' id='word_1_192' title='bbox 3244 1670 3414 1724; x_wconf 90' lang='lat' dir='ltr'><strong>opum</strong></span> <span class='ocrx_word' id='word_1_193' title='bbox 3463 1654 3675 1724; x_wconf 90' lang='lat' dir='ltr'><strong>cupidi,</strong></span> <span class='ocrx_word' id='word_1_194' title='bbox 3734 1670 3805 1710; x_wconf 83' lang='lat' dir='ltr'><strong>ex</strong></span> 
     </span>
    </p>
   </div>
   <div class='ocr_carea' id='block_1_29' title="bbox 2150 1740 3796 1815">
    <p class='ocr_par' dir='ltr' id='par_1_29' title="bbox 2150 1740 3796 1815">
     <span class='ocr_line' id='line_1_29' title="bbox 2150 1740 3796 1815; baseline 0.002 -20"><span class='ocrx_word' id='word_1_195' title='bbox 2150 1740 2320 1798; x_wconf 89' lang='lat' dir='ltr'><strong>editis</strong></span> <span class='ocrx_word' id='word_1_196' title='bbox 2352 1745 2709 1800; x_wconf 87' lang='lat' dir='ltr'><strong>occasionem</strong></span> <span class='ocrx_word' id='word_1_197' title='bbox 2745 1745 2918 1814; x_wconf 89' lang='lat' dir='ltr'><strong>nacti,</strong></span> <span class='ocrx_word' id='word_1_198' title='bbox 2951 1743 3137 1815; x_wconf 83' lang='lat' dir='ltr'><strong>palam</strong></span> <span class='ocrx_word' id='word_1_199' title='bbox 3169 1744 3267 1799; x_wconf 89' lang='lat' dir='ltr'><strong>diu</strong></span> <span class='ocrx_word' id='word_1_200' title='bbox 3327 1753 3612 1815; x_wconf 87' lang='lat' dir='ltr'><strong>noctuque</strong></span> <span class='ocrx_word' id='word_1_201' title='bbox 3641 1759 3796 1814; x_wconf 84' lang='lat' dir='ltr'><strong>gras-</strong></span> 
     </span>
    </p>
   </div>
   <div class='ocr_carea' id='block_1_30' title="bbox 2150 1832 3335 1905">
    <p class='ocr_par' dir='ltr' id='par_1_30' title="bbox 2150 1832 3335 1905">
     <span class='ocr_line' id='line_1_30' title="bbox 2150 1832 3335 1905; baseline 0.003 -18"><span class='ocrx_word' id='word_1_202' title='bbox 2150 1835 2346 1889; x_wconf 88' lang='lat' dir='ltr'><strong>santur</strong></span> <span class='ocrx_word' id='word_1_203' title='bbox 2371 1832 2729 1905; x_wconf 77' lang='lat' dir='ltr'><strong>Spoliantquc</strong></span> <span class='ocrx_word' id='word_1_204' title='bbox 2762 1832 3018 1890; x_wconf 87' lang='lat' dir='ltr'><strong>homines</strong></span> <span class='ocrx_word' id='word_1_205' title='bbox 3048 1833 3335 1891; x_wconf 87' lang='lat' dir='ltr'><strong>innoxios.</strong></span> 
     </span>
    </p>
   </div>
   <div class='ocr_carea' id='block_1_31' title="bbox 1770 2025 2396 2104">
    <p class='ocr_par' dir='ltr' id='par_1_31' title="bbox 1770 2025 2396 2104">
     <span class='ocr_line' id='line_1_31' title="bbox 1770 2025 2396 2104; baseline -0.01 -18"><span class='ocrx_word' id='word_1_206' title='bbox 1770 2029 1869 2085; x_wconf 86' lang='grc' dir='ltr'>Καὶ</span> <span class='ocrx_word' id='word_1_207' title='bbox 1912 2030 2029 2104; x_wconf 83' lang='grc' dir='ltr'>μεθ’</span> <span class='ocrx_word' id='word_1_208' title='bbox 2056 2025 2212 2104; x_wconf 59' lang='grc' dir='ltr'>ἕτερα</span> <span class='ocrx_word' id='word_1_209' title='bbox 2242 2026 2396 2104; x_wconf 83' lang='grc' dir='ltr'>φησί’</span> 
     </span>
    </p>
   </div>
   <div class='ocr_carea' id='block_1_32' title="bbox 450 2126 2027 2205">
    <p class='ocr_par' dir='ltr' id='par_1_32' title="bbox 450 2126 2027 2205">
     <span class='ocr_line' id='line_1_32' title="bbox 450 2126 2027 2205; baseline -0.003 -16"><span class='ocrx_word' id='word_1_210' title='bbox 450 2130 552 2189; x_wconf 83' lang='grc' dir='ltr'>Καὶ</span> <span class='ocrx_word' id='word_1_211' title='bbox 583 2130 629 2187; x_wconf 77' lang='grc' dir='ltr'><strong>εἰ</strong></span> <span class='ocrx_word' id='word_1_212' title='bbox 662 2130 757 2205; x_wconf 81' lang='grc' dir='ltr'><strong>μὲν</strong></span> <span class='ocrx_word' id='word_1_213' title='bbox 809 2133 907 2186; x_wconf 83' lang='grc' dir='ltr'>σοῦ</span> <span class='ocrx_word' id='word_1_214' title='bbox 953 2126 1310 2193; x_wconf 81' lang='grc' dir='ltr'>κελεύσαντος</span> <span class='ocrx_word' id='word_1_215' title='bbox 1368 2131 1481 2205; x_wconf 83' lang='grc'>(66)</span> <span class='ocrx_word' id='word_1_216' title='bbox 1518 2132 1686 2185; x_wconf 74' lang='grc' dir='ltr'>ταῦτα</span> <span class='ocrx_word' id='word_1_217' title='bbox 1716 2128 2027 2205; x_wconf 80' lang='grc' dir='ltr'>πράττεται,</span> 
     </span>
    </p>
   </div>
   <div class='ocr_carea' id='block_1_33' title="bbox 373 2218 2026 2297">
    <p class='ocr_par' dir='ltr' id='par_1_33' title="bbox 373 2218 2026 2297">
     <span class='ocr_line' id='line_1_33' title="bbox 373 2218 2026 2297; baseline -0.002 -19"><span class='ocrx_word' id='word_1_218' title='bbox 373 2221 516 2278; x_wconf 85' lang='grc' dir='ltr'>ἓστω</span> <span class='ocrx_word' id='word_1_219' title='bbox 545 2219 731 2285; x_wconf 82' lang='grc' dir='ltr'>καλῶς</span> <span class='ocrx_word' id='word_1_220' title='bbox 758 2220 1075 2297; x_wconf 86' lang='grc' dir='ltr'>γενόμενον.</span> <span class='ocrx_word' id='word_1_221' title='bbox 1110 2220 1325 2282; x_wconf 78' lang='grc' dir='ltr'>Δίκαιος</span> <span class='ocrx_word' id='word_1_222' title='bbox 1356 2221 1460 2297; x_wconf 82' lang='grc' dir='ltr'><strong>γὰρ</strong></span> <span class='ocrx_word' id='word_1_223' title='bbox 1507 2219 1762 2296; x_wconf 83' lang='grc' dir='ltr'>βασιλεὺς</span> <span class='ocrx_word' id='word_1_224' title='bbox 1812 2219 1912 2277; x_wconf 76' lang='grc' dir='ltr'><strong>οὐκ</strong></span> <span class='ocrx_word' id='word_1_225' title='bbox 1966 2218 2026 2274; x_wconf 70' lang='grc' dir='ltr'><strong>ἄν</strong></span> 
     </span>
    </p>
   </div>
   <div class='ocr_carea' id='block_1_34' title="bbox 378 2306 2033 2389">
    <p class='ocr_par' dir='ltr' id='par_1_34' title="bbox 378 2306 2033 2389">
     <span class='ocr_line' id='line_1_34' title="bbox 378 2306 2033 2389; baseline -0.003 -21"><span class='ocrx_word' id='word_1_226' title='bbox 378 2309 584 2374; x_wconf 80' lang='grc' dir='ltr'>ἀδίκως</span> <span class='ocrx_word' id='word_1_227' title='bbox 617 2309 974 2386; x_wconf 72' lang='grc' dir='ltr'>βουλεύσαιτο</span> <span class='ocrx_word' id='word_1_228' title='bbox 1005 2310 1249 2367; x_wconf 87' lang='grc' dir='ltr'>πώποτε·</span> <span class='ocrx_word' id='word_1_229' title='bbox 1285 2311 1375 2365; x_wconf 85' lang='grc' dir='ltr'><strong>καὶ</strong></span> <span class='ocrx_word' id='word_1_230' title='bbox 1431 2311 1597 2383; x_wconf 73' lang='grc' dir='ltr'>ἡμεῖς</span> <span class='ocrx_word' id='word_1_231' title='bbox 1655 2306 1834 2380; x_wconf 70' lang='grc' dir='ltr'>ἡδέως</span> <span class='ocrx_word' id='word_1_232' title='bbox 1867 2307 2033 2389; x_wconf 71' lang='grc' dir='ltr'>φερο-</span> 
     </span>
    </p>
   </div>
   <div class='ocr_carea' id='block_1_35' title="bbox 385 2395 2032 2475">
    <p class='ocr_par' dir='ltr' id='par_1_35' title="bbox 385 2395 2032 2475">
     <span class='ocr_line' id='line_1_35' title="bbox 385 2395 2032 2475; baseline -0.002 -18"><span class='ocrx_word' id='word_1_233' title='bbox 385 2422 483 2475; x_wconf 85' lang='grc' dir='ltr'><strong>μεν</strong></span> <span class='ocrx_word' id='word_1_234' title='bbox 538 2405 637 2456; x_wconf 80' lang='grc' dir='ltr'><strong>τοῦ</strong></span> <span class='ocrx_word' id='word_1_235' title='bbox 693 2399 949 2456; x_wconf 83' lang='grc' dir='ltr'>τοιούτου</span> <span class='ocrx_word' id='word_1_236' title='bbox 1010 2398 1240 2455; x_wconf 74' lang='grc' dir='ltr'>Θανάτου</span> <span class='ocrx_word' id='word_1_237' title='bbox 1279 2397 1341 2453; x_wconf 92' lang='grc' dir='ltr'>τὸ</span> <span class='ocrx_word' id='word_1_238' title='bbox 1398 2398 1578 2475; x_wconf 82' lang='grc' dir='ltr'>γέρας.</span> <span class='ocrx_word' id='word_1_239' title='bbox 1612 2399 1825 2469; x_wconf 77' lang='grc' dir='ltr'>Ταύτην</span> <span class='ocrx_word' id='word_1_240' title='bbox 1860 2395 1917 2451; x_wconf 80' lang='grc' dir='ltr'><strong>δὲ.</strong></span> <span class='ocrx_word' id='word_1_241' title='bbox 1948 2418 2032 2453; x_wconf 91' lang='grc' dir='ltr'><strong>σοι</strong></span> 
     </span>
    </p>
   </div>
   <div class='ocr_carea' id='block_1_36' title="bbox 385 2485 2037 2567">
    <p class='ocr_par' dir='ltr' id='par_1_36' title="bbox 385 2485 2037 2567">
     <span class='ocr_line' id='line_1_36' title="bbox 385 2485 2037 2567; baseline -0.002 -22"><span class='ocrx_word' id='word_1_242' title='bbox 385 2488 555 2563; x_wconf 85' lang='grc' dir='ltr'>μόνην</span> <span class='ocrx_word' id='word_1_243' title='bbox 575 2490 956 2567; x_wconf 75' lang='grc' dir='ltr'>προσφέρομεν</span> <span class='ocrx_word' id='word_1_244' title='bbox 1014 2486 1222 2558; x_wconf 72' lang='grc' dir='ltr'>δέησιν,</span> <span class='ocrx_word' id='word_1_245' title='bbox 1270 2486 1361 2542; x_wconf 74' lang='grc' dir='ltr'>’ἱνα</span> <span class='ocrx_word' id='word_1_246' title='bbox 1416 2487 1577 2550; x_wconf 78' lang='grc' dir='ltr'>αὐτὸς</span> <span class='ocrx_word' id='word_1_247' title='bbox 1616 2488 1881 2563; x_wconf 83' lang='grc' dir='ltr'>πρότερον</span> <span class='ocrx_word' id='word_1_248' title='bbox 1913 2485 2037 2542; x_wconf 80' lang='grc' dir='ltr'>ἐπι-</span> 
     </span>
    </p>
   </div>
   <div class='ocr_carea' id='block_1_37' title="bbox 382 2576 2034 2656">
    <p class='ocr_par' dir='ltr' id='par_1_37' title="bbox 382 2576 2034 2656">
     <span class='ocr_line' id='line_1_37' title="bbox 382 2576 2034 2656; baseline -0.001 -22"><span class='ocrx_word' id='word_1_249' title='bbox 382 2578 543 2656; x_wconf 76' lang='grc' dir='ltr'>γνοὺς</span> <span class='ocrx_word' id='word_1_250' title='bbox 600 2578 728 2643; x_wconf 78' lang='grc' dir='ltr'>τοὺς</span> <span class='ocrx_word' id='word_1_251' title='bbox 787 2585 889 2648; x_wconf 82' lang='grc' dir='ltr'><strong>τῆς</strong></span> <span class='ocrx_word' id='word_1_252' title='bbox 946 2578 1208 2648; x_wconf 81' lang='grc' dir='ltr'>τοιαύτης</span> <span class='ocrx_word' id='word_1_253' title='bbox 1257 2576 1593 2655; x_wconf 67' lang='grc' dir='ltr'>φιλονεικίας</span> <span class='ocrx_word' id='word_1_254' title='bbox 1654 2577 1883 2655; x_wconf 79' lang='grc' dir='ltr'>ἐργάτας</span> <span class='ocrx_word' id='word_1_255' title='bbox 1911 2580 2034 2652; x_wconf 84' lang='grc'>(67)</span> 
     </span>
    </p>
   </div>
   <div class='ocr_carea' id='block_1_38' title="bbox 384 2665 2038 2746">
    <p class='ocr_par' dir='ltr' id='par_1_38' title="bbox 384 2665 2038 2746">
     <span class='ocr_line' id='line_1_38' title="bbox 384 2665 2038 2746; baseline -0.001 -23"><span class='ocrx_word' id='word_1_256' title='bbox 384 2665 607 2732; x_wconf 82' lang='grc' dir='ltr'>δικαίως</span> <span class='ocrx_word' id='word_1_257' title='bbox 636 2668 869 2746; x_wconf 84' lang='grc' dir='ltr'>κρίνειας</span> <span class='ocrx_word' id='word_1_258' title='bbox 923 2670 1058 2741; x_wconf 85' lang='grc'>(68),</span> <span class='ocrx_word' id='word_1_259' title='bbox 1127 2667 1173 2722; x_wconf 74' lang='grc' dir='ltr'><strong>εἰ</strong></span> <span class='ocrx_word' id='word_1_260' title='bbox 1231 2666 1371 2740; x_wconf 78' lang='grc' dir='ltr'>ἃξιοι</span> <span class='ocrx_word' id='word_1_261' title='bbox 1438 2669 1667 2722; x_wconf 79' lang='grc' dir='ltr'>θανάτου</span> <span class='ocrx_word' id='word_1_262' title='bbox 1722 2667 1813 2722; x_wconf 82' lang='grc' dir='ltr'><strong>καὶ</strong></span> <span class='ocrx_word' id='word_1_263' title='bbox 1865 2688 2038 2740; x_wconf 86' lang='grc' dir='ltr'>τιμω-</span> 
     </span>
    </p>
   </div>
   <div class='ocr_carea' id='block_1_39' title="bbox 385 2752 2039 2833">
    <p class='ocr_par' dir='ltr' id='par_1_39' title="bbox 385 2752 2039 2833">
     <span class='ocr_line' id='line_1_39' title="bbox 385 2752 2039 2833; baseline -0.001 -21"><span class='ocrx_word' id='word_1_264' title='bbox 385 2757 522 2833; x_wconf 73' lang='grc' dir='ltr'>ρίας,</span> <span class='ocrx_word' id='word_1_265' title='bbox 547 2756 584 2828; x_wconf 79' lang='grc' dir='ltr'>ἤ</span> <span class='ocrx_word' id='word_1_266' title='bbox 619 2757 894 2833; x_wconf 74' lang='grc' dir='ltr'>σωτηρίας</span> <span class='ocrx_word' id='word_1_267' title='bbox 925 2759 1017 2813; x_wconf 86' lang='grc' dir='ltr'><strong>καὶ</strong></span> <span class='ocrx_word' id='word_1_268' title='bbox 1050 2756 1287 2832; x_wconf 79' lang='grc' dir='ltr'>ἡσυχίας</span> <span class='ocrx_word' id='word_1_269' title='bbox 1322 2755 1479 2814; x_wconf 77' lang='grc' dir='ltr'>εἰσίν.</span> <span class='ocrx_word' id='word_1_270' title='bbox 1512 2755 1578 2812; x_wconf 79' lang='grc' dir='ltr'><strong>Εἴ</strong></span> <span class='ocrx_word' id='word_1_271' title='bbox 1628 2752 1686 2811; x_wconf 73' lang='grc' dir='ltr'>δὲ</span> <span class='ocrx_word' id='word_1_272' title='bbox 1749 2754 1840 2812; x_wconf 76' lang='grc' dir='ltr'>καί</span> <span class='ocrx_word' id='word_1_273' title='bbox 1890 2757 2039 2831; x_wconf 83' lang='grc' dir='ltr'><strong>παρά</strong></span> 
     </span>
    </p>
   </div>
   <div class='ocr_carea' id='block_1_40' title="bbox 385 2844 2038 2923">
    <p class='ocr_par' dir='ltr' id='par_1_40' title="bbox 385 2844 2038 2923">
     <span class='ocr_line' id='line_1_40' title="bbox 385 2844 2038 2923; baseline -0.002 -20"><span class='ocrx_word' id='word_1_274' title='bbox 385 2852 482 2903; x_wconf 82' lang='grc' dir='ltr'><strong>σοῦ</strong></span> <span class='ocrx_word' id='word_1_275' title='bbox 519 2849 592 2922; x_wconf 78' lang='grc' dir='ltr'><strong>μὴ</strong></span> <span class='ocrx_word' id='word_1_276' title='bbox 628 2848 714 2918; x_wconf 82' lang='grc' dir='ltr'>εἲη</span> <span class='ocrx_word' id='word_1_277' title='bbox 747 2849 782 2916; x_wconf 79' lang='grc' dir='ltr'><strong>ἡ</strong></span> <span class='ocrx_word' id='word_1_278' title='bbox 820 2844 997 2923; x_wconf 86' lang='grc' dir='ltr'>βουλή</span> <span class='ocrx_word' id='word_1_279' title='bbox 1032 2848 1144 2920; x_wconf 80' lang='grc'>(69)</span> <span class='ocrx_word' id='word_1_280' title='bbox 1176 2847 1311 2916; x_wconf 73' lang='grc' dir='ltr'>αὕτη</span> <span class='ocrx_word' id='word_1_281' title='bbox 1374 2846 1463 2900; x_wconf 89' lang='grc' dir='ltr'><strong>καὶ</strong></span> <span class='ocrx_word' id='word_1_282' title='bbox 1520 2846 1583 2900; x_wconf 85' lang='grc' dir='ltr'>τὸ</span> <span class='ocrx_word' id='word_1_283' title='bbox 1643 2845 1827 2901; x_wconf 80' lang='grc' dir='ltr'>καινὸν</span> <span class='ocrx_word' id='word_1_284' title='bbox 1876 2849 2038 2901; x_wconf 80' lang='grc' dir='ltr'>τοῦτο</span> 
     </span>
    </p>
   </div>
   <div class='ocr_carea' id='block_1_41' title="bbox 387 2930 2034 3014">
    <p class='ocr_par' dir='ltr' id='par_1_41' title="bbox 387 2930 2034 3014">
     <span class='ocr_line' id='line_1_41' title="bbox 387 2930 2034 3014; baseline -0.001 -22"><span class='ocrx_word' id='word_1_285' title='bbox 387 2935 681 3014; x_wconf 83' lang='grc' dir='ltr'>διάταγμα·</span> <span class='ocrx_word' id='word_1_286' title='bbox 719 2936 749 2992; x_wconf 84' lang='grc' dir='ltr'>ὅ</span> <span class='ocrx_word' id='word_1_287' title='bbox 786 2933 927 3011; x_wconf 75' lang='grc' dir='ltr'>μηδὲ</span> <span class='ocrx_word' id='word_1_288' title='bbox 955 2937 1092 2992; x_wconf 77' lang='grc' dir='ltr'>κατὰ</span> <span class='ocrx_word' id='word_1_289' title='bbox 1134 2930 1425 3013; x_wconf 77' lang='grc' dir='ltr'>βαρϐάρων</span> <span class='ocrx_word' id='word_1_290' title='bbox 1480 2934 1673 3009; x_wconf 70' lang='grc' dir='ltr'>πρέπει</span> <span class='ocrx_word' id='word_1_291' title='bbox 1729 2935 2034 3006; x_wconf 87' lang='grc' dir='ltr'>πολεμίων·</span> 
     </span>
    </p>
   </div>
   <div class='ocr_carea' id='block_1_42' title="bbox 385 3022 2036 3102">
    <p class='ocr_par' dir='ltr' id='par_1_42' title="bbox 385 3022 2036 3102">
     <span class='ocr_line' id='line_1_42' title="bbox 385 3022 2036 3102; baseline -0.001 -20"><span class='ocrx_word' id='word_1_292' title='bbox 385 3026 529 3082; x_wconf 82' lang='grc' dir='ltr'>πολὺ</span> <span class='ocrx_word' id='word_1_293' title='bbox 591 3024 804 3100; x_wconf 83' lang='grc' dir='ltr'>μᾶλλον</span> <span class='ocrx_word' id='word_1_294' title='bbox 866 3022 1097 3099; x_wconf 76' lang='grc' dir='ltr'>δεόμεθά</span> <span class='ocrx_word' id='word_1_295' title='bbox 1136 3046 1256 3099; x_wconf 83' lang='grc' dir='ltr'>σου,</span> <span class='ocrx_word' id='word_1_296' title='bbox 1318 3027 1396 3099; x_wconf 85' lang='grc' dir='ltr'><strong>μὴ</strong></span> <span class='ocrx_word' id='word_1_297' title='bbox 1455 3022 1717 3102; x_wconf 84' lang='grc' dir='ltr'>περιϊδεῖν</span> <span class='ocrx_word' id='word_1_298' title='bbox 1781 3029 1927 3099; x_wconf 75' lang='grc' dir='ltr'>ἡμᾶς</span> <span class='ocrx_word' id='word_1_299' title='bbox 1985 3025 2036 3081; x_wconf 80' lang='grc' dir='ltr'>ἐν</span> 
     </span>
    </p>
   </div>
   <div class='ocr_carea' id='block_1_43' title="bbox 380 3112 1217 3191">
    <p class='ocr_par' dir='ltr' id='par_1_43' title="bbox 380 3112 1217 3191">
     <span class='ocr_line' id='line_1_43' title="bbox 380 3112 1217 3191; baseline 0.001 -20"><span class='ocrx_word' id='word_1_300' title='bbox 380 3115 610 3191; x_wconf 80' lang='grc' dir='ltr'>τοιαύτῃ</span> <span class='ocrx_word' id='word_1_301' title='bbox 644 3112 900 3189; x_wconf 84' lang='grc' dir='ltr'>δημώδει</span> <span class='ocrx_word' id='word_1_302' title='bbox 928 3113 1217 3187; x_wconf 81' lang='grc' dir='ltr'>λεηλασίᾳ.</span> 
     </span>
    </p>
   </div>
   <div class='ocr_carea' id='block_1_44' title="bbox 2208 2124 3786 2199">
    <p class='ocr_par' dir='ltr' id='par_1_44' title="bbox 2208 2124 3786 2199">
     <span class='ocr_line' id='line_1_44' title="bbox 2208 2124 3786 2199; baseline 0 -17"><span class='ocrx_word' id='word_1_303' title='bbox 2208 2128 2368 2192; x_wconf 88' lang='lat' dir='ltr'><strong>Quod</strong></span> <span class='ocrx_word' id='word_1_304' title='bbox 2409 2125 2459 2182; x_wconf 84' lang='lat' dir='ltr'><strong>si</strong></span> <span class='ocrx_word' id='word_1_305' title='bbox 2501 2125 2622 2184; x_wconf 78' lang='lat' dir='ltr'><strong>htec</strong></span> <span class='ocrx_word' id='word_1_306' title='bbox 2656 2132 2749 2184; x_wconf 91' lang='lat' dir='ltr'><strong>tuo</strong></span> <span class='ocrx_word' id='word_1_307' title='bbox 2771 2127 2937 2199; x_wconf 88' lang='lat' dir='ltr'><strong>jussu</strong></span> <span class='ocrx_word' id='word_1_308' title='bbox 2968 2126 3127 2196; x_wconf 85' lang='lat' dir='ltr'><strong>ﬁant,</strong></span> <span class='ocrx_word' id='word_1_309' title='bbox 3160 2132 3310 2183; x_wconf 85' lang='lat' dir='ltr'><strong>recte</strong></span> <span class='ocrx_word' id='word_1_310' title='bbox 3366 2127 3537 2196; x_wconf 87' lang='lat' dir='ltr'><strong>atque</strong></span> <span class='ocrx_word' id='word_1_311' title='bbox 3584 2124 3786 2182; x_wconf 84' lang='lat' dir='ltr'><strong>ordine</strong></span> 
     </span>
    </p>
   </div>
   <div class='ocr_carea' id='block_1_45' title="bbox 2140 2214 3801 2288">
    <p class='ocr_par' dir='ltr' id='par_1_45' title="bbox 2140 2214 3801 2288">
     <span class='ocr_line' id='line_1_45' title="bbox 2140 2214 3801 2288; baseline -0.002 -14"><span class='ocrx_word' id='word_1_312' title='bbox 2140 2218 2288 2274; x_wconf 85' lang='lat' dir='ltr'><strong>facta</strong></span> <span class='ocrx_word' id='word_1_313' title='bbox 2344 2224 2538 2275; x_wconf 91' lang='lat' dir='ltr'><strong>sunto.</strong></span> <span class='ocrx_word' id='word_1_314' title='bbox 2604 2217 2797 2288; x_wconf 86' lang='lat' dir='ltr'><strong>Neque</strong></span> <span class='ocrx_word' id='word_1_315' title='bbox 2854 2232 3007 2275; x_wconf 81' lang='lat' dir='ltr'><strong>enim</strong></span> <span class='ocrx_word' id='word_1_316' title='bbox 3072 2216 3191 2271; x_wconf 83' lang='lat' dir='ltr'><strong>ﬁeri</strong></span> <span class='ocrx_word' id='word_1_317' title='bbox 3245 2221 3445 2286; x_wconf 88' lang='lat' dir='ltr'><strong>potest,</strong></span> <span class='ocrx_word' id='word_1_318' title='bbox 3505 2221 3558 2270; x_wconf 90' lang='lat' dir='ltr'><strong>et</strong></span> <span class='ocrx_word' id='word_1_319' title='bbox 3606 2214 3801 2285; x_wconf 75' lang='lat' dir='ltr'><strong>justus</strong></span> 
     </span>
    </p>
   </div>
   <div class='ocr_carea' id='block_1_46' title="bbox 2142 2304 3799 2379">
    <p class='ocr_par' dir='ltr' id='par_1_46' title="bbox 2142 2304 3799 2379">
     <span class='ocr_line' id='line_1_46' title="bbox 2142 2304 3799 2379; baseline -0.002 -16"><span class='ocrx_word' id='word_1_320' title='bbox 2142 2308 2411 2379; x_wconf 88' lang='lat' dir='ltr'><strong>princeps</strong></span> <span class='ocrx_word' id='word_1_321' title='bbox 2440 2306 2656 2378; x_wconf 85' lang='lat' dir='ltr'><strong>aliquid</strong></span> <span class='ocrx_word' id='word_1_322' title='bbox 2691 2322 2938 2377; x_wconf 89' lang='lat' dir='ltr'><strong>unquam</strong></span> <span class='ocrx_word' id='word_1_323' title='bbox 2971 2307 3182 2376; x_wconf 85' lang='lat' dir='ltr'><strong>injuste</strong></span> <span class='ocrx_word' id='word_1_324' title='bbox 3215 2304 3519 2360; x_wconf 87' lang='lat' dir='ltr'><strong>constituat</strong></span> <span class='ocrx_word' id='word_1_325' title='bbox 3563 2320 3577 2358; x_wconf 87' lang='lat'><strong>:</strong></span> <span class='ocrx_word' id='word_1_326' title='bbox 3610 2310 3665 2361; x_wconf 91' lang='lat' dir='ltr'><strong>et</strong></span> <span class='ocrx_word' id='word_1_327' title='bbox 3694 2320 3799 2361; x_wconf 85' lang='lat' dir='ltr'><strong>nos</strong></span> 
     </span>
    </p>
   </div>
   <div class='ocr_carea' id='block_1_47' title="bbox 2145 2392 3795 2465">
    <p class='ocr_par' dir='ltr' id='par_1_47' title="bbox 2145 2392 3795 2465">
     <span class='ocr_line' id='line_1_47' title="bbox 2145 2392 3795 2465; baseline -0.001 -13"><span class='ocrx_word' id='word_1_328' title='bbox 2145 2397 2351 2453; x_wconf 91' lang='lat' dir='ltr'><strong>libenti</strong></span> <span class='ocrx_word' id='word_1_329' title='bbox 2382 2396 2574 2451; x_wconf 88' lang='lat' dir='ltr'><strong>animo</strong></span> <span class='ocrx_word' id='word_1_330' title='bbox 2604 2395 2887 2465; x_wconf 81' lang='lat' dir='ltr'><strong>ejusmodi</strong></span> <span class='ocrx_word' id='word_1_331' title='bbox 2920 2395 3118 2451; x_wconf 80' lang='lat' dir='ltr'><strong>mortis</strong></span> <span class='ocrx_word' id='word_1_332' title='bbox 3178 2392 3472 2465; x_wconf 72' lang='lat' dir='ltr'><strong>praemium</strong></span> <span class='ocrx_word' id='word_1_333' title='bbox 3535 2392 3795 2450; x_wconf 83' lang='lat' dir='ltr'><strong>ferimus.</strong></span> 
     </span>
    </p>
   </div>
   <div class='ocr_carea' id='block_1_48' title="bbox 2144 2483 3798 2555">
    <p class='ocr_par' dir='ltr' id='par_1_48' title="bbox 2144 2483 3798 2555">
     <span class='ocr_line' id='line_1_48' title="bbox 2144 2483 3798 2555; baseline -0.001 -14"><span class='ocrx_word' id='word_1_334' title='bbox 2144 2485 2331 2542; x_wconf 90' lang='lat' dir='ltr'><strong>Unum</strong></span> <span class='ocrx_word' id='word_1_335' title='bbox 2367 2484 2509 2540; x_wconf 90' lang='lat' dir='ltr'><strong>illud</strong></span> <span class='ocrx_word' id='word_1_336' title='bbox 2539 2503 2570 2540; x_wconf 87' lang='lat' dir='ltr'><strong>a</strong></span> <span class='ocrx_word' id='word_1_337' title='bbox 2605 2492 2656 2539; x_wconf 89' lang='lat' dir='ltr'><strong>te</strong></span> <span class='ocrx_word' id='word_1_338' title='bbox 2677 2484 3160 2555; x_wconf 89' lang='lat' dir='ltr'><strong>petimus,utcum</strong></span> <span class='ocrx_word' id='word_1_339' title='bbox 3193 2483 3798 2554; x_wconf 85' lang='lat' dir='ltr'><strong>ejusmodipertinacia</strong></span> 
     </span>
    </p>
   </div>
   <div class='ocr_carea' id='block_1_49' title="bbox 2146 2570 3790 2645">
    <p class='ocr_par' dir='ltr' id='par_1_49' title="bbox 2146 2570 3790 2645">
     <span class='ocr_line' id='line_1_49' title="bbox 2146 2570 3790 2645; baseline -0.001 -15"><span class='ocrx_word' id='word_1_340' title='bbox 2146 2574 2394 2645; x_wconf 86' lang='lat' dir='ltr'><strong>perditos</strong></span> <span class='ocrx_word' id='word_1_341' title='bbox 2428 2573 2688 2629; x_wconf 82' lang='lat' dir='ltr'><strong>homines</strong></span> <span class='ocrx_word' id='word_1_342' title='bbox 2721 2589 2820 2644; x_wconf 89' lang='lat' dir='ltr'><strong>per</strong></span> <span class='ocrx_word' id='word_1_343' title='bbox 2876 2581 2927 2629; x_wconf 92' lang='lat' dir='ltr'><strong>te</strong></span> <span class='ocrx_word' id='word_1_344' title='bbox 2994 2573 3115 2644; x_wconf 90' lang='lat' dir='ltr'><strong>ipse</strong></span> <span class='ocrx_word' id='word_1_345' title='bbox 3145 2573 3304 2645; x_wconf 87' lang='lat' dir='ltr'><strong>prius</strong></span> <span class='ocrx_word' id='word_1_346' title='bbox 3354 2570 3790 2642; x_wconf 85' lang='lat' dir='ltr'><strong>examinaveris,</strong></span> 
     </span>
    </p>
   </div>
   <div class='ocr_carea' id='block_1_50' title="bbox 2148 2664 3794 2738">
    <p class='ocr_par' dir='ltr' id='par_1_50' title="bbox 2148 2664 3794 2738">
     <span class='ocr_line' id='line_1_50' title="bbox 2148 2664 3794 2738; baseline 0.001 -19"><span class='ocrx_word' id='word_1_347' title='bbox 2148 2672 2267 2720; x_wconf 87' lang='lat' dir='ltr'><strong>tum</strong></span> <span class='ocrx_word' id='word_1_348' title='bbox 2301 2664 2508 2719; x_wconf 89' lang='lat' dir='ltr'><strong>deinde</strong></span> <span class='ocrx_word' id='word_1_349' title='bbox 2538 2679 2638 2734; x_wconf 90' lang='lat' dir='ltr'><strong>pro</strong></span> <span class='ocrx_word' id='word_1_350' title='bbox 2669 2670 2761 2718; x_wconf 88' lang='lat' dir='ltr'><strong>tua</strong></span> <span class='ocrx_word' id='word_1_351' title='bbox 2784 2665 3043 2734; x_wconf 63' lang='lat' dir='ltr'><strong>equitate</strong></span> <span class='ocrx_word' id='word_1_352' title='bbox 3075 2666 3794 2738; x_wconf 87' lang='lat' dir='ltr'><strong>statuas,utrumsupplicio</strong></span> 
     </span>
    </p>
   </div>
   <div class='ocr_carea' id='block_1_51' title="bbox 2146 2752 3793 2826">
    <p class='ocr_par' dir='ltr' id='par_1_51' title="bbox 2146 2752 3793 2826">
     <span class='ocr_line' id='line_1_51' title="bbox 2146 2752 3793 2826; baseline 0 -15"><span class='ocrx_word' id='word_1_353' title='bbox 2146 2771 2212 2811; x_wconf 90' lang='lat' dir='ltr'><strong>ac</strong></span> <span class='ocrx_word' id='word_1_354' title='bbox 2243 2764 2424 2810; x_wconf 88' lang='lat' dir='ltr'><strong>morte</strong></span> <span class='ocrx_word' id='word_1_355' title='bbox 2454 2753 2629 2823; x_wconf 77' lang='lat' dir='ltr'><strong>allici,</strong></span> <span class='ocrx_word' id='word_1_356' title='bbox 2660 2770 2733 2810; x_wconf 90' lang='lat' dir='ltr'><strong>an</strong></span> <span class='ocrx_word' id='word_1_357' title='bbox 2755 2752 2896 2812; x_wconf 87' lang='lat' dir='ltr'><strong>salvi</strong></span> <span class='ocrx_word' id='word_1_358' title='bbox 2921 2770 2989 2811; x_wconf 86' lang='lat' dir='ltr'><strong>ac</strong></span> <span class='ocrx_word' id='word_1_359' title='bbox 3019 2755 3201 2811; x_wconf 83' lang='lat' dir='ltr'><strong>securi</strong></span> <span class='ocrx_word' id='word_1_360' title='bbox 3231 2756 3430 2826; x_wconf 81' lang='lat' dir='ltr'><strong>degere</strong></span> <span class='ocrx_word' id='word_1_361' title='bbox 3452 2764 3793 2813; x_wconf 89' lang='lat' dir='ltr'><strong>mereantur.</strong></span> 
     </span>
    </p>
   </div>
   <div class='ocr_carea' id='block_1_52' title="bbox 2147 2842 3800 2916">
    <p class='ocr_par' dir='ltr' id='par_1_52' title="bbox 2147 2842 3800 2916">
     <span class='ocr_line' id='line_1_52' title="bbox 2147 2842 3800 2916; baseline 0.002 -18"><span class='ocrx_word' id='word_1_362' title='bbox 2147 2844 2247 2899; x_wconf 85' lang='lat' dir='ltr'><strong>Sin</strong></span> <span class='ocrx_word' id='word_1_363' title='bbox 2284 2858 2416 2900; x_wconf 83' lang='lat' dir='ltr'><strong>vero</strong></span> <span class='ocrx_word' id='word_1_364' title='bbox 2449 2842 2590 2899; x_wconf 90' lang='lat' dir='ltr'><strong>illud</strong></span> <span class='ocrx_word' id='word_1_365' title='bbox 2623 2843 2926 2900; x_wconf 88' lang='lat' dir='ltr'><strong>consilium</strong></span> <span class='ocrx_word' id='word_1_366' title='bbox 2962 2852 3129 2914; x_wconf 88' lang='lat' dir='ltr'><strong>atque</strong></span> <span class='ocrx_word' id='word_1_367' title='bbox 3159 2845 3403 2901; x_wconf 90' lang='lat' dir='ltr'><strong>edictum</strong></span> <span class='ocrx_word' id='word_1_368' title='bbox 3436 2846 3605 2916; x_wconf 85' lang='lat' dir='ltr'><strong>plane</strong></span> <span class='ocrx_word' id='word_1_369' title='bbox 3633 2845 3800 2901; x_wconf 88' lang='lat' dir='ltr'><strong>inau-</strong></span> 
     </span>
    </p>
   </div>
   <div class='ocr_carea' id='block_1_53' title="bbox 2148 2933 3802 3005">
    <p class='ocr_par' dir='ltr' id='par_1_53' title="bbox 2148 2933 3802 3005">
     <span class='ocr_line' id='line_1_53' title="bbox 2148 2933 3802 3005; baseline 0.001 -16"><span class='ocrx_word' id='word_1_370' title='bbox 2148 2935 2356 3000; x_wconf 91' lang='lat' dir='ltr'><strong>ditum,</strong></span> <span class='ocrx_word' id='word_1_371' title='bbox 2390 2934 2537 3005; x_wconf 90' lang='lat' dir='ltr'><strong>quod</strong></span> <span class='ocrx_word' id='word_1_372' title='bbox 2571 2949 2755 3005; x_wconf 89' lang='lat' dir='ltr'><strong>neque</strong></span> <span class='ocrx_word' id='word_1_373' title='bbox 2783 2934 3056 2991; x_wconf 88' lang='lat' dir='ltr'><strong>adversus</strong></span> <span class='ocrx_word' id='word_1_374' title='bbox 3081 2933 3352 2989; x_wconf 88' lang='lat' dir='ltr'><strong>barbaros</strong></span> <span class='ocrx_word' id='word_1_375' title='bbox 3385 2935 3570 2990; x_wconf 87' lang='lat' dir='ltr'><strong>hostes</strong></span> <span class='ocrx_word' id='word_1_376' title='bbox 3593 2933 3802 2990; x_wconf 87' lang='lat' dir='ltr'><strong>sanciri</strong></span> 
     </span>
    </p>
   </div>
   <div class='ocr_carea' id='block_1_54' title="bbox 2150 3023 3800 3095">
    <p class='ocr_par' dir='ltr' id='par_1_54' title="bbox 2150 3023 3800 3095">
     <span class='ocr_line' id='line_1_54' title="bbox 2150 3023 3800 3095; baseline 0 -16"><span class='ocrx_word' id='word_1_377' title='bbox 2150 3024 2441 3094; x_wconf 84' lang='lat' dir='ltr'><strong>decuerat,</strong></span> <span class='ocrx_word' id='word_1_378' title='bbox 2473 3038 2770 3094; x_wconf 85' lang='lat' dir='ltr'><strong>nunquam</strong></span> <span class='ocrx_word' id='word_1_379' title='bbox 2804 3040 2836 3078; x_wconf 87' lang='lat' dir='ltr'><strong>a</strong></span> <span class='ocrx_word' id='word_1_380' title='bbox 2867 3030 2919 3079; x_wconf 91' lang='lat' dir='ltr'><strong>te</strong></span> <span class='ocrx_word' id='word_1_381' title='bbox 2952 3024 3272 3094; x_wconf 81' lang='lat' dir='ltr'><strong>profectum</strong></span> <span class='ocrx_word' id='word_1_382' title='bbox 3304 3031 3405 3095; x_wconf 88' lang='lat' dir='ltr'><strong>est,</strong></span> <span class='ocrx_word' id='word_1_383' title='bbox 3438 3023 3800 3080; x_wconf 85' lang='lat' dir='ltr'><strong>obsecramus</strong></span> 
     </span>
    </p>
   </div>
   <div class='ocr_carea' id='block_1_55' title="bbox 2150 3112 3797 3186">
    <p class='ocr_par' dir='ltr' id='par_1_55' title="bbox 2150 3112 3797 3186">
     <span class='ocr_line' id='line_1_55' title="bbox 2150 3112 3797 3186; baseline -0.001 -14"><span class='ocrx_word' id='word_1_384' title='bbox 2150 3122 2205 3172; x_wconf 92' lang='lat' dir='ltr'><strong>te</strong></span> <span class='ocrx_word' id='word_1_385' title='bbox 2236 3112 2418 3170; x_wconf 91' lang='lat' dir='ltr'><strong>multo</strong></span> <span class='ocrx_word' id='word_1_386' title='bbox 2450 3113 2646 3183; x_wconf 82' lang='lat' dir='ltr'><strong>magis,</strong></span> <span class='ocrx_word' id='word_1_387' title='bbox 2675 3129 2749 3169; x_wconf 91' lang='lat' dir='ltr'><strong>ne</strong></span> <span class='ocrx_word' id='word_1_388' title='bbox 2777 3129 2883 3169; x_wconf 90' lang='lat' dir='ltr'><strong>nos</strong></span> <span class='ocrx_word' id='word_1_389' title='bbox 2912 3113 3193 3185; x_wconf 90' lang='lat' dir='ltr'><strong>ejusmodi</strong></span> <span class='ocrx_word' id='word_1_390' title='bbox 3243 3113 3469 3186; x_wconf 91' lang='lat' dir='ltr'><strong>publico</strong></span> <span class='ocrx_word' id='word_1_391' title='bbox 3499 3112 3797 3171; x_wconf 85' lang='lat' dir='ltr'><strong>latrocinio</strong></span> 
     </span>
    </p>
   </div>
   <div class='ocr_carea' id='block_1_56' title="bbox 2151 3202 2926 3274">
    <p class='ocr_par' dir='ltr' id='par_1_56' title="bbox 2151 3202 2926 3274">
     <span class='ocr_line' id='line_1_56' title="bbox 2151 3202 2926 3274; baseline -0.003 -14"><span class='ocrx_word' id='word_1_392' title='bbox 2151 3203 2369 3260; x_wconf 83' lang='lat' dir='ltr'><strong>diutius</strong></span> <span class='ocrx_word' id='word_1_393' title='bbox 2397 3202 2584 3260; x_wconf 82' lang='lat' dir='ltr'><strong>vexari</strong></span> <span class='ocrx_word' id='word_1_394' title='bbox 2613 3203 2926 3274; x_wconf 81' lang='lat' dir='ltr'><strong>permittas.</strong></span> 
     </span>
    </p>
   </div>
   <div class='ocr_carea' id='block_1_57' title="bbox 1636 3324 2547 3409">
    <p class='ocr_par' dir='ltr' id='par_1_57' title="bbox 1636 3324 2547 3409">
     <span class='ocr_line' id='line_1_57' title="bbox 1636 3324 2547 3409; baseline -0.001 -28"><span class='ocrx_word' id='word_1_395' title='bbox 1636 3324 1868 3387; x_wconf 89' lang='grc' dir='ltr'>Τούτοις</span> <span class='ocrx_word' id='word_1_396' title='bbox 1898 3327 2048 3390; x_wconf 75' lang='grc' dir='ltr'>αὖθις</span> <span class='ocrx_word' id='word_1_397' title='bbox 2080 3325 2320 3409; x_wconf 77' lang='grc' dir='ltr'>ἐπιφέρει</span> <span class='ocrx_word' id='word_1_398' title='bbox 2350 3325 2547 3404; x_wconf 67' lang='grc' dir='ltr'>λέγων·</span> 
     </span>
    </p>
   </div>
   <div class='ocr_carea' id='block_1_58' title="bbox 456 3433 2042 3517">
    <p class='ocr_par' dir='ltr' id='par_1_58' title="bbox 456 3433 2042 3517">
     <span class='ocr_line' id='line_1_58' title="bbox 456 3433 2042 3517; baseline 0.003 -22"><span class='ocrx_word' id='word_1_399' title='bbox 456 3441 523 3498; x_wconf 76' lang='grc' dir='ltr'><strong><em>Ἠ</em></strong></span> <span class='ocrx_word' id='word_1_400' title='bbox 553 3438 657 3517; x_wconf 73' lang='grc' dir='ltr'><strong>γὰρ</strong></span> <span class='ocrx_word' id='word_1_401' title='bbox 687 3439 805 3504; x_wconf 86' lang='grc' dir='ltr'>καθ’</span> <span class='ocrx_word' id='word_1_402' title='bbox 838 3440 988 3513; x_wconf 80' lang='grc' dir='ltr'>ἡμᾶς</span> <span class='ocrx_word' id='word_1_403' title='bbox 1041 3433 1338 3515; x_wconf 79' lang='grc' dir='ltr'>φιλοσοφία</span> <span class='ocrx_word' id='word_1_404' title='bbox 1387 3440 1499 3512; x_wconf 86' lang='grc'>(70)</span> <span class='ocrx_word' id='word_1_405' title='bbox 1528 3438 1791 3516; x_wconf 83' lang='grc' dir='ltr'>πρότερον</span> <span class='ocrx_word' id='word_1_406' title='bbox 1854 3442 1947 3516; x_wconf 73' lang='grc' dir='ltr'><strong>μὲν</strong></span> <span class='ocrx_word' id='word_1_407' title='bbox 1989 3442 2042 3499; x_wconf 73' lang='grc' dir='ltr'>ἐν</span> 
     </span>
    </p>
   </div>
   <div class='ocr_carea' id='block_1_59' title="bbox 385 3525 2034 3609">
    <p class='ocr_par' dir='ltr' id='par_1_59' title="bbox 385 3525 2034 3609">
     <span class='ocr_line' id='line_1_59' title="bbox 385 3525 2034 3609; baseline 0.001 -23"><span class='ocrx_word' id='word_1_408' title='bbox 385 3526 682 3609; x_wconf 76' lang='grc' dir='ltr'>βαρϐάροις</span> <span class='ocrx_word' id='word_1_409' title='bbox 730 3531 845 3603; x_wconf 88' lang='grc'>(71)</span> <span class='ocrx_word' id='word_1_410' title='bbox 903 3525 1173 3602; x_wconf 81' lang='grc' dir='ltr'>ἤκμασεν·</span> <span class='ocrx_word' id='word_1_411' title='bbox 1235 3526 1582 3600; x_wconf 80' lang='grc' dir='ltr'>ἐπανθήσασα</span> <span class='ocrx_word' id='word_1_412' title='bbox 1630 3528 1688 3585; x_wconf 77' lang='grc' dir='ltr'>δὲ</span> <span class='ocrx_word' id='word_1_413' title='bbox 1744 3536 1862 3594; x_wconf 90' lang='grc' dir='ltr'>τοῖς</span> <span class='ocrx_word' id='word_1_414' title='bbox 1918 3537 2034 3596; x_wconf 85' lang='grc' dir='ltr'>σοῖς</span> 
     </span>
    </p>
   </div>
   <div class='ocr_carea' id='block_1_60' title="bbox 390 3663 2045 3733">
    <p class='ocr_par' dir='ltr' id='par_1_60' title="bbox 390 3663 2045 3733">
     <span class='ocr_line' id='line_1_60' title="bbox 390 3663 2045 3733; baseline 0.001 -10"><span class='ocrx_word' id='word_1_415' title='bbox 390 3667 567 3733; x_wconf 79' lang='lat' dir='ltr'><strong>zium,</strong></span> <span class='ocrx_word' id='word_1_416' title='bbox 617 3665 677 3722; x_wconf 89' lang='lat' dir='ltr'><strong>in</strong></span> <span class='ocrx_word' id='word_1_417' title='bbox 737 3663 1009 3721; x_wconf 76' lang='lat' dir='ltr'><strong>dissertet.</strong></span> <span class='ocrx_word' id='word_1_418' title='bbox 1064 3664 1138 3719; x_wconf 78' lang='lat' dir='ltr'><strong>De</strong></span> <span class='ocrx_word' id='word_1_419' title='bbox 1196 3664 1765 3733; x_wconf 81' lang='lat' dir='ltr'><strong>Quarladecz&#39;manis;</strong></span> <span class='ocrx_word' id='word_1_420' title='bbox 1823 3682 2045 3724; x_wconf 91' lang='lat' dir='ltr'><strong>summe</strong></span> 
     </span>
    </p>
   </div>
   <div class='ocr_carea' id='block_1_61' title="bbox 394 3735 2039 3809">
    <p class='ocr_par' dir='ltr' id='par_1_61' title="bbox 394 3735 2039 3809">
     <span class='ocr_line' id='line_1_61' title="bbox 394 3735 2039 3809; baseline 0 -14"><span class='ocrx_word' id='word_1_421' title='bbox 394 3737 665 3795; x_wconf 84' lang='lat' dir='ltr'><strong>venerab.</strong></span> <span class='ocrx_word' id='word_1_422' title='bbox 698 3736 1057 3809; x_wconf 75' lang='lat' dir='ltr'><strong>Deylingium</strong></span> <span class='ocrx_word' id='word_1_423' title='bbox 1097 3736 1159 3791; x_wconf 89' lang='lat' dir='ltr'><strong>in</strong></span> <span class='ocrx_word' id='word_1_424' title='bbox 1219 3735 1499 3793; x_wconf 68' lang='lat' dir='ltr'><strong>Observat.</strong></span> <span class='ocrx_word' id='word_1_425' title='bbox 1559 3736 1805 3807; x_wconf 77' lang='lat' dir='ltr'><strong>Miscell.,</strong></span> <span class='ocrx_word' id='word_1_426' title='bbox 1861 3756 1916 3809; x_wconf 91' lang='lat' dir='ltr'><strong>p.</strong></span> <span class='ocrx_word' id='word_1_427' title='bbox 1951 3740 2039 3795; x_wconf 86' lang='grc'>41.</span> 
     </span>
    </p>
   </div>
   <div class='ocr_carea' id='block_1_62' title="bbox 397 3806 2043 3879">
    <p class='ocr_par' dir='ltr' id='par_1_62' title="bbox 397 3806 2043 3879">
     <span class='ocr_line' id='line_1_62' title="bbox 397 3806 2043 3879; baseline 0.001 -13"><span class='ocrx_word' id='word_1_428' title='bbox 397 3810 479 3867; x_wconf 93' lang='lat' dir='ltr'><strong>De</strong></span> <span class='ocrx_word' id='word_1_429' title='bbox 509 3816 759 3879; x_wconf 89' lang='lat' dir='ltr'><strong>tempore</strong></span> <span class='ocrx_word' id='word_1_430' title='bbox 802 3806 1241 3879; x_wconf 23' lang='lat' dir='ltr'><strong>litiumAharum</strong></span> <span class='ocrx_word' id='word_1_431' title='bbox 1299 3809 1359 3864; x_wconf 92' lang='lat' dir='ltr'><strong>in</strong></span> <span class='ocrx_word' id='word_1_432' title='bbox 1418 3808 1669 3865; x_wconf 86' lang='lat' dir='ltr'><strong>Ecclesia</strong></span> <span class='ocrx_word' id='word_1_433' title='bbox 1723 3806 2043 3867; x_wconf 83' lang='lat' dir='ltr'><strong>Laodicena</strong></span> 
     </span>
    </p>
   </div>
   <div class='ocr_carea' id='block_1_63' title="bbox 395 3877 2040 3952">
    <p class='ocr_par' dir='ltr' id='par_1_63' title="bbox 395 3877 2040 3952">
     <span class='ocr_line' id='line_1_63' title="bbox 395 3877 2040 3952; baseline 0.001 -15"><span class='ocrx_word' id='word_1_434' title='bbox 395 3877 673 3938; x_wconf 82' lang='lat' dir='ltr'><strong>motarum</strong></span> <span class='ocrx_word' id='word_1_435' title='bbox 704 3879 968 3947; x_wconf 84' lang='lat' dir='ltr'><strong>disquirit</strong></span> <span class='ocrx_word' id='word_1_436' title='bbox 996 3877 1340 3946; x_wconf 85' lang='lat' dir='ltr'><strong>Baraterius,</strong></span> <span class='ocrx_word' id='word_1_437' title='bbox 1374 3880 1432 3935; x_wconf 91' lang='lat' dir='ltr'><strong>in</strong></span> <span class='ocrx_word' id='word_1_438' title='bbox 1454 3879 1853 3952; x_wconf 80' lang='lat' dir='ltr'><strong>Disquisitione</strong></span> <span class='ocrx_word' id='word_1_439' title='bbox 1880 3882 2040 3939; x_wconf 80' lang='lat' dir='ltr'><strong>chro-</strong></span> 
     </span>
    </p>
   </div>
   <div class='ocr_carea' id='block_1_64' title="bbox 388 3952 916 4025">
    <p class='ocr_par' dir='ltr' id='par_1_64' title="bbox 388 3952 916 4025">
     <span class='ocr_line' id='line_1_64' title="bbox 388 3952 916 4025; baseline -0.008 -14"><span class='ocrx_word' id='word_1_440' title='bbox 388 3954 665 4025; x_wconf 78' lang='lat' dir='ltr'><strong>nologica.</strong></span> <span class='ocrx_word' id='word_1_441' title='bbox 700 3968 756 4025; x_wconf 89' lang='lat' dir='ltr'><strong>p.</strong></span> <span class='ocrx_word' id='word_1_442' title='bbox 788 3952 916 4007; x_wconf 87' lang='lat'><strong>220.</strong></span> 
     </span>
    </p>
   </div>
   <div class='ocr_carea' id='block_1_65' title="bbox 463 4021 2040 4098">
    <p class='ocr_par' dir='ltr' id='par_1_65' title="bbox 463 4021 2040 4098">
     <span class='ocr_line' id='line_1_65' title="bbox 463 4021 2040 4098; baseline 0.001 -19"><span class='ocrx_word' id='word_1_443' title='bbox 463 4021 575 4098; x_wconf 75' lang='lat'>(59)</span> <span class='ocrx_word' id='word_1_444' title='bbox 609 4021 1074 4098; x_wconf 31' lang='lat' dir='ltr'><strong>Ita’interpunxit</strong></span> <span class='ocrx_word' id='word_1_445' title='bbox 1129 4025 1186 4077; x_wconf 87' lang='lat' dir='ltr'><strong>et</strong></span> <span class='ocrx_word' id='word_1_446' title='bbox 1243 4021 1409 4078; x_wconf 83' lang='lat' dir='ltr'><strong>vertit</strong></span> <span class='ocrx_word' id='word_1_447' title='bbox 1464 4021 2040 4098; x_wconf 87' lang='lat' dir='ltr'><strong>Valesius._Malle_m</strong></span> 
     </span>
    </p>
   </div>
   <div class='ocr_carea' id='block_1_66' title="bbox 387 4093 2038 4171">
    <p class='ocr_par' dir='ltr' id='par_1_66' title="bbox 387 4093 2038 4171">
     <span class='ocr_line' id='line_1_66' title="bbox 387 4093 2038 4171; baseline -0.002 -17"><span class='ocrx_word' id='word_1_448' title='bbox 387 4093 489 4169; x_wconf 83' lang='lat' dir='ltr'><strong>ego</strong></span> <span class='ocrx_word' id='word_1_449' title='bbox 520 4093 908 4171; x_wconf 74' lang='lat' dir='ltr'><strong>distinctionis</strong></span> <span class='ocrx_word' id='word_1_450' title='bbox 932 4095 1166 4171; x_wconf 74' lang='lat' dir='ltr'><strong>signum</strong></span> <span class='ocrx_word' id='word_1_451' title='bbox 1218 4109 1430 4171; x_wconf 78' lang='lat' dir='ltr'><strong>ponere</strong></span> <span class='ocrx_word' id='word_1_452' title='bbox 1475 4104 1598 4166; x_wconf 89' lang='lat' dir='ltr'><strong>post</strong></span> <span class='ocrx_word' id='word_1_453' title='bbox 1622 4093 1791 4171; x_wconf 62' lang='grc' dir='ltr'><strong>⁸κοιτίδι</strong></span> <span class='ocrx_word' id='word_1_454' title='bbox 1828 4095 2038 4171; x_wconf 84' lang='grc' dir='ltr'>καιρόν,</span> 
     </span>
    </p>
   </div>
   <div class='ocr_carea' id='block_1_67' title="bbox 383 4163 2040 4237">
    <p class='ocr_par' dir='ltr' id='par_1_67' title="bbox 383 4163 2040 4237">
     <span class='ocr_line' id='line_1_67' title="bbox 383 4163 2040 4237; baseline -0.006 -13"><span class='ocrx_word' id='word_1_455' title='bbox 383 4163 448 4224; x_wconf 73' lang='grc' dir='ltr'>οῖ</span> <span class='ocrx_word' id='word_1_456' title='bbox 469 4167 658 4235; x_wconf 87' lang='lat' dir='ltr'><strong>verba,</strong></span> <span class='ocrx_word' id='word_1_457' title='bbox 692 4165 743 4220; x_wconf 83' lang='grc' dir='ltr'><strong>ἐν</strong></span> <span class='ocrx_word' id='word_1_458' title='bbox 799 4163 1027 4225; x_wconf 84' lang='grc' dir='ltr'>ἐκείναις</span> <span class='ocrx_word' id='word_1_459' title='bbox 1077 4167 1196 4226; x_wconf 88' lang='grc' dir='ltr'>ταῖς</span> <span class='ocrx_word' id='word_1_460' title='bbox 1220 4163 1501 4237; x_wconf 34' lang='grc' dir='ltr'>ίὴμὲραιξ,</span> <span class='ocrx_word' id='word_1_461' title='bbox 1569 4167 1642 4222; x_wconf 87' lang='lat' dir='ltr'><strong>ad</strong></span> <span class='ocrx_word' id='word_1_462' title='bbox 1688 4168 1887 4224; x_wconf 90' lang='lat' dir='ltr'><strong>ultima</strong></span> <span class='ocrx_word' id='word_1_463' title='bbox 1927 4163 2040 4224; x_wconf 75' lang='lat' dir='ltr'><strong>ira;</strong></span> 
     </span>
    </p>
   </div>
   <div class='ocr_carea' id='block_1_68' title="bbox 386 4238 2041 4307">
    <p class='ocr_par' dir='ltr' id='par_1_68' title="bbox 386 4238 2041 4307">
     <span class='ocr_line' id='line_1_68' title="bbox 386 4238 2041 4307; baseline 0 -10"><span class='ocrx_word' id='word_1_464' title='bbox 386 4240 541 4307; x_wconf 89' lang='lat' dir='ltr'><strong>here,</strong></span> <span class='ocrx_word' id='word_1_465' title='bbox 579 4239 687 4296; x_wconf 91' lang='lat' dir='ltr'><strong>hoc</strong></span> <span class='ocrx_word' id='word_1_466' title='bbox 717 4254 909 4305; x_wconf 90' lang='lat' dir='ltr'><strong>sensu,</strong></span> <span class='ocrx_word' id='word_1_467' title='bbox 942 4239 1387 4293; x_wconf 82' lang='lat' dir='ltr'><strong>controversiam</strong></span> <span class='ocrx_word' id='word_1_468' title='bbox 1421 4238 1708 4296; x_wconf 82' lang='lat' dir='ltr'><strong>Laodiceae</strong></span> <span class='ocrx_word' id='word_1_469' title='bbox 1740 4241 2041 4298; x_wconf 88' lang='lat' dir='ltr'><strong>excitatam</strong></span> 
     </span>
    </p>
   </div>
   <div class='ocr_carea' id='block_1_69' title="bbox 387 4307 2045 4380">
    <p class='ocr_par' dir='ltr' id='par_1_69' title="bbox 387 4307 2045 4380">
     <span class='ocr_line' id='line_1_69' title="bbox 387 4307 2045 4380; baseline 0.001 -13"><span class='ocrx_word' id='word_1_470' title='bbox 387 4312 562 4368; x_wconf 86' lang='lat' dir='ltr'><strong>fuisse</strong></span> <span class='ocrx_word' id='word_1_471' title='bbox 591 4312 660 4367; x_wconf 90' lang='lat' dir='ltr'><strong>de</strong></span> <span class='ocrx_word' id='word_1_472' title='bbox 689 4309 1049 4366; x_wconf 84' lang='lat' dir='ltr'><strong>solemnitate</strong></span> <span class='ocrx_word' id='word_1_473' title='bbox 1079 4307 1353 4379; x_wconf 85' lang='lat' dir='ltr'><strong>paschali,</strong></span> <span class='ocrx_word' id='word_1_474' title='bbox 1414 4325 1535 4380; x_wconf 64' lang='lat' dir='ltr'><strong>quas</strong></span> <span class='ocrx_word' id='word_1_475' title='bbox 1595 4317 1732 4367; x_wconf 90' lang='lat' dir='ltr'><strong>tunc</strong></span> <span class='ocrx_word' id='word_1_476' title='bbox 1762 4311 2045 4368; x_wconf 87' lang='lat' dir='ltr'><strong>inciderat</strong></span> 
     </span>
    </p>
   </div>
   <div class='ocr_carea' id='block_1_70' title="bbox 380 4380 2038 4454">
    <p class='ocr_par' dir='ltr' id='par_1_70' title="bbox 380 4380 2038 4454">
     <span class='ocr_line' id='line_1_70' title="bbox 380 4380 2038 4454; baseline 0.002 -17"><span class='ocrx_word' id='word_1_477' title='bbox 380 4384 543 4454; x_wconf 81' lang='lat' dir='ltr'><strong>juxta</strong></span> <span class='ocrx_word' id='word_1_478' title='bbox 570 4382 867 4452; x_wconf 85' lang='lat' dir='ltr'><strong>antiquam</strong></span> <span class='ocrx_word' id='word_1_479' title='bbox 899 4380 1373 4454; x_wconf 82' lang='lat' dir='ltr'><strong>consuetudinem</strong></span> <span class='ocrx_word' id='word_1_480' title='bbox 1410 4404 1424 4447; x_wconf 88' lang='lat'><strong>;</strong></span> <span class='ocrx_word' id='word_1_481' title='bbox 1458 4380 1659 4451; x_wconf 90' lang='lat' dir='ltr'><strong>hisque</strong></span> <span class='ocrx_word' id='word_1_482' title='bbox 1689 4383 1858 4440; x_wconf 89' lang='lat' dir='ltr'><strong>etiam</strong></span> <span class='ocrx_word' id='word_1_483' title='bbox 1917 4384 2038 4440; x_wconf 91' lang='lat' dir='ltr'><strong>die-</strong></span> 
     </span>
    </p>
   </div>
   <div class='ocr_carea' id='block_1_71' title="bbox 386 4452 1741 4523">
    <p class='ocr_par' dir='ltr' id='par_1_71' title="bbox 386 4452 1741 4523">
     <span class='ocr_line' id='line_1_71' title="bbox 386 4452 1741 4523; baseline -0.001 -12"><span class='ocrx_word' id='word_1_484' title='bbox 386 4452 652 4523; x_wconf 80' lang='lat' dir='ltr'><strong>busipsis</strong></span> <span class='ocrx_word' id='word_1_485' title='bbox 685 4454 805 4509; x_wconf 69' lang='lat' dir='ltr'><strong>haec</strong></span> <span class='ocrx_word' id='word_1_486' title='bbox 836 4471 869 4509; x_wconf 77' lang='grc' dir='ltr'><strong>ιι</strong></span> <span class='ocrx_word' id='word_1_487' title='bbox 907 4452 1178 4507; x_wconf 90' lang='lat' dir='ltr'><strong>Melitone</strong></span> <span class='ocrx_word' id='word_1_488' title='bbox 1209 4454 1518 4523; x_wconf 86' lang='lat' dir='ltr'><strong>perscripta</strong></span> <span class='ocrx_word' id='word_1_489' title='bbox 1547 4454 1741 4510; x_wconf 78' lang='lat' dir='ltr'><strong>fuisse.</strong></span> 
     </span>
    </p>
   </div>
   <div class='ocr_carea' id='block_1_72' title="bbox 478 4522 1770 4596">
    <p class='ocr_par' dir='ltr' id='par_1_72' title="bbox 478 4522 1770 4596">
     <span class='ocr_line' id='line_1_72' title="bbox 478 4522 1770 4596; baseline -0.001 -15"><span class='ocrx_word' id='word_1_490' title='bbox 478 4522 567 4596; x_wconf 88' lang='lat'>60)</span> <span class='ocrx_word' id='word_1_491' title='bbox 598 4525 882 4590; x_wconf 83' lang='lat' dir='ltr'><strong>Bufﬁnus,</strong></span> <span class='ocrx_word' id='word_1_492' title='bbox 918 4525 1053 4580; x_wconf 78' lang='lat' dir='ltr'><strong>Hist.</strong></span> <span class='ocrx_word' id='word_1_493' title='bbox 1073 4523 1269 4596; x_wconf 76' lang='lat' dir='ltr'><strong>eccles.</strong></span> <span class='ocrx_word' id='word_1_494' title='bbox 1304 4522 1404 4578; x_wconf 93' lang='lat' dir='ltr'><strong>lib.</strong></span> <span class='ocrx_word' id='word_1_495' title='bbox 1428 4539 1504 4596; x_wconf 73' lang='grc' dir='ltr'><strong>ιν,</strong></span> <span class='ocrx_word' id='word_1_496' title='bbox 1529 4540 1653 4596; x_wconf 89' lang='lat' dir='ltr'><strong>cap.</strong></span> <span class='ocrx_word' id='word_1_497' title='bbox 1679 4526 1770 4580; x_wconf 83' lang='grc'><strong>24.</strong></span> 
     </span>
    </p>
   </div>
   <div class='ocr_carea' id='block_1_73' title="bbox 383 4594 2038 4726">
    <p class='ocr_par' dir='ltr' id='par_1_73' title="bbox 383 4594 2038 4726">
     <span class='ocr_line' id='line_1_73' title="bbox 383 4594 2038 4669; baseline 0.001 -17"><span class='ocrx_word' id='word_1_498' title='bbox 383 4604 387 4609; x_wconf 82' lang='grc'>·</span> <span class='ocrx_word' id='word_1_499' title='bbox 458 4594 571 4669; x_wconf 83' lang='lat' dir='ltr'>(6t)</span> <span class='ocrx_word' id='word_1_500' title='bbox 599 4597 954 4665; x_wconf 88' lang='lat' dir='ltr'><strong>Nicephorus</strong></span> <span class='ocrx_word' id='word_1_501' title='bbox 1014 4594 1148 4650; x_wconf 77' lang='lat' dir='ltr'><strong>Hist.</strong></span> <span class='ocrx_word' id='word_1_502' title='bbox 1218 4596 1406 4652; x_wconf 81' lang='lat' dir='ltr'><strong>eccles.</strong></span> <span class='ocrx_word' id='word_1_503' title='bbox 1440 4595 1542 4651; x_wconf 92' lang='lat' dir='ltr'><strong>lib.</strong></span> <span class='ocrx_word' id='word_1_504' title='bbox 1598 4594 1675 4665; x_wconf 77' lang='lat' dir='ltr'><strong>iv,</strong></span> <span class='ocrx_word' id='word_1_505' title='bbox 1707 4614 1832 4668; x_wconf 88' lang='lat' dir='ltr'><strong>cap.</strong></span> <span class='ocrx_word' id='word_1_506' title='bbox 1861 4598 1948 4667; x_wconf 89' lang='grc'><strong>10,</strong></span> <span class='ocrx_word' id='word_1_507' title='bbox 1980 4614 2038 4669; x_wconf 91' lang='lat' dir='ltr'><strong>p.</strong></span> 
     </span>
     <span class='ocr_line' id='line_1_74' title="bbox 387 4667 916 4726; baseline -0.006 0"><span class='ocrx_word' id='word_1_508' title='bbox 387 4667 516 4726; x_wconf 82' lang='grc'><strong>294.</strong></span> <span class='ocrx_word' id='word_1_509' title='bbox 551 4675 685 4725; x_wconf 88' lang='lat' dir='ltr'><strong>tom.</strong></span> <span class='ocrx_word' id='word_1_510' title='bbox 717 4670 739 4724; x_wconf 94' lang='grc' dir='ltr'><strong>Ι</strong></span> <span class='ocrx_word' id='word_1_511' title='bbox 769 4668 916 4726; x_wconf 80' lang='lat' dir='ltr'><strong>Opp.</strong></span> 
     </span>
    </p>
   </div>
   <div class='ocr_carea' id='block_1_74' title="bbox 466 4670 916 4738">
    <p class='ocr_par' dir='ltr' id='par_1_74' title="bbox 466 4670 916 4738">
     <span class='ocr_line' id='line_1_75' title="bbox 466 4670 916 4738; baseline 0 -15"><span class='ocrx_word' id='word_1_512' title='bbox 466 4670 516 4738; x_wconf 83' lang='grc'><strong>4,</strong></span> <span class='ocrx_word' id='word_1_513' title='bbox 551 4675 685 4725; x_wconf 90' lang='lat' dir='ltr'><strong>tom.</strong></span> <span class='ocrx_word' id='word_1_514' title='bbox 717 4670 739 4724; x_wconf 95' lang='grc' dir='ltr'>Ι</span> <span class='ocrx_word' id='word_1_515' title='bbox 769 4670 916 4738; x_wconf 86' lang='lat' dir='ltr'><strong>Opp.</strong></span> 
     </span>
    </p>
   </div>
   <div class='ocr_carea' id='block_1_75' title="bbox 468 4736 2040 4813">
    <p class='ocr_par' dir='ltr' id='par_1_75' title="bbox 468 4736 2040 4813">
     <span class='ocr_line' id='line_1_76' title="bbox 468 4736 2040 4813; baseline 0.001 -18"><span class='ocrx_word' id='word_1_516' title='bbox 468 4736 581 4813; x_wconf 87' lang='lat'>(62)</span> <span class='ocrx_word' id='word_1_517' title='bbox 615 4741 799 4813; x_wconf 69' lang='lat' dir='ltr'><strong>Minus</strong></span> <span class='ocrx_word' id='word_1_518' title='bbox 821 4736 1204 4813; x_wconf 70' lang='lat' dir='ltr'><strong>accurate_i_n</strong></span> <span class='ocrx_word' id='word_1_519' title='bbox 1260 4738 1401 4794; x_wconf 88' lang='lat' dir='ltr'><strong>duas</strong></span> <span class='ocrx_word' id='word_1_520' title='bbox 1467 4754 1651 4813; x_wconf 17' lang='lat' dir='ltr'><strong>voces,</strong></span> <span class='ocrx_word' id='word_1_521' title='bbox 1677 4739 1875 4796; x_wconf 83' lang='lat' dir='ltr'><strong>dividit</strong></span> <span class='ocrx_word' id='word_1_522' title='bbox 1904 4741 2040 4797; x_wconf 85' lang='lat' dir='ltr'><strong>Rea-</strong></span> 
     </span>
    </p>
   </div>
   <div class='ocr_carea' id='block_1_76' title="bbox 393 4807 2032 4883">
    <p class='ocr_par' dir='ltr' id='par_1_76' title="bbox 393 4807 2032 4883">
     <span class='ocr_line' id='line_1_77' title="bbox 393 4807 2032 4883; baseline 0.001 -15"><span class='ocrx_word' id='word_1_523' title='bbox 393 4807 620 4883; x_wconf 83' lang='lat' dir='ltr'><strong>dingius</strong></span> <span class='ocrx_word' id='word_1_524' title='bbox 651 4807 779 4865; x_wconf 74' lang='grc' dir='ltr'>οὐδὲ</span> <span class='ocrx_word' id='word_1_525' title='bbox 816 4809 1059 4883; x_wconf 59' lang='grc' dir='ltr'>πώποτὲ,</span> <span class='ocrx_word' id='word_1_526' title='bbox 1103 4809 1164 4864; x_wconf 93' lang='lat' dir='ltr'><strong>Id</strong></span> <span class='ocrx_word' id='word_1_527' title='bbox 1197 4825 1404 4866; x_wconf 87' lang='lat' dir='ltr'><strong>novum</strong></span> <span class='ocrx_word' id='word_1_528' title='bbox 1450 4826 1567 4867; x_wconf 91' lang='lat' dir='ltr'><strong>non</strong></span> <span class='ocrx_word' id='word_1_529' title='bbox 1621 4812 1759 4868; x_wconf 87' lang='lat' dir='ltr'><strong>dicit</strong></span> <span class='ocrx_word' id='word_1_530' title='bbox 1816 4812 2032 4881; x_wconf 86' lang='lat' dir='ltr'><strong>Melite,</strong></span> 
     </span>
    </p>
   </div>
   <div class='ocr_carea' id='block_1_77' title="bbox 389 4882 2036 4956">
    <p class='ocr_par' dir='ltr' id='par_1_77' title="bbox 389 4882 2036 4956">
     <span class='ocr_line' id='line_1_78' title="bbox 389 4882 2036 4956; baseline 0.001 -16"><span class='ocrx_word' id='word_1_531' title='bbox 389 4882 537 4956; x_wconf 83' lang='lat' dir='ltr'><strong>quod</strong></span> <span class='ocrx_word' id='word_1_532' title='bbox 594 4883 900 4940; x_wconf 88' lang='lat' dir='ltr'><strong>Christiani</strong></span> <span class='ocrx_word' id='word_1_533' title='bbox 946 4882 1231 4956; x_wconf 79' lang='lat' dir='ltr'><strong>patiantur</strong></span> <span class='ocrx_word' id='word_1_534' title='bbox 1280 4883 1776 4952; x_wconf 86' lang='lat' dir='ltr'><strong>persecutionem;</strong></span> <span class='ocrx_word' id='word_1_535' title='bbox 1811 4883 1909 4956; x_wconf 88' lang='lat' dir='ltr'><strong>sed</strong></span> <span class='ocrx_word' id='word_1_536' title='bbox 1963 4885 2036 4941; x_wconf 89' lang='lat' dir='ltr'><strong>de</strong></span> 
     </span>
    </p>
   </div>
   <div class='ocr_carea' id='block_1_78' title="bbox 385 4953 2030 5028">
    <p class='ocr_par' dir='ltr' id='par_1_78' title="bbox 385 4953 2030 5028">
     <span class='ocr_line' id='line_1_79' title="bbox 385 4953 2030 5028; baseline 0 -16"><span class='ocrx_word' id='word_1_537' title='bbox 385 4953 450 5012; x_wconf 80' lang='lat' dir='ltr'><strong>eo</strong></span> <span class='ocrx_word' id='word_1_538' title='bbox 506 4956 889 5028; x_wconf 86' lang='lat' dir='ltr'><strong>conqueritur,</strong></span> <span class='ocrx_word' id='word_1_539' title='bbox 926 4953 1205 5028; x_wconf 87' lang='lat' dir='ltr'><strong>_illudq_ue_</strong></span> <span class='ocrx_word' id='word_1_540' title='bbox 1247 4961 1413 5028; x_wconf 80' lang='lat' dir='ltr'><strong>antea</strong></span> <span class='ocrx_word' id='word_1_541' title='bbox 1468 4970 1759 5028; x_wconf 83' lang='lat' dir='ltr'><strong>nunquam</strong></span> <span class='ocrx_word' id='word_1_542' title='bbox 1817 4955 2030 5012; x_wconf 84' lang='lat' dir='ltr'><strong>factum</strong></span> 
     </span>
    </p>
   </div>
   <div class='ocr_carea' id='block_1_79' title="bbox 376 5024 2030 5099">
    <p class='ocr_par' dir='ltr' id='par_1_79' title="bbox 376 5024 2030 5099">
     <span class='ocr_line' id='line_1_80' title="bbox 376 5024 2030 5099; baseline 0 -16"><span class='ocrx_word' id='word_1_543' title='bbox 376 5028 597 5094; x_wconf 84' lang='lat' dir='ltr'><strong>asserit,</strong></span> <span class='ocrx_word' id='word_1_544' title='bbox 636 5024 804 5099; x_wconf 58' lang='lat' dir='ltr'><strong>&#39;quod</strong></span> <span class='ocrx_word' id='word_1_545' title='bbox 857 5025 1069 5099; x_wconf 83' lang='lat' dir='ltr'><strong>privata</strong></span> <span class='ocrx_word' id='word_1_546' title='bbox 1117 5024 1404 5099; x_wconf 83' lang='lat' dir='ltr'><strong>inferioris</strong></span> <span class='ocrx_word' id='word_1_547' title='bbox 1456 5024 1682 5080; x_wconf 84' lang='lat' dir='ltr'><strong>urbium</strong></span> <span class='ocrx_word' id='word_1_548' title='bbox 1733 5028 2030 5097; x_wconf 84' lang='lat' dir='ltr'><strong>magistra-</strong></span> 
     </span>
    </p>
   </div>
   <div class='ocr_carea' id='block_1_80' title="bbox 379 5094 2024 5169">
    <p class='ocr_par' dir='ltr' id='par_1_80' title="bbox 379 5094 2024 5169">
     <span class='ocr_line' id='line_1_81' title="bbox 379 5094 2024 5169; baseline 0.001 -15"><span class='ocrx_word' id='word_1_549' title='bbox 379 5105 467 5155; x_wconf 82' lang='lat' dir='ltr'><strong>tus</strong></span> <span class='ocrx_word' id='word_1_550' title='bbox 495 5094 1095 5166; x_wconf 53' lang='lat' dir='ltr'><strong>auctoritate,&#39;absque</strong></span> <span class='ocrx_word' id='word_1_551' title='bbox 1135 5094 1545 5169; x_wconf 83' lang='lat' dir='ltr'><strong>imperatorum</strong></span> <span class='ocrx_word' id='word_1_552' title='bbox 1604 5103 1699 5153; x_wconf 88' lang='lat' dir='ltr'><strong>aut</strong></span> <span class='ocrx_word' id='word_1_553' title='bbox 1732 5094 2024 5169; x_wconf 76' lang='lat' dir='ltr'><strong>praefecto-</strong></span> 
     </span>
    </p>
   </div>
   <div class='ocr_carea' id='block_1_81' title="bbox 2222 3444 3795 3519">
    <p class='ocr_par' dir='ltr' id='par_1_81' title="bbox 2222 3444 3795 3519">
     <span class='ocr_line' id='line_1_82' title="bbox 2222 3444 3795 3519; baseline 0.001 -18"><span class='ocrx_word' id='word_1_554' title='bbox 2222 3446 2355 3502; x_wconf 72' lang='lat' dir='ltr'><strong>Htec</strong></span> <span class='ocrx_word' id='word_1_555' title='bbox 2375 3445 2526 3501; x_wconf 87' lang='lat' dir='ltr'><strong>enim</strong></span> <span class='ocrx_word' id='word_1_556' title='bbox 2560 3444 2936 3517; x_wconf 70' lang='lat' dir='ltr'><strong>philosophiae</strong></span> <span class='ocrx_word' id='word_1_557' title='bbox 2985 3452 3155 3511; x_wconf 86' lang='lat' dir='ltr'><strong>secta,</strong></span> <span class='ocrx_word' id='word_1_558' title='bbox 3215 3460 3380 3516; x_wconf 85' lang='lat' dir='ltr'><strong>quam</strong></span> <span class='ocrx_word' id='word_1_559' title='bbox 3440 3445 3795 3519; x_wconf 80' lang='lat' dir='ltr'><strong>profitemur,</strong></span> 
     </span>
    </p>
   </div>
   <div class='ocr_carea' id='block_1_82' title="bbox 2150 3533 3796 3608">
    <p class='ocr_par' dir='ltr' id='par_1_82' title="bbox 2150 3533 3796 3608">
     <span class='ocr_line' id='line_1_83' title="bbox 2150 3533 3796 3608; baseline 0.002 -19"><span class='ocrx_word' id='word_1_560' title='bbox 2150 3533 2307 3606; x_wconf 88' lang='lat' dir='ltr'><strong>prius</strong></span> <span class='ocrx_word' id='word_1_561' title='bbox 2338 3534 2571 3604; x_wconf 90' lang='lat' dir='ltr'><strong>quidem</strong></span> <span class='ocrx_word' id='word_1_562' title='bbox 2604 3533 2784 3603; x_wconf 85' lang='lat' dir='ltr'><strong>viguit</strong></span> <span class='ocrx_word' id='word_1_563' title='bbox 2826 3534 2973 3605; x_wconf 83' lang='lat' dir='ltr'><strong>apud</strong></span> <span class='ocrx_word' id='word_1_564' title='bbox 3031 3533 3349 3604; x_wconf 85' lang='lat' dir='ltr'><strong>barbaros;</strong></span> <span class='ocrx_word' id='word_1_565' title='bbox 3398 3542 3592 3606; x_wconf 88' lang='lat' dir='ltr'><strong>postea</strong></span> <span class='ocrx_word' id='word_1_566' title='bbox 3645 3552 3796 3608; x_wconf 88' lang='lat' dir='ltr'><strong>vero,</strong></span> 
     </span>
    </p>
   </div>
   <div class='ocr_carea' id='block_1_83' title="bbox 2150 3663 3795 3741">
    <p class='ocr_par' dir='ltr' id='par_1_83' title="bbox 2150 3663 3795 3741">
     <span class='ocr_line' id='line_1_84' title="bbox 2150 3663 3795 3741; baseline 0 -16"><span class='ocrx_word' id='word_1_567' title='bbox 2150 3686 2206 3740; x_wconf 93' lang='lat' dir='ltr'><strong>p.</strong></span> <span class='ocrx_word' id='word_1_568' title='bbox 2237 3668 2365 3738; x_wconf 78' lang='lat'><strong>265,</strong></span> <span class='ocrx_word' id='word_1_569' title='bbox 2396 3684 2497 3740; x_wconf 90' lang='lat' dir='ltr'><strong>per</strong></span> <span class='ocrx_word' id='word_1_570' title='bbox 2540 3663 2789 3741; x_wconf 82' lang='grc' dir='ltr'>δόγματα</span> <span class='ocrx_word' id='word_1_571' title='bbox 2844 3667 3214 3740; x_wconf 82' lang='lat' dir='ltr'><strong>intelligenda</strong></span> <span class='ocrx_word' id='word_1_572' title='bbox 3266 3674 3397 3725; x_wconf 90' lang='lat' dir='ltr'><strong>sunt</strong></span> <span class='ocrx_word' id='word_1_573' title='bbox 3445 3669 3671 3725; x_wconf 86' lang='lat' dir='ltr'><strong>urbium</strong></span> <span class='ocrx_word' id='word_1_574' title='bbox 3703 3670 3795 3726; x_wconf 89' lang='lat' dir='ltr'><strong>de-</strong></span> 
     </span>
    </p>
   </div>
   <div class='ocr_carea' id='block_1_84' title="bbox 2150 3748 2321 3796">
    <p class='ocr_par' dir='ltr' id='par_1_84' title="bbox 2150 3748 2321 3796">
     <span class='ocr_line' id='line_1_85' title="bbox 2150 3748 2321 3796; baseline -0.006 0"><span class='ocrx_word' id='word_1_575' title='bbox 2150 3748 2321 3796; x_wconf 87' lang='lat' dir='ltr'><strong>creta.</strong></span> 
     </span>
    </p>
   </div>
   <div class='ocr_carea' id='block_1_85' title="bbox 2223 3809 3785 3884">
    <p class='ocr_par' dir='ltr' id='par_1_85' title="bbox 2223 3809 3785 3884">
     <span class='ocr_line' id='line_1_86' title="bbox 2223 3809 3785 3884; baseline 0.001 -18"><span class='ocrx_word' id='word_1_576' title='bbox 2223 3811 2337 3884; x_wconf 74' lang='lat'>(64)</span> <span class='ocrx_word' id='word_1_577' title='bbox 2371 3812 2608 3877; x_wconf 87' lang='lat' dir='ltr'><strong>Quando</strong></span> <span class='ocrx_word' id='word_1_578' title='bbox 2641 3810 2703 3867; x_wconf 89' lang='lat' dir='ltr'><strong>in</strong></span> <span class='ocrx_word' id='word_1_579' title='bbox 2736 3811 2887 3884; x_wconf 12' lang='lat' dir='ltr'><strong>iAsia</strong></span> <span class='ocrx_word' id='word_1_580' title='bbox 2943 3809 3053 3867; x_wconf 90' lang='lat' dir='ltr'><strong>hoc</strong></span> <span class='ocrx_word' id='word_1_581' title='bbox 3109 3828 3318 3867; x_wconf 88' lang='lat' dir='ltr'><strong>novum</strong></span> <span class='ocrx_word' id='word_1_582' title='bbox 3351 3812 3523 3868; x_wconf 82' lang='lat' dir='ltr'><strong>fuisse</strong></span> <span class='ocrx_word' id='word_1_583' title='bbox 3571 3812 3785 3879; x_wconf 89' lang='lat' dir='ltr'><strong>scribit,</strong></span> 
     </span>
    </p>
   </div>
   <div class='ocr_carea' id='block_1_86' title="bbox 2152 3883 3790 4008">
    <p class='ocr_par' dir='ltr' id='par_1_86' title="bbox 2152 3883 3790 4008">
     <span class='ocr_line' id='line_1_87' title="bbox 2152 3883 3790 4008; baseline 0.002 -71"><span class='ocrx_word' id='word_1_584' title='bbox 2152 3883 2340 3939; x_wconf 90' lang='lat' dir='ltr'><strong>innuit</strong></span> <span class='ocrx_word' id='word_1_585' title='bbox 2361 3883 2565 4008; x_wconf 74' lang='lat' dir='ltr'><strong>lsimul,</strong></span> <span class='ocrx_word' id='word_1_586' title='bbox 2595 3898 2700 3940; x_wconf 90' lang='lat' dir='ltr'><strong>nec</strong></span> <span class='ocrx_word' id='word_1_587' title='bbox 2734 3883 2839 3939; x_wconf 88' lang='lat' dir='ltr'><strong>hoc</strong></span> <span class='ocrx_word' id='word_1_588' title='bbox 2868 3884 3095 3954; x_wconf 88' lang='lat' dir='ltr'><strong>quidem</strong></span> <span class='ocrx_word' id='word_1_589' title='bbox 3142 3884 3329 3953; x_wconf 88' lang='lat' dir='ltr'><strong>ipsum</strong></span> <span class='ocrx_word' id='word_1_590' title='bbox 3377 3884 3512 3940; x_wconf 87' lang='lat' dir='ltr'><strong>alibi</strong></span> <span class='ocrx_word' id='word_1_591' title='bbox 3542 3885 3790 3941; x_wconf 86' lang='lat' dir='ltr'><strong>caruisse</strong></span> 
     </span>
     <span class='ocr_line' id='line_1_88' title="bbox 2152 3970 2453 4008; baseline 0 0"><span class='ocrx_word' id='word_1_592' title='bbox 2152 3970 2352 4008; x_wconf 79' lang='lat' dir='ltr'><strong>exemp</strong></span> <span class='ocrx_word' id='word_1_593' title='bbox 2382 3971 2453 4008; x_wconf 85' lang='lat' dir='ltr'><strong>ts.</strong></span> 
     </span>
    </p>
   </div>
   <div class='ocr_carea' id='block_1_87' title="bbox 2151 3970 2453 4025">
    <p class='ocr_par' dir='ltr' id='par_1_87' title="bbox 2151 3970 2453 4025">
     <span class='ocr_line' id='line_1_89' title="bbox 2151 3970 2453 4025; baseline 0.007 -16"><span class='ocrx_word' id='word_1_594' title='bbox 2151 3970 2453 4025; x_wconf 75' lang='lat' dir='ltr'><strong>exemptis.</strong></span> 
     </span>
    </p>
   </div>
   <div class='ocr_carea' id='block_1_88' title="bbox 2223 4025 3791 4096">
    <p class='ocr_par' dir='ltr' id='par_1_88' title="bbox 2223 4025 3791 4096">
     <span class='ocr_line' id='line_1_90' title="bbox 2223 4025 3791 4096; baseline 0.003 -17"><span class='ocrx_word' id='word_1_595' title='bbox 2223 4026 2330 4096; x_wconf 86' lang='lat'>(65)</span> <span class='ocrx_word' id='word_1_596' title='bbox 2372 4026 2555 4082; x_wconf 65' lang='lat' dir='ltr'><strong>Poenae</strong></span> <span class='ocrx_word' id='word_1_597' title='bbox 2603 4025 2790 4096; x_wconf 87' lang='lat' dir='ltr'><strong>itaque</strong></span> <span class='ocrx_word' id='word_1_598' title='bbox 2845 4025 3100 4092; x_wconf 87' lang='lat' dir='ltr'><strong>capitalis</strong></span> <span class='ocrx_word' id='word_1_599' title='bbox 3158 4026 3317 4082; x_wconf 86' lang='lat' dir='ltr'><strong>nulla</strong></span> <span class='ocrx_word' id='word_1_600' title='bbox 3359 4027 3419 4083; x_wconf 88' lang='lat' dir='ltr'><strong>in</strong></span> <span class='ocrx_word' id='word_1_601' title='bbox 3479 4027 3585 4083; x_wconf 86' lang='lat' dir='ltr'><strong>hac</strong></span> <span class='ocrx_word' id='word_1_602' title='bbox 3642 4025 3791 4083; x_wconf 66' lang='lat' dir='ltr'><strong>Asia:</strong></span> 
     </span>
    </p>
   </div>
   <div class='ocr_carea' id='block_1_89' title="bbox 2151 4097 3794 4168">
    <p class='ocr_par' dir='ltr' id='par_1_89' title="bbox 2151 4097 3794 4168">
     <span class='ocr_line' id='line_1_91' title="bbox 2151 4097 3794 4168; baseline 0.002 -16"><span class='ocrx_word' id='word_1_603' title='bbox 2151 4100 2543 4167; x_wconf 88' lang='lat' dir='ltr'><strong>persecutione</strong></span> <span class='ocrx_word' id='word_1_604' title='bbox 2563 4099 2903 4166; x_wconf 90' lang='lat' dir='ltr'><strong>mentio,sed</strong></span> <span class='ocrx_word' id='word_1_605' title='bbox 2927 4097 3204 4153; x_wconf 91' lang='lat' dir='ltr'><strong>bonorum</strong></span> <span class='ocrx_word' id='word_1_606' title='bbox 3230 4098 3425 4154; x_wconf 87' lang='lat' dir='ltr'><strong>saltem</strong></span> <span class='ocrx_word' id='word_1_607' title='bbox 3445 4099 3794 4168; x_wconf 84' lang='lat' dir='ltr'><strong>conﬁscatio,</strong></span> 
     </span>
    </p>
   </div>
   <div class='ocr_carea' id='block_1_90' title="bbox 2151 4168 3571 4240">
    <p class='ocr_par' dir='ltr' id='par_1_90' title="bbox 2151 4168 3571 4240">
     <span class='ocr_line' id='line_1_92' title="bbox 2151 4168 3571 4240; baseline 0.002 -16"><span class='ocrx_word' id='word_1_608' title='bbox 2151 4177 2402 4225; x_wconf 87' lang='lat' dir='ltr'><strong>nostram</strong></span> <span class='ocrx_word' id='word_1_609' title='bbox 2426 4168 2662 4225; x_wconf 88' lang='lat' dir='ltr'><strong>ulterius</strong></span> <span class='ocrx_word' id='word_1_610' title='bbox 2689 4168 2988 4224; x_wconf 80' lang='lat' dir='ltr'><strong>conﬁrmat</strong></span> <span class='ocrx_word' id='word_1_611' title='bbox 3017 4170 3571 4240; x_wconf 86' lang='lat' dir='ltr'><strong>interpretationem.</strong></span> 
     </span>
    </p>
   </div>
   <div class='ocr_carea' id='block_1_91' title="bbox 2222 4240 3798 4313">
    <p class='ocr_par' dir='ltr' id='par_1_91' title="bbox 2222 4240 3798 4313">
     <span class='ocr_line' id='line_1_93' title="bbox 2222 4240 3798 4313; baseline 0.002 -17"><span class='ocrx_word' id='word_1_612' title='bbox 2222 4240 2332 4311; x_wconf 89' lang='lat'>(66)</span> <span class='ocrx_word' id='word_1_613' title='bbox 2366 4241 2609 4313; x_wconf 82' lang='lat' dir='ltr'><strong>Quando</strong></span> <span class='ocrx_word' id='word_1_614' title='bbox 2631 4240 2822 4295; x_wconf 89' lang='lat' dir='ltr'><strong>Melito</strong></span> <span class='ocrx_word' id='word_1_615' title='bbox 2862 4240 3101 4307; x_wconf 86' lang='lat' dir='ltr'><strong>dubitat,</strong></span> <span class='ocrx_word' id='word_1_616' title='bbox 3128 4256 3267 4297; x_wconf 90' lang='lat' dir='ltr'><strong>num</strong></span> <span class='ocrx_word' id='word_1_617' title='bbox 3302 4242 3421 4297; x_wconf 82' lang='lat' dir='ltr'><strong>haec</strong></span> <span class='ocrx_word' id='word_1_618' title='bbox 3447 4242 3798 4313; x_wconf 77' lang='lat' dir='ltr'><strong>persecutio</strong></span> 
     </span>
    </p>
   </div>
   <div class='ocr_carea' id='block_1_92' title="bbox 2151 4310 3794 4385">
    <p class='ocr_par' dir='ltr' id='par_1_92' title="bbox 2151 4310 3794 4385">
     <span class='ocr_line' id='line_1_94' title="bbox 2151 4310 3794 4385; baseline 0.002 -18"><span class='ocrx_word' id='word_1_619' title='bbox 2151 4310 2245 4385; x_wconf 78' lang='lat' dir='ltr'><strong>ab</strong></span> <span class='ocrx_word' id='word_1_620' title='bbox 2274 4310 3123 4385; x_wconf 4' lang='lat' dir='ltr'><strong>imperatoribus)_emanaverit,</strong></span> <span class='ocrx_word' id='word_1_621' title='bbox 3179 4314 3268 4385; x_wconf 89' lang='lat' dir='ltr'><strong>de</strong></span> <span class='ocrx_word' id='word_1_622' title='bbox 3297 4310 3541 4369; x_wconf 80' lang='lat' dir='ltr'><strong>occultis</strong></span> <span class='ocrx_word' id='word_1_623' title='bbox 3597 4314 3794 4385; x_wconf 89' lang='lat' dir='ltr'><strong>procul</strong></span> 
     </span>
    </p>
   </div>
   <div class='ocr_carea' id='block_1_93' title="bbox 2153 4382 3792 4451">
    <p class='ocr_par' dir='ltr' id='par_1_93' title="bbox 2153 4382 3792 4451">
     <span class='ocr_line' id='line_1_95' title="bbox 2153 4382 3792 4451; baseline 0.002 -13"><span class='ocrx_word' id='word_1_624' title='bbox 2153 4383 2324 4439; x_wconf 92' lang='lat' dir='ltr'><strong>dubio</strong></span> <span class='ocrx_word' id='word_1_625' title='bbox 2355 4383 2556 4440; x_wconf 90' lang='lat' dir='ltr'><strong>litteris</strong></span> <span class='ocrx_word' id='word_1_626' title='bbox 2583 4382 2986 4451; x_wconf 83' lang='lat' dir='ltr'><strong>intelligendus</strong></span> <span class='ocrx_word' id='word_1_627' title='bbox 3011 4391 3095 4439; x_wconf 86' lang='lat' dir='ltr'><strong>est</strong></span> <span class='ocrx_word' id='word_1_628' title='bbox 3130 4398 3144 4437; x_wconf 90' lang='lat'><strong>:</strong></span> <span class='ocrx_word' id='word_1_629' title='bbox 3178 4384 3434 4441; x_wconf 88' lang='lat' dir='ltr'><strong>dubitare</strong></span> <span class='ocrx_word' id='word_1_630' title='bbox 3489 4382 3642 4441; x_wconf 82' lang='lat' dir='ltr'><strong>enim</strong></span> <span class='ocrx_word' id='word_1_631' title='bbox 3674 4402 3792 4442; x_wconf 87' lang='lat' dir='ltr'><strong>non</strong></span> 
     </span>
    </p>
   </div>
   <div class='ocr_carea' id='block_1_94' title="bbox 2154 4454 3789 4527">
    <p class='ocr_par' dir='ltr' id='par_1_94' title="bbox 2154 4454 3789 4527">
     <span class='ocr_line' id='line_1_96' title="bbox 2154 4454 3789 4527; baseline 0.002 -17"><span class='ocrx_word' id='word_1_632' title='bbox 2154 4455 2448 4527; x_wconf 85' lang='lat' dir='ltr'><strong>potuisset,</strong></span> <span class='ocrx_word' id='word_1_633' title='bbox 2481 4455 2527 4509; x_wconf 89' lang='lat' dir='ltr'><strong>si</strong></span> <span class='ocrx_word' id='word_1_634' title='bbox 2558 4471 2656 4524; x_wconf 90' lang='lat' dir='ltr'><strong>per</strong></span> <span class='ocrx_word' id='word_1_635' title='bbox 2706 4456 2887 4510; x_wconf 87' lang='lat' dir='ltr'><strong>edicta</strong></span> <span class='ocrx_word' id='word_1_636' title='bbox 2916 4454 3103 4527; x_wconf 78' lang='lat' dir='ltr'><strong>illam</strong></span> <span class='ocrx_word' id='word_1_637' title='bbox 3124 4454 3404 4527; x_wconf 87' lang='lat' dir='ltr'><strong>jussisset</strong></span> <span class='ocrx_word' id='word_1_638' title='bbox 3460 4457 3789 4527; x_wconf 87' lang='lat' dir='ltr'><strong>imperator.</strong></span> 
     </span>
    </p>
   </div>
   <div class='ocr_carea' id='block_1_95' title="bbox 2150 4525 3789 4599">
    <p class='ocr_par' dir='ltr' id='par_1_95' title="bbox 2150 4525 3789 4599">
     <span class='ocr_line' id='line_1_97' title="bbox 2150 4525 3789 4599; baseline 0.001 -18"><span class='ocrx_word' id='word_1_639' title='bbox 2150 4526 2406 4599; x_wconf 69' lang='lat' dir='ltr'><strong>Smyrnae</strong></span> <span class='ocrx_word' id='word_1_640' title='bbox 2426 4527 2579 4582; x_wconf 89' lang='lat' dir='ltr'><strong>enim</strong></span> <span class='ocrx_word' id='word_1_641' title='bbox 2606 4532 2699 4581; x_wconf 88' lang='lat' dir='ltr'><strong>aut</strong></span> <span class='ocrx_word' id='word_1_642' title='bbox 2722 4525 2949 4599; x_wconf 85' lang='lat' dir='ltr'><strong>Ephesi,</strong></span> <span class='ocrx_word' id='word_1_643' title='bbox 2981 4533 3079 4582; x_wconf 91' lang='lat' dir='ltr'><strong>aut</strong></span> <span class='ocrx_word' id='word_1_644' title='bbox 3116 4526 3175 4582; x_wconf 87' lang='lat' dir='ltr'><strong>in</strong></span> <span class='ocrx_word' id='word_1_645' title='bbox 3205 4528 3317 4584; x_wconf 85' lang='lat' dir='ltr'><strong>alia</strong></span> <span class='ocrx_word' id='word_1_646' title='bbox 3359 4525 3623 4597; x_wconf 81' lang='lat' dir='ltr'><strong>primaria</strong></span> <span class='ocrx_word' id='word_1_647' title='bbox 3654 4529 3789 4584; x_wconf 74' lang='grc' dir='ltr'>Αείω</span> 
     </span>
    </p>
   </div>
   <div class='ocr_carea' id='block_1_96' title="bbox 2148 4598 3791 4672">
    <p class='ocr_par' dir='ltr' id='par_1_96' title="bbox 2148 4598 3791 4672">
     <span class='ocr_line' id='line_1_98' title="bbox 2148 4598 3791 4672; baseline 0.003 -20"><span class='ocrx_word' id='word_1_648' title='bbox 2148 4598 2371 4653; x_wconf 84' lang='lat' dir='ltr'><strong>civitate</strong></span> <span class='ocrx_word' id='word_1_649' title='bbox 2392 4598 2983 4672; x_wconf 80' lang='lat' dir='ltr'><strong>propositumi’uisset,</strong></span> <span class='ocrx_word' id='word_1_650' title='bbox 2998 4602 3298 4669; x_wconf 86' lang='lat' dir='ltr'><strong>antequam</strong></span> <span class='ocrx_word' id='word_1_651' title='bbox 3324 4601 3463 4656; x_wconf 91' lang='lat' dir='ltr'><strong>illud</strong></span> <span class='ocrx_word' id='word_1_652' title='bbox 3487 4600 3791 4672; x_wconf 89' lang='lat' dir='ltr'><strong>proconsul</strong></span> 
     </span>
    </p>
   </div>
   <div class='ocr_carea' id='block_1_97' title="bbox 2147 4670 3325 4742">
    <p class='ocr_par' dir='ltr' id='par_1_97' title="bbox 2147 4670 3325 4742">
     <span class='ocr_line' id='line_1_99' title="bbox 2147 4670 3325 4742; baseline 0.003 -18"><span class='ocrx_word' id='word_1_653' title='bbox 2147 4679 2571 4742; x_wconf 82' lang='lat' dir='ltr'><strong>exsequeretur,</strong></span> <span class='ocrx_word' id='word_1_654' title='bbox 2603 4670 3325 4742; x_wconf 83' lang='lat' dir='ltr'><strong>mandatumimperatoris.</strong></span> 
     </span>
    </p>
   </div>
   <div class='ocr_carea' id='block_1_98' title="bbox 2217 4740 3790 4811">
    <p class='ocr_par' dir='ltr' id='par_1_98' title="bbox 2217 4740 3790 4811">
     <span class='ocr_line' id='line_1_100' title="bbox 2217 4740 3790 4811; baseline 0.003 -17"><span class='ocrx_word' id='word_1_655' title='bbox 2217 4740 2333 4811; x_wconf 79' lang='lat'>(67)</span> <span class='ocrx_word' id='word_1_656' title='bbox 2366 4743 2494 4798; x_wconf 70' lang='lat' dir='ltr'><strong>Haec</strong></span> <span class='ocrx_word' id='word_1_657' title='bbox 2524 4740 2690 4797; x_wconf 89' lang='lat' dir='ltr'><strong>verba</strong></span> <span class='ocrx_word' id='word_1_658' title='bbox 2745 4742 2814 4798; x_wconf 91' lang='lat' dir='ltr'><strong>de</strong></span> <span class='ocrx_word' id='word_1_659' title='bbox 2871 4741 3379 4799; x_wconf 86' lang='lat' dir='ltr'><strong>calumniatoribus</strong></span> <span class='ocrx_word' id='word_1_660' title='bbox 3435 4743 3790 4800; x_wconf 77' lang='lat' dir='ltr'><strong>Christiano-</strong></span> 
     </span>
    </p>
   </div>
   <div class='ocr_carea' id='block_1_99' title="bbox 2145 4812 3789 4887">
    <p class='ocr_par' dir='ltr' id='par_1_99' title="bbox 2145 4812 3789 4887">
     <span class='ocr_line' id='line_1_101' title="bbox 2145 4812 3789 4887; baseline 0.001 -19"><span class='ocrx_word' id='word_1_661' title='bbox 2145 4827 2271 4887; x_wconf 81' lang='lat' dir='ltr'><strong>rum</strong></span> <span class='ocrx_word' id='word_1_662' title='bbox 2302 4829 2418 4870; x_wconf 91' lang='lat' dir='ltr'><strong>non</strong></span> <span class='ocrx_word' id='word_1_663' title='bbox 2450 4812 2657 4887; x_wconf 87' lang='lat' dir='ltr'><strong>debere</strong></span> <span class='ocrx_word' id='word_1_664' title='bbox 2686 4812 2950 4887; x_wconf 75' lang='lat' dir='ltr'><strong>intelligi,</strong></span> <span class='ocrx_word' id='word_1_665' title='bbox 2984 4815 3077 4887; x_wconf 78' lang='lat' dir='ltr'><strong>sed</strong></span> <span class='ocrx_word' id='word_1_666' title='bbox 3110 4815 3179 4887; x_wconf 88' lang='lat' dir='ltr'><strong>de</strong></span> <span class='ocrx_word' id='word_1_667' title='bbox 3229 4815 3571 4887; x_wconf 84' lang='lat' dir='ltr'><strong>Christianis</strong></span> <span class='ocrx_word' id='word_1_668' title='bbox 3600 4816 3789 4887; x_wconf 88' lang='lat' dir='ltr'><strong>potius</strong></span> 
     </span>
    </p>
   </div>
   <div class='ocr_carea' id='block_1_100' title="bbox 2142 4882 3786 5011">
    <p class='ocr_par' dir='ltr' id='par_1_100' title="bbox 2142 4882 3786 5011">
     <span class='ocr_line' id='line_1_102' title="bbox 2142 4882 3786 5011; baseline 0.003 -73"><span class='ocrx_word' id='word_1_669' title='bbox 2142 4883 2457 5011; x_wconf 60' lang='lat' dir='ltr'><strong>ip;is,recte</strong></span> <span class='ocrx_word' id='word_1_670' title='bbox 2489 4885 2800 4941; x_wconf 86' lang='lat' dir='ltr'><strong>observavit</strong></span> <span class='ocrx_word' id='word_1_671' title='bbox 2828 4882 3087 4941; x_wconf 87' lang='lat' dir='ltr'><strong>Valesius</strong></span> <span class='ocrx_word' id='word_1_672' title='bbox 3117 4886 3174 4941; x_wconf 88' lang='lat' dir='ltr'><strong>in</strong></span> <span class='ocrx_word' id='word_1_673' title='bbox 3206 4895 3326 4942; x_wconf 92' lang='lat' dir='ltr'><strong>not.</strong></span> <span class='ocrx_word' id='word_1_674' title='bbox 3359 4887 3426 4942; x_wconf 91' lang='lat' dir='ltr'><strong>ad</strong></span> <span class='ocrx_word' id='word_1_675' title='bbox 3462 4888 3516 4943; x_wconf 90' lang='lat' dir='ltr'><strong>h.</strong></span> <span class='ocrx_word' id='word_1_676' title='bbox 3548 4882 3786 4959; x_wconf 50' lang='lat' dir='ltr'><strong>L&#39;qucm</strong></span> 
     </span>
     <span class='ocr_line' id='line_1_103' title="bbox 2142 4972 2285 5011; baseline 0 0"><span class='ocrx_word' id='word_1_677' title='bbox 2142 4972 2193 5011; x_wconf 76' lang='lat' dir='ltr'><strong>vr</strong></span> <span class='ocrx_word' id='word_1_678' title='bbox 2238 4973 2285 5011; x_wconf 83' lang='grc' dir='ltr'>ο.</span> 
     </span>
    </p>
   </div>
   <div class='ocr_carea' id='block_1_101' title="bbox 2140 4972 2285 5012">
    <p class='ocr_par' dir='ltr' id='par_1_101' title="bbox 2140 4972 2285 5012">
     <span class='ocr_line' id='line_1_104' title="bbox 2140 4972 2285 5012; baseline -0.007 0"><span class='ocrx_word' id='word_1_679' title='bbox 2140 4972 2285 5012; x_wconf 78' lang='grc' dir='ltr'>νιαο.</span> 
     </span>
    </p>
   </div>
   <div class='ocr_carea' id='block_1_102' title="bbox 2234 5023 2969 5099">
    <p class='ocr_par' dir='ltr' id='par_1_102' title="bbox 2234 5023 2969 5099">
     <span class='ocr_line' id='line_1_105' title="bbox 2234 5023 2969 5099; baseline 0.003 -17"><span class='ocrx_word' id='word_1_680' title='bbox 2234 5028 2327 5099; x_wconf 91' lang='lat'>68)</span> <span class='ocrx_word' id='word_1_681' title='bbox 2367 5027 2577 5084; x_wconf 67' lang='lat' dir='ltr'><strong>Eolice</strong></span> <span class='ocrx_word' id='word_1_682' title='bbox 2608 5042 2707 5098; x_wconf 93' lang='lat' dir='ltr'><strong>pro</strong></span> <span class='ocrx_word' id='word_1_683' title='bbox 2735 5023 2969 5099; x_wconf 79' lang='grc' dir='ltr'>κρίναις.</span> 
     </span>
    </p>
   </div>
   <div class='ocr_carea' id='block_1_103' title="bbox 2235 5098 3780 5169">
    <p class='ocr_par' dir='ltr' id='par_1_103' title="bbox 2235 5098 3780 5169">
     <span class='ocr_line' id='line_1_106' title="bbox 2235 5098 3780 5169; baseline 0.001 -15"><span class='ocrx_word' id='word_1_684' title='bbox 2235 5098 2324 5159; x_wconf 73' lang='lat'><strong>69)</strong></span> <span class='ocrx_word' id='word_1_685' title='bbox 2359 5100 2591 5169; x_wconf 77' lang='lat' dir='ltr'><strong>Urbium</strong></span> <span class='ocrx_word' id='word_1_686' title='bbox 2624 5098 2847 5154; x_wconf 81' lang='lat' dir='ltr'><strong>decreta</strong></span> <span class='ocrx_word' id='word_1_687' title='bbox 2873 5098 2936 5169; x_wconf 79' lang='lat' dir='ltr'><strong>in</strong></span> <span class='ocrx_word' id='word_1_688' title='bbox 2980 5099 3126 5154; x_wconf 87' lang='lat' dir='ltr'><strong>hanc</strong></span> <span class='ocrx_word' id='word_1_689' title='bbox 3156 5099 3391 5169; x_wconf 74' lang='lat' dir='ltr'><strong>formam</strong></span> <span class='ocrx_word' id='word_1_690' title='bbox 3424 5098 3649 5169; x_wconf 91' lang='lat' dir='ltr'><strong>concipi</strong></span> <span class='ocrx_word' id='word_1_691' title='bbox 3679 5115 3780 5155; x_wconf 91' lang='lat' dir='ltr'><strong>so-</strong></span> 
     </span>
    </p>
   </div>
   <div class='ocr_carea' id='block_1_104' title="bbox 379 5167 2028 5242">
    <p class='ocr_par' dir='ltr' id='par_1_104' title="bbox 379 5167 2028 5242">
     <span class='ocr_line' id='line_1_107' title="bbox 379 5167 2028 5242; baseline 0 -16"><span class='ocrx_word' id='word_1_692' title='bbox 379 5186 506 5227; x_wconf 89' lang='lat' dir='ltr'><strong>rum</strong></span> <span class='ocrx_word' id='word_1_693' title='bbox 538 5169 971 5242; x_wconf 89' lang='lat' dir='ltr'><strong>provincialium</strong></span> <span class='ocrx_word' id='word_1_694' title='bbox 1010 5167 1274 5224; x_wconf 88' lang='lat' dir='ltr'><strong>mandato</strong></span> <span class='ocrx_word' id='word_1_695' title='bbox 1314 5171 1539 5240; x_wconf 90' lang='lat' dir='ltr'><strong>piorum</strong></span> <span class='ocrx_word' id='word_1_696' title='bbox 1572 5167 1751 5240; x_wconf 77' lang='lat' dir='ltr'><strong>genus</strong></span> <span class='ocrx_word' id='word_1_697' title='bbox 1784 5171 2028 5242; x_wconf 84' lang='lat' dir='ltr'><strong>exagita-</strong></span> 
     </span>
    </p>
   </div>
   <div class='ocr_carea' id='block_1_105' title="bbox 440 5166 2036 5298">
    <p class='ocr_par' dir='ltr' id='par_1_105' title="bbox 440 5166 2028 5298">
     <span class='ocr_line' id='line_1_108' title="bbox 440 5166 2028 5242; baseline 0.001 -18"><span class='ocrx_word' id='word_1_698' title='bbox 440 5187 506 5226; x_wconf 75' lang='lat' dir='ltr'><strong>tm</strong></span> <span class='ocrx_word' id='word_1_699' title='bbox 538 5169 971 5242; x_wconf 89' lang='lat' dir='ltr'><strong>provincialium</strong></span> <span class='ocrx_word' id='word_1_700' title='bbox 1010 5166 1274 5224; x_wconf 88' lang='lat' dir='ltr'><strong>mandato</strong></span> <span class='ocrx_word' id='word_1_701' title='bbox 1314 5171 1539 5240; x_wconf 90' lang='lat' dir='ltr'><strong>piorum</strong></span> <span class='ocrx_word' id='word_1_702' title='bbox 1572 5166 1751 5240; x_wconf 77' lang='lat' dir='ltr'><strong>genus</strong></span> <span class='ocrx_word' id='word_1_703' title='bbox 1784 5171 2028 5242; x_wconf 84' lang='lat' dir='ltr'><strong>exagita-</strong></span> 
     </span>
     <span class='ocr_line' id='line_1_109' title="bbox 440 5250 547 5298; baseline 0 0"><span class='ocrx_word' id='word_1_704' title='bbox 440 5250 547 5298; x_wconf 91' lang='lat' dir='ltr'><strong>tur.</strong></span> 
     </span>
    </p>
   </div>
   <div class='ocr_carea' id='block_1_106' title="bbox 2167 5166 3386 5298">
    <p class='ocr_par' dir='ltr' id='par_1_106' title="bbox 2167 5166 3386 5298">
     <span class='ocr_line' id='line_1_110' title="bbox 2167 5166 3386 5244; baseline -0.004 -18"><span class='ocrx_word' id='word_1_705' title='bbox 2167 5166 2334 5228; x_wconf 62' lang='lat' dir='ltr'><strong>ebant</strong></span> <span class='ocrx_word' id='word_1_706' title='bbox 2366 5188 2378 5227; x_wconf 89' lang='lat'>:</span> <span class='ocrx_word' id='word_1_707' title='bbox 2416 5167 2625 5226; x_wconf 82' lang='grc' dir='ltr'>Ἐδόκει</span> <span class='ocrx_word' id='word_1_708' title='bbox 2657 5172 2726 5243; x_wconf 83' lang='grc' dir='ltr'><strong>τῇ</strong></span> <span class='ocrx_word' id='word_1_709' title='bbox 2764 5167 2944 5244; x_wconf 79' lang='grc' dir='ltr'>βουλῇ</span> <span class='ocrx_word' id='word_1_710' title='bbox 2974 5169 3065 5222; x_wconf 79' lang='grc' dir='ltr'><strong>καὶ</strong></span> <span class='ocrx_word' id='word_1_711' title='bbox 3093 5173 3171 5240; x_wconf 78' lang='grc' dir='ltr'>τῷ</span> <span class='ocrx_word' id='word_1_712' title='bbox 3202 5166 3386 5241; x_wconf 72' lang='grc' dir='ltr'><strong>δήμῳ.</strong></span> 
     </span>
     <span class='ocr_line' id='line_1_111' title="bbox 2209 5240 3386 5298; baseline -0.002 0"><span class='ocrx_word' id='word_1_713' title='bbox 2209 5242 2320 5298; x_wconf 77' lang='lat'>(70)</span> <span class='ocrx_word' id='word_1_714' title='bbox 2376 5240 2711 5298; x_wconf 71' lang='grc' dir='ltr'>Φιλοσοφίας</span> <span class='ocrx_word' id='word_1_715' title='bbox 2799 5241 3071 5298; x_wconf 87' lang='lat' dir='ltr'><strong>vocabulo</strong></span> <span class='ocrx_word' id='word_1_716' title='bbox 3154 5242 3386 5298; x_wconf 65' lang='lat' dir='ltr'><strong>religion</strong></span> 
     </span>
    </p>
   </div>
   <div class='ocr_carea' id='block_1_107' title="bbox 374 5258 547 5299">
    <p class='ocr_par' dir='ltr' id='par_1_107' title="bbox 374 5258 547 5299">
     <span class='ocr_line' id='line_1_112' title="bbox 374 5258 547 5299; baseline 0.006 -1"><span class='ocrx_word' id='word_1_717' title='bbox 374 5258 547 5299; x_wconf 89' lang='lat' dir='ltr'><strong>retur.</strong></span> 
     </span>
    </p>
   </div>
   <div class='ocr_carea' id='block_1_108' title="bbox 2209 5240 3782 5319">
    <p class='ocr_par' dir='ltr' id='par_1_108' title="bbox 2209 5240 3782 5319">
     <span class='ocr_line' id='line_1_113' title="bbox 2209 5240 3782 5319; baseline 0.001 -24"><span class='ocrx_word' id='word_1_718' title='bbox 2209 5242 2339 5319; x_wconf 71' lang='lat'>(76)</span> <span class='ocrx_word' id='word_1_719' title='bbox 2376 5240 2712 5319; x_wconf 78' lang='grc' dir='ltr'>Φιλοσοφίας</span> <span class='ocrx_word' id='word_1_720' title='bbox 2749 5240 3071 5319; x_wconf 69' lang='lat' dir='ltr'><strong>_&#39;_vocabulo</strong></span> <span class='ocrx_word' id='word_1_721' title='bbox 3154 5240 3498 5319; x_wconf 32' lang='lat' dir='ltr'><strong>religienem.</strong></span> <span class='ocrx_word' id='word_1_722' title='bbox 3561 5255 3782 5319; x_wconf 81' lang='lat' dir='ltr'><strong>quoque</strong></span> 
     </span>
    </p>
   </div>
   <div class='ocr_carea' id='block_1_109' title="bbox 446 5305 3780 5387">
    <p class='ocr_par' dir='ltr' id='par_1_109' title="bbox 446 5305 3780 5387">
     <span class='ocr_line' id='line_1_114' title="bbox 446 5305 3780 5387; baseline 0 -18"><span class='ocrx_word' id='word_1_723' title='bbox 446 5314 559 5387; x_wconf 89' lang='lat'>(63)</span> <span class='ocrx_word' id='word_1_724' title='bbox 590 5305 1118 5387; x_wconf 43' lang='lat' dir='ltr'><strong>Valesius&#39;o‘dyptatat</strong></span> <span class='ocrx_word' id='word_1_725' title='bbox 1170 5310 1244 5387; x_wconf 91' lang='lat' dir='ltr'><strong>_de</strong></span> <span class='ocrx_word' id='word_1_726' title='bbox 1296 5310 2024 5387; x_wconf 67' lang='lat' dir='ltr'><strong>jussis_imperialibus_in-</strong></span> <span class='ocrx_word' id='word_1_727' title='bbox 2135 5305 2511 5387; x_wconf 75' lang='lat' dir='ltr'><strong>Christianam</strong></span> <span class='ocrx_word' id='word_1_728' title='bbox 2541 5333 2571 5370; x_wconf 89' lang='lat' dir='ltr'><strong>a</strong></span> <span class='ocrx_word' id='word_1_729' title='bbox 2601 5305 2895 5387; x_wconf 26' lang='lat' dir='ltr'><strong>&#39;Patribius</strong></span> <span class='ocrx_word' id='word_1_730' title='bbox 2939 5305 3392 5387; x_wconf 14' lang='lat' dir='ltr'><strong>denominat&#39;amA</strong></span> <span class='ocrx_word' id='word_1_731' title='bbox 3422 5305 3619 5376; x_wconf 79' lang='lat' dir='ltr'><strong>fuisse,</strong></span> <span class='ocrx_word' id='word_1_732' title='bbox 3677 5305 3780 5387; x_wconf 64' lang='lat' dir='ltr'><strong>es.</strong></span> 
     </span>
    </p>
   </div>
   <div class='ocr_carea' id='block_1_110' title="bbox 372 5380 3775 5459">
    <p class='ocr_par' dir='ltr' id='par_1_110' title="bbox 372 5380 3775 5459">
     <span class='ocr_line' id='line_1_115' title="bbox 372 5380 3775 5459; baseline -0.001 -16"><span class='ocrx_word' id='word_1_733' title='bbox 372 5380 723 5459; x_wconf 75' lang='lat' dir='ltr'><strong>terprétatur.</strong></span> <span class='ocrx_word' id='word_1_734' title='bbox 762 5380 1059 5459; x_wconf 29' lang='lat' dir='ltr'><strong>Melius’B.</strong></span> <span class='ocrx_word' id='word_1_735' title='bbox 1091 5380 1635 5459; x_wconf 31' lang='lat' dir='ltr'><strong>S_c‘h_wrifleischius&#39;,</strong></span> <span class='ocrx_word' id='word_1_736' title='bbox 1675 5387 1823 5459; x_wconf 87' lang='lat' dir='ltr'><strong>apud</strong></span> <span class='ocrx_word' id='word_1_737' title='bbox 1852 5384 2015 5459; x_wconf 80' lang='lat' dir='ltr'><strong>Febr.</strong></span> <span class='ocrx_word' id='word_1_738' title='bbox 2131 5386 2669 5459; x_wconf 79' lang='lat' dir='ltr'><strong>servavitSnicerus</strong></span> <span class='ocrx_word' id='word_1_739' title='bbox 2698 5386 2758 5441; x_wconf 91' lang='lat' dir='ltr'><strong>in</strong></span> <span class='ocrx_word' id='word_1_740' title='bbox 2792 5386 3059 5441; x_wconf 70' lang='lat' dir='ltr'><strong>Thesauro</strong></span> <span class='ocrx_word' id='word_1_741' title='bbox 3088 5385 3473 5455; x_wconf 60' lang='lat' dir='ltr'><strong>ecclesiastico,</strong></span> <span class='ocrx_word' id='word_1_742' title='bbox 3535 5392 3670 5441; x_wconf 92' lang='lat' dir='ltr'><strong>tom.</strong></span> <span class='ocrx_word' id='word_1_743' title='bbox 3704 5386 3775 5456; x_wconf 89' lang='lat' dir='ltr'><strong>II,</strong></span> 
     </span>
    </p>
   </div>
   <div class='ocr_carea' id='block_1_111' title="bbox 366 5452 2036 5529">
    <p class='ocr_par' dir='ltr' id='par_1_111' title="bbox 366 5452 2020 5529">
     <span class='ocr_line' id='line_1_116' title="bbox 366 5452 2020 5529; baseline -0.001 -16"><span class='ocrx_word' id='word_1_744' title='bbox 366 5452 633 5515; x_wconf 59' lang='lat' dir='ltr'><strong>Bib&#39;lz&#39;oth.</strong></span> <span class='ocrx_word' id='word_1_745' title='bbox 659 5457 748 5513; x_wconf 87' lang='lat' dir='ltr'><strong>Gr.</strong></span> <span class='ocrx_word' id='word_1_746' title='bbox 784 5455 892 5511; x_wconf 89' lang='lat' dir='ltr'><strong>vol.</strong></span> <span class='ocrx_word' id='word_1_747' title='bbox 935 5453 998 5521; x_wconf 80' lang='grc' dir='ltr'>ν,</span> <span class='ocrx_word' id='word_1_748' title='bbox 1030 5471 1085 5524; x_wconf 89' lang='lat' dir='ltr'><strong>p.</strong></span> <span class='ocrx_word' id='word_1_749' title='bbox 1115 5452 1234 5529; x_wconf 58' lang='grc'>184,</span> <span class='ocrx_word' id='word_1_750' title='bbox 1281 5471 1394 5529; x_wconf 67' lang='lat' dir='ltr'><strong>per</strong></span> <span class='ocrx_word' id='word_1_751' title='bbox 1447 5452 1871 5529; x_wconf 66' lang='grc' dir='ltr'>δόγματαἸιωο</span> <span class='ocrx_word' id='word_1_752' title='bbox 1927 5457 2020 5513; x_wconf 92' lang='lat' dir='ltr'><strong>in-</strong></span> 
     </span>
    </p>
   </div>
   <div class='ocr_carea' id='block_1_112' title="bbox 2167 5452 2417 5529">
    <p class='ocr_par' dir='ltr' id='par_1_112' title="bbox 2167 5457 2417 5529">
     <span class='ocr_line' id='line_1_117' title="bbox 2167 5457 2417 5529; baseline -0.004 -17"><span class='ocrx_word' id='word_1_753' title='bbox 2167 5457 2417 5529; x_wconf 31' lang='lat'><strong>“21441.</strong></span> 
     </span>
    </p>
   </div>
   <div class='ocr_carea' id='block_1_113' title="bbox 365 5524 3770 5601">
    <p class='ocr_par' dir='ltr' id='par_1_113' title="bbox 365 5524 3770 5601">
     <span class='ocr_line' id='line_1_118' title="bbox 365 5524 3770 5601; baseline 0.001 -16"><span class='ocrx_word' id='word_1_754' title='bbox 365 5530 987 5601; x_wconf 66' lang='lat' dir='ltr'><strong>telligitpraetectorum</strong></span> <span class='ocrx_word' id='word_1_755' title='bbox 1028 5524 1473 5601; x_wconf 73' lang='lat' dir='ltr'><strong>provincialium</strong></span> <span class='ocrx_word' id='word_1_756' title='bbox 1525 5524 1727 5584; x_wconf 75' lang='lat' dir='ltr'><strong>edicta.</strong></span> <span class='ocrx_word' id='word_1_757' title='bbox 1782 5529 1887 5601; x_wconf 85' lang='lat' dir='ltr'><strong>Sed</strong></span> <span class='ocrx_word' id='word_1_758' title='bbox 1924 5544 2018 5601; x_wconf 91' lang='lat' dir='ltr'><strong>op-</strong></span> <span class='ocrx_word' id='word_1_759' title='bbox 2196 5527 2307 5599; x_wconf 89' lang='grc'>(71)</span> <span class='ocrx_word' id='word_1_760' title='bbox 2368 5529 2483 5601; x_wconf 17' lang='grc' dir='ltr'><strong>δίον</strong></span> <span class='ocrx_word' id='word_1_761' title='bbox 2514 5528 2772 5586; x_wconf 90' lang='lat' dir='ltr'><strong>nominat</strong></span> <span class='ocrx_word' id='word_1_762' title='bbox 2815 5528 3064 5598; x_wconf 84' lang='lat' dir='ltr'><strong>Judaeos,</strong></span> <span class='ocrx_word' id='word_1_763' title='bbox 3104 5528 3264 5601; x_wconf 75' lang='lat' dir='ltr'><strong>apud</strong></span> <span class='ocrx_word' id='word_1_764' title='bbox 3322 5544 3466 5600; x_wconf 80' lang='lat' dir='ltr'><strong>quos</strong></span> <span class='ocrx_word' id='word_1_765' title='bbox 3520 5527 3770 5599; x_wconf 87' lang='lat' dir='ltr'><strong>primum</strong></span> 
     </span>
    </p>
   </div>
   <div class='ocr_carea' id='block_1_114' title="bbox 363 5595 3763 5672">
    <p class='ocr_par' dir='ltr' id='par_1_114' title="bbox 363 5595 3763 5672">
     <span class='ocr_line' id='line_1_119' title="bbox 363 5595 3763 5672; baseline 0.001 -17"><span class='ocrx_word' id='word_1_766' title='bbox 363 5595 526 5670; x_wconf 71' lang='lat' dir='ltr'><strong>time,</strong></span> <span class='ocrx_word' id='word_1_767' title='bbox 586 5595 878 5669; x_wconf 80' lang='lat' dir='ltr'><strong>inentique</strong></span> <span class='ocrx_word' id='word_1_768' title='bbox 933 5595 1530 5672; x_wconf 36' lang='lat' dir='ltr'><strong>Mathonis-“maxime</strong></span> <span class='ocrx_word' id='word_1_769' title='bbox 1586 5595 2013 5672; x_wconf 73' lang='lat' dir='ltr'><strong>convenienter,</strong></span> <span class='ocrx_word' id='word_1_770' title='bbox 2124 5595 2319 5672; x_wconf 83' lang='lat' dir='ltr'><strong>exorta</strong></span> <span class='ocrx_word' id='word_1_771' title='bbox 2348 5607 2431 5657; x_wconf 91' lang='lat' dir='ltr'><strong>est</strong></span> <span class='ocrx_word' id='word_1_772' title='bbox 2459 5600 2782 5657; x_wconf 87' lang='lat' dir='ltr'><strong>Christiana</strong></span> <span class='ocrx_word' id='word_1_773' title='bbox 2835 5595 3059 5672; x_wconf 74' lang='lat' dir='ltr'><strong>religio.</strong></span> <span class='ocrx_word' id='word_1_774' title='bbox 3100 5595 3244 5672; x_wconf 78' lang='lat' dir='ltr'><strong>Hinc</strong></span> <span class='ocrx_word' id='word_1_775' title='bbox 3299 5595 3383 5657; x_wconf 75' lang='lat' dir='ltr'><strong>est</strong></span> <span class='ocrx_word' id='word_1_776' title='bbox 3438 5595 3588 5672; x_wconf 80' lang='lat' dir='ltr'><strong>quod</strong></span> <span class='ocrx_word' id='word_1_777' title='bbox 3632 5602 3763 5657; x_wconf 85' lang='lat' dir='ltr'><strong>Por-</strong></span> 
     </span>
    </p>
   </div>
   <div class='ocr_carea' id='block_1_115' title="bbox 364 5665 3753 5744">
    <p class='ocr_par' dir='ltr' id='par_1_115' title="bbox 364 5665 3753 5744">
     <span class='ocr_line' id='line_1_120' title="bbox 364 5665 3753 5744; baseline -0.001 -14"><span class='ocrx_word' id='word_1_778' title='bbox 364 5687 431 5730; x_wconf 82' lang='lat' dir='ltr'><strong>ex</strong></span> <span class='ocrx_word' id='word_1_779' title='bbox 463 5665 747 5729; x_wconf 85' lang='lat' dir='ltr'><strong>sententia</strong></span> <span class='ocrx_word' id='word_1_780' title='bbox 785 5665 975 5726; x_wconf 79' lang='lat' dir='ltr'><strong>Henn.</strong></span> <span class='ocrx_word' id='word_1_781' title='bbox 1009 5665 1302 5737; x_wconf 86' lang='lat' dir='ltr'><strong>Dodwelti,</strong></span> <span class='ocrx_word' id='word_1_782' title='bbox 1337 5668 1396 5726; x_wconf 93' lang='lat' dir='ltr'><strong>in</strong></span> <span class='ocrx_word' id='word_1_783' title='bbox 1446 5671 1674 5727; x_wconf 75' lang='lat' dir='ltr'><strong>Dissert.</strong></span> <span class='ocrx_word' id='word_1_784' title='bbox 1725 5665 2014 5744; x_wconf 77' lang='lat' dir='ltr'><strong>Cyprian.,</strong></span> <span class='ocrx_word' id='word_1_785' title='bbox 2120 5671 2380 5744; x_wconf 79' lang='lat' dir='ltr'><strong>phyrius,</strong></span> <span class='ocrx_word' id='word_1_786' title='bbox 2434 5674 2584 5744; x_wconf 84' lang='lat' dir='ltr'><strong>apud</strong></span> <span class='ocrx_word' id='word_1_787' title='bbox 2665 5665 2992 5743; x_wconf 68' lang='lat' dir='ltr'><strong>Eusebium,</strong></span> <span class='ocrx_word' id='word_1_788' title='bbox 3050 5671 3187 5728; x_wconf 81' lang='lat' dir='ltr'><strong>Hist.</strong></span> <span class='ocrx_word' id='word_1_789' title='bbox 3247 5665 3473 5730; x_wconf 46' lang='lat' dir='ltr'><strong>ecclesf</strong></span> <span class='ocrx_word' id='word_1_790' title='bbox 3519 5673 3619 5731; x_wconf 85' lang='lat' dir='ltr'><strong>lib.</strong></span> <span class='ocrx_word' id='word_1_791' title='bbox 3680 5688 3753 5744; x_wconf 76' lang='lat' dir='ltr'><strong>vi,</strong></span> 
     </span>
    </p>
   </div>
  </div>
