4110 6150
1824 363 2338 424 FRAGMENTA.

1261 501 1307 566 §.
1333 499 1430 555 IlI.
1462 500 1679 571 Pragm.
1703 497 1945 568 ejusdem
1974 498 2248 570 Apologia
2278 513 2348 553 ex
2378 496 2644 553 Chronico
2676 496 2831 551 Alex.

372 367 528 427 1213
1824 367 2338 424 FRAGMENTA.
3632 367 3788 426 1214

394 618 401 622 ’
448 612 593 670 Huic
615 613 803 669 statim
837 613 1172 685 subjungam
1209 614 1590 684 fragmentum
1626 632 1693 670 ex
1719 614 1974 671 Chronici
2004 613 2404 682 Alexandrino,
2438 615 2586 686 quod
2621 622 2670 669 et
2709 610 3024 686 Πασχάλιον
3056 629 3154 670 seu
3191 614 3492 671 Chronicon
3528 614 3797 670 Paschale

375 709 626 772 vocatur,
654 704 1040 773 desumptum.
1068 704 1242 771 Hujus
1274 703 1530 759 Chronici
1558 713 1751 760 auctor
1776 705 1843 760 ad
1876 703 2226 774 Olympiadis
2257 706 2663 760 ducentesima:
2723 705 3022 760 tricesimte
3087 714 3255 760 sextae
3308 722 3522 760 annum
3583 721 3790 760 secun-

379 794 537 859 dum,
573 793 890 849 indictione
917 793 1100 861 tertia,
1135 793 1375 849 duorum
1410 801 1816 864 Augustorum,
1849 794 1930 851 M.
1972 794 2184 850 Aurelii
2210 795 2484 850 Antonini
2524 799 2579 850 et
2601 793 2813 850 L.Veri
2843 811 2994 850 anno
3026 796 3078 864 6,
3125 795 3361 865 Orptiito
3419 801 3476 851 et
3533 795 3794 850 Pudente

379 897 530 938 coss.
564 883 713 940 inter
741 881 852 938 alia
887 882 1006 938 bmc
1039 889 1189 938 notat
1211 884 1358 956 (83):

1777 1027 1792 1036 _
1827 993 1858 1025 σ
1887 969 1920 1026 λ
1953 973 1996 1035 ς’
2029 971 2365 1047 ⁸0).υμπιᾶς.

1477 1091 1542 1156 ς’,
1577 1085 1699 1145 Ἰνδ.
1735 1094 1781 1163 γ’
1812 1089 1930 1144 Ὑπ.
1967 1088 2222 1165 Ὀρφίτον
2249 1090 2337 1145 καὶ
2371 1088 2693 1152 Πούδεντος.

451 1206 622 1264 Ἀλλᾶ
644 1227 732 1261 και
781 1205 1036 1264 Μελίτων
1096 1207 1321 1266 Λσιανὸς
1357 1203 1670 1278 Σαρδιανῶν
1703 1202 1996 1267 ἐπίσκοπος
2034 1200 2248 1280 βιϐλίον
2294 1206 2632 1281 Ἀπολογίας
2689 1201 2857 1261 ἔδωκε
2912 1213 3028 1272 τοῖς
3075 1207 3426 1284 λελεγμένοις
3490 1210 3798 1285 βασιλεῦσι,

377 1295 468 1350 καὶ
500 1292 675 1369 ἕτεροι
705 1293 762 1350 δὲ
792 1293 1018 1360 πολλοὶ,
1053 1297 1124 1350 ὧν
1160 1296 1187 1350 ὁ
1223 1296 1316 1369 μὲν
1347 1292 1619 1364 ὃηλωθεῖς
1653 1293 1951 1356 Ἰουστῖνος
1981 1297 2116 1368 μετά
2160 1318 2279 1352 τινα
2340 1295 2508 1370 ἄλλα,
2565 1300 2636 1352 ῶν
2695 1296 2918 1373 ἔγραψε,
2969 1299 3057 1354 καὶ
3116 1304 3276 1355 τοῦτο
3333 1300 3569 1372 ἐνέθηκε·
3631 1302 3797 1376 Κάγὼ

385 1383 700 1460 προσδοκῶ,
733 1406 768 1440 κ
814 1406 865 1441 τ.
899 1384 956 1443 λ.
989 1405 1003 1454 ς
1039 1393 1092 1442 et
1125 1394 1247 1458 post
1274 1387 1409 1440 satis
1437 1385 1666 1455 longum
1699 1401 1764 1440 ex
1795 1385 2022 1441 Justino
2054 1388 2070 1442 f

2165 1396 2456 1458 mentum,
2491 1390 2679 1444 statim
2719 1392 2936 1460 pergit:
3000 1387 3256 1445 Μελίτων
3310 1388 3625 1465 Σαρδιανῶν
3677 1389 3799 1446 ἐπί-

387 1495 612 1543 σκοπος,
649 1474 782 1548 μετᾶ
819 1473 1008 1529 πολλὰ
1035 1479 1141 1529 τῶν
1175 1471 1532 1528 ἐπιδοθέντων
1561 1473 1706 1547 παρὰ
1731 1476 1828 1528 τοῦ
1861 1473 2026 1528 αὐτοῦ
2061 1475 2070 1495 ’

2165 1475 2382 1547 ιστίνου,
2428 1477 2614 1554 φησίν
2681 1501 2709 1528 ‹‹
2767 1479 2955 1535 Melito
3004 1481 3403 1536 Sardianorum
3473 1484 3797 1555 episcopus,

383 1577 508 1639 post
540 1569 721 1623 multa
743 1567 813 1623 ab
845 1569 1045 1624 eodem
1077 1567 1302 1622 Justino
1338 1567 1557 1632 tradita,
1587 1566 1670 1621 sic
1696 1567 1774 1619 ait
1807 1581 1820 1619 :
1857 1588 1884 1615 »

464 1681 582 1737 Οὐκ
611 1681 767 1752 ἒσμὶν
802 1678 969 1743 λίθων
999 1677 1258 1752 οὐδεμίαν
1288 1677 1532 1749 α’ίσθησιν
1581 1677 1822 1752 ἐχόντων
1879 1681 2034 1753 θερα-

383 1770 594 1841 πευταὶ,
650 1767 797 1824 ἀλλὰ
854 1769 1024 1842 μόνον.)
1082 1767 1234 1834 Θεοῦ,
1284 1773 1381 1823 τοῦ
1413 1768 1517 1843 πρὸ
1550 1769 1786 1838 πάντων,
1819 1769 1909 1822 καὶ
1942 1767 2030 1823 ἐπὶ

2217 1683 2341 1739 Non
2377 1683 2858 1754 sumusltpidum
2914 1699 3084 1739 sensu
3145 1686 3460 1741 carentium
3521 1687 3793 1760 cultores,

2143 1772 2239 1826 sed
2273 1773 2452 1828 solius
2489 1774 2605 1841 Dei,
2634 1775 2729 1844 qui
2760 1782 2840 1828 est
2899 1777 3032 1828 ante
3069 1775 3284 1841 omnia,
3329 1779 3384 1830 et
3418 1777 3472 1831 in
3507 1779 3799 1846 omnibus,

2141 1866 2194 1915 et
2226 1870 2494 1930 praeterea
2526 1862 2732 1918 Christi
2764 1862 2907 1932 ejus,
2939 1861 3033 1931 qui
3066 1878 3192 1919 vere
3224 1871 3308 1920 est
3340 1869 3485 1922 Deus
3547 1865 3799 1924 Verbum

2141 1958 2273 2006 ante
2295 1951 2526 2017 saecula,
2558 1953 2880 2007 adoratores
2912 1965 3133 2006 sumus.

388 1859 629 1929 πάντων,
660 1857 749 1912 καὶ
785 1856 872 1912 ἐπὶ
905 1857 1001 1931 [ἳσ.
1035 1856 1136 1930 ἔτι]
1193 1863 1290 1912 τοῦ
1350 1861 1586 1932 Χριστοῦ
1636 1856 1799 1911 αὐτοῦ
1859 1853 2029 1919 ὅντως

387 1951 520 2003 Θεοῦ
553 1946 728 2022 Λόγου
765 1949 872 2020 πρὸ
905 1948 1142 2019 αἰώνων,
1174 1945 1332 2020 ἒσμὶν
1374 1945 1718 2021 θρησκευταί.

456 2100 642 2158 Habes
673 2101 779 2158 hoc
811 2117 1035 2173 quoque
1061 2102 1439 2171 fragmentum
1466 2103 1615 2172 apud
1649 2101 2012 2168 lla]loixium,
2040 2102 2132 2172 qui
2167 2109 2359 2158 tamen
2417 2102 2697 2159 incertum
2758 2103 2945 2172 habet,
3005 2121 3035 2160 e
3097 2120 3206 2174 quo
3263 2105 3440 2160 sancti
3493 2106 3600 2161 viri
3660 2105 3803 2161 libro

379 2193 470 2249 sit.
505 2192 673 2260 Mihi,
705 2193 1102 2249 antecedentia
1134 2192 1480 2262 reSpicienti,
1515 2193 1736 2248 nullum
1770 2192 2176 2264 propemodum
2202 2194 2734 2259 remanetdubium,
2774 2195 2908 2263 quin
2951 2210 3018 2248 ex
3076 2194 3337 2264 Apologia
3373 2209 3477 2264 pro
3536 2193 3806 2248 Christia-

377 2281 472 2336 nis
502 2281 642 2336 illud
676 2286 923 2350 credam,
953 2297 1058 2352 qua
1085 2281 1141 2336 in
1177 2283 1502 2350 conjectura
1524 2280 1687 2338 video
1719 2284 1888 2337 etiam
1919 2281 2342 2338 Tillemontium
2371 2291 2423 2336 et
2459 2283 2766 2351 Dupinium
2807 2297 2950 2336 esse.
2998 2282 3332 2339 Obserwthis
3381 2299 3545 2352 porro
3593 2291 3648 2338 et
3698 2284 3805 2340 hoc

383 2388 450 2428 ex
483 2370 1140 2428 ChroniciAle.vundrini
1171 2372 1302 2440 fide,
1335 2371 1745 2426 Melitonemin
1779 2387 1878 2426 sua
1905 2371 2164 2441 Apologia
2224 2372 2420 2426 eadem
2473 2371 2588 2425 fere
2642 2371 2872 2436 dixisse,
2933 2386 2999 2426 ac
3045 2372 3324 2426 Justinum
3384 2381 3686 2441 martyrem
3744 2373 3806 2427 in

385 2476 487 2516 suo
517 2461 857 2532 Apologelico
907 2463 975 2516 ad
1028 2462 1376 2516 Antoninum
1439 2461 1618 2514 Pium.
1675 2461 1944 2515 Provocat
2002 2475 2151 2529 saepe
2205 2462 2273 2514 ad
2328 2459 2434 2514 hoc
2495 2461 2870 2528 fragmentum
2903 2459 3410 2534 Whistonus(84),
3460 2462 3531 2517 ob
3569 2462 3807 2517 hazresin

381 2550 648 2605 Arianam
680 2550 930 2605 Ecclesia
962 2548 1281 2620 Anglicana
1310 2556 1364 2604 et
1395 2549 1692 2604 Academia
1714 2547 2419 2618 Cantabrigiensiejectus.
2453 2548 2544 2602 Sic
2586 2565 2639 2601 v.
2699 2563 2751 2603 c.
2811 2548 3048 2618 probare
3103 2550 3311 2604 exinde
3369 2553 3572 2614 studet,
3623 2550 3804 2606 Deum

387 2643 604 2694 Patrem
639 2638 806 2694 unice
835 2640 1210 2705 adorandum,
1244 2645 1298 2692 et
1332 2637 1597 2706 primario
1630 2637 1990 2692 solummodo
2023 2652 2145 2692 esse
2167 2637 2473 2692 colendum
2527 2637 2660 2707 (85).
2722 2637 2893 2692 Porro
2943 2638 3053 2694 hoc
3111 2655 3336 2710 quoque
3388 2641 3521 2696 inde
3579 2641 3802 2696 exscul-

383 2742 519 2797 pere
551 2726 688 2796 vult,
720 2728 1008 2783 Christum
1043 2729 1226 2798 quoad
1260 2735 1542 2795 naturam,
1569 2726 1840 2780 attributa
1869 2733 1922 2780 et
1945 2727 2319 2796 perfectiones
2349 2727 2568 2782 divinas
2600 2727 2712 2782 Deo
2735 2726 2882 2781 Patri
2918 2729 3156 2782 mnltum
3177 2730 3788 2801 esseinferiorem(86).

377 2818 620 2873 Sandius
678 2833 900 2888 quoque
957 2818 1068 2888 (87)
1131 2833 1196 2872 cx
1249 2817 1356 2872 hoc
1417 2816 1540 2872 loco
1592 2825 1784 2885 aperte
1843 2817 2152 2885 profitetur,
2215 2815 2541 2870 Melitonem
2592 2816 2743 2870 circa
2773 2815 3122 2870 divinitatem
3157 2817 3364 2873 Christi
3387 2819 3628 2873 sensisse
3659 2835 3787 2873 cum

379 2907 538 2976 Ario,
571 2924 602 2962 a
636 2922 874 2978 quorum
909 2906 1214 2962 calumniis
1245 2921 1361 2961 non
1392 2921 1533 2975 opus
1563 2921 1687 2960 esse
1725 2920 1928 2960 censeo
1961 2912 2018 2959 ut
2052 2905 2247 2959 multis
2277 2904 2578 2959 defendam
2611 2908 2890 2974 nostrum,
2926 2905 3046 2974 qui,
3079 2905 3316 2961 Eusebio
3357 2907 3576 2977 judice,
3630 2907 3786 2962 Chri-

373 2999 446 3053 sti
479 2998 837 3055 divinitatem
869 2997 1142 3069 potiusin
1166 2997 1392 3067 scriptis
1421 2997 1537 3052 suis
1565 2996 1804 3051 astruxit
1827 2995 2086 3065 mirifice,
2119 2997 2587 3065 Servatoremque
2617 2999 2876 3049 nostrum
2927 2998 3100 3049 Deum
3154 2994 3325 3049 simul
3383 3003 3548 3065 atque
3606 2996 3790 3051 homi-

374 3104 509 3144 nem
541 3105 734 3146 verum
767 3088 1190 3146 demonstravit.

325 3174 332 3179 ’
1585 3181 1612 3246 §
1639 3177 1731 3234 1V.
1759 3180 1980 3249 Fragm.
2013 3192 2070 3231 ea

2165 3171 2362 3248 ιλογῶν
2399 3173 2583 3230 libris.

449 3296 776 3353 Proximum
810 3297 1208 3369 fragmentum,
1243 3297 1390 3369 quod
1424 3292 1791 3369 ϐΧἘκλογῶν
1824 3293 2100 3367 prommio
2129 3294 2491 3364 desumptum
2526 3300 2633 3359 est,
2667 3292 2853 3347 denuo
2900 3293 3054 3348 dabit
3101 3293 3393 3364 Eusebius,
3432 3295 3600 3350 citato
3648 3294 3796 3365 loco,

376 3386 545 3442 itade
606 3388 804 3444 eodem
861 3387 1168 3458 praefatus:
1227 3384 1406 3442 Ἀλλὰ
1451 3387 1620 3439 ταῦτα
1680 3385 1771 3458 μὲν
1819 3383 1870 3438 ἐν
1930 3387 2008 3455 τῷ
2061 3379 2070 3434 i

2165 3385 2364 3445 ,ωθὲντι
2421 3379 2650 3436 τέθειται
2709 3378 2886 3456 λόγῳ,
2943 3380 2994 3434 ἐν
3052 3377 3108 3434 δὲ
3136 3382 3619 3456 ταῖς’γραφείσαις
3651 3381 3798 3454 αὐτῷ

379 3473 671 3550 Ἐκλογοῖς
725 3475 752 3528 ὁ
811 3475 974 3536 αὐτὸς
1029 3476 1160 3548 μετᾶ
1217 3476 1278 3530 τὸ
1336 3475 1630 3550 προοίμιον
1689 3473 2020 3548 ἀρχόμενος,
2069 3474 2176 3525 τῶν
2228 3467 2694 3544 ὁμολογουμένων
2729 3475 2830 3538 τῆς
2898 3467 3142 3532 Παλαιᾶς
3227 3473 3501 3542 Διαθήκης
3567 3475 3791 3550 Γραφῶν

383 3569 618 3618 ποιεῖται
653 3564 975 3639 κατάλογονί
1011 3563 1068 3619 ὅν
1089 3565 1179 3620 καὶ
1228 3564 1510 3639 ἀναγκαῖον
1561 3565 1788 3627 ἐνταῦθα
1829 3560 2115 3630 καταλέξαι
2171 3560 2479 3635 ἡγούμεθα,
2538 3558 2736 3635 ἔχοντα
2786 3557 2874 3614 ἐπὶ
2911 3557 3108 3630 λὲξεως
3131 3561 3327 3620 οὕτως·
3360 3563 3401 3618 ἱ.
3439 3580 3488 3618 e.
3526 3585 3554 3614 «
3583 3564 3716 3619 Haec
3738 3564 3797 3619 in

383 3670 555 3725 supra
585 3655 736 3712 dicto
768 3655 1057 3713 Melitonis
1088 3656 1235 3712 libro
1261 3657 1562 3726 (Apologia;
1592 3655 1744 3724 scil.)
1779 3655 2061 3724 leguntur.
2100 3653 2255 3708 Idem
2291 3652 2349 3706 in
2381 3653 2687 3722 Excerptis,
2719 3650 2790 3706 ab
2813 3651 2938 3722 ipso
2961 3652 3308 3721 compositis,
3342 3653 3635 3708 universos
3681 3652 3794 3707 Ve-

384 3745 518 3798 teris
538 3743 880 3799 Testamenti
945 3744 1137 3811 libros,
1194 3746 1286 3815 qui
1318 3745 1574 3800 omnium
1624 3759 1905 3801 consensu
1939 3742 2149 3813 recepti
2208 3750 2362 3808 sunt,
2413 3743 2600 3797 statim
2651 3743 2710 3796 in
2757 3741 3036 3811 principio
3093 3743 3279 3812 operis
3311 3751 3583 3800 recenset.
3617 3745 3795 3809 Quem

380 3834 612 3904 quidem
636 3835 884 3891 indicem
919 3835 1025 3890 hoc
1059 3835 1180 3892 !oco
1210 3851 1499 3907 apponere
1529 3834 1916 3891 necessarium
1949 3831 2157 3905 putavi.
2190 3831 2282 3888 Sic
2313 3838 2500 3888 autem
2532 3830 2702 3886 habet
2732 3832 2798 3886 ad
2833 3829 3062 3886 verbum
3098 3847 3111 3885 :
3148 3854 3175 3880 »

459 3959 712 4017 Μελίτων
746 3961 1032 4034 Ὀνησίμῳ
1203 3965 1282 4033 τῷ
1313 3957 1535 4037 ἀδελφῷ
1565 3962 1678 4033 (89)
1704 3960 1942 4037 χαίρειν.

461 4047 684 4118 Ἐπειδὴ
718 4047 992 4109 πολλάκις
1023 4049 1285 4118 ἠξῖωσας,
1310 4044 1519 4120 σπουδῇ
1550 4052 1618 4121 τῇ
1651 4047 1786 4120 πρὸς
1818 4047 1907 4100 τὸν
1939 4043 2034 4100 λό-

378 4160 477 4215 γον
513 4140 830 4217 χρώμενος,
857 4137 1101 4214 γενέσθαι
1134 4159 1221 4192 σοι
1252 4136 1482 4212 ἐκλογὰς
1513 4135 1572 4191 ἔκ
1599 4157 1657 4191 τε
1685 4141 1780 4190 τοῦ
1837 4135 2032 4209 νόμου,

379 4230 472 4283 καὶ
501 4233 611 4282 τῶν
645 4232 971 4304 προφητῶν,
1001 4226 1123 4301 περὶ
1153 4231 1254 4282 τοῦ
1289 4233 1548 4301 Σωτῆρος
1578 4225 1668 4280 καὶ
1699 4226 1876 4296 πάσης
1934 4233 2037 4294 τῆς

386 4318 618 4381 πίστεως
651 4321 834 4391 ἡμῶν,
857 4313 936 4372 ἔτι
966 4338 1022 4373 τε
1068 4317 1158 4372 καὶ
1221 4322 1405 4390 μαθεῖν
1455 4319 1552 4386 τὴν
1610 4320 1715 4371 τῶν
1784 4316 2033 4371 παλαιῶν

386 4403 624 4483 βιϐλίων
655 4404 970 4477 ἐϐουλήθης
1004 4401 1304 4481 ἀκρίϐειαν,
1340 4406 1480 4461 πόσα
1509 4406 1600 4460 τὸν
1655 4406 1910 4480 ἀριθμὸν,
1943 4407 2032 4460 καὶ

387 4501 553 4554 ὁποῖα
575 4497 678 4566 τήν
706 4495 854 4569 τάξιν
888 4496 1016 4563 εἶεν,
1061 4492 1366 4550 ἐσπούδασα
1418 4495 1480 4550 τό
1537 4497 1755 4548 τοιοῦτο
1813 4497 2032 4568 πρᾶξαι,

382 4671 482 4726 ubi
513 4685 578 4726 ex
602 4668 688 4724 bis
719 4668 862 4738 ipsis
893 4666 1176 4723 Melitonis
1207 4666 1392 4722 verbis
1423 4667 1906 4738 probat,edictum
1935 4669 2039 4725 sub

385 4744 472 4799 Pii
504 4742 736 4798 nomine
753 4742 896 4810 apud
926 4738 1418 4811 Eusebium,_ideo
1449 4739 1534 4811 Pii
1557 4757 1678 4797 esse
1711 4757 1824 4797 non
1852 4757 2036 4811 posse,

385 4815 518 4886 quia
541 4813 613 4868 sit
650 4808 991 4886 inscriptum
1013 4809 1336 4886 _ad__xotvbv_
1385 4808 1592 4886 ζΑσίας,
1632 4808 1869 4868 οιηηεε’
1891 4808 2036 4868 Asiae

391 4880 578 4949 urbes,
613 4900 727 4938 non
761 4898 890 4937 vero
912 4884 978 4937 ad
1013 4880 1264 4937 Helladis
1289 4881 1545 4938 civitates
1575 4891 1815 4939 tantum.

459 4957 570 5026 (83)
622 4953 906 5009 Editionis
959 4954 1287 5016 Parisianze,
1348 4969 1517 5024 quam
1567 4957 1758 5011 studio
1803 4963 1858 5010 et
1887 4969 2035 5009 curae

387 5029 572 5084 Caroli
629 5027 931 5092 Dufresne,
997 5030 1155 5080 Dom.
1231 5028 1308 5078 Du
1340 5026 1528 5096 Gange
1577 5027 1869 5093 debemus,
1907 5043 2030 5093 pag.

385 5098 676 5225 ἓὲἣωῦἰη
711 5098 944 5223 forpore
969 5097 1299 5168 Byzantina,
1362 5104 1496 5153 tom.
1559 5097 1660 5165 Ill,
1725 5115 1848 5169 pag.
1905 5099 2032 5164 206,

388 5187 418 5225 e
464 5186 476 5223 ι
513 5212 524 5223 .
609 5185 756 5225 ene.

388 5171 524 5226 edit.
564 5171 756 5225 Venet.

458 5241 743 5311 (Whistou
806 5239 866 5294 in
925 5241 1012 5294 his
1070 5239 1314 5295 Account
1369 5243 1425 5307 o/
1481 5239 1573 5296 the
1637 5241 1795 5296 Faith
1839 5243 1900 5311 of
1946 5240 2038 5294 the

385 5319 498 5368 two
527 5313 645 5383 ﬁrst
678 5311 983 5377 Centuries,
1015 5313 1345 5381 ccncerning
1376 5311 1466 5366 the
1497 5327 1625 5367 over
1656 5313 1867 5368 blessed
1925 5312 2038 5366 Tri-

385 5388 532 5454 nity,
558 5384 670 5439 and
700 5385 792 5437 the
822 5384 1176 5437 lncarnation
1205 5383 1277 5451 of
1288 5399 1390 5438 our
1408 5383 1566 5438 Lord.

457 5457 568 5525 (85)
593 5456 768 5512 Artic.
799 5454 857 5518 2,
891 5471 1018 5525 pag.
1041 5455 1132 5507 69.
1157 5454 1411 5525 ATitulpus
1445 5455 1613 5525 hujus
1642 5455 1863 5511 articuli
1895 5458 1981 5510 est
2016 5471 2029 5510 :

388 5523 498 5583 Gud
528 5523 617 5582 the
650 5523 990 5597 Father,and
1009 5527 1093 5580 He
1121 5523 1286 5597 alone
1319 5523 1368 5579 is
1399 5535 1450 5580 to
1478 5523 1841 5597 beprimarify
1863 5543 2032 5581 wors-

388 5598 577 5678 hipp’d
601 5598 721 5678 and
741 5596 974 5678 adord’d
998 5613 1011 5663 ;
1040 5612 1106 5651 or
1127 5596 1197 5678 in
1221 5596 1311 5651 the
1333 5601 1470 5678 prosi
1487 5613 1687 5678 propre
1717 5596 2035 5678 sense,_and

388 5671 451 5727 in
481 5669 573 5725 the
604 5670 816 5738 highest
837 5683 1069 5723 manner
1099 5685 1112 5723 :
1141 5669 1224 5722 He
1251 5667 1378 5738 only
1413 5667 1572 5737 being
1590 5667 1948 5739 iheﬂhjecto
1978 5671 2043 5741 of

2483 3959 2677 4015 Melito
2709 3958 2980 4014 Onesimo
3009 3959 3164 4014 fratri
3191 3960 3454 4016 salutem.

2218 4051 2356 4106 Cnm
2391 4065 2494 4120 pro
2520 4065 2712 4104 amore
2743 4064 2808 4105 ac
2839 4049 3024 4105 studio
3057 4055 3152 4103 tuo
3211 4066 3342 4119 erga
3400 4049 3629 4105 verbum
3671 4050 3794 4118 Dei,

2148 4141 2348 4210 saepius
2378 4156 2409 4192 a
2467 4154 2552 4193 me
2606 4137 2998 4208 postulaveris,
3036 4143 3097 4192 ut
3153 4147 3411 4209 excerpta
3443 4142 3700 4211 quaedam
3731 4157 3798 4196 ex

2150 4231 2269 4297 lege
2300 4233 2354 4285 et
2387 4228 2694 4299 prephetis,
2722 4244 2846 4298 quae
2875 4230 2938 4281 ad
2971 4229 3319 4284 Servalorem
3361 4238 3414 4284 et
3462 4232 3530 4284 ad
3567 4231 3796 4287 univer-

2148 4333 2264 4372 sam
2327 4317 2494 4372 tidem
2547 4325 2795 4372 nostram
2855 4317 3160 4386 pertinent,
3195 4317 3294 4373 tibi
3353 4333 3793 4389 componerem;

2149 4422 2388 4477 cumque
2427 4405 2601 4462 libros
2651 4406 2868 4462 Veteris
2898 4406 3244 4462 Tcstamenti
3276 4416 3536 4466 accurate
3591 4425 3797 4480 cogno-

2149 4512 2306 4552 scere
2334 4496 2753 4568 concupiveris,
2788 4503 2919 4566 quot
2967 4512 3204 4552 numero
3257 4506 3310 4554 et
3367 4514 3476 4570 quo
3534 4499 3650 4555 sint
3705 4515 3798 4555 or-

2152 4669 2240 4723 the
2262 4683 2514 4743 supreme
2543 4667 2734 4743 degree
2763 4670 2826 4739 of
2836 4666 2980 4743 such
3011 4667 3201 4743 divine
3229 4670 3470 4743 worship
3516 4670 3625 4726 and
3666 4672 3796 4728 ado-

2152 4739 2335 4794 ration
2371 4739 2606 4810 through
2628 4744 2789 4794 Jesus
2819 4739 3046 4793 Christi.

2225 4811 2631 4885 (86)_Artic.8,‘
2674 4827 2796 4885 pag.
2851 4812 2981 4885 _18!i,
3039 4812 3368 4885 inscribitur
3425 4813 3532 4870 hoc
3591 4821 3797 4885 caput:

2148 4881 2300 4938 Jesus
2321 4881 2558 4947 Christi,
2589 4881 2678 4935 the
2707 4881 2880 4951 Word,
2911 4885 3023 4936 and
3043 4899 3138 4938 son
3162 4888 3219 4953 ο]
3247 4884 3376 4940 God.
3429 4888 3476 4939 is
3521 4904 3558 4941 a
3613 4881 3800 4941 divine

2150 4956 2354 5026 Being,
2387 4970 2455 5026 or
2477 4957 2705 5019 Persen,
2733 4955 2829 5026 [ar
2877 4953 3112 5020 inferior
3141 4959 3193 5008 to
3243 4955 3331 5010 his
3369 4956 3568 5012 Fat/ter
3597 4956 3657 5012 in
3695 4974 3796 5012 na-

2150 5023 2613 5086 turefattributes
2645 5023 2754 5076 and
2780 5025 3125 5092 per/ectioas.

2219 5098 2330 5162 (87)
2362 5099 2603 5152 Sandius
2635 5095 2692 5149 in
2724 5094 2926 5150 Nucleo
2955 5096 3086 5150 hist.
3113 5097 3331 5168 ecclesq
3365 5113 3494 5168 pag.
3531 5099 3614 5151 13.

2217 5170 2331 5239 (88)
2369 5167 2671 5240 Nicephor.
2705 5168 2846 5220 Hist.
2880 5167 3074 5221 eccles.
3110 5167 3208 5223 lib.
3234 5185 3310 5232 IV,
3344 5167 3468 5240 cap.
3507 5171 3594 5238 10,
3643 5169 3794 5226 One-

2148 5239 2441 5309 siphorum
2475 5238 2712 5294 vocavit.
2823 5295 2830 5299 _

2217 5312 2327 5382 (89)
2359 5312 2602 5366 Fratrem
2639 5312 2821 5383 vocat,
2853 5307 2971 5364 sive
3000 5310 3144 5383 quod
3171 5317 3329 5364 erant
3366 5312 3564 5368 iisdem
3601 5329 3796 5383 paren-

2145 5383 2297 5436 tibus
2331 5383 2466 5447 nati,
2509 5385 2624 5437 sive
2655 5381 2803 5450 quod
2842 5387 2954 5434 erat
2988 5382 3361 5450 Christianus.
3395 5381 3796 5440 Tillemontius

2145 5454 2323 5527 ct_qui
2356 5470 2483 5508 eum
2517 5459 2584 5527 ut,
2613 5448 3086 5527 plurimumaara
3146 5448 3288 5527 πόᾷα
3317 5459 3609 5527 sequitur,
3644 5473 3793 5527 saepe

2143 5524 2314 5580 etiam
2340 5526 2619 5598 exscribit
2646 5523 2894 5592 Ceillier,
2922 5523 2981 5577 ll.
3007 5539 3092 5580 cc.
3125 5523 3470 5598 Christianos
3496 5523 3796 5598 primaevus

2143 5613 2206 5670 se
2236 5597 2477 5670 invicem
2504 5597 2752 5670 fratrum
2786 5596 3385 5670 nomineappetlasse,
3435 5596 3632 5670 probat
3665 5601 3796 5657 Bin-

2141 5669 2309 5739 gham
2349 5668 2568 5740 Origin.
2600 5683 2744 5724 sacr.
2777 5667 2888 5724 vol.
2922 5669 2965 5723 Ι.
3003 5667 3102 5726 lib.
3130 5667 3176 5740 ι,
3208 5684 3336 5741 cap.
3374 5671 3426 5726 1.
