4110 6150
338 340 494 400 1215

1420 336 1487 397 S.
1536 332 1829 396 MELITO
1875 334 2228 397 SARDIUM
2277 334 2727 399 EPISCOPUS.

3606 340 3776 401 1216

342 471 477 527 dine
509 469 837 539 conscripti,
870 468 1223 541 id‘perlicere
1259 468 1419 525 omni
1468 469 1659 525 studio
1716 468 1985 525 laboravi.

2129 465 2459 540 πιστάμενός
2488 489 2585 523 σου
2621 467 2685 522 τὸ
2717 465 3011 523 σπουδαῖον
3059 466 3185 543 περὶ
3237 470 3337 539 τὴν
3392 469 3595 541 πίστιν,
3659 470 3768 525 καὶ

342 559 472 615 Scio
504 560 715 630 quippe
737 564 946 628 quanto
970 556 1099 612 ﬁdei
1132 557 1352 626 ardore,
1382 564 1433 613 et
1468 564 1678 628 quanta
1739 557 2000 614 discendi

340 649 643 719 copiditatc
672 652 894 717 ﬂagres,
931 654 1091 719 teque
1140 647 1425 718 prazcipue
1454 646 1525 703 ob
1584 663 1837 703 amorem
1904 646 2000 702 Dei

339 739 446 794 ista
470 737 735 793 omnibus
769 735 943 791 rebus
971 736 1252 792 anteferre
1300 753 1400 808 pro
1454 740 1748 806 comperto
1798 734 1997 801 habeo,

341 833 393 885 et
422 834 648 883 aeternae
679 825 878 881 salutis
909 825 1230 882 obtinendae
1262 841 1431 883 causa
1453 829 1762 884 decertare.

411 917 525 987 Ego
556 915 727 987 igitur
755 930 887 971 cum
919 915 979 971 in
1012 915 1303 971 Orientem
1348 915 1633 986 profectus
1677 931 1881 984 essem,
1943 919 1999 971 et

339 1007 409 1064 ad
442 1006 631 1063 locum
660 1006 847 1077 ipsum
882 1005 1287 1077 pervenissem,
1318 1007 1379 1062 in
1412 1022 1522 1078 quo
1553 1006 1671 1063 haec
1732 1014 1785 1062 et
1856 1022 2000 1077 prae—

343 1097 525 1153 dicata
556 1104 609 1152 et
660 1104 815 1167 gesta
871 1095 1008 1152 olim
1067 1096 1315 1165 fuerunt,
1373 1096 1598 1152 Veteris
1651 1096 1999 1154 Testamenti

342 1191 521 1247 libros
574 1190 881 1262 diligenter
936 1189 1136 1258 didici,
1187 1206 1498 1260 eorumque
1552 1191 1803 1248 indicem
1851 1190 2000 1246 infra

338 1278 661 1350 subjectum
688 1280 757 1334 ad
792 1286 844 1335 te
867 1278 1017 1336 misi.
1054 1283 1146 1333 Est
1176 1286 1367 1335 autem
1399 1279 1715 1350 ejusmodi:

409 1366 623 1438 Moysis
655 1368 783 1424 libri
817 1368 1118 1441 quinque:
1167 1369 1423 1436 Genesis,
1484 1370 1739 1435 Exodus,
1792 1367 1996 1425 Leviti-

336 1456 1245 1526 cus,Numeri,Deuteronomium
1272 1478 1286 1526 ;
1311 1460 1471 1515 Jesus
1498 1458 1701 1528 Naves,
1743 1459 1997 1527 Judices,

340 1546 513 1614 Ruth,
545 1546 866 1617 Regnorum
890 1547 1023 1603 libri
1047 1553 1311 1619 quatuor,
1352 1550 1828 1619 Paralipomenon
1860 1550 1993 1614 duo,

339 1636 551 1692 Psalmi
582 1636 831 1703 Davidis,
866 1637 1186 1694 Salomonis
1249 1639 1570 1710 Proverbia,
1622 1656 1746 1709 qua:
1788 1646 1842 1695 et
1891 1639 1993 1694 Sa-

340 1726 576 1797 pientia,
628 1725 1024 1795 Ecclesiastes,
1096 1728 1392 1788 Canticum
1444 1729 1819 1795 canticorum,
1869 1728 1996 1801 Job,

338 1815 743 1887 prophetarum
801 1817 982 1886 Isaiae,
1016 1817 1299 1886 Jeremiae,
1334 1823 1392 1875 et
1424 1818 1721 1875 duodecim
1748 1818 1991 1889 prophe-

342 1911 523 1960 tarum
556 1903 701 1960 liber
733 1920 902 1976 unus,
936 1906 1155 1976 Daniel,
1197 1907 1479 1974 Ezechiel,
1514 1908 1734 1964 Esdras.
1768 1908 1848 1963 Ex
1902 1905 1992 1962 his

333 1991 509 2064 igitur
563 1999 826 2064 excerpta
876 1993 1106 2064 collegi,
1166 2010 1287 2065 quae
1320 1993 1380 2051 in
1411 2010 1508 2051 sex
1539 1992 1715 2051 libros
1747 1993 1987 2065 partitus

2107 556 2413 630 φιλομαθὲς
2436 558 2559 633 περὶ
2580 559 2672 612 τὸν
2686 555 2876 633 λόγον·
2904 556 2989 613 ὅτι
3026 579 3077 613 τε
3101 557 3339 631 μάλιστα
3359 560 3579 614 πάντων
3602 558 3770 632 πόθῳ

2104 652 2183 719 τῷ
2224 648 2360 721 πρὸς
2393 648 2519 702 Θεὸν
2552 652 2723 703 ταῦτα
2760 646 3073 723 «percpi-let;
3102 646 3227 724 περὶ
3259 655 3355 718 τῆς
3387 647 3611 703 αἰωνίου
3644 670 3769 704 σω-

2103 734 2296 811 τηρίας
2323 736 2746 812 ἀγωνιζόμενος.

2179 896 2450 963 Ἀνελθὼν
2484 897 2577 954 οὖν
2597 898 2671 962 εἷς
2693 900 2790 968 τὴν
2824 897 3095 968 ἀνατολὴν
3126 900 3264 974 (90),
3295 900 3384 955 καὶ
3416 895 3521 965 ἕως
3547 903 3646 955 τοῦ
3666 900 3775 956 τό-

2104 1007 2214 1041 που
2239 989 2554 1063 γενόμενος,
2586 983 2708 1045 ἔνθα
2739 988 3023 1068 ἐκηρύχθη
3056 989 3145 1043 καὶ
3179 987 3454 1067 ἒπράχθη,
3477 990 3566 1043 καὶ
3600 989 3774 1064 ἀκρι-

2106 1071 2218 1138 ϐῶς
2253 1079 2437 1150 μαθὼν
2470 1078 2539 1134 τὰ
2566 1085 2666 1149 τῆς
2700 1078 2943 1140 Παλαιᾶς
2976 1079 3253 1150 suam;
3288 1072 3458 1155 βιϐἶα,
3493 1078 3776 1149 ὑποτάξας

2105 1160 2323 1242 ἔπεμψά
2346 1188 2454 1241 σοι,
2483 1168 2556 1223 ὧν
2585 1167 2698 1224 ἐστι
2732 1169 2801 1223 τὰ
2830 1168 3094 1242 ὀνόματα.

2175 1349 2456 1409 Μωυσέως
2487 1346 2662 1403 πέντε·
2696 1347 2931 1415 Γὲνεσις,
2957 1343 3210 1418 Ἕξοδος,
3259 1346 3566 1421 Λευιτικὸν,
3599 1348 3765 1423 Ἀρι-

2105 1440 2259 1513 θμοὶ,
2303 1437 2750 1514 Δευτερονόμιον·
2800 1438 3009 1508 Ἰησοῦς
3069 1442 3243 1507 Ναυῆ,
3301 1436 3515 1511 Κριταὶ,
3574 1441 3769 1506 Ῥουθ,

2104 1527 2408 1586 Βασιλειῶν
2436 1529 2691 1602 τέσσαρα,
2751 1521 3252 1602 Παραλειπομὲνων
3322 1523 3441 1594 δύο,
3500 1526 3765 1598 maiae»

2102 1616 2293 1689 Δαϐὶδ,
2326 1618 2695 1693 Σολομῶντος
2737 1616 3058 1692 Παροιμίαι,
3086 1618 3141 1671 αἳ
3175 1617 3265 1671 καὶ
3290 1618 3467 1694 Σοφία
3495 1618 3771 1688 (91),Ἐκο

2100 1710 2459 1780 κλησιαστὴς,
2496 1710 2682 1781 ’ᾼσμα
2711 1701 3151 1780 ᾀσμάτων,Ἰὼϐ,
3182 1708 3488 1783 Προφητῶν
3514 1703 3767 1774 Ἡσαΐου,

2099 1799 2516 1874 Ἱερεμίου,τῶν
2551 1795 2762 1853 δώδεκα
2791 1795 2843 1851 ἐν
2907 1790 3252 1869 μονοϐἱϐλῳ,
3309 1793 3535 1865 Δανιὴλ,
3592 1794 3765 1849 Ἰεσε-

2100 1888 2259 1959 κιήλ,
2292 1884 2551 1963 Ἔσδρας.
2582 1888 2668 1958 Ἐξ
2702 1887 2775 1942 ὧν
2799 1888 2890 1941 καὶ
2919 1886 3014 1950 τὰς
3047 1884 3274 1963 ὲκλογᾶς
3309 1882 3652 1961 ἐποιησάμην
3681 1882 3768 1944 εἷς

2098 1977 2151 2053 ἓξ
2196 1975 2392 2056 βιϐλία
2425 1977 2645 2038 διελών.

336 2096 484 2138 sum.

412 2171 528 2228 Hoc
557 2171 937 2242 fragmentum
971 2172 1059 2229 vel
1088 2172 1216 2229 ideo
1245 2172 1530 2242 quantivis
1556 2173 1725 2245 pretii
1754 2178 1838 2230 est
1866 2165 2269 2242 repetendum,
2303 2161 2438 2234 quia
2467 2167 2725 2219 exactum
2749 2174 3043 2217 sacrorum
3092 2158 3398 2227 librorum,
3438 2158 3501 2215 in
3546 2170 3779 2214 canone

337 2258 556 2317 Veteris
588 2261 929 2318 Testamenti
978 2268 1356 2332 receptorum,
1404 2263 1662 2319 continet
1713 2259 2054 2329 catalogum,
2106 2254 2204 2328 qui
2250 2252 2509 2310 omnium
2564 2250 2785 2322 primus
2832 2255 2937 2316 est,
2993 2263 3158 2320 quem
3218 2248 3365 2319 apud
3415 2245 3776 2303 Christianos

342 2351 645 2421 scriptores
722 2353 1070 2409 invenimus.
1128 2353 1442 2412 Adornavit
1489 2371 1556 2410 ex
1607 2352 1862 2410 Patribus
1907 2350 2158 2406 diversas
2210 2343 2449 2400 canonis
2497 2340 2797 2411 Scripturse
2865 2353 3035 2394 sacrae
3066 2337 3504 2394 constitutiones
3531 2333 3777 2391 illustris

342 2440 671 2511 reipubiicse
704 2441 1028 2499 Bremcnsis
1057 2445 1348 2514 quondam
1382 2440 2000 2513 syndicus,Gehardus
2024 2453 2136 2497 van
2184 2431 2503 2501 Mastricht,
2565 2430 2626 2486 in
2682 2427 3031 2485 Bibliotheca:
3074 2425 3386 2483 Bremensis
3433 2426 3612 2482 classe
3662 2441 3777 2495 vn,

340 2529 612 2586 faseiculo
643 2546 684 2602 ι,
718 2539 913 2601 postea
942 2548 1195 2601 recusas,
1226 2549 1351 2604 quae
1383 2532 1627 2590 conferri
1660 2534 2081 2603 poteruntcum
2114 2526 2217 2580 135
2251 2520 2659 2585 schematibus,
2711 2520 2774 2575 in
2830 2518 3037 2591 quibus
3096 2517 3225 2574 libri
3286 2516 3480 2574 biblici
3533 2515 3759 2604 diverso

340 2618 539 2677 ordine
586 2601 948 2688 exhibentur,
1000 2601 1462 2691 Humfrfllodii,
1512 2625 1581 2679 ad
1640 2601 1856 2679 calcem
1909 2615 2221 2690 peregregii
2266 2612 2397 2669 libri
2445 2612 2519 2667 De
2564 2608 2862 2665 bibliorum
2920 2608 3160 2665 tactibus
3209 2604 3602 2677 originatibus,
3661 2601 3765 2674 qui

341 2708 526 2765 Oxon.
566 2710 727 2775 1706,
779 2711 838 2767 in
888 2711 1086 2782 prima;
1139 2711 1550 2784 magnitudinis
1592 2712 1773 2768 forma
1819 2708 2045 2781 prodiit.
2099 2705 2227 2763 Non
2274 2717 2506 2775 prorsus
2548 2699 2868 2771 spernenda
2905 2699 3047 2754 ratio
3096 2697 3240 2753 mihi
3287 2697 3527 2765 videtur,
3591 2707 3767 2764 quam

343 2798 679 2856 Whistonus
710 2800 825 2872 (92)
850 2801 1117 2866 reddidit,
1149 2816 1321 2873 quare
1351 2801 1563 2867 Melite,
1597 2800 1667 2858 de
1694 2815 1917 2856 canone
1956 2797 2238 2854 librorum
2280 2807 2574 2850 sacrorum
2625 2789 2911 2862 quaesitus,
2963 2804 3105 2858 Opus
3164 2786 3427 2845 habuerit
3478 2784 3774 2841 Orientem

343 2890 503 2961 prius
539 2890 715 2960 adire,
756 2906 887 2946 cum
938 2898 1128 2948 tamen
1175 2899 1467 2963 receptum
1516 2906 1636 2947 suae
1684 2889 1950 2947 Ecclesia“:
1998 2900 2303 2949 canonem,
2347 2889 2542 2953 utpote
2571 2896 2681 2953 quo
2731 2894 2839 2936 nec
2884 2878 3046 2935 illam
3091 2879 3342 2936 caruisse
3397 2874 3773 2963 credendum,

343 2960 725 3036 transcribere
744 2978 933 3035 statim
969 2978 1247 3050 potuisset
1272 2960 1597 3049 {canonem
1631 2978 1851 3036 scilicet
1879 2976 2157 3033 librorum
2199 2986 2488 3030 sacrorum
2521 2984 2635 3025 una
2690 2983 2825 3025 cum
2881 2965 3387 3024 constitutionibus
3440 2960 3778 3035 apostolicis

345 3083 464 3124 non
495 3068 767 3124 omnibus
798 3069 1118 3139 promiscue
1148 3069 1421 3125 Ecclesiis
1448 3068 1621 3125 fuisse
1649 3066 2061 3133 concreditum,
2093 3064 2191 3121 sed
2224 3062 2294 3118 iis
2325 3066 2542 3117 tantum
2574 3074 2713 3129 quas
2740 3056 2985 3129 apostoli
3012 3055 3121 3126 ipsi
3175 3054 3574 3126 plantaverint,
3631 3066 3775 3122 qua-

347 3171 474 3213 rum
501 3157 597 3213 ille
628 3155 734 3228 (93)
766 3158 831 3212 19
863 3165 1149 3227 numerat,
1181 3164 1235 3213 et
1263 3158 1408 3215 inter
1438 3174 1577 3229 quas
1611 3155 1904 3213 Sardensis
1933 3171 2051 3213 non
2088 3159 2342 3225 apparet.
2398 3148 2704 3206 Difﬁcilius
2744 3150 2938 3204 autem
2983 3146 3171 3203 eidem
3209 3145 3330 3201 viro
3385 3141 3775 3200 eruditissimo

351 3245 647 3314 assentior,
681 3246 915 3316 quando
944 3247 1243 3304 contendit
1264 3247 1549 3304 Melitonis
1578 3262 1857 3304 canonem
1887 3243 2293 3314 transcriptum
2327 3239 2499 3295 fuisse
2524 3254 2591 3294 ex
2623 3237 2844 3294 canode
2873 3236 3001 3305 isto,
3050 3235 3145 3306 qui
3192 3234 3251 3290 in
3301 3233 3469 3299 libro,
3530 3233 3777 3290 Conone:

348 3345 636 3416 apostolici
665 3344 837 3414 dicto,
870 3360 994 3415 cap.
1027 3346 1097 3400 86
1126 3352 1407 3415 occurrat,
1441 3349 1605 3417 cujus
1634 3342 1974 3419 γνησιότητα
2005 3340 2276 3399 omnibus
2307 3336 2545 3402 viribus,
2579 3335 2695 3391 imo
2724 3333 2813 3392 vel
2846 3350 2912 3391 ev
2942 3334 3063 3406 ipso
3095 3333 3200 3391 hoc
3260 3330 3545 3389 Melitonis
3594 3328 3761 3386 libro-

353 3450 480 3492 rum
513 3433 851 3493 biblicorum
889 3435 1163 3507 catalogo,
1194 3436 1583 3493 demonstrare
1611 3449 1798 3506 Operae
1832 3433 2076 3505 pretium
2105 3430 2287 3487 duxit.

1472 3582 1541 3637 V.
1571 3583 1964 3651 Fragmentum
1987 3591 2057 3633 ex
2076 3584 2279 3632 catena
2305 3568 2366 3627 in
2387 3570 2643 3627 σωθείη.

422 3710 548 3767 Alia
577 3706 909 3780 fragmenta,
944 3723 1068 3779 quas
1098 3721 1255 3763 nunc
1285 3704 1451 3771 dabo,
1484 3721 1550 3761 ex
1586 3712 1785 3762 catena
1813 3705 2053 3775 quadam
2112 3697 2502 3769 manuscripla
2551 3712 2584 3750 a
2639 3691 2847 3749 Jacobo
2903 3686 3206 3745 Sirmundo
3259 3683 3543 3780 descripta
3598 3689 3770 3780 atque

354 3799 634 3858 Halloixio
663 3772 1087 3855 communicata
1109 3798 1362 3864 fuerunt,
1394 3796 1490 3867 qui
1520 3796 1618 3852 illa
1650 3772 2159 3867 quoqueimprimi
2177 3788 2395 3847 curavit
2425 3802 2492 3842 ex
2524 3790 2701 3857 parte.
2734 3780 2953 3867 Eadem
2993 3783 3212 3867 postea,
3255 3780 3310 3867 et
3360 3772 3553 3867 adhuc
3596 3772 3766 3867 plura

346 3890 625 3947 hactenus
656 3888 915 3944 nondum
944 3887 1117 3953 edita,
1149 3903 1216 3942 ex
1252 3861 1468 3956 duplici
1501 3861 1697 3942 codice
1725 3861 1797 3940 in—
1817 3861 2051 3955 gratiam
2082 3882 2169 3938 lo.
2210 3883 2429 3934 Ernest.
2466 3873 2658 3932 Grabii
2692 3866 2985 3938 descripsit
3015 3863 3430 3921 eruditissimus
3482 3861 3654 3921 Mieb.
3694 3862 3766 3919 Le

351 3980 557 4051 Quian,
589 3994 655 4035 ex
690 3977 853 4048 cujus
880 3974 1231 4047 autographo
1265 3974 1387 4031 haec
1402 3974 1699 4046 descripsi,
1731 3973 1891 4041 verti,
1918 3979 1971 4028 et
2003 3970 2294 4027 variantes
2323 3982 2455 4024 cum
2485 3959 2770 4022 Halloixio
2798 3956 3081 4014 adnotavi.

1741 4094 2062 4158 Μελῐτωνος
2095 4089 2372 4168 Σάρδεων.

2112 4245 2273 4319 Ὑπὲρ
2321 4242 2502 4297 Ἰσαὰκ
2532 4241 2630 4295 τοῦ
2690 4232 2903 4291 δικαίου
2969 4230 3141 4313 ἐφάυη
3202 4231 3358 4307 κριὸς
3388 4229 3777 4319 νεῐςῌσφαγῆν,

354 4257 464 4314 Pro
506 4257 701 4314 Isaaco
753 4256 909 4327 justo
957 4253 1218 4326 apparuit
1264 4253 1411 4311 aries
1462 4253 1524 4311 in
1575 4254 2002 4318 mactationem,

355 4355 418 4405 ut
438 4348 684 4405 vinculis
717 4348 879 4403 Isaac
901 4347 1305 4403 exsolveretur.
1333 4345 1434 4403 Ille
1462 4351 1739 4402 mactatus
1770 4344 2004 4402 redemit

2126 4253 2273 4319 Υπὲρ
2321 4253 2502 4297 Ἰσαὰκ
2532 4253 2630 4295 του
2690 4253 2903 4291 οικαιου
2969 4253 3141 4313 εφειυη
3202 4253 3358 4307 κριος
3412 4253 3489 4294 εις
3536 4253 3769 4309 σφαγην,

2126 4332 2207 4390 ἵνα
2238 4330 2452 4405 δεσμῶν
2484 4328 2671 4386 Ἰσαὰκ
2707 4323 2850 4398 λυθῇ
2887 4368 2901 4383 .
2934 4324 3170 4382 Ἐκεῖνος
3211 4318 3431 4401 σφαγεὶς
3489 4317 3769 4405 ἰλυζώ-σα-

355 4355 418 4405 ut
438 4348 684 4406 vinculis
717 4348 879 4403 Isaac
901 4347 1305 4403 exsolveretur.
1333 4345 1434 4403 Ille
1462 4351 1739 4402 mactatus
1770 4344 2006 4402 redemit

357 4437 655 4494 lsaacum:
689 4437 765 4492 ita
795 4438 852 4493 et
896 4435 1173 4490 Dominus
1222 4442 1402 4491 morte
1451 4450 1555 4491 sua
1594 4450 1698 4490 nos
1748 4433 2006 4504 salvavit,

357 4531 412 4582 et
436 4523 685 4584 vinculis
718 4525 835 4580 suis
868 4539 970 4579 nos
1000 4522 1283 4594 liberavit,
1340 4539 1552 4596 suaque
1607 4522 2004 4580 immolatione

357 4630 462 4672 nos
491 4613 751 4671 redemit.

427 4741 493 4796 Et
510 4746 631 4812 post
658 4754 835 4812 pauca
868 4753 882 4794 :

426 4830 555 4886 Erat
584 4828 739 4887 enim
772 4827 1049 4884 Dominus
1079 4842 1280 4900 agnus,
1300 4828 1371 4885 ad
1402 4829 1582 4886 instar
1610 4826 1802 4886 arietis
1829 4826 2007 4899 illius,

434 5012 544 5083 (90)
573 5010 917 5071 Whisthono
938 5007 1300 5083 conﬁciente,
1331 5009 1624 5083 APrimaevi
1682 5008 2012 5083 Christiani-

358 5082 469 5155 smi
498 5081 608 5141 vol.
643 5084 720 5140 IlI
768 5099 894 5155 pag.
932 5082 1104 5155 7377,_
1129 5081 1411 5155 Ecclesiae
1468 5082 2013 5155 Hierosolymitanas

364 5163 417 5212 et
450 5151 822 5212 Ctesariensés
852 5154 1008 5209 adiit.
1041 5152 1126 5208 Ab
1155 5151 1406 5208 Adriano
1429 5153 1562 5209 urbs
1591 5154 1868 5209 Hierosol.
1905 5153 2013 5208 hoc

362 5227 571 5283 saeculo
601 5228 810 5285 iterum
871 5225 1103 5293 exstrui,
1158 5233 1212 5279 et
1269 5224 1411 5279 Elia
1467 5223 1774 5295 Capitolia.
1825 5223 2012 5279 vocari

363 5298 553 5355 creuit.

434 5317 653 5440 Egilina
684 5370 838 5427 hunc
866 5368 1155 5440 locumgex
1191 5366 1306 5423 ﬁde
1354 5367 1705 5440 optimorum
1753 5367 2014 5440 codicum

360 5438 712 5498 restituimus
743 5456 871 5498 cum
896 5438 1136 5504 Valesio,
1162 5454 1328 5508 quam
1353 5438 1656 5496 lectionem
1688 5445 1743 5495 et
1799 5438 2011 5494 Bullin.

361 5511 767 5595 confirmatam
790 5520 1022 5595 vertens
1054 5529 1067 5568 :
1103 5510 1418 5595 Salomopjs
1451 5512 1752 5595 Proverbia
1800 5526 1922 5595 qua?
1962 5517 2015 5565 et

360 5582 696 5654 Sapientia;
722 5583 1024 5640 subscribit
1055 5597 1282 5654 quoque
1300 5581 1610 5654 Nicephor.
1647 5583 1743 5654 qui
1783 5581 2009 5654 itaha-
2058 5626 2061 5629 λ

360 5646 454 5706 bet
480 5665 494 5703 :
529 5646 865 5721 Σολόμωνος
896 5646 1220 5723 Παροῷλαί,
1251 5648 1287 5719 ἢ
1317 5651 1410 5704 καὶ
1444 5646 1643 5726 Σοφία.
1664 5646 1818 5708 ὟἿΔ.
1870 5652 2008 5709 diss.

2117 4445 2181 4480 το
2214 4403 2449 4497 (9ἇ)ήτὸν
2482 4416 2684 4486 Ἰσαὰκ,
2718 4416 2894 4476 οὕτως
2925 4412 3015 4468 καὶ
3047 4411 3075 4466 ὁ
3116 4409 3326 4485 Κύριος
3393 4408 3611 4497 σφαγεὶς
3647 4403 3779 4464 ἔσω-

2119 4496 2407 4584 σενὴμᾶς,
2437 4506 2528 4563 καὶ
2562 4504 2732 4566 δεθεὶς
2793 4497 2974 4572 ἔλυσε,
3029 4499 3123 4555 καὶ
3172 4498 3348 4562 Ουθεῖς
3406 4496 3776 4575 ἑλυτρώσατο.

2195 4725 2299 4785 Καὶ
2327 4724 2447 4799 μετ’
2478 4721 2665 4799 ὀλίγαι

2191 4818 2293 4874 Ἦν
2349 4814 2453 4891 γὰρ
2509 4813 2537 4866 ὁ
2588 4810 2794 4886 Κύριος
2846 4807 3036 4883 ἀμνὸς,
3096 4804 3172 4868 ὡς
3228 4804 3405 4882 κριὸς,
3489 4799 3548 4860 ὅν
3642 4800 3776 4859 εἶδεν

2124 5023 2316 5066 meam
2346 5006 2596 5079 priorem
2629 5005 2706 5061 De
2733 5002 2999 5060 Melitone
3022 4999 3289 5058 Sardium
3318 4998 3585 5072 episcopo,
3615 5000 3643 5067 §
3690 4998 3784 5067 l5,

2124 5096 2314 5223 sugg).
2339 5150 2607 5207 Whiston
2632 5146 2835 5223 finglhe
2864 5146 3033 5217 Essay
3067 5160 3139 5202 an
3179 5144 3269 5199 the
3296 5142 3614 5216 apostolica!
3653 5157 3786 5200 con-

2123 5220 2431 5291 stitutions,
2466 5239 2591 5293 pag.
2623 5220 2751 5293 375.

2220 5296 2309 5362 93)
2342 5288 2495 5350 Idem
2530 5288 2689 5357 27:111.,
2725 5305 2854 5360 pag.
2885 5288 3018 5362 233.

2224 5356 2311 5437 94)
2340 5365 2486 5435 Lege
2517 5356 2895 5437 ἐλυτρώσαέο,
2921 5360 3000 5415 ita
3029 5374 3253 5431 quoque
3283 5374 3357 5437 ex_
3383 5356 3559 5415 altero
3590 5356 3794 5437 codice

2128 5426 2752 5509 descripsitLLeQui'en,
2785 5426 2887 5505 qui
2916 5438 2981 5509 et_
3002 5426 3298 5509 praeterea,
3342 5431 3466 5487 loco
3530 5426 3779 5504 σφαγεὶς,

2126 5503 2338 5637 σφαέἥξ
2432 5508 2620 5579 habet,
2709 5503 2882 5578 quam
2966 5503 3271 5563 lectionem
3369 5503 3584 5560 tamen
3655 5503 3783 5559 non

2126 5597 2228 5637 nro
2271 5597 2329 5637 ο.

2125 5597 2329 5653 prono.
