4110 6150
325 339 481 402 1211

1778 344 2258 411 FRAGMENTA
2272 393 2287 408 .

3590 359 3745 421 1218

321 468 582 549 Ἀϐραὰμ
608 468 977 548 κατεχόμενον
1010 471 1062 528 ἐν
1093 478 1246 550 φυτῷ
1278 469 1457 532 Σαϐἐκ
1511 478 1644 550 (93).
1697 473 1877 534 Ἀλλὰ
1917 477 1981 534 τὸ

2112 496 2267 553 quem
2296 480 2433 539 vidit
2462 482 2742 542 Abraham
2791 485 3082 544 detentum
3139 486 3200 543 in
3251 486 3490 560 virgulto
3545 491 3741 551 Sabec.

325 562 492 643 φυτὸν
544 561 805 639 ἀπέφαινε
860 563 952 618 τὸν
1009 565 1261 640 σταυρὸν,
1318 566 1407 622 καὶ
1470 568 1499 622 ό
1540 566 1707 630 τόπος
1757 566 1982 643 ἐκεῖνος,

323 656 425 724 τὴν
459 653 845 729 Ἰερουσαλὴμ,
876 654 966 709 καὶ
998 654 1025 709 ὁ
1058 652 1251 730 ἀμνὸς,
1283 655 1376 713 τὸν
1438 657 1632 734 Κύριον
1679 653 1985 731 ἑμπεπεδη-

328 741 488 818 μένον
524 743 638 817 (96)
675 741 751 804 εἰς
784 743 1022 820 σφαγήν.
1808 738 1814 745 ’

2095 569 2241 628 Nam
2299 572 2609 646 virgultum
2667 575 2926 646 designat
2982 591 3231 645 crucem,
3293 585 3349 635 et
3407 577 3567 637 locus
3624 582 3744 654 ille,

2093 659 2535 737 Hierosolymas,
2566 668 2622 720 et
2649 664 2818 733 aries,
2850 664 3161 723 Dominum
3190 668 3261 723 ad
3294 668 3641 727 occisionem
3671 671 3746 728 li-

2090 758 2304 820 gutum.

1423 861 1530 914 Τοῖ’)
1565 859 1833 933 μακαρίου
1874 856 2194 921 Μελίτωνος
2224 858 2476 937 Σάρδεων
2510 864 2642 936 (97).

399 958 486 1015 Ὠς
514 953 619 1029 γὰρ
648 953 800 1026 κριὸς
827 951 1008 1024 ἐδέθη,
1054 956 1188 1033 φησί
1244 955 1370 1031 περὶ
1418 960 1515 1011 τοῦ
1571 955 1778 1031 Κυρίου
1826 958 1985 1029 ἡμῶν

333 1043 515 1115 Ἰησοῦ
564 1043 803 1113 Χριστοῦ
852 1046 987 1118 (98),
1035 1043 1128 1100 καὶ
1182 1045 1257 1107 ὡς
1311 1044 1482 1118 ἀμνὸς
1534 1045 1725 1121 ἐχάρη,
1779 1046 1870 1101 καὶ
1918 1048 1993 1109 ὡς

333 1128 611 1209 πρόϐατον
642 1131 731 1189 ἐπὶ
762 1136 973 1213 σφαγὴν
1014 1132 1195 1210 ἤχθη,
1248 1134 1338 1190 καὶ
1386 1136 1460 1196 ὡς
1505 1132 1672 1209 ἀμνὸς
1721 1135 1992 1193 ἐσταυρώ-

336 1227 426 1296 Θη,
460 1223 552 1278 καὶ
583 1219 842 1279 ἐϐάστασε
870 1224 932 1279 τὸ
962 1222 1122 1297 ξύλον
1156 1223 1244 1278 ἐπὶ
1281 1230 1402 1287 τοῖς
1455 1224 1634 1298 ὢμοις
1683 1228 1816 1300 (99),
1869 1226 1991 1281 ἂνα-

338 1313 573 1389 γόμενος
605 1320 898 1389 σφαγῆναι,
949 1314 1023 1377 ὡς
1086 1314 1265 1371 Ἰσαὰκ
1321 1317 1420 1388 (1),
1481 1316 1584 1371 ὑπὸ
1634 1320 1731 1372 τοῦ
1788 1318 1990 1392 πατρὸς

338 1403 525 1461 αὐτοῦ.
561 1401 739 1459 Ἀλλᾶ
767 1403 995 1478 Χριστὸς
1027 1400 1241 1474 ἔπαθεν,
1292 1404 1473 1460 Ἰσαὰκ
1525 1402 1582 1460 δὲ
1629 1404 1728 1460 οὐκ
1776 1403 1989 1462 ἔπαθενο

337 1459 644 1569 τόποςγὰρ
676 1494 742 1563 ἦν
770 1459 873 1549 τοῦ
906 1459 1471 1569 μέλλοντοςνπάσχειν
1638 1459 1817 1553 Ἆλλᾶ
1840 1459 1992 1553 ⁷ὁ
2024 1459 2072 1525 Β

335 1581 508 1646 τόπος
560 1586 657 1638 τοῦ
712 1585 953 1658 Χριστοῦ
988 1584 1330 1659 γιενόμενος,
1391 1582 1651 1656 ἔκπληξιν
1693 1584 1783 1640 καὶ
1824 1580 1989 1665 φόϐον

339 1678 603 1753 παρεῖχεν
636 1672 941 1748 ἂνθρώποις
971 1677 1071 1749 (3).

413 1764 514 1820 Ἠν
543 1763 647 1840 γὰρ
673 1764 957 1828 θεάσασθαι
1010 1765 1313 1840 μυστήριον
1362 1766 1569 1836 καινὸν,
1620 1765 1734 1821 υἱὸν
1792 1767 1997 1843 ἃγομὲ-

348 1873 436 1908 νον
468 1852 572 1908 ὑπὸ
602 1856 699 1907 τοῦ
738 1852 940 1928 πατρὸς
970 1852 1053 1924 ἐή⁹
1082 1848 1210 1926 ὅρος
1241 1852 1329 1909 ἐπὶ
1384 1855 1621 1931 σφαγὴν,
1675 1855 1734 1911 δν
1784 1877 1994 1928 συμπο-

346 1938 497 2005 δίσας
533 1939 721 2013 ἔθηκεν
754 1941 843 1997 ἐπὶ
872 1941 940 1998 τὰ
968 1941 1104 2015 ξύλα
1132 1949 1234 2013 τῆς
1282 1945 1640 2020 καρπώσεως,
1690 1944 1993 2019 ἑτοιμάζων

348 2031 483 2105 μετὰ
513 2029 853 2102 σπουδῆςτὰ
890 2032 1026 2106 πρὸς
1075 2034 1175 2104 τὴν
1224 2034 1436 2113 σφαγὴν
1489 2033 1638 2107 αὖτῷ
1826 2035 1889 2091 Ὁ
1940 2032 1998 2091 δὶ

342 2122 529 2179 Ἰσαὰκ
558 2126 705 2196 σιγᾷ,
738 2119 1137 2196 πεπεδευμὲνος
1172 2124 1245 2184 ὡς
1282 2125 1461 2198 κριὸς,
1510 2124 1613 2179 οὐκ
1649 2123 1884 2199 ἂνοίγων
1933 2125 1996 2179 τὸ

350 2210 549 2284 στόμα,
578 2207 707 2265 οὐδὲ
737 2211 1100 2288 φθεγγόμενος
1133 2215 1306 2286 φωνῇ.
1341 2213 1420 2269 Τὸ
1466 2213 1567 2289 γὰρ
1600 2212 1753 2292 ξίφος
1794 2212 1857 2267 οὐ
1897 2234 2000 2291 φο-

346 2294 556 2369 ϐηθεὶς,
590 2297 715 2354 οὐδέ
742 2299 806 2355 τὸ
837 2304 942 2376 πῦρ
976 2302 1256 2370 πτοηοεξς,
1291 2298 1418 2356 οὑδὲ
1460 2303 1524 2356 τὸ
1575 2303 1765 2357 παθεῖν
1819 2301 2002 2373 λυπη-

344 2390 476 2459 θεὶς,
534 2383 820 2445 ἆϐἀστασεν
876 2394 1149 2465 καρτερῶν
1210 2391 1302 2445 τὸν
1362 2391 1530 2445 τύπον
1616 2395 1714 2446 τοῦ
1771 2390 1997 2467 Κυρίου.

342 2480 447 2535 Ἦν
479 2479 570 2533 οὗν
621 2477 674 2534 ἐν
737 2478 888 2552 μέσῳ
944 2480 1300 2555 προγείμενος
1361 2480 1542 2535 Ἰσαὰκ
1597 2477 2001 2553 πεποδισμένος

342 2570 420 2632 ὡς
449 2568 619 2644 κριὸς,
647 2568 739 2624 καὶ
786 2570 966 2644 πατὴρ
1012 2569 1315 2643 παρεστὼς,
1365 2569 1456 2624 καὶ
1513 2573 1727 2640 κρατῶν
1788 2569 1998 2644 γυμνὸν

335 2657 401 2714 τὸ
430 2659 606 2736 ξίφος,
641 2659 718 2731 μὴ
749 2655 1071 2734 αἰδούμενος
1103 2661 1357 2739 φονεῦσαι
1388 2658 1480 2712 τὸν
1515 2658 1630 2712 υἱὸν
1661 2657 1852 2715 αὐτοῦ.

2172 960 2329 1017 Sicut
2360 962 2514 1017 enim
2544 963 2691 1019 aries
2748 964 2970 1020 vinetus
3017 972 3118 1032 est,
3172 964 3355 1037 inquit
3401 966 3471 1023 de
3500 967 3746 1026 Domino

2102 1057 2293 1107 nostro
2314 1050 2446 1107 Jcsu
2468 1052 2771 1123 Cliristo,et
2797 1053 2941 1110 sicut
2963 1070 3143 1124 agnus
3164 1061 3361 1112 tonsus
3383 1065 3488 1123 est,
3522 1064 3577 1114 et
3601 1059 3747 1115 sicut

2101 1139 2220 1194 ovis
2243 1139 2312 1194 ad
2345 1140 2693 1197 occisionem
2720 1144 2922 1199 ductus
2951 1147 3059 1213 est,
3101 1151 3153 1200 et
3198 1144 3340 1202 sicut
3385 1161 3568 1217 agnus
3614 1162 3744 1203 cru-

2102 1228 2301 1285 ciﬁxus
2323 1236 2426 1296 est,
2459 1238 2512 1286 et
2544 1233 2789 1303 portavit
2818 1232 3038 1303 lignum
3074 1233 3345 1304 humeris,
3377 1236 3658 1293 adductus
3689 1242 3747 1292 ut

2101 1317 2512 1390 immolaretur,
2548 1321 2692 1377 sicut
2723 1323 2901 1390 Isaac,
2932 1340 2964 1378 a
2995 1331 3150 1393 patre
3178 1340 3302 1381 suo.
3336 1326 3440 1381 Sed
3490 1325 3746 1383 Christus

2103 1423 2300 1477 passus
2325 1416 2424 1475 est,
2454 1414 2607 1467 ISaac
2632 1419 2817 1467 autem
2847 1427 2962 1468 non
2990 1420 3071 1469 est
3104 1429 3300 1484 passus
3333 1432 3347 1484 ;
3398 1421 3561 1486 typus
3592 1416 3744 1472 enim

2102 1505 2221 1554 erat
2252 1498 2452 1555 futurze
2494 1501 2773 1570 passionis
2811 1502 3140 1559 Dominicae.
3182 1506 3447 1560 Attamen
3498 1504 3628 1561 licet
3661 1514 3746 1575 ty-

2105 1602 2209 1657 pus
2250 1590 2646 1644 tantummodo
2705 1588 2917 1645 Christi
2965 1594 3132 1660 esset,
3176 1597 3363 1647 tamen
3418 1600 3649 1665 stupore
3693 1599 3749 1651 et.

2106 1679 2306 1733 timore
2334 1679 2614 1749 percussit
2649 1678 2930 1735 homines.

2179 1767 2495 1838 Spectanda
2546 1769 2698 1824 enim
2729 1776 2845 1825 erat
2877 1784 2965 1825 res
2998 1785 3141 1825 nova
3162 1771 3528 1843 mysteriique
3559 1772 3747 1844 plena,

2104 1855 2258 1912 ﬁlius
2288 1859 2490 1914 ductus
2536 1875 2568 1911 a
2615 1863 2770 1927 patro
2827 1858 2888 1913 in
2946 1865 3199 1915 montem
3256 1860 3325 1915 ad
3381 1862 3749 1935 occisionem,

2107 1962 2272 2017 quem
2307 1952 2461 2016 pater
2504 1946 2710 2003 vinctis
2768 1946 3009 2018 pedibus
3072 1956 3337 2020 posuerat
3383 1964 3551 2021 snper
3596 1950 3751 2023 ligna

2109 2034 2443 2105 holocausti,
2502 2052 2708 2107 parans
2763 2051 2890 2093 cum
2942 2036 3301 2094 festinatione
3359 2055 3444 2106 ea,
3504 2055 3623 2112 quis
3677 2041 3748 2097 ad

2106 2123 2555 2180 immolationem
2608 2124 2730 2195 ejus
2774 2132 2933 2181 erant
2978 2127 3312 2183 necessaria.
3367 2130 3522 2184 Isaac
3561 2134 3748 2185 autem

2106 2213 2256 2282 silet,
2276 2212 2481 2283 ligatus
2503 2214 2641 2270 sicut
2688 2214 2855 2281 aries,
2887 2229 3003 2271 non
3025 2215 3285 2283 aperiens
3314 2231 3377 2272 os
3405 2231 3593 2283 suum,
3643 2233 3750 2274 nec

2109 2320 2302 2359 vocem
2334 2303 2620 2359 emittens.
2655 2307 2794 2358 Dum
2827 2303 2982 2358 enim
3012 2303 3118 2358 sibi
3145 2303 3517 2373 agladioron
3539 2305 3749 2375 timuit,

2110 2392 2531 2463 nequeabigne
2563 2392 2995 2463 perterrefactus
3027 2391 3152 2462 fuit,
3196 2408 3383 2464 neque
3417 2394 3490 2451 ob
3528 2392 3750 2452 crucia-

2110 2489 2197 2538 tus
2229 2482 2633 2550 contristatus;
2679 2480 2896 2537 fortiter
2933 2481 3202 2537 sustinuit
3251 2489 3444 2553 typum
3495 2483 3744 2542 Domini.

2110 2577 2173 2627 In
2205 2571 2391 2628 medio
2421 2570 2590 2640 igitur
2622 2570 2834 2641 positus
2877 2577 2992 2626 erat
3042 2573 3217 2638 Isaac,
3270 2572 3507 2641 pedibus
3550 2571 3755 2644 ligatus

2025 2658 2068 2717 Ρ
2110 2669 2168 2717 ιιι
2196 2661 2363 2730 aries,
2398 2668 2451 2718 et
2480 2659 2702 2716 astabat
2729 2669 2904 2731 pater,
2936 2658 3308 2731 strictumque
3355 2678 3550 2717 ensem
3594 2670 3754 2719 tene-

2102 2752 2197 2807 bat
2237 2750 2523 2816 manibus,
2558 2749 2738 2806 tilium
2770 2764 2938 2805 suum
2968 2748 3288 2805 interﬁcere
3311 2766 3425 2806 non
3455 2750 3681 2808 timens.

419 2867 549 2924 Hec
577 2867 851 2924 hactenus
881 2866 1135 2924 exhibita
1156 2882 1222 2922 ex
1247 2865 1472 2921 Catenis
1502 2866 1562 2922 in
1593 2866 1840 2923 Genesin
1871 2866 2187 2938 fragmenta
2217 2866 2478 2922 videntur
2520 2880 2642 2921 esse
2691 2881 2756 2920 ex
2812 2864 3097 2921 Melitonis
3139 2859 3421 2940 Ἐκλογῶν
3463 2864 3623 2921 libris
3670 2865 3765 2923 de-

339 2963 586 3027 sumpta.
622 2956 866 3027 Dupinto
890 2956 967 3029 (5)
994 2956 1212 3028 judice,
1245 2955 1365 3012 hmo
1394 2955 1629 3027 indigna
1661 2955 1921 3012 videntur
1949 2955 2223 3027 Melitoni,
2256 2954 2687 3026 puerilibusque
2713 2953 3161 3024 cogitationibus
3204 2954 3410 3010 referta
3459 2958 3513 3010 et
3563 2970 3762 3011 recen-

337 3045 543 3102 tiorum
578 3046 784 3117 potius,
818 3061 984 3117 quam
1017 3052 1268 3101 veterum
1298 3060 1495 3115 sapere
1536 3045 1849 3116 ingenium.
1907 3046 2013 3102 Sed
2062 3060 2354 3117 perperam
2402 3044 2477 3100 ita
2527 3044 2927 3114 pronuntiasse
2980 3042 3121 3098 mihi
3173 3043 3390 3098 videtur
3443 3043 3759 3114 Dupiuius;

338 3136 489 3209 quod
517 3135 564 3190 si
604 3134 759 3190 enim
788 3134 1202 3189 Tertullianum
1236 3133 1309 3205 (6)
1341 3132 1600 3189 evolvere
1631 3133 1878 3200 libuerit,
1912 3134 2108 3191 eadem
2141 3134 2551 3206 propemodum
2591 3133 2740 3187 dicta
2770 3132 3047 3187 invenies.
3089 3131 3344 3187 Aliorum
3392 3132 3758 3203 antiquorum

334 3230 567 3281 Patrum
601 3223 745 3293 loca,
780 3222 988 3294 quibus
1019 3225 1273 3278 Isaacum
1306 3229 1499 3292 typum
1552 3222 1760 3279 Christi
1804 3223 2087 3280 exstitisse
2134 3224 2527 3295 pronuntiant,
2584 3222 2812 3291 reticeo,
2851 3222 3147 3277 additurus
3192 3222 3415 3287 saltem,
3460 3226 3759 3292 Hugoncm

336 3316 409 3370 de
438 3315 646 3370 Sancto
676 3312 916 3376 Victore,
950 3311 1046 3383 qui
1076 3311 1283 3368 saeculo
1313 3311 1657 3368 duodecimo
1686 3312 1910 3380 claruit,
1943 3313 2355 3384 Allegoriarum
2386 3314 2449 3368 z’n
2482 3316 2773 3383 utrumque
2805 3313 3232 3368 Testamentum
3276 3311 3351 3385 (7)
3385 3310 3483 3367 lib.
3528 3328 3590 3384 tr,
3635 3327 3760 3389 cap.

334 3405 368 3457 7
395 3404 634 3475 integro.
671 3400 971 3474 mysticum
1004 3416 1234 3456 sensum
1265 3399 1677 3457 immolationis
1707 3402 1883 3459 Isaaci
1915 3404 2253 3474 eXplicasse,
2289 3402 2380 3459 hic
2410 3418 2642 3473 prorsus
2672 3400 3103 3458 conferendum.

415 3522 524 3591 (95)
558 3520 761 3591 Genes.
805 3534 943 3587 xxn,
1000 3519 1087 3586 13,
1143 3518 1212 3573 de
1253 3517 1696 3591 Aquo_p_luribus
1750 3519 1996 3591 loquitur

336 3589 528 3650 Melite
559 3592 620 3649 in
652 3590 977 3662 fragmento
1007 3589 1265 3662 sequenti
1298 3605 1364 3646 ex
1399 3589 1599 3646 Bibliis
1627 3589 1838 3647 Graecis
1866 3593 1997 3649 atl‘e-

339 3666 544 3723 rendo.

409 3735 637 3807 (96)_Ita
666 3733 817 3807 apud
866 3732 1230 3807 Halloixium,
1293 3735 1525 3807 praistat
1559 3733 1816 3807 alterius
1867 3734 1995 3792 cod.

336 3800 1024 3877 lectio'éprrarr'o'dtopévov,
1054 3806 1186 3877 licet
1217 3800 1323 3860 nec
1356 3803 1499 3877 falsa
1520 3804 1599 3877 sit
1631 3806 1799 3877 prior.

410 3878 524 3951 (97)
554 3871 703 3951 Alter
732 3871 912 3951 codex
961 3878 1040 3931 ita
1088 3876 1328 3951 saltem:
1386 3871 1727 3951 Μελίτωνος,
1777 3875 1996 3951 timeari-

337 3943 446 4006 που
481 3943 754 4017 Σαρδὲων,
785 3948 1001 4018 absque
1037 3943 1303 4019 μακαρίου
1337 3945 1617 4019 epitheto,
1666 3964 1780 4019 quo
1811 3949 1999 4004 laudis

342 4021 676 4095 praefamine
706 4036 831 4095 raro
878 4023 937 4076 in
965 4036 1156 4095 ‘mss.,
1217 4018 1438 4095 catenis
1472 4025 1525 4095 et
1574 4018 1999 4095 ina‘rtyrologiis

343 4090 536 4159 venit;
569 4093 741 4164 idque
772 4093 899 4147 ideo
934 4091 1118 4164 torte,
1142 4099 1260 4164 “ut;
1292 4090 1537 4164 conjicit
1573 4090 1995 4158 Tillemontius,

345 4174 481 4223 nota
510 4158 564 4231 3,
598 4158 743 4233 quod
774 4164 897 4234 ejus
933 4161 1079 4217 liber
1108 4158 1111 4159 ν
1137 4158 1266 4234 Hegi
1310 4158 1670 4234 Αὲνσῳμάτουί
1696 4164 1852 4228 Θεοῦ,
1903 4174 1997 4218 aut

348 4238 493 4295 liber
521 4232 630 4307 ipsi
660 4232 1006 4306 suppositus,
1038 4235 1111 4289 De
1137 4232 1382 4288 transitu
1412 4233 1633 4307 Mariis,
1661 4233 1765 4290 hoc
1818 4234 1998 4291 hono-

349 4326 411 4367 re
442 4305 716 4378 tituloquo
744 4305 891 4376 apud
911 4313 1177 4378 posteros
1207 4320 1335 4378 cum
1367 4305 1684 4378 privaverit.

422 4373 651 4451 (98)_Ita
692 4373 840 4451 vero
869 4375 1013 4451 alter
1070 4376 1279 4451 codex.
1310 4375 1523 4451 habet:
1571 4373 1668 4428 Καὶ
1723 4375 1751 4428 ὁ
1802 4376 1997 4450 Κύριος

350 4440 766 4524 ἡμῶν’⁹Ιησοῦς
796 4446 1032 4524 Χριστος
1063 4447 1140 4524 ᾡς
1170 4444 1322 4519 κριὸς
1353 4440 1535 4515 ἐδέθη.

421 4524 534 4592 (99)
563 4522 733 4577 Addit
761 4518 903 4592 alter
929 4518 1112 4592 αὐτοῦ.

416 4585 832 4666 (ηἐεᾳιιθιιιίει
862 4591 1033 4666 verba
1089 4605 1269 4666 usque
1322 4590 1391 4666 ad
1446 4585 1628 4666 Ἰσαᾴκ
1665 4589 1889 4666 _desunl
1941 4592 2000 4647 in

344 4660 523 4724 altero
557 4660 685 4735 ms,
719 4664 829 4720 nisi
862 4663 1003 4720 forte
1035 4678 1131 4735 per
1163 4660 1446 4735 incuriam
1478 4660 1702 4735 Quicnii
1733 4662 2003 4735 omitten-

352 4739 425 4795 tis
454 4733 733 4805 integram
766 4735 996 4804 lineam,
1030 4733 1291 4788 similiter
1328 4748 1394 4789 ac
1442 4733 1874 4790 antecedentem
1905 4734 1998 4791 in-

350 4804 679 4879 cipientem,
714 4807 920 4863 fuerint
940 4804 1143 4879 potius
1172 4805 1401 4879 omissa.

419 4883 495 4950 (2)
524 4879 790 4950 Χριστοῦ,
820 4877 976 4933 διιιὶι
1009 4878 1080 4950 Le
1111 4875 1315 4943 Quien.

421 4946 495 5023 (3)
539 4946 641 5007 Hic
701 4951 827 5006 linit
882 4949 1217 5023 Halloixius,
1272 4962 1405 5023 cum
1458 4946 1644 5017 priore
1692 4947 1890 5003 codice
1948 4957 2001 5005 et

349 5019 591 5080 ulterius
621 5038 738 5079 non
792 5021 1014 5091 pergit;
1068 5019 1791 5091 sequentia_autem,_quzs
1846 5035 2001 5077 nunc

347 5094 678 5168 primaivico
708 5087 855 5168 typis
884 5087 1305 5168 ExserihuLntur,
1337 5089 1625 5145 adduntur
1654 5087 1714 5145 in
1744 5091 1942 5148 altero.

421 5166 500 5238 (4)
534 5160 974 5238 Μαιιίειίιιθεθτθ
1005 5160 1189 5238 αὐτοῦ.

420 5231 497 5309 (5)
530 5237 715 5307 Dupin
750 5251 801 5291 c.
836 5231 911 5309 lL‘:
947 5256 976 5284 «
1006 5233 1203 5309 Un‘lui
1225 5231 1470 5289 attribue
1499 5246 1705 5288 encore
1729 5233 2000 5309 quoiques

350 5305 797 5381 passages—ptires
848 5306 1019 5361 d’une
1060 5305 1274 5381 chains
1317 5320 1573 5381 (necque
1627 5319 1722 5359 sur
1776 5305 1831 5360 la.
1886 5306 1999 5362 Ge-

351 5376 690 5447 nesefmais
718 5379 792 5434 ils
816 5394 906 5433 me
934 5377 1215 5433 semblent
1235 5376 1497 5445 indignos
1514 5376 1585 5431 de
1614 5384 1697 5431 cet
1722 5383 1944 5433 auteur.
1969 5402 1997 5428 υ

352 5454 418 5509 Et
448 5454 505 5508 in
537 5468 679 5508 nova
708 5449 935 5506 addita:
971 5470 998 5498 «
1037 5449 1110 5505 Le
1146 5449 1211 5502 Ρ.⁴
1234 5447 1457 5502 Halloix
1485 5462 1558 5503 cn
1608 5448 1762 5516 parle
1810 5449 1956 5504 ninsi
1984 5464 1998 5504 :

355 5523 503 5580 C’est
534 5538 646 5579 une
690 5520 1084 5590 comparaison
1127 5520 1339 5574 d’tsaac
1387 5528 1441 5575 et
1487 5520 1557 5574 do
1597 5520 2001 5586 Jé'sus-Christ,

356 5595 549 5666 pleine
579 5595 649 5649 de
680 5593 919 5663 pensees
946 5592 1217 5666 pueriles,
1251 5591 1462 5666 et_plus
1492 5591 1798 5666 dignedes
1847 5607 2002 5649 nou-

353 5659 535 5722 veaux
567 5659 803 5735 que'des
830 5659 1086 5719 anciens.
1121 5683 1158 5735 »Α
1184 5660 1427 5732 Dupinio
1474 5659 1810 5735 astipulatur
1834 5679 2006 5735 quo-

356 5752 466 5810 que
494 5732 912 5804 Tillemontius,
944 5748 1113 5806 quem
1144 5733 1353 5792 iterum
1409 5732 1703 5804 exscripsit
1751 5732 1997 5808 Ceillier,

2176 3522 2247 3591 (6)
2272 3519 2658 3577 Tertullianus
2689 3519 2926 3591 passim,
2960 3536 3013 3573 ν.
3048 3536 3098 3575 c.
3131 3519 3193 3591 in
3221 3519 3321 3575 lib.
3357 3520 3428 3576 De
3456 3519 3761 3590 patientia,

2287 3593 2527 3676 Frell'ien.
2563 3590 2703 3676 edit.
2730 3607 2858 3676 pag.
2915 3592 2978 3645 10
3010 3606 3030 3676 :_
3069 3612 3097 3641 ‹‹
3126 3590 3419 3676 ῥὺτιιιιαη]
3449 3591 3586 3676 ΠΙ).εο
3636 3608 3762 3675 cre-

2105 3665 2267 3730 didit,
2303 3671 2354 3720 et
2389 3665 2557 3719 tidem
2590 3662 2861 3735 patientia
2911 3662 3184 3733 probavit,
3231 3678 3395 3734 quem
3445 3663 3628 3719 tilium
3661 3664 3768 3735 im-

2106 3736 2321 3791 molare
2342 3736 2535 3805 jussus
2557 3733 2662 3800 est,
2688 3736 2754 3789 ad
2781 3735 2907 3789 ﬁdei
2943 3750 3056 3789 non
3092 3733 3462 3790 tentationem
3491 3733 3759 3803 dixerim,

2107 3809 2203 3863 sed
2226 3808 2469 3878 typicam
2495 3807 2989 3861 contestationem.
3017 3828 3039 3857 ι
3071 3806 3132 3878 Ει
3159 3807 3215 3861 in
3243 3805 3342 3862 lib.
3370 3807 3638 3861 Adversus
3664 3807 3762 3862 Ju-

2106 3877 2273 3946 daeos,
2310 3896 2430 3948 pag.
2471 3878 2609 3933 13’s:
2656 3900 2677 3926 ι
2716 3878 2907 3945 lla-(ue
2958 3877 3220 3946 inprimis
3266 3878 3419 3933 Isaac
3447 3893 3578 3934 cum
3608 3895 3641 3932 a
3672 3895 3764 3947 pa-

2107 3958 2190 4005 tro
2230 3949 2417 4004 hostia
2446 3951 2767 4017 duceretur,
2799 3948 3178 4019 lingnumquc
3207 3949 3327 4018 ipse
3358 3950 3467 4005 sibi
3511 3956 3761 4016 portans,

2107 4022 2313 4076 Christi
2345 4022 2558 4076 exitum
2622 4022 2738 4090 jam
2805 4028 2938 4076 tunc
2991 4020 3313 4089 denotabat,
3364 4021 3424 4076 in
3476 4022 3762 4076 victimam

2107 4094 2366 4148 concessi
2397 4110 2429 4146 a
2457 4093 2620 4146 Patre
2656 4092 2991 4161 lignumque
3030 4092 3307 4161 passionis
3336 4108 3451 4147 suae
3511 4091 3765 4161 bajulan-

2108 4165 2198 4219 tis.
2234 4186 2262 4214 »
2297 4165 2362 4218 Et
2395 4180 2516 4232 pag.
2556 4162 2692 4217 l39:
2735 4184 2763 4213 «
2797 4168 2915 4218 Hoc
2949 4163 3165 4230 lignum
3218 4163 3327 4217 sibi
3381 4171 3433 4219 et
3484 4164 3641 4220 Isaac
3691 4164 3763 4218 ad

2110 4236 2452 4292 sacritieium
2487 4233 2761 4305 portabat.
2798 4234 2906 4289 Sed
2940 4235 3205 4305 quoniam
3240 4234 3361 4290 hazc
3412 4235 3637 4290 fuerunt
3668 4251 3762 4290 sa~

2109 4314 2421 4375 crementa,
2463 4304 2584 4376 quae
2621 4305 2967 4374 temporibus
2996 4304 3207 4360 Christi
3248 4306 3593 4375 perﬁcienda
3643 4321 3761 4361 ser-

2109 4378 2407 4446 vabantur,
2431 4385 2484 4431 et
2514 4379 2666 4432 Isaac
2695 4392 2826 4432 cum
2861 4377 3014 4445 ligno
3066 4385 3376 4432 reservatus
3429 4384 3534 4444 est,
3589 4377 3762 4433 ariete

2108 4451 2296 4506 oblato
2319 4450 2378 4505 in
2402 4466 2567 4519 vepre
2597 4448 2866 4503 cornibus
2923 4448 3168 4503 haerente
3201 4464 3214 4504 :
3248 4457 3301 4505 et
3332 4447 3591 4505 Christus
3645 4449 3762 4505 suis

2110 4521 2457 4592 temporibus
2504 4521 2721 4590 lignum
2784 4519 3036 4575 humeris
3094 4520 3209 4575 suis
3267 4521 3527 4591 portavit,
3580 4520 3763 4578 inhae-

2111 4591 2243 4649 rens
2271 4591 2540 4648 cornibus
2569 4592 2756 4647 crucis
2786 4607 2999 4648 corona
3049 4593 3250 4662 spinea
3297 4592 3357 4647 in
3406 4594 3594 4661 capite
3644 4594 3767 4662 ejus

2112 4665 2482 4721 circumdata.
2516 4664 2675 4719 llunc
2693 4663 2844 4719 enim
2868 4663 3159 4731 Oportebat
3197 4679 3299 4733 pro
3329 4664 3597 4720 omnibus
3626 4681 3764 4734 gen-

2113 4737 2266 4793 tibus
2287 4736 2404 4790 tieri
2432 4735 2796 4802 sacriﬁcium,
2823 4736 2922 4805 qui
2944 4742 3207 4805 tanquam
3228 4736 3348 4790 ovis
3376 4738 3444 4790 ad
3479 4736 3765 4792 victimam

2110 4811 2311 4864 ductus
2341 4814 2447 4874 est,
2482 4814 2535 4861 et
2581 4806 2733 4861 velut.
2787 4821 2967 4874 agnus
2998 4822 3186 4863 coram
3226 4809 3496 4864 tondente
3528 4824 3587 4863 so
3642 4807 3765 4864 sine

2108 4896 2269 4943 voce,
2308 4879 2390 4934 sic
2418 4894 2532 4933 non
2564 4877 2787 4946 aperuit
2817 4895 2882 4932 os
2914 4893 3103 4945 suum,
3140 4899 3169 4928 »
3202 4886 3310 4934 etc.

2181 4952 2258 5018 (7)
2283 4951 2600 5017 [inpressus
2632 4957 2719 5004 est
2752 4948 2845 5005 hic
2886 4949 3046 5004 Liber
3093 4949 3489 5018 allegoriarum
3533 4947 3764 5004 Parisiis

2113 5024 2272 5089 1517,
2306 5022 2443 5085 ιιι-4,
2476 5020 2534 5075 in
2566 5020 2797 5075 ofﬁcina
2820 5022 2988 5075 Henr.
3012 5020 3305 5090 Stephani.
3339 5019 3422 5075 Ibi
3456 5019 3758 5090 interialia:

2112 5116 2140 5145 «
2174 5094 2462 5149 Abraham
2494 5092 2773 5161 signiﬁcat
2806 5092 2983 5145 Deum
3013 5089 3255 5158 Patrem,
3297 5098 3349 5146 et
3403 5091 3555 5146 Isaac
3596 5089 3757 5161 Chri-

2112 5175 2259 5221 stum
2286 5182 2300 5231 ;
2326 5180 2490 5219 mons
2522 5160 2580 5219 in
2612 5179 2720 5233 quo
2751 5161 3158 5218 sacrificandus
3209 5168 3346 5229 erat,
3401 5160 3765 5233 altitudinem

2113 5237 2378 5306 exprimit
2413 5234 2718 5290 Dominicae
2763 5233 3096 5300 charitatis;
3131 5234 3240 5306 duo
3286 5234 3549 5303 juvenes,
3581 5232 3764 5306 gen‘tif

2114 5304 2203 5365 les'
2223 5317 2276 5364 et
2304 5308 2529 5362 Judaeos
2558 5322 2673 5361 non
2705 5307 3001 5361 credentes
3032 5311 3087 5360 et
3136 5304 3197 5360 in
3246 5312 3485 5360 mortem
3537 5304 3763 5360 Domini

2113 5380 2552 5436 consentientes.
2585 5380 2714 5441 Ara,
2763 5378 2936 5445 ligna,
2987 5392 3203 5444 vepres,
3253 5392 3480 5432 crucem
3537 5376 3765 5432 Domini

2111 5451 2614 5515 designautha-ic
2645 5449 2741 5518 qui
2772 5453 3013 5503 mortem
3055 5450 3113 5503 in
3174 5449 3452 5504 saerilicio
3502 5464 3617 5504 non
3670 5463 3773 5516 gu-

2112 5524 2300 5588 stavit,
2333 5521 2682 5577 divinitatem
2706 5519 2993 5588 exprimit,
3044 5536 3166 5586 qua:
3216 5535 3415 5591 poenas
3460 5531 3554 5575 aut
3611 5518 3767 5576 dolo-

2113 5611 2232 5651 rem
2258 5595 2315 5649 in
2344 5592 2606 5663 passione
2623 5607 2738 5646 non
2753 5592 2948 5663 sensit.
2981 5592 3159 5659 Aries,
3184 5592 3277 5663 qui
3302 5598 3537 5647 mortem
3570 5598 3762 5663 pertu-

2112 5668 2198 5733 lit,
2235 5662 2644 5737 humanitatem
2693 5662 2994 5735 siguiﬁeat,
3046 5679 3167 5737 quae
3206 5662 3509 5735 passionis
3564 5662 3767 5719 amari-

2116 5738 2345 5796 tudincs
2366 5734 2661 5807 sustinuit,
2694 5756 2722 5784 »
2752 5734 2859 5793 etc.
