4110 6150
350 364 511 425 1221

1800 359 2301 424 FRAGMENTA
2314 404 2328 421 .

3614 370 3769 430 12:22

346 499 626 569 Marcion,
657 497 802 554 sicut
832 501 1070 555 Severus
1090 503 1143 554 et
1171 496 1442 564 Gaianas,
1500 496 1752 554 divinam
1803 495 2014 553 Christi
2070 495 2524 554 incarnationem
2575 497 2777 554 iisdem
2809 498 3151 555 testimoniis
3180 500 3474 572 Evangelii
3502 503 3771 562 adversus

351 588 679 645 Melitonem
714 602 870 658 usus,
901 588 1112 660 quibus
1143 602 1299 643 nunc
1330 586 1420 641 isti
1452 586 1760 643 Marcionis
1790 586 2019 642 Pontici
2051 585 2313 657 discipuli
2345 587 2610 642 adversus
2658 602 2759 642 nos
2791 594 3047 643 utuntur.
3081 588 3182 645 Cui
3214 590 3378 647 valde
3410 593 3551 648 scite
3572 600 3626 649 et
3663 611 3768 666 0p-

353 687 597 752 portune
627 677 917 749 respondit
954 678 1145 735 Melite
1174 678 1234 734 in
1265 677 1421 733 hunc
1452 678 1683 733 modum
1720 692 1733 732 :

425 795 516 859 Ὦς
545 789 778 867 οὐδεμία
808 791 1018 867 ἀνάγκη
1077 796 1194 854 τοῖς
1242 796 1369 846 νοῦν
1401 785 1644 869 ἔχουσιν,
1678 790 1726 861 ἐξ
1759 793 1832 846 ὧν
1870 790 2003 865 μετᾶ

2190 795 2313 847 Non
2346 796 2435 847 est
2465 791 2848 848 necessarium
2878 792 2994 864 his,
3051 809 3192 865 quos
3252 794 3395 852 ratio
3452 814 3569 855 non
3601 800 3767 872 fugit,

344 884 408 941 τὸ
443 882 727 960 βάπτισμα
758 882 786 936 ὁ
819 880 1054 956 Χριστὸς
1108 874 1322 957 ἔπραξε,
1379 885 1642 955 παριστᾷν
1686 880 1749 935 τὸ
1780 878 2006 950 ἀληθὲς,

345 974 437 1029 καὶ
468 970 807 1052 ἆφάνταστον
839 978 938 1041 τῆς
998 973 1187 1048 ψυχῆς
1242 970 1432 1040 αὐτοῦ,
1485 969 1574 1025 καὶ
1625 973 1723 1024 τοῦ
1753 968 2010 1042 σώματος

346 1069 447 1132 τῆς
476 1061 593 1126 καθ’
626 1063 774 1134 ἡμᾶς
825 1059 1173 1132 ἀνθρωπίνης
1223 1058 1456 1135 φύσεως.
1499 1058 1578 1114 Τὰ
1632 1058 1737 1133 γὰρ
1782 1058 1917 1131 μετά
1944 1057 2006 1112 τὸ

350 1152 637 1226 βάπτισμα
667 1149 769 1204 ὑπὸ
810 1149 1050 1223 Χριστοῦ
1110 1147 1448 1223 πραχθέντα,
1496 1147 1587 1202 καὶ
1646 1146 1886 1221 μάλιστα
1940 1145 2007 1200 τὰ

347 1243 572 1312 σημεῖα,
610 1237 710 1306 τήν
774 1236 939 1292 αὐτοῦ
1001 1236 1387 1312 κεκρυμμένην
1448 1237 1500 1291 ἐν
1560 1235 1721 1312 σαρκὶ
1773 1235 2006 1305 θεότητα

345 1325 605 1398 ἐδήλουν,
647 1327 735 1381 καὶ
795 1324 1115 1381 ἐπιστοῦντο
1174 1329 1254 1397 τῷ
1311 1326 1528 1400 κόσμῳ.
1589 1323 1719 1386 Θεὸς
1766 1323 1874 1400 γὰρ
1931 1317 2004 1376 ὤν

347 1419 549 1491 δμοῦτε
569 1416 661 1472 καὶ
691 1413 976 1492 ἅνθρωπος
1033 1416 1243 1480 τέλειος
1275 1416 1302 1470 ὁ
1350 1416 1537 1488 αὐτὸς,
1585 1415 1679 1479 τὰς
1712 1413 1807 1470 δύο
1839 1412 2003 1469 αὐτοῦ

348 1506 536 1569 οὐσίας
571 1505 910 1562 ἐπιστώσατο
941 1508 1097 1580 ἡμῖν·
1128 1508 1228 1577 τὴν
1286 1506 1378 1580 μὲν
1431 1505 1663 1576 θεότητα
1692 1504 1879 1575 αὐτοῦ,
1915 1500 2005 1557 διὰ

345 1601 453 1651 τῶν
493 1595 735 1669 σημείων
769 1594 822 1651 ἐν
879 1599 948 1662 τῇ
980 1596 1210 1671 τριετίᾳ,
1268 1598 1337 1670 τῇ
1397 1595 1533 1668 μετᾶ
1581 1594 1644 1649 τὸ
1676 1595 2000 1669 ιβάπτισμαο

342 1688 443 1756 τὴν
473 1683 530 1741 δὲ
560 1685 955 1761 ἁνθρωπότητα
987 1685 1174 1755 αὐτοῦ,
1233 1685 1287 1740 ἐν
1339 1692 1457 1750 τοῖς
1513 1686 1808 1761 τριάκοντα
1866 1683 2002 1759 χρό-

344 1794 481 1847 νοις,
511 1780 627 1837 τοῖς
653 1776 758 1849 πρὸ
789 1779 886 1832 τοῦ
921 1776 1319 1851 βαπτίσματος,
1374 1774 1428 1829 ἐν
1491 1776 1600 1845 οἷς,
1663 1771 1753 1829 διὰ
1783 1774 1844 1828 τὸ
1877 1774 1998 1828 ἀτε-

345 1863 438 1928 λὲς
469 1865 531 1921 τὸ
560 1864 697 1920 κατὰ
726 1865 920 1939 σὲρκα,
980 1860 1261 1939 ἀπέκρυϐε
1326 1864 1394 1919 τὰ
1450 1868 1654 1936 σημεῖα
1697 1869 1798 1933 τῆς
1831 1861 1995 1917 αὐτοῦ

2120 882 2528 940 exactionibus
2560 882 2767 938 Christi
2824 891 2947 954 post
3008 883 3353 956 baptismum
3407 896 3663 946 astruere
3716 897 3770 947 et

2118 972 2512 1028 demonstrare
2559 973 2763 1029 animae
2821 982 2874 1029 et
2929 974 3184 1044 corporis
3213 979 3358 1049 ejus,
3399 983 3457 1034 et
3504 978 3768 1037 humana)

2118 1067 2335 1116 naturae
2364 1060 2660 1116 nobiscum
2694 1061 3089 1118 convenientis
3118 1064 3494 1134 veritatem,et
3518 1064 3588 1121 ab
3610 1066 3767 1122 omni

2118 1148 2345 1205 fictione
2377 1148 2769 1205 remotionem.
2806 1150 2949 1208 Nam
3002 1167 3127 1224 quae
3173 1161 3295 1222 post
3328 1154 3671 1226 baptismum
3735 1173 3770 1211 a

2115 1238 2340 1293 Christo
2366 1248 2520 1309 gesta
2551 1245 2700 1309 sunt,
2734 1239 2980 1296 maxime
3011 1241 3307 1312 miracula,
3341 1243 3611 1301 latentem
3644 1245 3768 1315 ejus

2114 1329 2175 1383 in
2206 1342 2376 1384 carne
2405 1327 2756 1383 divinitatem
2786 1329 3147 1399 potissimum
3180 1331 3400 1387 mundo
3427 1333 3766 1405 comproba-

2115 1414 2248 1471 bant
2279 1424 2332 1472 et
2363 1417 2801 1473 conﬁrmabant.
2829 1420 2969 1475 Cum
3001 1421 3154 1476 enim
3213 1421 3364 1476 idem
3416 1421 3566 1478 Deus
3595 1422 3766 1479 simul

2114 1512 2167 1561 et
2199 1505 2367 1561 homo
2395 1506 2673 1575 perfectus
2723 1516 2892 1574 esset,
2950 1510 3089 1564 duas
3142 1517 3371 1565 naturas
3428 1527 3562 1566 suas
3601 1511 3766 1569 nobis

2112 1595 2375 1664 patefecit
2408 1595 2798 1652 :divinilatem
2831 1597 3060 1668 quidem
3107 1615 3207 1671 per
3264 1599 3545 1656 miracula
3588 1600 3764 1659 trien-

2111 1683 2207 1739 nio
2250 1684 2354 1739 isto
2386 1692 2510 1754 post
2546 1686 2891 1755 baptismum
2924 1694 3170 1757 patrata:
3195 1687 3602 1745 humanitatem
3636 1707 3763 1748 vero

2109 1790 2269 1829 suam
2311 1775 2544 1845 triginta
2603 1775 2719 1831 illis
2768 1777 2938 1832 annis
2990 1776 3335 1849 baptismum
3396 1782 3762 1851 antegressis,

2107 1863 2312 1934 quibus
2336 1865 2526 1920 carnis
2558 1865 2745 1921 vilitas
2776 1866 2996 1936 tegebat
3026 1876 3079 1921 et
3126 1866 3517 1924 abscondebat
3550 1869 3766 1925 divini-

347 1951 845 2030 θεότητος,καίπερ
905 1954 1035 2017 Θεὸς
1092 1953 1311 2025 ἀληθής
1343 1953 1677 2026 προαιώνιος
1710 1952 1997 2028 ὑπάρχων.

2122 1953 2242 2009 tatis
2271 1952 2452 2023 signa,
2477 1954 2698 2010 tametsi
2723 1954 2872 2011 Deus
2902 1970 3069 2011 verus
3094 1963 3244 2012 esset
3273 1963 3325 2013 et
3354 1959 3760 2029 sempiternus.

421 2135 541 2192 Hoc
570 2134 954 2205 fragmentum
986 2133 1301 2190 Halloixius
1332 2149 1449 2189 non
1483 2133 1671 2205 habet,
1702 2133 1940 2190 inseruit
1969 2140 2155 2188 tamen
2187 2133 2335 2189 istud
2372 2134 2624 2190 Historiae
2650 2150 2763 2190 suae
2796 2134 3080 2191 litterariae
3110 2135 3327 2194 Caveus
3359 2152 3373 2192 :
3412 2137 3619 2194 Notent
3637 2138 3765 2197 haec

344 2226 456 2283 sibi
485 2225 848 2298 Eutychiani,
882 2225 1253 2296 subjungens,
1282 2225 1518 2280 duarum
1559 2225 1617 2280 in
1649 2225 1871 2280 Christo
1900 2230 2232 2280 naturarum
2262 2232 2717 2294 oppugnatores;
2753 2231 2949 2280 notent
2978 2225 3196 2290 Ariani,
3230 2232 3284 2281 et
3314 2225 3435 2297 qui,
3466 2226 3657 2282 Soeini
3687 2228 3761 2284 de

342 2331 532 2386 grege,
570 2315 878 2370 Dominum
903 2322 1163 2370 nostrum
1193 2315 1364 2369 Deum
1399 2328 1591 2369 verum
1617 2322 1670 2368 et
1701 2314 2111 2384 sempiternum
2142 2330 2265 2370 esse
2292 2315 2585 2384 praefracte
2616 2329 2823 2384 negare
2854 2330 2970 2369 non
3000 2322 3285 2370 verentur.
3336 2314 3530 2371 Mirari
3579 2314 3755 2386 igitur

349 2405 488 2461 satis
522 2420 637 2462 non
666 2404 868 2476 poterit
898 2402 1206 2460 benevolus
1237 2403 1432 2470 lector,
1468 2403 1564 2475 qui
1588 2403 1928 2458 Whistonus
1958 2402 2093 2472 (15),
2124 2420 2226 2475 pro
2285 2402 2500 2458 Arianm
2531 2418 2598 2457 ex
2644 2418 2776 2458 orco
2805 2407 3079 2457 revocata:
3110 2402 3387 2459 haereseos
3417 2405 3763 2474 patrocinio,

343 2493 541 2552 crebro
580 2494 649 2550 ad
687 2494 840 2551 hunc
871 2494 1060 2550 locum
1085 2508 1388 2563 provocare
1417 2492 1678 2561 potuerit.
1711 2492 1804 2548 Sic
1834 2508 1890 2546 v.
1924 2507 1976 2547 c.
2009 2491 2248 2561 probare
2275 2492 2381 2547 hoc
2408 2490 2695 2547 Melitonis
2716 2490 3039 2546 testimonio
3061 2492 3375 2557 contendit,
3415 2491 3615 2548 Filium
3640 2509 3756 2549 non

341 2583 605 2654 essentia,
637 2584 737 2639 sed
771 2581 1057 2640 voluntate
1086 2580 1285 2637 saltem
1316 2581 1410 2636 Dei
1437 2580 1617 2636 Patris
1646 2580 1892 2637 similem
1923 2594 2049 2636 esse
2076 2580 2264 2648 Patri;
2289 2595 2411 2635 esse
2441 2579 2681 2650 primam
2703 2585 3019 2636 creaturam
3050 2597 3082 2634 a
3113 2579 3229 2635 Deo
3262 2581 3421 2636 Patre
3451 2585 3586 2637 ante
3603 2582 3755 2652 jacta

342 2673 546 2729 mundi
578 2653 955 2729 fundamenta
982 2671 1319 2743 productam
1352 2694 1368 2738 ;
1400 2682 1522 2726 esse
1546 2675 1767 2740 natura,
1799 2668 2089 2726 attributis
2119 2679 2174 2726 et
2203 2653 2648 2741 perfectionibus
2673 2669 2841 2740 longe
2898 2669 3256 2736 inferiorem,
3310 2677 3370 2725 ut
3427 2670 3541 2727 alia
3595 2672 3753 2743 ejus-

343 2764 498 2820 modi
531 2762 862 2834 blaSphema
882 2761 1110 2818 silentio
1130 2768 1479 2831 praeteream.
1501 2761 1660 2816 Forte
1690 2776 1809 2817 non
1830 2761 2089 2829 deerunt,
2119 2760 2215 2832 qui
2242 2748 2500 2815 Melitoni
2520 2775 2554 2814 a
2584 2756 2883 2816 recentiori
2905 2774 3076 2814 manu
3108 2758 3232 2815 haec
3260 2759 3550 2830 supposita
3566 2759 3757 2827 fuisse,

342 2852 433 2909 vel
462 2852 794 2924 conjicient,
828 2851 913 2907 vel
943 2851 1329 2920 affirmabant,
1366 2857 1425 2905 ut
1457 2849 1661 2906 fecisse
1690 2849 1858 2905 etiam
1890 2849 2256 2918 deprehendo
2286 2847 2491 2904 Gallici
2522 2848 2821 2918 cujusdam
2868 2847 3033 2902 diarii
3062 2847 3271 2919 eruditi
3302 2851 3593 2903 auctorem
3624 2847 3757 2920 (l6).

340 2943 445 2999 Sed
470 2942 606 2999 istos
634 2942 922 3013 ablegatos
948 2940 1120 3012 cupio
1150 2941 1219 2996 ad
1250 2941 1479 2997 beatum
1500 2938 2094 3011 Weismannum(l7),
2114 2938 2212 3009 qui
2241 2939 2540 2994 occasione
2568 2937 2741 3008 hujus
2767 2935 2944 3007 ipsius
2971 2936 3301 3007 fragmenti,
3334 2937 3394 2992 in
3430 2938 3761 2995 temerarios

344 3030 623 3103 ejusmodi
659 3030 910 3095 eritieos,
945 3029 1330 3101 temporisque
1361 3030 1538 3084 nostri
1574 3033 1955 3099 Anaxagoras,
2012 3028 2257 3099 graviter
2310 3026 2620 3092 invehitur,
2679 3026 2980 3097 locumque
3030 3027 3185 3083 hunc
3231 3027 3520 3083 Melitonis
3555 3031 3760 3083 contra

341 3120 670 3176 eorumdem
702 3119 1066 3189 exceptiones
1095 3118 1371 3175 vindicat.
1398 3120 1475 3173 Ad
1497 3116 1865 3173 Whistonum
1893 3118 2080 3173 adhuc
2109 3115 2284 3171 semel
2317 3115 2506 3183 redeo,
2540 3130 2855 3184 moneoque
2881 3131 3010 3170 eum
3038 3115 3246 3171 exinde
3273 3132 3495 3187 quoque
3520 3117 3758 3187 probare

337 3207 707 3275 allaborasse,
740 3207 1056 3278 longiorem
1077 3207 1456 3278 Epistolarum
1488 3205 1911 3276 lgnatianarum
1943 3206 2252 3263 editionem
2283 3222 2409 3262 esse
2436 3205 2744 3277 genuinam
2780 3205 3131 3276 breviorique
3158 3206 3587 3263 anteferendum
3620 3205 3759 3280 (18),

338 3314 510 3370 quam
542 3297 874 3368 opinionem
906 3296 1178 3354 facillime
1210 3297 1318 3368 ipsi
1350 3298 1677 3367 permittere
1708 3312 2028 3366 possumus.

1379 3420 1527 3478 VIII.
1573 3422 1791 3492 Fragm.
1839 3437 1911 3477 ex
1937 3424 2077 3477 orat.
2105 3421 2172 3477 de
2193 3422 2450 3492 passione
2481 3419 2721 3476 Domini.

410 3541 583 3599 Aliud
617 3539 901 3607 Melitonis
931 3540 1334 3611 fragmentum,
1363 3538 1631 3611 exiguum
1662 3537 1815 3606 licet,
1849 3538 2086 3595 servavit
2116 3537 2265 3593 idem
2299 3538 2465 3594 modo
2491 3536 2697 3593 citatus
2725 3536 3075 3606 Anastasius,
3108 3536 3260 3594 dicto
3293 3537 3460 3607 libro,
3511 3551 3634 3609 cap.
3670 3536 3760 3597 l2,

340 3647 473 3703 pag.
504 3630 633 3686 216.

1061 3741 1376 3805 Μελίτωνος
1406 3741 1705 3798 ἐπισκόπου
1738 3740 2009 3816 Σάρδεων,
2043 3739 2103 3797 ἔκ
2131 3747 2229 3798 τοῦ
2278 3740 2473 3819 λόγου,
2494 3747 2592 3799 τοῦ
2651 3744 2727 3808 εἰς
2753 3744 2816 3799 τὸ
2848 3743 3040 3803 πάθος.

411 3889 471 3946 '0
502 3887 631 3952 Θεὸς
660 3885 918 3941 πέπονθεν
954 3884 1056 3940 ὑπὸ
1087 3883 1261 3956 δεξιᾶς
1294 3881 1714 3959 Ἰσραηλίτιδος.

2395 3887 2547 3943 Deus
2578 3904 2774 3958 passus
2810 3894 2894 3944 est
2925 3904 2956 3941 a
2988 3888 3180 3943 dextra
3210 3887 3544 3944 Israelitica.

413 3975 603 4035 Monet
633 3976 967 4033 Anastasius
992 3976 1417 4032 Theodosianos
1445 3984 1497 4031 et
1529 3975 1837 4044 Gaianitas,
1872 3982 1932 4030 ut
1979 3975 2238 4045 probent,
2270 3976 2455 4048 ipsum
2485 3978 2653 4032 etiam
2687 3977 2864 4032 Deum
2899 3976 3147 4033 Verbum
3209 3974 3319 4049 (καὶ
3376 3976 3469 4030 τὸν
3522 3973 3577 4029 ἐν
3611 3975 3760 4049 αὐτῷ

337 4067 466 4124 Θεὸν
500 4066 704 4141 Λόγον)
727 4082 855 4123 cum
890 4082 1060 4123 carne
1085 4082 1189 4121 sua
1219 4065 1466 4135 passioni
1503 4065 1677 4121 fuisse
1706 4064 2045 4135 obnoxium,
2077 4065 2280 4121 afl‘erre
2309 4065 2489 4122 solere
2514 4066 2631 4122 haec
2664 4066 2952 4121 Melitonis
2985 4065 3176 4135 verba,
3210 4065 3414 4136 quibus
3455 4073 3667 4137 tamen,
3700 4070 3763 4122 ut

337 4159 400 4215 iu
432 4158 732 4229 prepatulo
760 4164 864 4225 est,
899 4157 1011 4211 vim
1042 4155 1366 4211 intulerunt
1398 4173 1414 4225 ;
1444 4162 1633 4211 noster
1662 4153 1832 4210 etiam
1865 4170 2163 4227 nunquam
2221 4156 2289 4212 de
2343 4156 2452 4213 hoc
2498 4173 2685 4214 errore
2731 4157 2842 4212 fuit
2872 4165 3191 4227 suspectus.
3224 4156 3349 4211 Non
3384 4156 3618 4213 memini
3654 4157 3761 4214 hoc

341 4248 723 4318 fragmentum
757 4245 858 4302 ulli
888 4245 1065 4302 fuisse
1094 4244 1481 4304 observatum.

1516 4359 1615 4418 IX.
1649 4361 1874 4431 Fragm.
1912 4377 1983 4418 ex
2011 4363 2183 4419 Fabro
2210 4363 2546 4435 Stapulensi.

419 4514 593 4571 Miror
624 4521 813 4572 tamen
841 4514 988 4571 inter
1020 4514 1337 4586 fragmenta
1384 4513 1754 4570 Melitoniana
1800 4517 2233 4572 commemorari
2290 4534 2323 4572 a
2381 4517 2448 4572 R.
2512 4517 2699 4587 Ittigio
2755 4515 3006 4588 aliquod,
3047 4516 3194 4587 quod
3242 4532 3307 4572 ex
3337 4515 3549 4573 Jacobo
3579 4516 3762 4573 Fabro

335 4604 681 4676 Stapulensi,
703 4605 970 4676 produxit
997 4603 1372 4670 Colomesius,
1402 4603 1498 4674 qui
1528 4604 1607 4660 ita
1639 4604 1901 4675 praefatur
1933 4621 1946 4661 :
1977 4604 2074 4661 Vir
2105 4607 2377 4676 Optimus,
2409 4622 2475 4663 ac
2507 4623 2608 4676 pro
2649 4613 2900 4677 tempore
2951 4620 3062 4676 quo
3095 4604 3232 4662 vixit
3256 4605 3410 4663 varia
3438 4605 3761 4661 eruditione

342 4694 630 4763 excultus,
659 4693 905 4751 Iacobus
936 4692 1108 4749 Faber
1134 4693 1513 4764 Stapulensis,
1545 4693 1607 4750 in
1639 4693 1784 4751 libro
1816 4695 1884 4751 de
1914 4709 2029 4751 una
2085 4711 2153 4751 ex
2214 4696 2392 4753 tribus
2446 4696 2646 4763 Maria,
2708 4697 3001 4766 sequentia
3059 4696 3228 4752 refert
3276 4711 3340 4752 ex
3391 4696 3659 4751 ltlelitone
3690 4697 3759 4751 de

336 4788 565 4842 Joanne
596 4782 858 4855 apostolo
890 4799 905 4839 :
940 4805 969 4835 «
1005 4785 1142 4840 Cum
1174 4786 1326 4839 esset
1352 4799 1633 4840 annorum
1665 4785 1999 4856 nonaginta,
2031 4786 2291 4857 apparuit
2336 4787 2386 4841 ei
2451 4784 2733 4841 Dominus
2787 4786 2950 4841 Jesus
3004 4785 3261 4842 Christus
3289 4800 3421 4842 cum
3456 4784 3759 4857 discipulis

338 4875 479 4942 suis,
507 4878 565 4933 et
595 4874 741 4930 dixit
770 4873 820 4929 ei
855 4889 869 4928 :
905 4874 1045 4929 Veni
1077 4874 1145 4927 ad
1174 4889 1283 4944 me,
1317 4874 1447 4944 quia
1480 4881 1702 4944 tempus
1723 4885 1824 4945 est,
1858 4884 1921 4930 ut
1949 4874 2194 4944 epularis
2226 4876 2284 4931 in
2315 4873 2575 4931 convivio
2609 4890 2732 4929 meo
2773 4889 2903 4930 cum
2938 4874 3206 4929 fratribus
3238 4874 3369 4928 tuis.
3396 4895 3424 4922 »
3455 4873 3762 4943 Desumpta

340 4964 465 5022 haec
490 4980 613 5022 esse
638 4965 959 5036 suspicatur
989 4962 1343 5021 Colomesius
1373 4979 1440 5020 ex
1499 4964 1621 5034 ejus
1674 4963 1819 5021 libro
1871 4966 1944 5020 de
1990 4964 2329 5037 Apocalypsi
2363 4963 2620 5028 Ioannis,
2654 4964 2749 5017 sed
2782 4963 2986 5018 erravit
3019 4962 3274 5017 eruditus
3304 4962 3411 5029 vir,
3449 4966 3658 5016 etcum
3692 4976 3758 5016 eo

336 5053 538 5111 beatus
569 5054 818 5126 Ittigius.
852 5053 986 5109 Haec
1016 5053 1173 5108 enim
1204 5068 1432 5123 prorsus
1464 5069 1579 5109 non
1609 5060 1740 5109 sunt
1770 5054 2057 5111 Melitonis
2084 5054 2371 5121 Sardiani,
2394 5054 2494 5109 sed
2531 5052 2848 5119 Laodiceni,
2882 5052 2979 5122 qui
3009 5052 3078 5107 de
3111 5050 3372 5121 passione
3429 5049 3488 5105 S.
3522 5047 3759 5105 Ioannis

340 5144 716 5214 Evangelistas
749 5142 974 5214 scripsit
1010 5142 1292 5210 libellum,
1326 5149 1447 5213 post
1478 5143 1621 5199 alios
1649 5160 1679 5197 a
1710 5142 2078 5200 celeberrimo
2105 5148 2155 5202 J.
2189 5148 2257 5198 A.
2293 5142 2548 5199 Fabricio
2575 5156 2817 5213 quoque,
2877 5143 2937 5196 in
2995 5140 3186 5196 Codice
3216 5137 3527 5210 apOCrypho
3577 5138 3642 5195 Ν.
3691 5141 3758 5195 Τ.

337 5229 472 5290 lom.
513 5233 611 5303 ΙΙΙ,
643 5233 884 5303 editum,
920 5231 1015 5288 ubi
1058 5249 1183 5303 pag.
1220 5232 1347 5300 620,
1382 5232 1576 5288 eadem
1612 5231 1731 5289 haec
1762 5233 1928 5288 verba
1960 5233 2068 5305 legi
2096 5239 2384 5303 poterunt.

2108 5384 2204 5441 ubi
2233 5384 2518 5439 Anastasii
2542 5379 2783 5454 Ὀδηγοῦ
2806 5382 2976 5454 editio
3007 5379 3371 5454 Gretseriana
3407 5385 3750 5454 r‘eeensetur.

2180 5456 2292 5526 (l7)
2317 5456 2678 5510 Weismanni
2697 5449 3047 5510 "Introductio
3079 5452 3141 5509 in
3167 5449 3556 5508 memorabilia
3580 5452 3748 5508 eccle-

2106 5531 2342 5585 siastica
2373 5527 2508 5582 Hist.
2545 5526 2581 5581 S
2612 5567 2626 5593 ,
2653 5532 2794 5582 tom.
2830 5526 2873 5594 Ι,
2906 5541 3033 5597 pag.
3055 5526 3179 5580 415.

2184 5599 2293 5671 (18)
2324 5602 2389 5653 In
2420 5598 2505 5671 his
2534 5595 3079 5671 Dissertationupon
3109 5597 3200 5654 the
3228 5595 3473 5669 Epistles
3500 5596 3568 5668 of
3586 5596 3750 5667 Igna-

2110 5670 2244 5742 um,
2275 5686 2401 5743 pag.
2432 5670 2505 5726 65
2533 5685 2651 5743 seq.

414 5384 531 5456 (15)
556 5386 899 5441 Whistonus
925 5401 977 5441 c.
1007 5385 1044 5440 Ι.
1077 5392 1214 5440 tom.
1279 5384 1362 5439 III
1411 5385 1677 5443 Primaevi
1724 5385 1999 5442 Christia-

339 5453 532 5527 nismi,
565 5475 691 5527 pag.
728 5458 820 5524 64,
856 5457 977 5519 125,
1008 5456 1138 5524 283,
1164 5464 1271 5512 etc.

414 5526 542 5601 (16),
572 5526 835 5601 Nouvelie
877 5527 1287 5601 Βξριὶοιὴὲᾳιις
1319 5527 1545 5597 ehoisie,
1603 5544 1686 5601 ou;
1723 5528 1833 5585 l‘on
1891 5531 1999 5599 [ait

338 5599 633 5655 'connailre
662 5600 739 5655 les
769 5600 899 5654 bona
931 5598 1098 5656 liores
1131 5598 1200 5656 ei:
1229 5598 1415 5656 divers
1435 5614 1628 5669 genre:
1652 5599 1719 5656 de
1771 5598 1998 5657 litiera-

342 5673 488 5744 tare,
529 5675 582 5729 et
605 5671 817 5742 l’usage
843 5673 1004 5744 qu’on
1035 5686 1103 5729 en
1136 5672 1253 5729 dcit
1281 5670 1445 5744 tam.
1489 5671 1655 5729 Tom.
1711 5670 1784 5742 II,
1814 5688 1873 5745 p.
1904 5673 1996 5744 34,
