4110 6150
337 326 500 392 1223
1400 326 1462 388 S.
1513 326 1804 388 MELITO
1846 326 1960 388 SA!

2136 325 2211 386 M
2254 323 2708 388 EPISCOI’US.
3601 339 3759 404 122.

1661 543 1724 601 Χ.
1758 543 1841 598 Ea:
1871 542 2034 599 Clave
2058 541 2439 615 portiuncuta.

403 753 619 825 Agmen
652 751 878 807 tandem
909 750 1133 806 claudat
1162 747 1524 819 portiuncula
1551 763 1617 803 ex
1643 745 1788 801 libro
1816 744 1936 815 ejus
1992 741 2179 798 Clavis
2217 741 2389 810 dicto,
2443 756 2564 811 quas
2609 740 2715 797 sub
2747 740 2976 797 initium
3027 745 3215 813 operis
3262 746 3390 804 sine
3449 748 3617 806 titulo
3681 753 3746 809 in

334 845 576 913 utroque
597 840 793 897 codice
822 844 1025 910 exstat,
1062 845 1115 895 et
1146 838 1205 895 in
1237 853 1346 909 qua
1371 837 1589 894 edenda
1620 836 1672 892 id
1706 834 1817 906 egi,
1853 840 1910 889 ut
1940 831 2068 889 loca
2087 832 2391 905 diligenter
2420 830 2480 887 in
2515 830 2690 888 sacris
2721 832 2943 903 paginis
2965 833 3343 909 quaesiverim,
3382 843 3551 910 atque
3606 839 3764 899 infra

325 934 388 990 in
418 933 568 989 notis
597 932 982 988 excitaverim.

403 1023 575 1094 Caput
592 1023 831 1088 Domini,
863 1022 986 1092 ipsa
1017 1020 1315 1077 Divinitas.
1349 1023 1425 1075 Eo
1457 1018 1605 1089 quod
1640 1014 1987 1088 principium
2018 1019 2071 1068 et
2101 1018 2321 1069 creator
2349 1010 2420 1067 sit
2440 1010 2700 1068 omnium
2733 1026 2925 1068 rerum
2952 1027 2966 1068 :
2998 1011 3059 1069 in
3089 1012 3326 1072 Daniele
3358 1014 3423 1071 “.

409 1112 616 1183 Capilli
640 1111 863 1168 Domini
894 1110 1137 1177 candidi,
1171 1127 1235 1167 co
1262 1110 1407 1180 quod
1446 1107 1728 1178 Antiquos
1760 1105 1833 1160 sit
1862 1105 2109 1169 dierum,
2141 1102 2237 1158 ubi
2266 1107 2320 1157 et
2349 1116 2538 1171 supra.

405 1204 569 1263 Oculi
592 1202 839 1269 Domini,
872 1201 1155 1275 inspectio
1183 1201 1377 1257 divina
1410 1214 1515 1256 :eo
1546 1197 1696 1270 quod
1728 1195 1920 1252 omnia
1951 1192 2153 1250 videat.
2188 1191 2348 1248 Sicut
2377 1197 2458 1247 est
2488 1188 2633 1246 illud
2664 1189 2725 1247 in
2753 1191 3053 1261 Apostoio:
3087 1215 3115 1243 «
3143 1193 3349 1252 Omnia
3404 1196 3561 1254 enim
3592 1199 3752 1257 nuda

331 1300 385 1349 et
413 1300 605 1364 aperta
634 1296 770 1349 sunt
801 1292 857 1348 in
889 1292 1069 1349 oculis
1086 1292 1213 1362 ejus
1244 1289 1307 1345 16.
1350 1310 1379 1341 »
3059 1339 3062 1342 .

405 1383 702 1456 Palpebrae
724 1383 970 1453 Domini,
1002 1381 1225 1438 occulta
1245 1377 1565 1451 Spiritualia
1592 1376 1654 1433 in
1685 1373 1892 1431 divinis
1921 1371 2216 1445 praeceptis
2250 1368 2535 1443 mysteria.
2570 1369 2638 1425 In
2667 1369 2885 1441 psalmo
2908 1370 2951 1406 ¹⁷
2985 1387 2998 1428 :
3033 1394 3061 1423 «
3093 1372 3380 1445 Palpebrae
3414 1377 3539 1448 ejus
3568 1377 3757 1436 inter-

327 1476 552 1545 rogant,
587 1473 693 1529 hoc
724 1479 805 1529 est
836 1472 1097 1543 probant,
1127 1472 1274 1527 lilios
1299 1468 1620 1526 hominum.
1646 1488 1675 1516 ››

400 1564 668 1621 Odoratus
695 1565 935 1629 Domini,
968 1562 1268 1618 delectatio
1298 1560 1421 1631 ejus
1453 1561 1513 1615 in
1536 1554 1912 1624 orationibus,
1971 1554 2091 1612 sive
2133 1551 2398 1624 cperibus
2444 1558 2792 1610 sanctorum.
2826 1555 2893 1610 In
2931 1554 3137 1612 Genesi
3168 1554 3212 1590 ⁸⁸
3246 1571 3260 1613 :
3289 1577 3319 1607 «
3353 1556 3754 1632 Odoratusque

332 1657 418 1711 est
439 1653 718 1710 Dominus
746 1654 974 1709 odorem
1010 1651 1326 1707 suavitatis.
1362 1668 1393 1700 »

398 1748 475 1801 05
506 1743 743 1811 Domini,
779 1741 952 1797 Filius
980 1742 1124 1812 ejus,
1156 1740 1245 1796 vel
1277 1753 1467 1795 sermo
1498 1738 1568 1792 ad
1603 1735 1889 1793 homines.
1944 1738 2008 1791 In
2067 1733 2342 1805 propheta
2373 1749 2386 1790 :
2423 1755 2451 1786 «
2483 1736 2558 1790 Os
2617 1734 2846 1792 Domini
2870 1735 3124 1793 locutum
3148 1742 3239 1793 est
3268 1738 3311 1774 ιθ
3348 1756 3362 1809 ;
3396 1761 3424 1791 »
3461 1742 3517 1797 et
3545 1739 3685 1798 alibi
3730 1757 3747 1802 :

325 1854 356 1886 (ι
380 1836 453 1889 Us
482 1833 603 1903 ejus
633 1832 700 1887 ad
735 1830 1085 1887 iracundiam
1113 1834 1559 1900 provocaverunt
1592 1825 1656 1882 ²⁰.
1681 1846 1712 1877 ››

336 1954 343 1958 ν
393 1922 610 1991 Lingua
638 1921 883 1990 Domini,
914 1919 1157 1991 Spiritus
1187 1918 1308 1989 ejus
1338 1921 1590 1973 sanctus.
1625 1918 1690 1971 In
1724 1913 1942 1985 psalmo
1974 1930 1988 1969 :
2023 1933 2052 1964 ι(
2086 1913 2299 1984 Lingua
2329 1930 2454 1971 mea
2482 1914 2736 1972 calamus
2773 1914 2839 1971 εί.
2878 1936 2909 1967 ››

392 2013 578 2068 Facies
606 2011 854 2077 Domini,
887 2009 1132 2066 ostensio
1154 2009 1294 2081 ejus.
1327 2010 1389 2064 In
1424 2007 1611 2063 Exodo
1637 2004 1684 2040 ²²
1717 2021 1731 2060 :
1766 2026 1794 2055 «
1830 2003 2025 2061 Facies
2055 2018 2183 2060 mea
2212 2004 2491 2075 praecedet
2519 2010 2570 2061 te
2603 2021 2617 2073 ;
2650 2026 2678 2055 »
2711 2012 2766 2061 et
2788 2005 2847 2061 in
2871 2006 3186 2078 propheta:
3221 2030 3251 2060 «
3283 2009 3476 2069 Facies
3509 2012 3745 2071 Domini

320 2102 511 2160 divisit
539 2118 635 2159 eos
656 2102 725 2157 ³³.
753 2121 784 2152 ››

394 2192 623 2250 Verbum
650 2193 895 2257 Domini,
920 2191 1115 2248 Filius.
1150 2193 1214 2246 In
1248 2188 1466 2261 psalmo
1502 2203 1515 2244 :
1551 2208 1580 2238 «
1605 2184 1895 2242 Eructavit
1924 2199 2022 2241 cor
2051 2198 2242 2240 meum
2273 2182 2506 2239 verbum
2541 2182 2753 2239 bonum
2785 2182 2851 2239 2‘.
2887 2206 2917 2236 »

389 2284 687 2339 Brachium
716 2285 960 2352 Domini,
997 2282 1190 2353 Filius,
1226 2296 1322 2352 per
1353 2295 1521 2352 quem
1555 2279 1747 2336 omnia
1776 2283 2039 2347 operatus
2067 2281 2168 2331 est.
2205 2274 2267 2330 In
2299 2272 2572 2343 prapheta
2604 2273 2745 2329 Isaia
2774 2273 2821 2309 ³⁵
2851 2289 2865 2329 :
2905 2296 2927 2325 α
2949 2274 3016 2331 Et
3049 2275 3343 2335 brachium
3375 2278 3604 2337 Domini
3640 2280 3744 2338 cui

317 2376 622 2434 revelatum
654 2383 735 2433 est
765 2376 793 2431 ?
825 2398 853 2427 ››

386 2466 616 2521 Dextera
644 2466 886 2531 Domini,
920 2464 975 2521 id
997 2471 1080 2521 est
1111 2463 1306 2532 Filius,
1340 2462 1435 2533 qui
1467 2469 1523 2518 et
1547 2476 1716 2531 supra
1745 2458 1805 2514 in
1837 2454 2097 2528 psalmo:
2141 2473 2169 2502 α
2201 2450 2441 2507 Dextera
2469 2451 2703 2508 Domini
2738 2451 2870 2508 fecit
2910 2453 3173 2511 virtutem
3206 2456 3271 2510 ³⁸.
3306 2478 3338 2507 ››

386 2560 625 2611 Dextera
655 2553 899 2621 Domini,
932 2553 1131 2611 electio
1162 2553 1368 2609 omnis.
1397 2552 1462 2609 Ut
1492 2551 1550 2606 in
1584 2544 2025 2606 Deuteronomio
2055 2540 2101 2576 ³³⁷
2134 2557 2148 2596 :
2184 2562 2211 2591 ‹‹
2245 2541 2310 2596 In
2341 2540 2573 2597 dextera
2602 2544 2729 2614 ejus
2764 2543 2928 2613 ignea
2963 2543 3073 2600 lex.
3104 2564 3135 2595 »

384 2645 497 2701 Αιω
527 2644 767 2710 Domini,
801 2644 1074 2714 protcelio
1103 2642 1313 2698 divina.
1349 2644 1413 2697 In
1445 2640 1668 2710 psalmo
1699 2638 1743 2673 ²³
1777 2654 1789 2693 :
1818 2659 1846 2687 «
1874 2638 1936 2692 In
1971 2634 2171 2692 umbra
2198 2633 2418 2689 alarum
2448 2636 2680 2689 tuarum
2713 2633 2970 2705 sperabo.
2997 2657 3024 2686 ιθ

384 2732 617 2805 Scapula
646 2732 889 2799 Domini,
923 2731 1113 2788 divina
1130 2730 1403 2802 potentia,
1441 2745 1549 2800 qua
1577 2733 1802 2799 portare
1829 2726 2093 2796 dignatur
2147 2724 2427 2782 inﬁrmos.
2486 2729 2555 2781 In
2586 2725 3024 2784 Deuteronomio
3045 2725 3091 2762 ²⁹
3122 2743 3136 2783 :
3172 2749 3200 2779 «
3239 2729 3496 2801 Suscepit
3521 2746 3619 2788 eos
3674 2738 3736 2788 et.

313 2822 673 2893 superposuit
704 2820 953 2892 scapulis
983 2819 1119 2876 suis.
1156 2841 1185 2869 »

384 2911 576 2966 Manus
606 2911 845 2980 Domini,
878 2910 1070 2965 divina
1098 2908 1366 2980 Operatio.
1400 2909 1462 2963 ln
1497 2905 1769 2978 propheta
1803 2921 1816 2959 :
1851 2926 1878 2955 ‹‹
1913 2901 2119 2961 Nonne
2145 2919 2349 2960 manus
2378 2918 2519 2959 mea:
2551 2902 2802 2960 fecerunt
2835 2905 2955 2962 hasc
2985 2906 3179 2964 omnia
3201 2907 3248 2944 3°
3280 2911 3304 2964 Ρ
3334 2929 3363 2959 ››

383 3001 594 3071 Digitus
626 3001 866 3068 Domini,
896 2999 1139 3070 Spiritus
1171 3007 1419 3062 sanctus,
1443 2997 1608 3068 cujus
1638 2993 1967 3067 aperatione
1997 2991 2202 3049 tabula:
2268 2993 2410 3064 legis
2465 2993 2527 3049 in
2583 2993 2777 3050 Exodo
2816 2993 2861 3030 δι
2920 2997 3144 3067 scriptae
3175 2997 3498 3056 referuntur
3530 3016 3546 3057 :
3579 3007 3633 3059 et
3667 3001 3735 3060 in

310 3089 612 3159 Evangelia
644 3090 691 3124 ³³
726 3106 739 3144 :
773 3110 801 3139 «
834 3088 891 3144 Si
924 3104 1025 3159 ego
1057 3089 1115 3143 in
1147 3086 1325 3157 digito
1360 3085 1456 3142 Dei
1494 3085 1661 3156 ejicio
1687 3083 1991 3140 daemonia.
2024 3103 2055 3133 »

384 3178 562 3247 Digiti
590 3177 832 3246 Domini,
865 3177 1149 3248 legislator
1184 3176 1422 3246 Moyses,
1458 3175 1574 3231 sive
1605 3174 1913 3247 praphetae.
1951 3174 2018 3229 In
2045 3174 2265 3245 psalmo
2302 3174 2350 3211 ³³
2387 3193 2401 3234 :
2434 3197 2463 3227 ιι
2496 3175 2713 3233 Videbo
2742 3177 2935 3247 ctelos,
2962 3199 2990 3228 »
3023 3178 3134 3236 hoc
3185 3187 3270 3236 est
3303 3180 3477 3238 libros
3505 3181 3646 3255 legis
3672 3191 3733 3242 et

309 3269 736 3340 praphetarum,
770 3289 799 3318 ‹‹
832 3282 1003 3338 opera
1025 3266 1332 3338 digitorum
1358 3270 1606 3322 tuorum.
1636 3287 1664 3315 »

378 3357 660 3429 Sapientia
685 3358 924 3424 Domini,
960 3357 1150 3412 Filius.
1177 3357 1242 3412 In
1276 3355 1540 3427 Apostolo
1569 3354 1616 3390 ³⁴
1649 3371 1661 3410 :
1699 3376 1727 3405 α
1759 3353 2017 3410 Christus
2050 3354 2149 3409 Dei
2217 3355 2394 3412 virtus
2453 3362 2507 3412 et
2554 3355 2654 3412 Dei
2695 3356 2983 3426 Sapientia
3012 3377 3025 3427 ;
3063 3379 3091 3408 ››
3123 3362 3180 3415 et
3211 3359 3269 3416 in
3294 3359 3599 3420 Salomone
3628 3361 3675 3398 ³⁵
3709 3379 3725 3422 :

310 3467 340 3499 ‹‹
370 3447 656 3518 Sapientia
687 3447 917 3503 Domini
949 3446 1175 3517 attingit
1204 3463 1237 3500 a
1262 3445 1373 3502 line
1406 3461 1585 3517 usque
1610 3445 1678 3500 ad
1711 3445 1885 3501 ﬁnem
1910 3444 2148 3502 fortiter.
2176 3466 2206 3495 »

378 3536 550 3594 Pedes
572 3536 814 3605 Domini,
848 3536 1125 3593 stabilitas
1162 3539 1218 3591 et
1247 3534 1549 3591 aeternitas.
1578 3536 1641 3590 In
1681 3534 1901 3605 psalmo
1932 3532 1976 3569 ³⁷
2010 3549 2024 3590 :
2054 3534 2171 3589 «Et
2204 3534 2384 3605 caligo
2415 3534 2517 3589 sub
2553 3533 2793 3604 pedibus
2823 3534 2964 3605 ejus.
2998 3556 3027 3587 »

378 3627 622 3684 Thronus
650 3627 864 3684 Domini
894 3624 1103 3698 angeli,
1138 3626 1254 3683 sive
1284 3626 1491 3693 sancti,
1523 3625 1608 3682 vel
1638 3624 1760 3696 ipsa
1793 3623 2072 3696 regnandi
2102 3630 2369 3695 potestas.
2399 3624 2465 3680 In
2502 3622 2720 3693 psalmo
2766 3621 2812 3658 ³³
2874 3638 2889 3681 :
2944 3623 3208 3682 Thronus
3260 3632 3412 3695 tuus,
3443 3628 3615 3697 Deus,
3650 3630 3719 3688 in

304 3717 577 3774 saeculum
602 3717 819 3774 seaculi.
857 3739 886 3767 ››

375 3807 551 3876 Sedes,
575 3808 723 3864 idem
758 3807 905 3878 quod
938 3823 1131 3879 supra,
1162 3805 1351 3879 angeli
1385 3805 1467 3862 vel
1499 3806 1703 3877 sancti,
1738 3806 1886 3877 quod
1946 3804 2007 3862 in
2057 3803 2145 3860 his
2203 3803 2478 3860 Dominus
2515 3802 2730 3861 sedeat.
2761 3807 2827 3860 In
2850 3803 3068 3877 psalmo
3088 3805 3133 3840 ⁸⁸
3158 3822 3171 3862 :
3197 3827 3225 3855 «
3259 3806 3533 3863 Dominus
3565 3808 3717 3867 sedit

302 3911 472 3967 snper
503 3897 694 3953 sedem
726 3903 981 3953 sanctam
1013 3911 1196 3952 suam.
1223 3917 1252 3947 »

375 3988 672 4043 Descenrus
706 3986 939 4049 Domini,
977 3985 1221 4042 visitatio
1246 3986 1370 4058 ejus
1398 3986 1466 4041 ad
1501 3985 1785 4041 homines.
1817 3984 1972 4041 Sicut
2002 3984 2063 4040 in
2095 3984 2329 4041 Michaea
2356 3983 2403 4021 ⁴⁰
2434 4001 2447 4041 :
2502 4006 2531 4033 «
2590 3984 2731 4042 Ecce
2773 3985 3052 4042 Dominus
3100 3987 3420 4058 egredietur
3458 3989 3527 4045 de
3583 3988 3716 4047 loco

301 4092 424 4142 suo,
459 4077 761 4133 descen-tct
793 4075 1136 4133 conculcans
1162 4082 1411 4131 extrema
1445 4081 1624 4132 terrai.
1661 4097 1689 4125 ››
1722 4075 1889 4141 Item,
1919 4075 1979 4131 in
2010 4074 2218 4131 malam
2245 4081 2482 4146 partem.
2517 4077 2584 4131 In
2605 4074 2810 4133 Genes.
2834 4077 2875 4112 ιι
2909 4093 2922 4131 :
2949 4099 2976 4126 «
3013 4075 3319 4134 Descendit
3350 4079 3625 4135 Dominus
3654 4087 3722 4137 ut

297 4167 510 4223 videret
543 4166 765 4220 turrim.
803 4188 830 4215 »

367 4256 630 4311 Ascensus
662 4255 901 4325 Domini,
927 4254 1161 4312 elevatio
1194 4254 1443 4311 hominis
1474 4254 1753 4326 assumpti
1785 4272 1817 4310 a
1850 4260 1997 4311 terra
2034 4253 2095 4309 in
2154 4255 2348 4312 cmlos.
2381 4254 2444 4311 In
2485 4255 2706 4327 psalmo
2735 4254 2786 4291 ⁴²
2821 4272 2835 4311 :
2862 4278 2891 4306 «
2926 4256 3032 4322 Qui
3063 4257 3318 4315 ascendit
3346 4272 3515 4329 SUper
3543 4259 3718 4318 caelos

298 4343 572 4400 caelorum
597 4345 664 4399 ad
689 4344 991 4401 orientem.
1029 4366 1058 4395 »

367 4435 529 4488 Stare
558 4433 798 4498 Domini,
823 4433 1095 4502 patientia
1121 4432 1449 4502 divinitatis,
1504 4448 1603 4506 per
1634 4449 1802 4505 quam
1835 4441 2165 4505 peccatores
2197 4436 2264 4491 ad
2310 4434 2698 4507 paenitentiam
2727 4436 2990 4493 sustinet.
3025 4437 3205 4494 Sicuti
3236 4439 3296 4495 in
3326 4438 3589 4497 Habacuc
3619 4441 3665 4476 ⁴³
3699 4454 3716 4498 :

302 4544 328 4577 α
360 4523 522 4578 Stetit
554 4525 609 4578 et
647 4536 875 4578 mensus
924 4531 1007 4580 est
1060 4532 1268 4580 terram
1329 4542 1399 4594 ;»
1446 4533 1499 4582 et
1545 4526 1605 4581 in
1645 4525 1951 4598 Evangelia
1980 4524 2028 4560 “
2068 4540 2083 4582 :
2134 4546 2162 4574 «
2212 4523 2379 4581 Stetit
2424 4524 2592 4581 Jesus
2630 4531 2683 4580 et
2725 4525 2898 4595 jussit
2937 4540 3067 4582 eum
3111 4526 3326 4600 vocari,
3369 4549 3398 4580 »
3466 4529 3574 4587 hoc
3634 4535 3715 4586 est

304 4627 537 4671 cmcum.

377 4700 662 4758 Transilas
693 4700 935 4770 Domini,
958 4705 1269 4774 assumptio
1292 4705 1501 4772 carnis,
1538 4720 1636 4775 per
1685 4720 1853 4776 quam
1905 4703 2208 4770 nascendo,
2251 4702 2567 4770 moriendo,
2619 4705 2982 4775 resurgendo,
3033 4704 3094 4761 in
3142 4705 3313 4763 emlos
3352 4706 3700 4765 ascendendo

302 4792 575 4864 quosdam
600 4789 872 4847 transitus
890 4791 1040 4848 fecit.
1069 4792 1131 4848 In
1155 4793 1385 4850 Cantica
1409 4794 1762 4851 canticorum
1794 4794 1840 4829 4‘
1865 4810 1878 4850 :
1915 4816 1943 4845 «
1969 4795 2114 4851 Ecce
2142 4794 2249 4850 iste
2268 4792 2419 4849 venit
2439 4791 2647 4850 saliens
2666 4800 2911 4863 montes,
2935 4795 3263 4852 transiliens
3282 4796 3483 4854 colles.
3509 4819 3537 4849 υ

370 4880 591 4936 Gressus
621 4881 869 4949 Domini,
899 4882 1175 4938 adventus
1198 4882 1282 4939 vel
1317 4883 1559 4940 visitatio
1582 4884 1723 4955 ejus.
1750 4886 1811 4940 In
1835 4884 2073 4955 psalmo.

379 4969 509 5026 Vita
540 4969 787 5042 Domini,
810 4970 1059 5042 operatio
1083 4971 1419 5029 divinitatis.
1459 4972 1618 5030 Sicut
1648 4973 1708 5029 in
1754 4971 1865 5031 Job
1906 4990 2010 5046 pro
2069 4974 2295 5034 diabolo
2324 4974 2404 5033 “z
2430 4997 2458 5026 «
2484 4976 2609 5048 Ipse
2657 4977 2743 5031 est
2770 4975 3119 5048 principium
3142 4977 3357 5034 viarum
3393 4977 3647 5037 Domini.
3683 4998 3714 5027 η

374 5265 418 5339 ‘f
458 5264 602 5339 Dan.
643 5282 761 5339 v11,"
782 5266 967 5339 9.-13,
1013 5264 1100 5320 22.
1143 5263 1190 5299 ¹⁶
1228 5264 1400 5321 Hebr.
1445 5281 1515 5339 ιγ,
1553 5264 1743 5339 έ3ζ¹⁷
1787 5266 1931 5323 Psal.
1972 5284 1997 5323 1

2091 5272 2120 5322 ἰ.
2151 5267 2197 5303 ίδ
2231 5284 2355 5337 cap.
2399 5284 2517 5339 vm,
2560 5284 2611 5324 v.
2650 5268 2740 5325 2i.
2781 5267 2827 5304 1°
2866 5269 2972 5325 Isa.
3014 5286 3051 5336 ι,
3076 5270 3165 5324 20.
3207 5268 3253 5305 2°
3290 5270 3503 5326 Thren.
3548 5279 3587 5338 t,
3625 5272 3714 5326 10.

297 5336 524 5411 ξι-Ρξρι.
565 5352 711 5400 xuv,
742 5338 796 5391 2.
840 5337 888 5371 '3
925 5354 1049 5406 cap.
1091 5353 1372 5411 133111,}.
1418 5337 1505 5397 14.
1546 5334 1597 5411 i3
1637 5337 1850 5411 fljhrcn.
1894 5356 1920 5393 ιη

2108 5339 2153 5375 2⁸
2194 5334 2341 5395 Psal.
2375 5334 2520 5405 xuv,
2557 5342 2612 5395 2.
2653 5340 2700 5374 ’⁵
2736 5357 2862 5411 cap.
2904 5334 3119 5411 uu,v.
3166 5341 3214 5398 1.
3258 5342 3305 5376 ³⁸
3353 5342 3500 5399 Psal.
3543 5334 3716 5411 eam,

300 5408 388 5483 to.
424 5404 475 5483 ff
512 5422 636 5483 cap,
683 5423 887 5483 xxxiii,
930 5404 1163 5483 v_.__2.}5
1194 5404 1341 5483 Psal.
1366 5424 1493 5483 ivi,
1535 5410 1589 5483 ἓ.
1635 5407 1682 5441 ²⁹
1712 5425 1839 5479 cap.
1879 5428 2078 5483 xxxiii,
2121 5413 2208 5478 12,
2236 5413 2278 5447 ³ο
2327 5412 2436 5467 Isa.
2461 5404 2608 5477 str,
2648 5414 2702 5468 2.
2734 5404 2950 5483 31'cap.
2994 5404 3185 5477 έχων,
3214 5428 3265 5469 v.
3292 5414 3345 5470 Ι.
3385 5413 3432 5449 ⁸³
3465 5414 3595 5471 Luc.
3636 5404 3720 5483 xx,

414 5473 657 5558 fifsal.
696 5493 819 5544 vm,
862 5480 918 5558 15;
948 5478 1209 5558 1[ίέ-(Ζοι.
1244 5496 1286 5545 ι,
1317 5480 1405 5558 illi.
1428 5479 1497 5558 ‘35
1538 5478 1672 5547 Sap.
1704 5473 1919 5558 vri-1,11.

2099 5473 2204 5538 sal."
2229 5500 2337 5558 σιξ,
2380 5484 2433 5558 ἓ.
2469 5484 2511 5518 ³⁷
2549 5473 2700 5558 _Psal.
2733 5473 3001 5558 muniit).
3061 5483 3105 5518 ⁸⁸
3131 5473 3277 5541 Psal.
3311 5486 3544 5558 xuv,r7,
3577 5473 3722 5558 con-:-

301 5542 384 5594 l'er
413 5540 557 5616 psal:
596 5559 646 5605 v,
686 5540 839 5601 χχιιι.
870 5548 920 5583 ⁸9
956 5548 1104 5603 Psal.
1139 5540 1283 5615 xcv},
1323 5551 1378 5605 9.
1418 5547 1467 5582 ⁴⁰
1507 5540 1634 5618 cap:
1684 5567 1724 5619 ι,
1758 5540 1885 5606 3."l

301 5623 335 5647 τ
392 5606 461 5647 ΑΩ
514 5607 562 5640 ⁴υ
601 5626 704 5647 ρειη
757 5631 797 5647 η
855 5632 887 5647 ι,
943 5619 974 5647 Q
1028 5618 1205 5647 56......
1258 5636 1316 5647 ς..
1406 5634 1438 5647 ..
1520 5618 1580 5647 ιι

2105 5570 2183 5624 ιι,
2217 5570 2272 5610 ν.
2294 5540 2348 5608 3’.
2371 5552 2419 5589 ⁴²
2440 5555 2586 5612 Psal.
2616 5571 2786 5628 Lxm,
2827 5540 2916 5613 3'4.
2949 5554 2995 5591 ⁴³
3019 5570 3142 5628 cap.
3176 5572 3265 5629 ιιι,
3303 5540 3718 5616 ιξϐί⁴⁴Μιιςὶ

299 5623 359 5675 x,
392 5606 480 5661 49.
514 5607 562 5640 ⁴⁵
601 5626 724 5680 cap.
757 5631 822 5680 ιι,
855 5632 905 5670 v.
942 5619 994 5670 8.
1028 5618 1075 5651 ιδ
1104 5633 1226 5687 cap.
1258 5606 1346 5688 in,
1406 5634 1459 5675 ν.
1515 5606 1604 5674 Μ’.
