4110 6150
1777 328 2298 390 FRAGMENTA.
3592 348 3746 405 1226

341 325 494 388 1225

341 479 482 532 Item
516 491 530 531 :
573 479 681 533 Viae
743 479 988 546 Domini,
1046 478 1335 548 praecepta
1363 476 1510 546 ejus.
1545 478 1609 531 In
1641 476 1786 533 Osee
1832 476 1879 511 ⁴⁷
1915 494 1981 532 ;‹‹
2012 479 2297 542 Quoniam
2355 483 2524 536 rectae
2567 482 2667 537 viae
2714 483 2965 551 Domini,
2999 489 3054 540 et
3077 486 3225 555 justi
3263 491 3651 548 ambulabunt
3683 496 3742 550 in

336 581 438 621 813.
465 589 487 618 ι

411 657 642 726 Vestigia
665 657 905 722 Domini,
938 673 1179 727 operum
1207 662 1560 713 secretorum
1593 657 1782 728 signa.
1819 657 1964 712 Utin
1998 657 2226 729 psalmo
2258 660 2301 694 ⁴⁸
2336 677 2348 714 :
2389 664 2507 715 «Et
2532 660 2774 729 vestigia
2814 665 2916 717 tua
2945 680 3061 719 non
3092 675 3532 736 cognoscentur.
3572 693 3599 720 ››

341 744 595 813 Cognilio
629 747 878 813 Domini,
911 748 1064 818 quod
1097 754 1514 818 cognoscentes
1546 747 1738 802 faciat.
1775 747 1856 801 Ad
1891 747 2188 802 Abraham
2229 749 2276 783 ‘9
2308 766 2319 804 :
2359 771 2388 800 «
2420 750 2584 806 Nunc
2615 751 2878 821 cognovi,
2913 755 3068 823 quod
3105 757 3313 813 timeas
3345 760 3680 826 Dominum,
3713 782 3739 808 »

339 833 448 890 hoc
470 839 561 890 est
580 851 931 907 cognoscere
951 841 1006 890 te
1037 837 1166 892 feci.

401 925 624 981 Nescire
657 928 775 996 Dei,
800 927 1105 996 reprobare
1127 929 1233 982 est.
1262 928 1324 982 ln
1359 926 1663 999 Evangelio
1694 928 1774 982 l‘°:
1808 948 1838 976 «
1869 926 2075 983 Nescio
2103 944 2226 983 vos.
2251 950 2278 978 »

403 1014 718 1071 Recortlalio
751 1017 992 1082 Domini,
1026 1015 1426 1072 misericordia
1457 1017 1609 1085 ejus,
1642 1031 1743 1086 per
1775 1032 1950 1086 quam
1984 1017 2208 1088 respuit
2237 1021 2294 1071 et
2338 1018 2650 1075 miseretur
2681 1021 2772 1075 cui
2805 1021 2946 1075 vult.
2978 1023 3068 1078 Sic
3099 1023 3158 1079 in
3189 1027 3396 1081 Genesi
3436 1027 3479 1061 εί
3525 1044 3537 1081 :
3573 1051 3600 1077 α
3635 1029 3740 1083 Re-

334 1105 608 1160 cordatus
639 1109 729 1160 est
758 1105 1042 1160 Dominus
1071 1104 1189 1160 Noe
1219 1124 1234 1173 ;
1271 1127 1298 1154 »
1339 1113 1395 1160 et
1417 1105 1554 1160 alibi
1591 1122 1604 1160 :
1639 1127 1668 1154 ‹‹
1703 1105 2057 1161 Recordatus
2086 1115 2172 1160 est
2207 1107 2486 1162 Dominus
2519 1108 2713 1180 populi
2748 1111 2839 1164 sui
2870 1110 2936 1161 ⁸².
2965 1132 2992 1159 ››

395 1195 730 1250 Ρωηίεεηιὶα
761 1193 998 1262 Domini,
1033 1211 1228 1250 rerum
1262 1196 1532 1254 mutatio.
1565 1197 1728 1251 Sicut
1756 1195 1815 1250 in
1844 1197 2010 1251 Libro
2035 1196 2258 1269 Regum
2285 1198 2327 1236 ⁵³
2364 1214 2377 1252 :
2404 1220 2431 1248 ‹‹
2469 1199 2711 1255 Paenitet
2742 1216 2834 1255 me
2857 1202 3015 1272 quod
3037 1204 3445 1262 constituerim
3468 1207 3603 1263 Saul
3637 1224 3725 1263 re-

328 1299 482 1352 gem.
520 1304 549 1333 »

397 1374 492 1427 Ira
523 1375 579 1426 et
606 1374 767 1443 furor
799 1373 1040 1439 Domini,
1094 1374 1233 1429 ultio
1266 1373 1593 1429 Divinitatis
1623 1373 1683 1429 in
1738 1377 2072 1445 peccatores
2120 1377 2442 1431 secundum
2473 1377 2794 1433 vindictam
2830 1379 3126 1449 patientis,
3179 1387 3232 1437 et
3261 1400 3375 1439 non
3409 1386 3734 1440 secundum

333 1461 663 1530 aequitatem
690 1460 1037 1531 judicantis.
1072 1461 1146 1516 Ut
1174 1463 1233 1516 in
1267 1461 1494 1534 psalmo
1518 1462 1564 1502 ⁵⁸
1595 1479 1608 1518 :
1645 1485 1673 1512 «
1707 1464 1768 1517 In
1800 1463 1885 1518 ira
1906 1479 2011 1518 sua
2031 1467 2088 1518 et
2120 1463 2179 1518 in
2212 1463 2405 1520 furore
2435 1481 2540 1520 suo
2567 1467 2945 1522 conturbabit
2965 1485 3084 1524 eos.
3119 1490 3146 1518 »

399 1550 647 1606 Dormire
678 1552 1087 1615 Domini,dum
1121 1553 1179 1606 in
1213 1553 1601 1622 quorumdam
1632 1553 1939 1608 hominum
1974 1552 2247 1608 cordibus
2272 1554 2416 1610 fides
2445 1555 2573 1625 ejus
2596 1556 2840 1612 minime
2860 1557 3079 1627 vigilat.
3119 1560 3176 1613 ln
3212 1559 3437 1628 psalmo
3468 1561 3533 1614 ⁵⁵.
3569 1583 3596 1612 ‹‹
3639 1567 3738 1616 Ex-

326 1657 523 1712 surge,
548 1657 725 1712 quare
757 1642 1078 1707 obdormis,
1112 1643 1356 1697 Domine
1385 1643 1412 1696 ‘2
1445 1662 1469 1692 υ

407 1731 631 1797 Vigiliae
663 1730 903 1796 Domini,
939 1731 994 1785 in
1031 1732 1346 1786 electorum
1381 1747 1623 1786 suorum
1657 1731 1924 1787 custodia
1954 1749 2055 1803 per
2076 1734 2448 1804 prmeentiam
2477 1735 2802 1793 Divinitatis
2819 1753 3052 1808 semper
3067 1739 3254 1794 adest.
3296 1741 3356 1794 In
3391 1740 3618 1810 psalmo
3651 1743 3694 1775 δθ

348 1841 370 1868 ¢
409 1819 546 1874 Ecce
578 1836 693 1874 non
719 1819 1056 1875 dormitabit
1094 1835 1283 1890 neque
1314 1820 1657 1875 obdormiat.
1695 1843 1722 1870 »

400 1907 596 1962 Sedere
627 1908 870 1976 Domini,
904 1924 1162 1979 regnare.
1193 1909 1254 1963 In
1291 1910 1513 1980 psalmo
1543 1909 1591 1942 ⁵⁷
1627 1928 1638 1965 :
1672 1931 1700 1961 «
1737 1909 2023 1967 Dominus
2045 1911 2209 1967 sedet
2241 1927 2414 1983 super
2440 1914 2636 1968 sedem
2670 1919 2929 1970 sanctam
2956 1933 3146 1971 suam.
3181 1938 3209 1966 ››

397 1996 714 2051 Scabellum
747 1998 986 2061 Domini,
1041 1997 1212 2052 homo
1244 2003 1588 2070 assumptus
1614 2017 1646 2054 a
1693 2000 1888 2064 verbo,
1915 1999 2004 2054 vel
2037 2001 2223 2055 sancti
2255 2003 2407 2072 ejus,
2453 2019 2486 2057 a
2539 2003 2895 2074 quibusdam
2956 2010 3256 2077 putantur.
3289 2009 3351 2061 In
3387 2006 3614 2077 psalmo
3644 2006 3694 2039 ⁵⁸
3726 2023 3738 2060 :

328 2109 356 2135 «
395 2087 642 2141 Adorate
673 2085 992 2141 scabellum
1030 2088 1240 2154 pedum
1274 2087 1425 2156 ejus,
1457 2088 1735 2158 quoniam
1765 2093 2032 2143 sanctum
2065 2093 2172 2144 est.
2196 2109 2228 2141 ››

393 2175 706 2230 Ambulatio
737 2177 855 2243 Dei,
887 2175 1194 2231 delectatio
1232 2177 1557 2232 Divinitatis
1587 2176 1647 2232 in
1679 2177 1956 2249 operibus
1988 2177 2303 2233 electorum
2337 2195 2602 2235 suorum.
2639 2183 2702 2236 In
2734 2182 3015 2252 propheta
3045 2183 3090 2216 ⁸⁰
3126 2200 3138 2237 :
3173 2201 3203 2234 «
3236 2182 3636 2237 Etambulabo
3671 2183 3731 2237 iu

321 2265 427 2332 eis,
461 2269 517 2320 et
546 2282 643 2321 ero
667 2265 901 2321 illorum
932 2265 1232 2321 Dominus.
1269 2287 1296 2314 »

394 2355 538 2410 Tuba
585 2354 705 2423 Dei,
737 2371 843 2411 vox
872 2355 1199 2410 manifesta.
1238 2357 1300 2411 In
1335 2355 1612 2427 Apostolo
1632 2355 1714 2412 5°:
1751 2379 1776 2406 ‹‹
1813 2355 1876 2411 In
1900 2357 2100 2427 jussu,
2134 2361 2191 2412 et
2244 2356 2302 2411 in
2335 2373 2470 2412 voce
2499 2357 2856 2429 archangeli,
2908 2365 2960 2412 et
2997 2357 3056 2412 in
3089 2359 3231 2413 tuba
3265 2359 3361 2414 Dei
3413 2359 3728 2415 descendet

320 2445 391 2499 de
424 2444 585 2500 CEPIO.
619 2466 649 2495 ›)

392 2534 557 2589 Forte
597 2533 689 2588 hic
719 2538 807 2590 est
833 2534 960 2606 ipse
989 2533 1086 2589 ille
1117 2533 1411 2589 Melitonis
1461 2535 1713 2590 maxime
1738 2534 1983 2591 celebris

2063 2535 2162 2589 ber
2193 2533 2320 2607 Περὶ
2353 2538 2486 2587 Θεοῦ
2515 2532 2854 2608 ἐνσωμάτου,
2889 2552 3063 2606 quam
3097 2541 3289 2591 tamen
3327 2540 3722 2610 conjecturam

318 2623 432 2678 alio
469 2623 687 2695 scripto
721 2623 951 2695 alioque
980 2628 1240 2694 tempore
1279 2623 1553 2679 diducam
1588 2624 1850 2690 uberius,
1902 2627 2076 2694 atque
2122 2640 2189 2678 ex
2222 2624 2347 2694 ipso
2389 2624 2562 2679 etiam
2595 2624 2720 2680 loco
2749 2626 3119 2693 Theodoreti,
3151 2627 3249 2696 qui
3298 2631 3622 2700 tantopere,
3659 2634 3723 2684 ut

314 2731 572 2788 vidimus
603 2749 799 2803 supra,
833 2731 1136 2803 premebat
1172 2730 1462 2787 Melitonis
1493 2730 1916 2797 orthodoxiam,
1953 2730 2104 2785 idem
2130 2729 2473 2786 confirmare
2500 2729 2852 2787 allaborabo.

1722 2890 2004 2900 Μ

1363 2891 1714 2899 -ῃο-α-υ-η-ν-

1567 3013 2447 3109 FBAGMENTUM.

1163 3241 1255 3300 Ex
1284 3237 1591 3321 Apologia
1623 3237 1934 3298 Melitonis
1965 3238 2046 3298 ad
2094 3237 2477 3297 Antoninum
2508 3237 2839 3300 Caesarem.

1055 2891 1360 2901 W

805 2893 1036 2901 Μ

409 2893 804 2902 m

313 2893 404 2904 —_.

305 3427 558 3502 (Syriaca
582 3429 637 3480 et
655 3421 891 3495 Anglice
907 3417 1834 3502 nuperediditp'Curetoninlibro
1862 3417 2178 3502 enititulus
2205 3415 2610 3502 :ﬁpicilegium
2640 3415 2950 3502 Syriacum.
2986 3417 3254 3485 Londini,
3290 3417 3509 3490 1855,p.
3531 3421 3716 3476 41-56.

1125 3497 1246 3547 Hoc
1276 3491 1675 3560 fragmentum
1709 3489 1802 3544 hic
1836 3488 2188 3544 exhibemus
2235 3487 2526 3543 latinitate
2554 3487 2883 3559 donatum.)

306 3649 476 3705 Verba
533 3646 805 3702 Melitonis
858 3643 1170 3714 philosophi
1227 3658 1343 3712 qui?
1373 3645 1519 3711 ,‘acla
1569 3647 1695 3694 sunt
1761 3654 1945 3693 coram
1973 3639 2028 3702 Α
2057 3647 2278 3707 quanto
2306 3637 2739 3706 majoriusania
2763 3639 3193 3695 multorumEa
3217 3659 3346 3696 vero
3365 3643 3718 3700 stultitiaest

373 3738 644 3794 Antonino
694 3735 926 3791 Caesare.
958 3731 1040 3787 Et
1090 3731 1361 3786 Caesarem
1411 3729 1680 3783 allocutus
1709 3731 1871 3782 estut
1899 3727 1954 3778 ei

375 3829 541 3882 Deum
560 3834 750 3880 notum
779 3824 1019 3895 faceret,
1053 3823 1106 3874 et
1135 3818 1476 3874 eiindicavit
1503 3818 1652 3871 viam
1680 3815 1946 3880 veritatis,

374 3920 421 3971 et
453 3917 532 3970 sic
564 3915 775 3968 locutus
803 3915 903 3965 est.

374 4003 567 4062 Melite
592 4001 739 4057 dixit
772 4006 787 4054 ξ
842 3998 1086 4055 Difﬁcile
1117 4000 1206 4052 est
1237 3995 1295 4051 in
1327 3996 1476 4050 viam
1529 3995 1785 4050 veritatis
1815 4010 1948 4049 eum

302 4094 578 4151 inducere
606 4091 706 4164 qui
760 4108 793 4146 a
822 4089 995 4161 longe
1027 4092 1285 4158 tempore
1316 4086 1375 4141 in
1407 4101 1601 4142 errore
1640 4088 1907 4140 versatur
1935 4101 1947 4140 :

304 4184 412 4240 hoc
440 4188 634 4238 tamen
693 4180 820 4236 ﬁeri
853 4184 1084 4250 potest:
1139 4175 1436 4230 hominem
1487 4175 1641 4230 enim
1694 4190 1949 4229 errorem

303 4270 612 4343 paululum
671 4271 1086 4341 agnoscentem
1136 4264 1411 4320 continuo
1452 4263 1610 4318 subit
1669 4261 1952 4317 memoria

300 4356 1100 4423 veritatis.Quemadmodum
1130 4353 1416 4422 dissipata
1446 4351 1694 4422 caligine
1728 4367 1952 4406 serena-

302 4453 398 4503 tur
429 4447 662 4513 coelum,
715 4451 795 4502 ita
842 4445 1040 4512 homo,
1092 4459 1219 4498 cum
1264 4442 1620 4496 convertitur
1646 4442 1717 4496 ad
1750 4446 1947 4509 Deum,

299 4538 545 4595 solvitur
576 4556 608 4593 a
638 4538 784 4592 facie
817 4537 948 4607 ejus
983 4535 1199 4591 nebula
1228 4532 1442 4588 erroris
1464 4532 1573 4587 sub
1598 4549 1714 4600 qua
1734 4531 1950 4586 latebat

296 4647 515 4686 verum.
551 4629 754 4686 Morbo
792 4627 952 4682 enim
984 4626 1072 4681 vel
1106 4623 1373 4680 amentiae
1405 4623 1617 4679 similis
1647 4629 1736 4678 est
1765 4639 1945 4686 error,

296 4737 516 4792 aegrum
549 4719 633 4774 vel
670 4723 971 4773 amentem
1015 4716 1084 4770 ad
1119 4721 1355 4786 tempus
1387 4713 1689 4778 detinenti,
1731 4713 1948 4767 veritas

296 4819 490 4864 autem
547 4809 788 4863 verbum
823 4807 1062 4861 adhibet
1121 4804 1272 4859 sicut
1321 4801 1532 4858 clavim
1581 4803 1677 4872 [ad
1728 4818 1945 4856 sanan-

293 4899 434 4952 dum
459 4896 977 4969 eos].Dormientes
1028 4893 1434 4965 expergefacit,
1474 4896 1532 4946 et
1561 4890 1948 4963 expergefacti

2065 3742 2240 3795 quam
2267 3724 2394 3780 dico
2425 3731 2486 3780 ut
2517 3725 2690 3780 homo
2709 3744 2740 3781 a
2763 3728 2999 3784 veritate
3023 3731 3253 3784 recedat
3271 3739 3322 3786 et
3341 3731 3481 3786 illud
3503 3733 3719 3802 ample-

2064 3817 2259 3868 ctatur
2290 3814 2443 3884 quod
2479 3829 2608 3868 vere
2666 3831 2782 3869 non
2841 3822 2948 3870 est.
2986 3816 3045 3870 Id
3077 3824 3268 3872 autem
3304 3827 3390 3873 est
3422 3821 3576 3890 quod
3629 3825 3717 3875 est

2063 3919 2213 3971 vere,
2247 3907 2304 3956 et
2333 3904 2674 3958 nominatur
2705 3905 2879 3973 Deus,
2906 3910 2964 3961 et
2993 3907 3325 3962 est.0mnia
3355 3911 3572 3966 virtute
3587 3912 3715 3981 ejus

2059 3992 2391 4058 exsistunt;
2424 3991 2549 4062 ipse
2573 4009 2874 4063 nunquam
2899 3995 3312 4051 factusestneo
3345 3997 3577 4052 initium
3610 3999 3715 4054 ha—

2058 4081 2313 4148 buit,sed
2347 4089 2434 4136 est
2465 4082 2536 4137 ab
2571 4088 2785 4138 aeterno
2816 4093 2869 4139 et
2897 4102 3084 4157 usque
3116 4087 3172 4141 in
3204 4087 3418 4143 saecula
3443 4088 3707 4155 ;immu-

2056 4170 2256 4226 tabilis
2285 4175 2486 4226 manet
2515 4173 2656 4227 dum
2679 4179 2891 4229 cuncta
2923 4179 3253 4230 mutantur:
3296 4193 3398 4231 nec
3431 4176 3711 4232 oculisvi-

2055 4259 2200 4325 deri,
2237 4276 2342 4315 nec
2373 4260 2727 4331 cogitatione
2758 4262 3196 4332 comprehendi,
3247 4280 3349 4319 nec
3405 4265 3577 4321 verbo
3608 4281 3705 4321 ex-

2056 4348 2228 4418 primi
2264 4352 2473 4419 potest.
2509 4350 2594 4403 Ab
2619 4349 2692 4405 iis
2723 4351 2818 4421 qui
2863 4357 3227 4422 cognoscunt
3256 4361 3310 4407 et
3343 4362 3540 4409 ainant
3571 4370 3705 4411 eum

2055 4443 2295 4492 vocatur
2348 4442 2507 4491 Pater
2552 4442 2608 4492 et
2643 4440 2788 4494 Deus
2822 4456 3010 4495 verus.
3051 4441 3111 4496 Si
3141 4443 3274 4514 quis
3335 4459 3471 4514 ergo
3517 4461 3550 4498 a
3579 4443 3707 4500 luce

2057 4526 2333 4582 recedens
2366 4526 2520 4582 dicat
2549 4544 2676 4583 esse
2711 4529 2908 4594 Deum,
2953 4529 3162 4600 alium,
3197 4537 3583 4603 quodcunque
3616 4534 3705 4588 in-

2053 4616 2298 4686 telligat,
2331 4617 2722 4673 substantiam
2757 4627 3007 4674 creatam
3049 4625 3214 4675 vocat
3243 4626 3445 4677 Deum.
3482 4623 3539 4677 Si
3569 4624 3704 4694 quis

2054 4705 2209 4759 enim
2236 4704 2423 4775 ignerr.
2456 4710 2559 4759 aut
2589 4723 2802 4776 aquam
2835 4715 3000 4763 vocat
3027 4710 3227 4776 Deum,
3263 4728 3376 4766 non
3410 4718 3500 4766 est
3526 4712 3701 4780 Deus,

2055 4793 2191 4864 quia
2241 4791 2397 4864 ignis
2428 4799 2518 4848 est
2548 4801 2650 4849 aut
2679 4812 2830 4865 aqua
2866 4821 2879 4862 ;
2921 4801 2977 4851 et
3008 4797 3054 4850 si
3085 4802 3301 4853 terram
3331 4804 3429 4854 aut
3460 4801 3697 4869 coelum,

2055 4881 2235 4936 solem
2272 4887 2373 4937 aut
2396 4884 2595 4937 lunam
2629 4888 2728 4937 aut
2759 4885 3084 4953 quamlibet
3113 4901 3181 4940 ex
3210 4886 3302 4940 his
3334 4886 3539 4953 stellis,
3574 4904 3697 4956 qua:

296 4988 354 5041 in
387 4988 514 5058 ipsa
536 4987 755 5051 vident,
789 4983 1144 5056 intelligunt,
1178 4987 1235 5037 et
1261 4982 1587 5047 audiunt,et
1611 4981 1948 5034 discernunt
1977 5011 2024 5077 B
2056 4971 2183 5025 sine
2217 4970 2652 5077 intermissione
2687 4973 3091 5045 praescriptum
3122 4990 3363 5074 cursum
3386 4975 3700 5074 absolvunt

295 5076 352 5130 id
386 5077 535 5147 quod
563 5080 654 5131 est
702 5075 772 5130 ab
807 5091 872 5130 eo
904 5073 1059 5144 quod
1100 5087 1212 5126 non
1246 5074 1353 5126 est.
1389 5070 1633 5135 Quidam
1665 5069 1820 5124 enim
1853 5068 1940 5122 in-

291 5165 576 5234 justitiam
595 5163 889 5234 justitiam
912 5164 1192 5217 vocantet
1215 5159 1612 5232 justitiaejura
1641 5157 1940 5213 salvaesse

289 5258 501 5324 putant
524 5255 570 5307 si
591 5269 722 5307 cum
749 5251 948 5307 multis
971 5253 1184 5306 errent.
1220 5251 1372 5313 Quos
1398 5248 1480 5303 sic
1514 5252 1820 5303 excusatos
1846 5246 1940 5302 ha-

289 5342 424 5396 bere
447 5357 562 5396 non
581 5339 914 5412 possum.Si
937 5340 1092 5395 enim
1123 5338 1298 5394 unius
1325 5353 1538 5408 magna
1561 5340 1649 5391 est
1670 5335 1938 5405 stultitia,

358 5505 403 5540 i7
437 5521 484 5560 c.
509 5522 625 5569 x1v,
654 5522 712 5560 v.
749 5507 833 5561 10.
913 5504 962 5539 ’³⁸
992 5504 1146 5560 Psal.
1199 5521 1396 5561 Lxxvn.
1431 5521 1470 5567 ι,
1494 5503 1540 5536 ⁴⁹
1561 5504 1700 5560 Gen.
1752 5519 1890 5568 xxu,
1926 5503 1987 5556 12

2089 5500 2136 5535 ⁵ο
2190 5502 2318 5558 Luc.
2352 5519 2474 5568 xm,
2537 5504 2607 5557 25

281 5581 368 5634 12.
451 5576 496 5611 ⁸³
533 5579 553 5631 l
591 5576 728 5645 Reg.
791 5594 882 5645 xv,
938 5577 1021 5630 11.
1100 5575 1147 5608 ⁵4
1179 5575 1310 5631 Psal
1360 5577 1492 5640 2,5.
1569 5574 1618 5607 ⁵⁵
1647 5575 1800 5629 Psal.
1856 5590 1987 5629 χιιι]

2056 5573 2136 5630 33.
2213 5572 2260 5608 ⁵⁸
2309 5574 2460 5628 Psal.
2522 5590 2649 5645 cxx,
2682 5576 2732 5628 4.

277 5668 386 5721 eux,
424 5649 474 5703 1.
557 5649 601 5684 5°
631 5644 835 5702 Eisele.
872 5644 1087 5713 ’xxxvu,
1117 5647 1206 5700 2'7.
1285 5645 1331 5681 ⁸ο
1361 5647 1608 5701 IThess.
1643 5663 1714 5715 1v,
1747 5644 1834 5700 l5.

564 5767 832 5828 PATROL.
880 5768 986 5826 Gn.
1038 5765 1114 5823 V.

2054 5075 2161 5116 nec
2190 5061 2426 5132 propria
2463 5061 2761 5116 voluntate
2787 5067 3091 5116 moventur
3121 5067 3215 5128 ;et
3245 5063 3292 5117 si
3324 5063 3458 5134 quis
3488 5080 3696 5118 aurum

2051 5153 2108 5203 et
2129 5154 2436 5220 argentum
2467 5150 2606 5204 deos
2632 5155 2817 5220 vocat,
2851 5166 2967 5206 non
2992 5155 3128 5206 sunt
3173 5151 3275 5217 dii,
3329 5153 3695 5223 quandoqui-

2052 5246 2183 5301 dem
2198 5246 2280 5301 eis
2301 5245 2518 5301 utimur
2541 5248 2608 5302 ad
2629 5247 2859 5302 libitum
2882 5253 3148 5302 nostrum
3171 5249 3316 5316 ;etsi
3345 5248 3570 5320 lignum
3588 5248 3697 5304 hoc

2052 5336 2207 5406 quod
2240 5335 2622 5404 comburitur,
2673 5336 2722 5391 si
2763 5336 2985 5407 lapides
3019 5337 3111 5391 isti
3170 5338 3268 5410 qui
3321 5338 3692 5410 franguntur.

2694 5503 2739 5540 ⁵⁸
2803 5521 2854 5558 c.
2904 5521 3106 5567 vm,v.
3173 5507 3226 5560 l.
3294 5507 3342 5541 ⁵³
3371 5507 3580 5562 Esther
3632 5525 3666 5563 x

2823 5552 2866 5610 ᾖ
2899 5552 3228 5646 Pallam};
3281 5581 3332 5634 9.
3372 5552 3690 5635 ῌΪθῖωέέιιῗ

3331 5771 3410 5827 39
