4110 6150
433 336 587 397 122Ἶ

1483 324 1545 384 S.
1595 324 1886 385 MELITO
1930 319 2291 382 SARDIUM
2337 321 2778 385 EPISCOPUS.

3689 333 3839 396 1223

433 467 724 539 quomodo
755 465 876 519 haec
899 463 978 517 dii
1010 459 1212 515 haberi
1236 455 1978 530 possent,quandoquidem
2001 453 2076 545 ad
2108 481 2158 545 Α
2190 454 2644 545 quiamdiﬂcavit
2673 475 2862 515 arcem
2876 460 3334 532 Athenarum,et
3366 465 3608 519 fecitibi
3641 483 3835 538 regem

433 574 578 613 usus
609 560 840 611 nostros
873 552 1244 608 adhibemur.
1269 550 1450 612 Quam
1481 548 1734 619 graviter
1780 563 1912 614 ergo
1941 543 2072 599 cul-

430 646 607 716 pandi
641 647 781 700 sunt
811 641 896 696 illi
927 641 1024 711 qui
1081 638 1175 694 Dei
1213 637 1406 709 magni
1437 639 1562 692 loco
1583 651 1684 690 eas
1715 651 1807 690 res
1856 641 2078 705 ponunt

430 750 580 804 quas
611 732 827 788 creavit
857 730 870 786 ι
903 731 1023 801 Ego
1056 745 1186 784 vero
1221 728 1349 782 dico
1387 743 1398 780 :
1433 726 1672 792 Quando
1703 722 1929 778 homini
1962 737 2077 776 non

431 829 517 880 est
542 824 882 885 revelatum,
911 836 1017 873 nec
1050 818 1174 889 ipse
1207 814 1592 887 deprehendit
1625 812 2080 868 creaturasistas

432 912 676 968 Domino
709 909 1232 980 subjacere,forsan
1265 906 1439 976 culpa
1470 909 1646 969 caret,
1672 903 1891 958 nemini
1924 900 2080 954 enim

435 1000 862 1071 vitUperandus
885 1013 1070 1052 caecus
1111 996 1264 1066 quod
1297 995 1560 1050 titubans
1614 993 1869 1060 incedit;
1897 991 2082 1044 itaho.

435 1092 622 1146 mines
651 1107 780 1144 cum
807 1090 1134 1158 qumrerent
1160 1085 1343 1140 Deum
1363 1083 1729 1138 olfenderunt
1763 1081 1820 1135 in
1853 1079 2080 1150 lapides

433 1185 489 1236 et
518 1180 744 1251 lignum
778 1195 791 1245 ;
857 1181 914 1232 et
942 1175 1043 1246 qui
1076 1175 1230 1230 inter
1259 1190 1358 1229 eos
1389 1173 1605 1228 divitiis
1636 1171 1952 1243 pollebant,
1997 1169 2080 1222 of-

437 1267 822 1326 fenderuntin
841 1281 1048 1321 aurum
1082 1271 1136 1318 et
1167 1267 1475 1335 argentum
1510 1265 1607 1330 ;et
1639 1260 1722 1315 sic
1754 1259 1907 1330 quod
1925 1275 2080 1328 quae-

431 1361 640 1415 rebant
671 1375 784 1413 non
826 1357 1195 1411 invenerunt.
1229 1354 1394 1409 Nunc
1423 1368 1556 1409 vero
1587 1367 1712 1408 cum
1742 1367 1847 1406 vox
1877 1349 1935 1404 in
1959 1348 2086 1404 uni-

433 1465 600 1503 versa
635 1453 784 1502 terra
816 1443 1243 1499 circumsonuit
1273 1459 1400 1498 esse
1434 1446 1611 1496 Deum
1642 1457 1860 1507 verum,
1902 1443 1959 1494 et
1981 1437 2084 1492 da—

434 1545 532 1594 tus
562 1541 651 1592 est
680 1536 839 1592 omni
873 1534 1094 1589 homini
1127 1533 1331 1588 oculus
1363 1537 1426 1586 ut
1463 1532 1704 1600 videret,
1735 1529 1773 1583 ii
1808 1540 1922 1584 non
1955 1543 2084 1581 am-

435 1625 591 1696 plius
625 1627 763 1677 sunt
811 1620 1126 1676 excusandi
1179 1621 1299 1689 qui,
1335 1619 1486 1690 quod
1521 1617 1692 1672 multi
1744 1633 1878 1670 cum
1937 1614 2082 1686 ipsis

433 1716 651 1782 errant,
684 1711 832 1765 viam
884 1717 1098 1764 rectam
1133 1707 1381 1778 ingredi,
1413 1707 1520 1761 etsi
1567 1705 1845 1772 volentes,
1878 1704 2084 1759 erube-

435 1806 628 1855 scunt.
664 1801 1025 1868 Quapropter
1075 1797 1386 1852 consilium
1452 1796 1662 1849 damus
1714 1793 1797 1848 eis
1833 1797 1896 1847 ut
1944 1808 2078 1863 ape-

434 1892 590 1945 riant
614 1890 812 1945 oculos
844 1905 982 1944 suos
1013 1893 1071 1943 et
1099 1888 1372 1954 videant;
1407 1903 1542 1942 ecce
1599 1885 1749 1940 enim
1784 1884 1910 1940 luce
1953 1900 2080 1955 quas

435 1997 550 2036 non
586 1979 732 2036 fallit
783 1977 1104 2033 illuminati
1134 1993 1344 2033 sumus
1371 1981 1434 2031 ut
1467 1991 1569 2047 per
1597 1991 1724 2029 eam
1754 1972 2079 2029 videamus.

433 2071 494 2125 Si
521 2086 652 2125 vero
703 2072 834 2139 post
880 2071 1064 2123 ortam
1112 2067 1302 2121 lucem
1361 2065 1583 2120 claudit
1641 2065 1816 2119 homo
1881 2063 2080 2118 oculos

434 2175 574 2216 suos
605 2174 678 2214 ne
732 2158 945 2225 videat,
996 2157 1068 2211 ad
1099 2156 1315 2211 fossam
1350 2154 1535 2227 pergit
1565 2153 1833 2225 quamvis
1866 2157 2080 2208 rectam

432 2248 586 2303 viam
637 2262 911 2317 sequens.
945 2244 1132 2307 Quare
1174 2244 1330 2298 enim
1364 2245 1538 2297 homo
1569 2242 1624 2295 in
1657 2243 1739 2296 eis
1789 2239 2082 2296 erubescit

437 2337 538 2408 qui
567 2341 764 2390 errant
794 2353 926 2389 cum
974 2351 1038 2388 eo
1066 2336 1091 2388 ‘I
1122 2333 1325 2388 Potius
1379 2349 1479 2387 eos
1509 2333 1745 2386 inducat
1780 2337 1840 2384 ut
1885 2331 2081 2400 ipsum

436 2429 782 2494 sequantur,
815 2429 870 2478 et
897 2423 943 2478 si
989 2440 1107 2477 non
1143 2422 1535 2491 acquiescant,
1582 2421 1789 2474 liberet
1820 2418 2078 2474 animam

436 2531 601 2569 suam
633 2531 661 2567 e
689 2513 879 2567 medio
913 2529 1134 2566 eorum.
1160 2511 1395 2566 Terreni
1421 2509 1689 2564 homines
1713 2509 1847 2563 deos
1868 2525 1897 2563 e
1927 2513 2084 2562 terra

438 2609 620 2658 matre
651 2621 760 2659 sua
791 2604 1159 2657 constituunt
1188 2602 1338 2669 sibi;
1387 2602 1467 2656 rei
1502 2606 1641 2656 sunt
1682 2599 1908 2670 judicio
1939 2601 2078 2652 dum

439 2693 808 2748 immutabile
841 2709 1053 2746 nomen
1088 2691 1264 2746 rebus
1313 2690 1696 2744 mutabilibus
1746 2689 2080 2759 imponunt,

437 2786 494 2836 et
520 2799 637 2836 non
669 2783 1022 2836 erubescunt
1065 2785 1129 2833 ut
1172 2779 1310 2833 deos
1343 2780 1620 2849 ﬁgmenta
1672 2776 1857 2832 colere
1903 2792 2082 2830 manu

440 2870 692 2925 hominis
724 2870 960 2935 facta,et
991 2868 1205 2922 audent
1255 2867 1574 2938 imaginem
1635 2865 1939 2920 eﬂormare
1969 2870 2084 2920 Dea

439 2977 612 3030 quem
633 2976 746 3014 non
770 2959 1062 3013 viderunt.

510 3049 626 3118 Ego
643 3064 775 3101 vero
807 3063 1012 3101 rursus
1036 3047 1223 3100 dicere
1245 3061 1358 3100 non
1381 3061 1581 3100 vereor
1603 3039 1759 3115 quod
1782 3043 1909 3114 jam
1943 3043 2082 3111 dixi,

438 3139 508 3193 ab
553 3137 636 3192 eis
688 3136 976 3207 imagines
1027 3151 1230 3206 regum
1292 3139 1656 3189 mortuorum
1713 3132 1964 3188 adorari.
2013 3138 2086 3187 Et

2189 544 2580 617 Archetypum
2624 546 2812 603 ﬁlium
2845 567 3042 618 suum,
3069 567 3242 622 quem
3270 553 3556 610 habuerat
3580 573 3649 610 ex
3681 557 3840 612 adul-

2187 631 2332 688 terio
2355 650 2487 690 cum
2520 635 2828 708 Hephaesto
2890 638 3069 707 fabro,
3113 640 3232 695 lilio
3265 643 3464 698 uxoris
3505 645 3690 714 patris
3725 648 3835 701 sui.

2190 720 2255 775 Et
2276 724 2433 779 omni
2454 728 2710 796 tempore
2742 727 3078 784 societatem
3124 729 3378 786 habebat
3399 750 3535 788 cum
3565 734 3834 804 Hercule,

2189 811 2328 880 quia
2359 814 2534 868 frater
2586 817 2714 883 ejus
2746 821 2869 872 erat
2913 834 2978 872 ex
3007 823 3167 888 patre
3209 837 3336 874 suo.
3370 823 3516 877 Zeus
3547 823 3705 878 enim
3743 841 3836 879 rex

2191 902 2407 956 amavit
2435 903 2815 960 Alcumenam
2872 919 3108 962 uxorem
3158 909 3500 965 Alcumenis
3558 929 3628 966 ex
3661 915 3841 984 Argo,

2191 995 2248 1044 et
2276 991 2475 1060 genuit
2503 995 2834 1050 Herculem.
2870 997 3272 1053 Adoraverunt
3305 999 3604 1056 Phoenices
3653 1003 3845 1058 Vene-

2192 1083 2603 1151 rem,reginam
2666 1086 2854 1154 Cypri,
2891 1085 3026 1154 quia
3057 1088 3273 1142 amavit
3300 1089 3623 1144 Adonidem
3647 1089 3841 1145 ﬁlium

2192 1167 2450 1238 Cytheri,
2479 1173 2631 1242 regis
2663 1172 3000 1228 Phcenicum
3036 1192 3050 1242 ;
3078 1191 3230 1245 quis,
3264 1177 3466 1232 relicto
3499 1195 3682 1250 regno
3717 1197 3844 1246 suo,

2190 1256 2477 1315 habitavit
2532 1260 2813 1317 Gabalam
2874 1280 3068 1318 arcem
3122 1265 3483 1334 Phoenicum,
3543 1274 3601 1323 et
3660 1269 3843 1325 simul

2194 1347 2444 1416 subjecit
2499 1350 2696 1406 omnia
2747 1353 2964 1423 oppida
3030 1371 3138 1408 sua
3193 1355 3438 1424 Cythero
3497 1359 3636 1428 regi.
3694 1362 3843 1415 Ante

2195 1436 2516 1492 Adonidem
2575 1453 2708 1494 vero
2741 1443 2954 1496 amavit
2987 1445 3180 1508 Arem,
3206 1450 3262 1497 et
3290 1445 3675 1514 deprehendit
3711 1464 3838 1504 eam

2195 1524 2540 1597 Hephaestus
2577 1531 2822 1585 maritus
2852 1532 3003 1601 ejus,
3061 1538 3116 1587 et
3147 1533 3359 1588 occidit
3409 1536 3740 1591 Adonidem
3786 1539 3841 1592 in

2195 1621 2392 1671 monte
2453 1619 2690 1687 Libano,
2738 1621 3007 1690 Cyniram
3068 1639 3198 1677 vero
3259 1624 3425 1678 vertit
3493 1625 3552 1680 in
3609 1643 3846 1697 aprum.

2195 1711 2404 1760 Postea
2436 1708 2653 1762 mansit
2683 1709 2876 1763 Venus
2934 1710 2993 1763 in
3025 1711 3242 1766 Gabala
3291 1717 3348 1767 et
3400 1719 3630 1768 mortua
3660 1721 3758 1770 est
3789 1717 3844 1770 in

2197 1792 2432 1847 civitate
2456 1795 2712 1866 Aphaca,
2735 1798 2830 1851 ubi
2865 1798 3134 1868 sepultus
3165 1806 3256 1855 est
3283 1800 3520 1856 Adonis.
3558 1803 3851 1858 Adorave-

2197 1888 2334 1938 runt
2376 1884 2631 1940 Elamitae
2681 1886 2820 1953 Noe,
2879 1888 3060 1942 filiam
3092 1890 3246 1960 regis
3277 1889 3443 1947 Blam
3473 1910 3486 1958 ;
3520 1909 3647 1962 quae
3710 1911 3847 1949 cum

2193 1974 2422 2044 captiva
2471 1975 2542 2030 ab
2578 1975 2849 2032 hostibus
2879 1977 3057 2032 ducta
3089 1980 3408 2041 esset,fecit
3439 1981 3486 2035 ei
3519 1987 3683 2052 pater
3717 1983 3846 2037 ido-

2193 2062 2315 2118 lum
2372 2068 2429 2118 et
2450 2063 2733 2135 templum
2771 2065 2958 2131 Susis,
2990 2066 3045 2121 in
3074 2083 3203 2123 arce
3231 2085 3360 2139 qua:
3389 2075 3476 2125 est
3509 2071 3566 2124 in
3601 2073 3846 2142 regione

2191 2151 2785 2210 Elam.Adoraverunt
2809 2156 2937 2226 Syri
2964 2156 3054 2210 Ati
3087 2157 3645 2231 Adiabensem,quae
3678 2163 3852 2218 misit

2193 2241 2370 2295 ﬁliam
2426 2242 2590 2297 Balat
2631 2245 2941 2313 medicam,
2976 2251 3032 2300 et
3063 2246 3177 2302 haec
3210 2250 3440 2304 sanavit
3469 2251 3623 2305 Sime
3652 2250 3836 2306 ﬁliam

2191 2329 2412 2385 Hadadi
2446 2333 2597 2402 regis
2627 2333 2800 2404 Syrias
2833 2354 2846 2403 ;
2881 2339 2937 2389 et
2970 2341 3100 2406 post
3123 2337 3406 2407 temporis
3436 2338 3839 2409 intervallum,

2191 2435 2320 2474 cum
2352 2419 2513 2491 lepra
2531 2428 2830 2492 correptus
2881 2423 3087 2479 fuisset
3121 2426 3570 2497 Hadad,rogavit
3606 2431 3692 2483 Ati
3726 2432 3843 2485 Eli-

2191 2525 2357 2564 seum
2383 2509 2684 2566 Hebraeum
2707 2513 2800 2578 qui
2823 2513 2978 2567 venit
3009 2519 3065 2568 et
3097 2515 3328 2570 sanavit
3350 2532 3507 2573 eum.
3552 2520 3836 2575 Adorave-

2192 2603 2329 2652 runt
2355 2599 2522 2654 etiam
2550 2603 2753 2669 gentes
2785 2603 3209 2672 Mesopotamia?
3241 2605 3500 2660 Cuteban
3536 2609 3840 2664 Ilebrmam

2194 2701 2321 2755 quae
2342 2684 2610 2741 liberavit
2632 2691 2812 2742 Bacru
2841 2705 3031 2760 regem
3060 2692 3288 2746 Edessae
3314 2694 3384 2747 de
3409 2693 3664 2751 inimicis
3688 2699 3843 2752 suis.

2193 2773 2274 2828 De
2309 2774 2467 2830 Nebo
2499 2792 2631 2830 vero
2654 2779 2754 2846 qui
2780 2783 2869 2832 est
2890 2777 2947 2832 in
2972 2779 3201 2834 civitate
3232 2783 3611 2854 Mabug,quid
3648 2787 3840 2842 dicam

2191 2864 2378 2927 vobis,
2413 2866 2892 2936 quandoquidem
2925 2884 3129 2924 omnes
3161 2873 3496 2926 sacerdotes
3524 2874 3848 2946 Mabugen-

2194 2968 2285 3006 ses
2320 2957 2536 3007 norunt
2593 2971 2725 3008 eum
2779 2973 2906 3011 esse
2973 2957 3196 3012 idolum
3228 2960 3440 3030 Orphei
3486 2963 3639 3033 magi
3672 2965 3849 3019 Thra-

2194 3042 2317 3110 cis;
2353 3047 2408 3097 et
2429 3041 2658 3099 Hedron
2692 3045 2912 3101 idolum
2940 3054 3028 3102 est
3048 3049 3369 3105 Zoroastris
3404 3053 3556 3123 magi
3591 3053 3843 3121 Persici;

2194 3131 2294 3202 qui
2328 3132 2438 3186 duo
2492 3135 2647 3205 magi
2704 3136 2978 3206 spiritum
3029 3138 3326 3209 impurum
3361 3141 3707 3212 expulerunt
3742 3146 3842 3213 qui

436 3227 630 3298 reipsa
687 3230 888 3280 nostro
929 3224 1118 3278 adhuc
1161 3228 1423 3292 tempore
1455 3222 1740 3293 imagines
1786 3226 2078 3278 Ctearum
2123 3207 2167 3269 (ἶ
2198 3219 2497 3292 planitiem
2529 3225 2948 3295 Mabugenem
2991 3207 3323 3297 infestabat,
3357 3237 3414 3286 et
3437 3207 3636 3286 eorum
3664 3207 3837 3302 jus-su

437 3319 839 3384 adorantur,et
859 3319 1046 3388 magis
1063 3315 1522 3385 colunturquam
1542 3319 1766 3370 veteres
1788 3315 1865 3367 dii
1884 3313 2079 3384 patrii.

436 3407 680 3462 Tributa
710 3407 886 3461 etiam
912 3412 968 3460 et
1011 3422 1221 3460 census
1250 3404 1458 3459 Caesari
1488 3403 1820 3469 solvuntur,
1865 3401 2084 3473 quippe

439 3495 539 3566 qui
573 3497 760 3565 major
791 3501 877 3549 est
908 3494 1019 3549 diis
1043 3492 1198 3559 illis;
1233 3493 1449 3547 idcirco
1482 3491 1699 3563 pariter
1724 3496 1911 3546 morte
1957 3491 2080 3562 ple-

437 3589 680 3639 ctuntur
710 3584 804 3655 qui
839 3586 1122 3654 spernunt
1153 3583 1290 3637 deos
1315 3587 1370 3636 et
1410 3581 1657 3636 decretis
1689 3580 1935 3636 Caesaris
1968 3597 2080 3634 non

440 3673 906 3729 obediunt.Alias
925 3672 1102 3728 etiam
1128 3673 1332 3727 eodem
1355 3669 1587 3726 decreto
1612 3675 1902 3726 statutum
1929 3671 2083 3725 estet

438 3780 608 3835 quem
635 3779 874 3817 censum
921 3760 1330 3834 gazophylacio
1363 3761 1516 3831 regis
1549 3761 1804 3829 pendant
1826 3759 2086 3814 adorato-

438 3869 553 3918 res,
583 3857 640 3907 et
670 3853 808 3923 quid
843 3852 1106 3906 redditus
1153 3851 1398 3904 afferant
1445 3849 1594 3902 sacci
1629 3847 1783 3919 pleni
1819 3861 1972 3920 aqua
2017 3865 2084 3902 ex

442 3943 612 3997 mari.
640 3945 760 3996 Hoc
809 3945 1004 3995 autem
1033 3940 1282 3995 maxime
1315 3935 1630 3993 dolendum
1674 3935 1829 4007 quod
1862 3937 1948 3991 illi
1982 3933 2085 4009 qui

444 4029 646 4085 colunt
675 4035 729 4084 et
758 4039 1028 4083 verentur
1068 4045 1131 4082 ea
1159 4045 1288 4099 qua:
1319 4027 1592 4082 sensibus
1625 4043 1737 4080 non
1769 4026 2088 4098 capiuntur

435 4123 517 4187 (et
547 4119 606 4173 hi
640 4118 880 4174 maximi
911 4117 1064 4172 inter
1093 4117 1388 4188 sapientes
1425 4115 1606 4187 sunt),
1639 4118 1759 4171 sive
1792 4116 2086 4186 lucri,sive

435 4227 595 4266 vanae
629 4207 848 4280 gloriae,
892 4209 1011 4262 sive
1042 4205 1312 4278 potentias
1345 4221 1560 4274 amore,
1595 4206 1665 4260 ab
1697 4206 1903 4262 iisdem
1955 4207 2087 4263 ado-

438 4299 640 4354 randis
673 4297 1079 4370 pusillanimes
1104 4294 1504 4350 dehortantur.
1540 4295 1653 4364 Ego
1691 4311 1820 4351 vero
1854 4303 1916 4351 ut
1961 4314 2086 4352 sen-

441 4389 522 4441 tio
544 4387 733 4440 dicam
767 4391 824 4440 et
845 4384 1158 4456 prepalabo
1191 4383 1483 4455 quomodo
1506 4393 1561 4438 et
1602 4385 1820 4454 quibus
1853 4385 1924 4440 de
1948 4402 2083 4441 cau-

445 4477 527 4530 sis
559 4480 759 4528 erectts
794 4475 908 4530 sint
936 4473 1225 4545 imagines
1286 4472 1520 4544 regibus
1545 4489 1610 4527 ac
1642 4475 1907 4544 tyrannis
1938 4479 1994 4528 et
2025 4480 2088 4529 ut

2196 3312 2355 3366 sima
2376 3312 2493 3366 ﬁlia
2517 3313 2735 3368 Hadadi
2771 3332 2925 3386 aqua
2955 3333 2983 3370 e
3038 3319 3181 3372 mari
3215 3319 3427 3374 hausta
3467 3322 3617 3377 hanc
3650 3322 3846 3394 plani—

2198 3402 2334 3456 tiem
2386 3402 2650 3473 implevit
2696 3419 2766 3459 ne
2797 3406 3076 3478 deinceps
3105 3416 3434 3478 exsurgeret
3471 3412 3714 3482 spiritus
3745 3413 3846 3468 ille

2201 3505 2452 3562 nequam
2474 3493 2541 3546 ad
2570 3493 2780 3548 iterum
2813 3494 3204 3550 infestandam
3232 3498 3652 3566 regionem.Sic
3687 3503 3847 3570 apud

2197 3578 2388 3633 varias
2420 3584 2622 3648 gentes
2664 3581 2901 3652 regibus
2943 3582 3011 3636 ab
3043 3584 3448 3638 adoratoribus
3481 3601 3684 3640 eorum
3720 3593 3851 3642 sta-

2200 3673 2309 3722 tua?
2334 3668 2534 3738 posita:
2559 3674 2697 3723 sunt
2729 3688 2744 3740 ;
2773 3668 2871 3724 sed
2921 3671 2988 3724 de
3037 3669 3128 3724 his
3161 3669 3412 3740 amplius
3461 3673 3711 3728 scribere
3748 3692 3856 3730 su-

2202 3758 2602 3830 persedemus.

2269 3847 2350 3902 Tu
2387 3864 2518 3902 vero
2550 3849 2649 3919 qui
2685 3853 2875 3905 mente
2907 3848 3087 3905 libera
3120 3848 3469 3921 gloriaris,si
3495 3853 3612 3907 veri
3639 3856 3852 3926 cogni-

2197 3941 2290 3993 tor
2318 3937 2406 3991 vis
2442 3937 2661 4006 haberi,
2709 3941 2879 3996 stude
2913 3947 2978 3994 ut
3005 3939 3142 3994 talis
3173 3940 3254 3995 sis
3280 3940 3439 3996 intus
3473 3957 3486 3995 :
3522 3943 3632 3998 etsi
3667 3961 3847 3999 orna-

2199 4031 2322 4082 tum
2349 4025 2696 4082 muliebrem
2722 4028 3254 4095 indueris,memini
3277 4034 3333 4084 te
3349 4046 3472 4085 esse
3505 4031 3848 4103 hominem;

2199 4119 2367 4174 crede
2399 4117 2456 4172 in
2481 4135 2614 4172 eum
2649 4115 2750 4190 qui
2779 4136 2910 4175 vere
2943 4115 3096 4175 Deus
3117 4125 3204 4175 est
3225 4125 3282 4175 et
3306 4116 3379 4176 ad
3413 4137 3545 4176 eum
3580 4127 3842 4195 expende

2196 4212 2253 4263 et
2310 4210 2659 4262 commenda
2709 4208 2965 4263 animam
3029 4213 3304 4276 tuam;et
3358 4209 3483 4280 ipse
3512 4216 3702 4281 potest
3739 4209 3844 4269 tibi

2198 4297 2335 4352 dare
2357 4297 2533 4352 vitam
2567 4301 2841 4352 aeternam
2890 4315 3015 4367 qua
3049 4315 3161 4354 non
3194 4296 3370 4353 habet
3401 4300 3616 4369 ﬁnem;
3651 4303 3840 4357 omni-

2198 4392 2402 4460 potens
2436 4385 2590 4442 enim
2622 4392 2728 4443 est.
2757 4386 3151 4459 Reliquavero
3175 4388 3280 4443 tibi
3306 4393 3443 4444 sunt
3466 4407 3568 4461 pro
3602 4407 3666 4445 eo
3689 4392 3839 4463 quod

2197 4481 2337 4532 sunt
2367 4476 2751 4534 aestimanda:
2787 4475 3071 4548 imagines
3104 4486 3162 4532 ut
3192 4475 3500 4548 imagines,
3552 4480 3836 4548 sculptilia

444 4563 523 4619 dii
547 4562 727 4616 habiti
753 4563 889 4616 sint.
926 4561 1156 4616 Herculi
1197 4559 1676 4616 sacriﬁcaverunt
1703 4562 1920 4632 Argivi,
1955 4564 2092 4633 quia
2123 4573 2168 4635 Β
2202 4569 2266 4620 ut
2297 4564 2593 4636 sculptilis
2620 4583 2631 4633 ;
2657 4570 2716 4620 et
2748 4582 2883 4622 cave
2911 4582 2983 4621 ne
3015 4570 3337 4621 creaturam
3377 4585 3559 4638 ponas
3593 4567 3713 4623 loco
3743 4569 3830 4622 Fa-

449 4651 1017 4723 Argivusipse,quod
1047 4654 1318 4720 praeterea
1345 4665 1556 4720 magno
1588 4651 1846 4720 corporis
1880 4652 2082 4707 robore

444 4741 744 4815 praeditus,
801 4739 1079 4795 animalia
1111 4738 1312 4793 nociva
1343 4740 1556 4794 virtute
1586 4756 1692 4794 sua
1723 4741 1952 4805 occidit,
1986 4742 2081 4796 sed

445 4833 625 4890 multo
661 4831 847 4903 magis
896 4830 1033 4901 quia
1064 4830 1353 4884 timebant
1393 4844 1524 4884 eum
1557 4847 1569 4896 ;
1604 4829 1894 4886 violentus
1925 4827 2082 4887 enim

437 4931 562 4981 erat
584 4930 640 4979 et
694 4922 970 4978 mulieres
1004 4929 1340 4993 magnalum
1379 4921 1640 4992 rapiebat
1668 4919 1871 4987 ;valde
1925 4922 2078 4976 enim

424 5014 781 5070 libidinosus
804 5017 949 5081 erat,
971 5013 1121 5067 sicut
1159 5012 1473 5067 elZaradcs
1491 5007 1914 5079 Persa,amicus
1930 5011 2078 5081 ejus.

435 5105 776 5176 Dionysium
827 5119 1018 5171 regem
1052 5101 1358 5157 coluerunt
1386 5100 1561 5156 Actaei
1593 5101 1686 5170 (l),
1724 5100 1859 5171 quia
1890 5101 1947 5155 in
1982 5118 2078 5156 eo.

431 5212 562 5251 rum
596 5195 830 5266 regione
853 5194 1026 5248 vitem
1050 5192 1419 5262 plantaverat
1444 5232 1458 5259 ,
1489 5189 1716 5262 Egypti
1753 5186 2078 5261 Josephum

428 5285 757 5349 Hebrmum,
817 5283 917 5354 qui
949 5287 1006 5338 et
1050 5281 1302 5353 Serapis,
1350 5280 1488 5351 quia
1535 5279 1930 5350 suppeditavit
1959 5279 2079 5334 illis

446 5376 802 5430 frumentum
838 5372 896 5426 in
929 5373 1099 5426 annis
1146 5371 1442 5442 egestatis.
1475 5369 1869 5424 Adoraverunt
1901 5367 2080 5423 Athe-

435 5462 670 5516 nienses
702 5461 988 5515 Athenam
1027 5459 1210 5514 ﬁliam
1240 5458 1423 5528 Jovis,
1462 5459 1615 5529 regis
1636 5457 1842 5513 insulsa
1874 5459 2074 5525 Creta,

499 5648 571 5712 (1)
606 5648 1005 5702 Athenienses.

2193 4655 2384 4712 cteris.
2437 4657 2589 4709 Deus
2612 4655 2769 4708 omni
2796 4658 3056 4724 tempore
3078 4654 3237 4719 vivit,
3271 4655 3628 4712 intellectum
3670 4662 3824 4710 tuum

2157 4774 2162 4778 -
2194 4746 2393 4817 implet
2409 4764 2421 4800 :
2440 4743 2766 4800 intellectus
2780 4744 2935 4798 enim
2956 4761 3104 4798 unus
3120 4740 3435 4815 imaginem
3455 4762 3697 4816 personae
3711 4745 3830 4816 ejus

2195 4840 2568 4906 representat
2585 4860 2597 4906 ς
2616 4835 2739 4907 ipse
2758 4835 2914 4889 enim
2940 4832 3251 4887 invisibilis
3265 4834 3459 4901 est,im
3472 4834 3767 4889 mutabilis
3781 4837 3835 4888 et

2194 4923 2826 4996 incomprehensibilis,
2852 4926 2907 4976 et
2921 4923 2988 4976 ad
3011 4924 3136 4992 ejus
3153 4925 3360 4976 nutum
3378 4923 3576 4976 omnia
3599 4939 3834 4992 corpora

2193 5019 2514 5069 moventur.
2539 5017 2657 5068 Hoc
2682 5028 2817 5084 ergo
2850 5011 3000 5066 scias
3030 5027 3041 5065 ε
3078 5011 3126 5064 si
3151 5025 3285 5064 eum
3321 5011 3419 5082 qui
3451 5011 3837 5068 immutabilis

2191 5105 2280 5158 est
2303 5101 2736 5172 colueris,sicut
2759 5101 2885 5172 ipse
2909 5105 3156 5155 internus
3188 5099 3388 5164 est,ita
3419 5105 3475 5155 et
3497 5105 3581 5170 tu,
3602 5118 3735 5154 cum
3771 5101 3836 5155 il-

2189 5191 2291 5246 lud
2325 5190 2554 5246 visibile
2600 5193 2657 5246 et
2688 5188 3068 5260 corruptibile
3099 5189 3348 5257 exueris,
3383 5189 3431 5244 ei
3465 5189 3522 5243 in
3556 5197 3839 5244 aeternum

2190 5279 2416 5335 astahis
2444 5281 2644 5335 vivens
2665 5283 2723 5335 et
2749 5279 2964 5345 sciens,
2996 5281 3053 5332 et
3079 5295 3254 5350 opera
3285 5283 3384 5333 tua
3412 5284 3583 5334 erunt
3614 5279 3724 5334 tibi
3755 5279 3843 5334 di-

2188 5369 2341 5423 vitia
2365 5386 2490 5439 quae
2525 5385 2638 5424 non
2677 5371 2942 5441 pereunt.
2993 5362 3331 5422 Memineris
3360 5372 3552 5423 autem
3599 5383 3844 5439 operum

2191 5462 2429 5513 tuorum
2458 5457 2744 5515 bonorum
2771 5457 3008 5516 initium
3036 5472 3165 5512 esse
3187 5461 3242 5511 et
3264 5456 3713 5512 fundamentum
3739 5457 3839 5513 Dei
