4110 6150
334 375 488 436 1233

1865 360 2176 422 SPUBlA.

3580 365 3742 424 1234

338 512 470 566 Ecce
497 509 646 579 ﬁlius
676 517 819 563 tuus.
853 508 921 562 Et
945 524 1007 562 ex
1044 506 1142 562 illa
1173 504 1316 560 hora
1345 507 1547 559 sancta
1581 500 1678 556 Dei
1709 497 1970 556 Genitrix
2002 500 2056 564 Α
2087 496 2249 551 deret
2263 499 2608 551 autemeum
2641 495 3180 568 sanctissimavirgo
3200 495 3401 563 Maria,
3425 496 3736 552 exsultavit

332 601 389 654 in
413 598 656 654 Joannis
684 613 822 652 cura
840 595 1153 667 specialius
1187 591 1529 665 permansit,
1561 589 1821 661 quandiu
1847 589 1974 642 vitta

333 689 504 743 istius
523 687 836 741 incolatum
861 683 1162 755 transegit.
1185 686 1249 736 Et
1267 683 1402 736 dum
1420 678 1662 751 apostoli
1688 675 1976 732 mundum

331 779 453 833 suis
476 775 733 831 sortibus
749 777 804 830 in
822 767 1785 846 praedicationesumpsissent,ipsa
1803 767 1976 820 domo

328 875 632 939 parentum
665 865 844 933 illius,
872 868 1039 934 juxta
1082 872 1336 918 montem
1377 858 1580 914 Oliveti
1614 856 1897 911 consedit.

969 1022 1201 1080 CAPUT
1233 1022 1331 1076 Ill.

397 1152 659 1209 Secundo
687 1151 888 1222 itaque
915 1155 972 1206 et
1001 1147 1273 1204 vicesimo
1297 1163 1448 1200 anno
1472 1147 1779 1216 postquam
1812 1139 1972 1195 Chri-

325 1249 474 1309 stus,
527 1242 754 1295 devicta
804 1245 1008 1304 morte,
1068 1237 1277 1292 coelum
1332 1233 1769 1297 conscenderat,
1829 1233 1966 1285 dum

324 1333 414 1386 die
471 1330 719 1400 quadam
786 1329 1070 1382 desiderio
1145 1326 1356 1380 Christi
1427 1338 1706 1378 succensa
1764 1319 1968 1386 Maria,

323 1420 450 1476 sola
475 1421 625 1474 intra
644 1421 813 1473 domu
828 1435 854 1472 s
873 1417 1041 1472 istius
1057 1412 1483 1485 receptaculum
1513 1412 1965 1484 lacrymaretur:

325 1525 458 1564 ecce
490 1507 756 1578 angelus,
791 1506 986 1576 magni
1028 1503 1270 1558 luminis
1306 1502 1506 1557 habitu
1561 1500 1967 1572 resplendens,

326 1604 458 1654 ante
485 1615 610 1653 eam
644 1596 848 1660 astitit,
901 1600 956 1650 et
1005 1592 1369 1648 salutationis
1430 1590 1603 1646 verba
1666 1589 1963 1661 persolvit,

327 1690 564 1744 dicens:
593 1685 1050 1749 Ave,benedicta
1070 1683 1315 1738 Domino
1344 1680 1784 1752 ;suscipeillius
1808 1679 1966 1734 salu-

327 1785 468 1845 tem,
501 1780 600 1849 qui
651 1775 950 1830 mandavit
980 1773 1228 1828 salutem
1273 1773 1470 1838 Jacob,
1523 1787 1623 1842 per
1654 1770 1964 1842 prophetas

325 1885 484 1923 suos.
519 1869 682 1929 Ecce,
717 1865 1178 1935 inquit,ramum
1216 1861 1441 1932 palmae,
1474 1863 1545 1915 de
1565 1859 1836 1931 paradiso
1865 1858 1960 1913 Dei
1989 1858 2034 1921 B

322 1956 491 2012 attuli
525 1956 650 2022 tibi,
673 1970 842 2024 quem
869 1957 1095 2022 portare
1117 1953 1292 2007 facies
1316 1956 1448 2004 ante
1479 1952 1756 2005 feretrum
1792 1956 1896 2004 tuu
1927 1972 1958 2006 :2

321 2063 452 2100 cum
480 2046 538 2099 in
563 2045 656 2098 die
686 2043 854 2097 tertia
881 2047 1185 2112 assumpta
1219 2041 1396 2095 fueris
1426 2041 1496 2094 de
1527 2055 1783 2110 corpore.
1823 2041 1965 2094 Ecce

321 2136 476 2192 enim
507 2138 803 2204 exspectat
826 2138 880 2186 te
911 2131 1090 2185 Filius
1141 2137 1300 2194 tuus,
1351 2147 1484 2183 cum
1518 2128 1746 2183 thronis
1777 2132 1836 2182 et
1868 2145 1966 2182 an-

320 2224 484 2293 gelis,
512 2228 568 2277 et
599 2222 882 2277 universis
914 2219 1041 2274 caeli
1065 2219 1394 2274 virtutibus.
1431 2219 1594 2272 Tunc
1623 2217 1965 2272 Mariadixit

327 2314 399 2369 ad
431 2313 740 2384 angelum:
769 2311 904 2364 Peto
928 2311 1030 2364 abs
1071 2315 1124 2363 te
1150 2325 1305 2379 ergo,
1340 2314 1405 2362 ut
1437 2313 1860 2378 congregantur
1889 2307 1960 2360 ad

325 2419 416 2457 me
447 2417 651 2456 omnes
683 2399 930 2471 apostoli
985 2397 1203 2452 Domini
1254 2399 1364 2450 mei
1397 2395 1535 2451 Jesu
1569 2395 1804 2451 Christi.
1860 2393 1961 2448 Cui

319 2491 565 2562 angelus
595 2489 772 2544 dixit:
809 2489 972 2552 Ecce,
1007 2486 1216 2556 inquit,
1245 2485 1412 2540 hodie
1433 2502 1532 2555 per
1549 2486 1822 2538 virtutem
1852 2484 1963 2538 Do-

322 2580 464 2635 mini
501 2579 610 2634 mei
633 2579 772 2633 Jesu
807 2577 1046 2644 Christi,
1114 2575 1334 2644 omnes;
1366 2573 1616 2643 apostoli
1669 2572 1952 2641 assumpti

316 2669 430 2724 huc
463 2670 533 2723 ad
566 2672 621 2723 te
650 2669 900 2721 venient.
929 2664 1094 2718 Etait
1124 2663 1207 2717 illi
1228 2662 1445 2716 Maria:
1484 2662 1640 2733 Rogo
1668 2666 1730 2716 ut
1762 2661 1962 2715 mittas

317 2774 496 2828 super
527 2772 618 2810 me
649 2753 1117 2809 benedictionem
1171 2756 1356 2818 tuam,
1395 2755 1456 2806 ut
1512 2751 1675 2806 nulla
1707 2755 1960 2821 potestas

319 2845 523 2900 inferni
558 2848 824 2900 occurrat
852 2842 991 2896 mihi
1026 2841 1083 2894 in
1121 2839 1216 2894 illa
1244 2841 1404 2904 hora,
1441 2856 1554 2910 qua
1606 2838 1802 2893 anima
1837 2855 1962 2894 mea

317 2937 491 2991 fuerit
521 2951 760 3006 egressa
789 2934 858 2988 de
891 2947 1148 3003 corpore,
1187 2935 1242 2984 et
1278 2946 1347 2984 ne
1377 2929 1599 2984 videam
1636 2929 1957 3000 principem

315 3026 706 3081 tenebrarum.
746 3023 840 3078 Ait
871 3027 1067 3077 autem
1100 3019 1345 3090 angelus
1376 3018 1450 3073 ad
1499 3033 1663 3072 eam:
1697 3019 1959 3072 Potestas

317 3116 553 3186 quidem
585 3113 797 3167 inferni.
834 3128 944 3165 non
981 3111 1212 3166 nocebit
1242 3107 1839 3175 tibi;benedictionem
1861 3124 1960 3161 au-

313 3209 430 3259 tem
463 3209 736 3256 aeternam
776 3200 934 3254 dedit
965 3198 1070 3254 tibi
1094 3198 1379 3254 Dominus
1409 3203 1562 3252 Deus
1593 3201 1752 3265 tuus,
1787 3197 1957 3265 cujus

311 3309 419 3363 ego
450 3307 649 3346 servus
671 3307 823 3355 sum,
859 3294 915 3344 et
962 3288 1207 3344 nuntius
1245 3308 1259 3355 ;
1297 3304 1408 3342 non
1467 3285 1700 3340 videndi
1761 3292 1953 3340 autem

321 3380 644 3453 principem
678 3378 1374 3445 tenebrarum,ell‘eclum
1433 3394 1548 3430 non
1616 3393 1649 3430 a
1706 3391 1797 3430 me
1854 3375 1959 3429 tibi

321 3470 578 3524 dandum
613 3467 932 3534 existimes,
966 3469 1064 3522 sed
1091 3465 1306 3532 abillo,
1341 3482 1515 3537 quem
1549 3469 1610 3520 tu
1652 3465 1709 3520 in
1757 3471 1958 3520 sancto

320 3565 418 3613 tuo
458 3562 618 3612 utero
652 3557 956 3627 bajulasti;
990 3556 1179 3627 ipsius
1207 3555 1362 3610 enim
1411 3559 1501 3609 est
1545 3557 1960 3624 potestaslom-

319 3649 484 3702 nium
511 3648 565 3702 in
599 3646 806 3702 saecula
827 3645 1291 3714 swculorum.‘,Et
1321 3644 1441 3699 haec
1473 3643 1672 3697 dicens
1692 3641 1956 3714 angelus,

318 3754 450 3792 cum
488 3752 696 3806 magno
736 3734 1039 3806 splendore
1070 3733 1360 3788 discessit.
1395 3731 1592 3787 Palma
1626 3737 1821 3786 autem
1859 3731 1959 3786 illa

315 3825 576 3896 fulgebat
608 3825 786 3879 nimia
820 3825 966 3878 luce.
1002 3828 1161 3878 Tunc
1184 3821 1361 3876 Maria
1406 3837 1622 3875 exuens
1655 3836 1715 3874 se
1749 3821 1958 3890 priori-

315 3917 424 3970 bus
457 3914 839 3980 indumentis,
866 3912 1058 3967 induit
1090 3911 1349 3966 meliora.
1401 3911 1464 3964 Et
1514 3910 1806 3980 accipiens
1839 3910 1954 3982 pal-

317 4023 501 4069 mam,
525 4020 695 4074 quam
717 4009 1054 4074 susceperat
1087 4003 1156 4056 de
1177 4018 1348 4056 manu
1376 3999 1588 4071 angeli,
1614 4015 1848 4070 egressa
1871 4003 1960 4054 est

317 4094 373 4148 in
409 4099 665 4148 montem
700 4092 925 4158 Oliveti,
960 4097 1015 4146 et
1047 4091 1220 4161 ccnpit
1262 4105 1447 4153 orare,
1480 4097 1530 4142 et
1577 4088 1796 4144 dicere:
1831 4088 1955 4144 Non

315 4200 419 4253 ego
457 4184 678 4237 fueram
710 4182 903 4252 digna,
950 4179 1216 4249 Domine,
1268 4178 1566 4247 suscipere
1624 4183 1697 4243 te,
1751 4177 1865 4232 nisi
1898 4186 1953 4231 tu

316 4272 592 4327 misertus
621 4272 836 4326 fuisses
858 4274 965 4325 mei
997 4289 1009 4335 ;
1037 4270 1132 4324 sed
1169 4275 1361 4323 tamen
1378 4285 1482 4339 ego
1515 4266 1800 4322 custodivi
1832 4267 1954 4320 the-

317 4377 556 4415 saurum
590 4366 775 4426 tuum,
819 4377 989 4429 quem
1024 4359 1440 4414 commendasti
1504 4356 1670 4410 mihi.
1704 4357 1956 4426 Ideoque

314 4456 440 4520 prio
475 4467 506 4503 α
536 4455 610 4520 te,
645 4451 759 4504 Rex
795 4449 1010 4520 gloria),
1047 4453 1256 4502 utnon
1293 4452 1496 4501 noceat
1521 4445 1662 4499 mihi
1699 4449 1955 4515 potestas

313 4538 607 4610 gehennae.
645 4539 704 4594 Si
735 4538 889 4593 enim
921 4537 1048 4592 coeli
1081 4542 1136 4591 et
1177 4537 1365 4606 angeli
1427 4540 1560 4589 ante
1610 4541 1664 4589 te
1694 4539 1956 4588 tremunt

318 4628 597 4700 quotidie,
622 4632 838 4698 quanto
874 4626 1061 4698 magis
1084 4627 1256 4680 homo
1275 4625 1343 4677 de
1375 4629 1527 4678 terra
1558 4623 1847 4688 conditus,
1868 4622 1958 4677 cui

316 4717 463 4772 nihil
497 4717 712 4772 residet
742 4717 876 4771 boni
901 4759 914 4783 ,
949 4715 1059 4769 nisi
1119 4718 1403 4784 quantum
1453 4711 1740 4782 acceperit
1797 4728 1828 4765 a
1858 4715 1958 4766 tua

313 4807 590 4864 bonitate.
619 4806 699 4860 Tu
735 4822 796 4860 es
829 4805 984 4860 enim
1028 4803 1310 4858 Dominus
1345 4805 1491 4856 Deus
1524 4817 1750 4870 semper
1781 4799 1955 4855 bene-

309 4897 502 4952 dictus
536 4897 593 4950 in
625 4893 871 4950 saecula!
907 4898 972 4948 Et
1008 4910 1140 4948 cum
1166 4893 1286 4947 haec
1319 4891 1579 4959 dixisset,
1617 4905 1842 4945 reversa
1870 4897 1957 4944 est

309 4987 364 5041 in
390 4985 711 5058 hospitium
747 5000 940 5039 suum.

965 5127 1192 5184 CAPUT
1223 5128 1312 5184 IV.

384 5259 449 5309 Et
478 5271 608 5309 ecce
639 5254 856 5320 subito,
890 5253 1029 5307 dum
1065 5252 1407 5324 praedicaret
1463 5252 1670 5306 beatus
1699 5250 1953 5306 Joannes

310 5345 369 5400 in
403 5344 652 5414 Epheso,
686 5344 778 5397 die
826 5341 1150 5408 Dominica,
1193 5341 1335 5396 hora
1389 5340 1502 5395 diei
1548 5341 1738 5409 tertia,
1787 5345 1955 5395 terrae

313 5437 508 5487 motus
532 5433 719 5485 factus
742 5436 827 5486 est
847 5447 1094 5501 magnus
1117 5448 1130 5497 ;
1150 5433 1206 5485 et
1236 5431 1422 5484 nubes
1451 5429 1696 5484 elevavit
1722 5447 1879 5499 eum,
1902 5438 1956 5484 et

311 5519 568 5591 suscepit
602 5535 731 5574 eum
769 5521 840 5574 ab
881 5520 1063 5575 oculis
1110 5519 1398 5583 omnium,
1440 5523 1496 5572 et
1548 5518 1790 5572 adduxit
1821 5535 1954 5574 eum

309 5614 442 5665 ante
470 5607 689 5664 ostium
720 5609 949 5675 domus,
985 5606 1082 5661 ubi
1115 5611 1235 5660 erat
1274 5605 1433 5676 virgo
1474 5605 1720 5676 Deipara
1750 5607 1950 5662 Maria.

310 5701 377 5756 Et
405 5697 646 5772 pulsans
672 5696 911 5763 ostium,
955 5695 1152 5752 statim
1185 5695 1487 5764 ingressus
1526 5700 1633 5751 est.
1692 5697 1835 5752 Cum
1867 5698 1952 5752 vi-

2086 587 2143 641 in
2176 587 2413 658 gaudio,
2445 594 2501 641 et
2524 587 2706 642 dixit:
2742 587 2898 658 Rogo
2956 595 3026 652 te,
3064 587 3144 641 ﬁli
3182 587 3458 656 Joannes,
3509 605 3736 644 memor

2086 681 2212 731 esto
2243 677 2551 731 verborum
2584 676 2814 731 Domini
2859 677 2994 731 Jesu
3023 675 3259 744 Christi,
3317 676 3584 748 magistri
3625 676 3731 744 tui,

2085 765 2298 836 quibus
2334 782 2424 820 me
2457 766 2890 821 commendavit
2921 765 3046 819 tibi.
3083 766 3224 820 Ecce
3256 766 3411 821 enin:
3447 766 3538 821 die
3565 768 3734 822 tertio

2083 855 2566 910 discessurasum
2583 855 2652 908 de
2667 870 2906 926 corpore
2934 855 3161 921 ;audivi
3193 862 3386 909 autem
3420 855 3732 910 consilium

2082 944 2420 998 Judaeorum
2451 944 2813 998 dicentium:
2841 946 3254 1013 Exspectemus
3286 943 3462 1011 diem,
3497 945 3731 1014 quando

2083 1032 2364 1087 moriatur
2395 1049 2523 1103 quas
2547 1031 2796 1102 portavit
2825 1031 2990 1086 illum
3017 1033 3408 1098 seductorem,
3440 1037 3496 1087 et
3519 1049 3731 1103 corpus

2081 1123 2209 1193 ejus
2240 1121 2813 1193 ignicomburamus.
2847 1122 3086 1177 Vocavit
3127 1139 3264 1194 ergo
3287 1127 3552 1177 sanctum
3587 1140 3724 1194 apo.

2080 1212 2298 1266 stolum
2331 1212 2632 1278 Joannem,
2655 1216 2709 1266 et
2731 1213 3057 1266 introduxit
3089 1229 3219 1266 eum
3257 1213 3313 1266 in
3348 1211 3724 1267 secretarium

2077 1302 2309 1370 domus,
2343 1306 2400 1356 et
2428 1302 2752 1356 ostenditei
2782 1302 3195 1357 vestimentum
3231 1301 3545 1372 sepultura:
3577 1318 3716 1367 suat,

2077 1395 2132 1446 et
2165 1389 2416 1461 palmam
2444 1389 2602 1445 illam
2645 1390 2912 1458 luminis,
2960 1407 3133 1462 quam
3187 1397 3485 1460 acceperat
3516 1391 3586 1446 ab
3619 1407 3720 1444 an«

2075 1479 2220 1550 gelo,
2258 1496 2616 1550 praemonens
2667 1496 2800 1534 eum
2836 1484 2897 1533 ut
2949 1480 3109 1534 illam
3167 1481 3379 1533 faceret
3426 1479 3561 1533 ferri
3593 1483 3726 1534 ante

2076 1568 2287 1623 lectum
2314 1585 2510 1634 suum,
2541 1585 2674 1623 cum
2697 1570 3004 1625 duceretur
3027 1571 3097 1623 ad
3119 1567 3506 1639 sepulturam,
3537 1574 3593 1623 et
3615 1568 3725 1622 iret

2077 1658 2147 1712 ad
2184 1663 2651 1712 monumentum.

2729 1783 2963 1838 CAPUT
2999 1784 3056 1838 V.

2145 1907 2243 1960 Cui
2295 1907 2496 1961 beatus
2525 1911 2582 1962 et
2629 1907 2880 1962 dilectus
2937 1908 3236 1978 apostolus
3291 1907 3548 1962 Joannes
3602 1907 3720 1960 ait:

2072 1997 2372 2059 Quomodo
2430 2013 2536 2067 ego
2595 1997 2755 2052 solus
2790 1998 3004 2068 parabo
3064 1997 3188 2062 tibi,
3253 1997 3514 2062 Domina,
3561 2013 3723 2051 exse-

2074 2086 2242 2157 quias
2262 2103 2274 2151 ;
2294 2087 2405 2140 nisi
2440 2087 2700 2143 venerint
2731 2088 2939 2141 fratres
2963 2087 3098 2150 mei,
3123 2087 3395 2156 discipuli
3424 2092 3480 2140 et
3511 2102 3724 2156 coapo-

2073 2176 2207 2231 stoli
2247 2176 2476 2230 Domini
2541 2177 2721 2230 nostri
2781 2177 2921 2235 Jesu
2954 2177 3192 2242 Christi,
3229 2178 3297 2230 ad
3361 2177 3718 2232 reddendum

2073 2265 2348 2320 honorem
2402 2263 2747 2335 corpusculo
2781 2265 2930 2318 tuo?
2975 2266 3042 2318 Et
3075 2266 3288 2319 factum
3321 2270 3446 2320 est:
3493 2271 3548 2318 et
3587 2281 3718 2320 ecce

2072 2354 2408 2424 subito,per
2439 2353 2749 2425 imperium
2783 2353 2906 2421 Dei,
2931 2370 3134 2408 omnes
3167 2353 3418 2424 apostoli
3449 2356 3517 2408 de
3553 2355 3714 2422 locis,

2071 2446 2129 2500 in
2157 2447 2370 2517 quibus
2400 2447 2791 2517 praedicabant
2815 2447 3054 2501 verbum
3082 2445 3204 2512 Dei,
3237 2447 3440 2501 elevati
3473 2447 3530 2502 in
3566 2449 3718 2502 nube

2071 2536 2219 2605 rapti
2253 2540 2413 2603 sunt,
2447 2540 2504 2590 et
2532 2535 2785 2606 depositi
2818 2540 2949 2589 ante
2986 2535 3198 2589 ostium
3233 2536 3445 2591 domus
3516 2536 3574 2591 in
3608 2554 3721 2607 qua

2070 2625 2373 2679 habitabat
2405 2625 2580 2680 Maria
2632 2625 2858 2679 Domini
2909 2629 3107 2689 Mater,
3169 2630 3224 2679 et
3282 2625 3608 2683 salutantes
3653 2645 3714 2684 se

2070 2714 2342 2780 invicem,
2379 2713 2764 2783 mirabantur,
2798 2714 3090 2768 dicentes:
3125 2719 3256 2778 Quae
3288 2731 3463 2770 causa
3492 2721 3599 2782 est,
3646 2718 3718 2772 ob

2069 2819 2246 2874 quam
2305 2803 2588 2858 Dominus
2633 2819 2739 2857 nos
2786 2802 2881 2856 hic
2943 2803 2999 2855 in
3051 2819 3234 2857 unum
3289 2804 3720 2874 congregavit?

2065 2893 2312 2946 Advenit
2341 2897 2537 2948 autem
2571 2909 2704 2946 cum
2733 2893 2818 2947 eis
2860 2890 3096 2956 Paulus,
3139 2907 3209 2946 ex
3264 2892 3709 2950 circumcisione

2068 2998 2406 3048 conversus,
2448 2982 2550 3051 qui
2575 2985 2916 3053 assumptus
2970 2981 3155 3036 fuerat
3193 2997 3328 3036 cum
3362 2982 3625 3037 Barnaba
3657 2983 3714 3038 in

2069 3071 2459 3128 ministerium
2501 3071 2783 3141 gentium.
2817 3070 3083 3141 Cumque
3114 3071 3266 3126 inter
3313 3087 3408 3126 eos
3437 3076 3591 3127 esset
3621 3073 3717 3143 pia

2070 3160 2386 3226 contentio,
2421 3160 2554 3231 quis
2576 3176 2644 3213 ex
2668 3160 2752 3213 eis
2777 3159 2934 3230 prior
2964 3167 3152 3214 oraret
3185 3161 3256 3214 ad
3289 3159 3627 3227 Dominum,
3654 3166 3718 3216 ut

1989 3222 2030 3288 Ο
2071 3250 2405 3305 ostenderet
2436 3248 2550 3302 illis
2575 3265 2807 3302 causam
2835 3249 3122 3318 ipsorum,
3155 3252 3211 3302 et
3236 3249 3432 3302 Petrus
3466 3248 3710 3305 Paulum

2068 3340 2420 3404 hortaretur,
2456 3341 2519 3392 ut
2549 3337 2706 3409 prior
2746 3343 2958 3404 oraret,
2993 3337 3203 3392 Paulus
3265 3337 3584 3408 respondit,
3619 3339 3707 3392 di-

2069 3443 2244 3483 cens:
2277 3429 2463 3482 Tuum
2493 3432 2581 3482 est
2609 3427 2765 3482 istud
2790 3425 3068 3491 ofﬁcium,
3104 3427 3357 3497 primum
3406 3427 3702 3496 inchoare,

2070 3515 2320 3571 maxime
2350 3533 2482 3571 cum
2508 3515 2590 3571 sis
2621 3516 2837 3571 electus
2876 3533 2908 3570 a
2962 3517 3077 3571 Deo
3113 3515 3385 3570 columna
3416 3516 3702 3588 Ecclesiae,

2067 3611 2124 3660 et
2154 3610 2213 3660 tu
2248 3605 2528 3676 praecedis
2560 3621 2762 3660 omnes
2802 3606 2860 3659 in
2885 3604 3211 3675 apostolatu
3239 3623 3252 3672 ;
3287 3621 3481 3660 meum
3507 3611 3701 3662 autem

2067 3695 2345 3763 minime;
2373 3712 2508 3751 nam
2538 3712 2642 3766 ego
2677 3695 2956 3749 minimus
2981 3710 3111 3748 sum
3145 3695 3410 3749 omnium
3444 3699 3702 3750 vestrum

2066 3787 2122 3838 et
2154 3787 2432 3852 tanquam
2467 3782 2724 3837 abortivo
2756 3782 2916 3836 visus
2966 3787 3054 3837 est
3086 3780 3229 3836 mihi
3266 3782 3549 3850 Christus,
3600 3798 3705 3838 nec

2066 3888 2156 3928 me
2181 3871 2344 3926 vobis
2377 3887 2603 3942 square
2634 3887 2940 3943 praesumo,
2989 3875 3182 3926 tamen
3220 3873 3406 3942 gratia
3437 3872 3538 3926 Dei
3571 3887 3702 3926 sum

2064 3960 2122 4014 id
2156 3962 2311 4030 quod
2344 3975 2499 4014 sum.

2703 4066 2938 4122 CAPUT
2974 4068 3064 4123 VI.

2135 4183 2295 4238 Tunc
2318 4199 2522 4238 omnes
2553 4184 2798 4253 apostoli
2820 4186 3140 4254 gaudentes
3173 4202 3348 4255 super
3380 4183 3706 4238 humilitate

2067 4273 3095 4340 Pauli,unanimiterconsumtuaveru
3109 4283 3169 4333 nt
3186 4277 3500 4330 orationem
3517 4292 3705 4332 suam.

2065 4363 2274 4416 Etcum
2294 4362 2464 4417 linem
2489 4363 3463 4429 orationistecissent,etdixissent.
3501 4367 3703 4428 Amen,

2063 4467 2193 4506 ecce
2227 4452 2419 4504 subito
2441 4452 2592 4505 venit
2624 4452 2688 4505 ad
2725 4468 2821 4506 eos
2837 4451 2951 4505 Deo
2975 4453 3188 4523 dignus
3209 4453 3503 4524 apostolus
3531 4454 3705 4508 Joan-

2070 4556 2193 4604 nes,
2227 4545 2284 4594 ει
2313 4540 2689 4594 indicaviteis
2712 4541 2909 4595 omnia
2940 4541 3080 4595 haec.
3111 4543 3368 4613 ingressi
3401 4558 3536 4614 ergo
3568 4559 3707 4614 apo-

2069 4628 2200 4683 stoli
2239 4630 2500 4692 domum,
2550 4628 2898 4684 invenerunt
2953 4633 3191 4685 Matrem
3246 4631 3477 4686 Domini
3528 4633 3708 4687 nostri

2071 4716 2332 4781 Mariam,
2373 4721 2427 4770 et
2458 4717 3008 4774 salutaverunteam
3051 4721 3350 4776 dicentes:
3401 4721 3710 4775 Benedicta

2069 4812 2130 4859 tu
2182 4823 2212 4858 a
2251 4807 2512 4870 Domino,
2544 4805 2643 4876 qui
2693 4806 2826 4861 fecit
2857 4807 3066 4862 coelum
3120 4813 3177 4863 et
3223 4813 3458 4863 terram.
3491 4809 3710 4870 Quibus

2067 4893 2169 4947 illa
2199 4895 2317 4950 ait:
2375 4895 2482 4950 Pax
2518 4897 2815 4950 vobiscum
2850 4897 2948 4962 sit,
3010 4898 3214 4951 fratres
3255 4897 3418 4951 electi
3453 4915 3484 4950 a
3511 4896 3709 4952 Domi-

2068 5001 2140 5040 no
2166 5002 2180 5053 ;
2204 4989 2259 5038 et
2291 4985 2665 5057 interrogavit
2700 5002 2800 5040 eos
2833 4986 3069 5041 dicens:
3121 4987 3419 5048 Quomodo
3463 4985 3578 5040 huc
3624 5002 3710 5040 ve-

2066 5073 2237 5127 nistis
2261 5073 2288 5126 ‘I
2313 5074 2418 5140 Qui
2452 5073 2605 5129 illico
2640 5078 3018 5130 narraverunt
3067 5076 3139 5142 ei,
3201 5075 3494 5144 quomodo
3535 5090 3714 5129 unus-

2065 5162 2314 5232 quisque
2337 5178 2404 5215 ex
2437 5162 2581 5232 ipsis
2613 5181 2644 5217 a
2673 5162 2889 5231 Spiritu
2935 5161 3034 5217 Dei
3065 5162 3320 5216 elevatus
3365 5162 3420 5215 in
3457 5162 3633 5231 nube,
3655 5168 3712 5218 et

2065 5251 2363 5318 depositus
2398 5251 2609 5305 ibidem
2661 5251 3052 5306 advenissent.
3096 5250 3318 5312 Quibus
3356 5249 3486 5320 ipsa
3515 5251 3659 5306 dixit
3689 5269 3700 5305 :

2064 5339 2345 5395 Dominus
2377 5357 2474 5394 vos
2507 5340 2619 5395 huc
2670 5341 2910 5396 adduxit
2943 5341 2999 5394 in
3059 5338 3336 5394 solatium
3397 5339 3701 5396 ferendum

2065 5430 2376 5501 angustiis,
2411 5449 2534 5500 qua:
2566 5438 2820 5486 ventura:
2853 5437 2991 5486 sunt
3033 5429 3196 5484 mihi.
3250 5430 3415 5485 Nunc
3444 5448 3579 5503 ergo
3609 5433 3706 5489 de-

2066 5537 2265 5590 precor
2295 5537 2417 5587 vos,
2453 5527 2515 5575 ut
2545 5521 2670 5575 sine
2706 5519 3134 5576 intermissione
3165 5535 3366 5575 omnes
3419 5523 3710 5579 unanimi-

2065 5614 2152 5664 ter
2183 5608 2506 5679 vigilemus,
2531 5627 2716 5681 usque
2749 5612 2803 5664 in
2828 5609 2984 5666 illam
3007 5609 3231 5678 horam,
3263 5626 3380 5680 qua
3427 5611 3708 5670 Dominus

2064 5703 2344 5754 venturus
2375 5704 2484 5768 est,
2517 5703 2572 5755 et
2593 5715 2697 5772 ego
2724 5701 2794 5756 de
2811 5715 3049 5770 corpore
3082 5697 3189 5754 hoc
3221 5715 3355 5754 sum
3389 5717 3705 5758 recessura.
