4110 6150
416 335 571 394 1235

1050 466 1286 522 CAPUT
1320 465 1445 520 VII.

493 581 758 646 Cumque
777 573 1203 639 consedissent,
1229 579 1288 628 et
1309 572 1677 629 consolantes
1699 590 1848 639 eam,
1873 574 2067 630 triduo

422 670 487 720 in
522 665 622 720 Dei
655 664 932 719 laudibus
965 662 1377 732 perstitissent,
1434 679 1564 717 ecce
1595 662 1687 716 die
1717 664 1888 718 tertia
1919 663 2072 718 circa

422 756 622 810 horam
659 754 889 809 tertiam
909 751 1476 822 diei,superomnes,
1502 751 1599 821 qui
1631 757 1795 806 erant
1816 752 1872 806 in
1899 753 2071 808 domo

420 843 521 898 illa
552 847 789 912 repente
821 857 996 912 sopor
1027 839 1216 907 irruit,
1250 846 1306 895 et
1329 839 1526 894 nullus
1561 841 1799 894 omnino
1829 841 2071 910 vigilare

423 932 637 1004 potuit,
671 929 785 984 nisi
818 929 923 984 soli
957 927 1222 998 apostoli,
1253 933 1310 983 et
1339 933 1456 984 tres
1510 932 1917 985 tantummodo
1948 933 2070 984 vir-

423 1021 760 1091 gines,quae
792 1034 966 1072 sacraa
1022 1017 1245 1088 Virgini
1307 1019 1549 1072 comites
1590 1024 1774 1072 erant.
1837 1023 1902 1072 Et
1941 1035 2074 1074 ecce

427 1108 620 1162 subito
652 1107 883 1161 advenit
915 1106 1198 1160 Dominus
1220 1106 1390 1160 Jesus
1416 1121 1542 1160 cum
1578 1123 1791 1177 magna
1814 1108 2076 1163 multitu-

426 1198 560 1252 dine
576 1197 938 1266 angelorum,
959 1204 1010 1249 et
1035 1194 1313 1264 splendor
1346 1211 1594 1266 magnus
1617 1196 1672 1250 in
1691 1195 1880 1251 locum
1908 1196 2072 1251 illum

427 1286 750 1354 descendit,
795 1293 847 1338 et
878 1289 1045 1338 erant
1097 1284 1285 1354 angeli
1348 1284 1631 1355 hymnum
1685 1287 1962 1353 dicentes,
2021 1293 2077 1340 et

428 1373 829 1430 collaudantes
859 1373 1194 1428 Dominum.
1222 1377 1381 1427 Tunc
1412 1374 1672 1429 Salvator
1717 1375 1946 1430 locutus
1991 1379 2079 1430 est

429 1463 628 1518 dicens
656 1479 667 1517 :
696 1463 851 1531 Veni,
884 1463 1068 1517 electa
1100 1478 1248 1531 mea,
1284 1463 1711 1532 pretiosissima
1740 1465 2076 1536 margarita,

427 1553 583 1607 intra
612 1551 670 1605 in
704 1550 1135 1622 receptaculum
1168 1551 1299 1606 vitae
1330 1558 1574 1608 aeternae.

1054 1687 1284 1743 CAPUT
1327 1689 1468 1743 VIII.

500 1796 664 1849 Tunc
697 1795 879 1849 Maria
911 1796 1221 1864 prostravit
1263 1813 1323 1850 se
1357 1796 1412 1850 in
1453 1797 1799 1864 pavimento,
1826 1799 2076 1854 adorans

425 1885 760 1950 Dominum,
809 1901 936 1955 quae
968 1884 1110 1938 dixit
1146 1901 1158 1938 :
1213 1885 1586 1940 Benedictum
1642 1903 1852 1941 nomen
1880 1887 2075 1959 gloriae

424 1979 559 2039 tuae,
589 1973 828 2028 Domine
853 1979 1008 2029 Deus
1040 1990 1224 2038 meus,
1278 1975 1378 2045 qui
1423 1976 1698 2046 dignatus
1741 1994 1799 2032 es
1845 1994 1936 2032 me
1969 1978 2076 2032 bu-

424 2063 732 2118 millimam
767 2063 1040 2118 ancillam
1074 2069 1234 2118 tuam
1263 2065 1498 2135 eligere,
1553 2073 1610 2120 et
1656 2083 1935 2122 arcanum
1993 2069 2076 2127 tui

432 2151 694 2223 mysterii
743 2151 888 2205 mihi
949 2154 1382 2209 commendart.
1457 2155 1678 2209 Memor
1725 2156 1898 2227 igitur
1953 2164 2077 2214 esto

428 2241 564 2296 mei.
602 2245 714 2295 Rex
744 2241 962 2312 gloriis.
998 2242 1084 2295 Tu
1117 2242 1272 2296 enim
1305 2243 1419 2297 scis
1480 2244 1616 2314 quia
1660 2245 1718 2298 in
1752 2251 1872 2300 toto
1906 2249 2079 2302 corde

429 2346 559 2384 meo
593 2329 766 2384 dilexi
818 2334 894 2398 te,
952 2333 1008 2385 et
1038 2331 1324 2386 custodivi
1370 2331 1713 2388 thesaurum
1761 2351 1794 2388 a
1834 2340 1890 2390 te
1931 2336 2076 2391 mihi

429 2419 734 2473 creditum.
788 2418 1030 2489 Suscipe
1072 2420 1269 2489 itaque
1319 2437 1432 2490 me,
1486 2423 1746 2490 Domine,
1803 2424 2074 2480 ancillam

427 2514 614 2571 tuam,
644 2512 701 2561 et
730 2506 914 2562 libera
945 2523 1036 2562 me
1059 2525 1092 2562 a
1119 2514 1400 2579 potestate
1426 2512 1817 2578 tenebrarum,
1857 2518 1920 2568 ut
1952 2513 2079 2569 nul-

428 2596 521 2651 lus
545 2597 767 2651 Satanas
799 2595 1054 2668 impetus
1085 2603 1348 2653 occurrat
1402 2599 1566 2670 mihi,
1602 2618 1704 2656 nec
1738 2602 1959 2656 videam
2003 2607 2080 2658 te-

428 2690 553 2741 tros
584 2686 828 2756 spiritus
858 2694 1253 2743 occursantes.
1294 2689 1398 2743 Cui
1428 2690 1690 2745 Salvator
1731 2693 2033 2762 respondit
2060 2718 2074 2749 :

425 2776 568 2830 Cum
602 2791 710 2848 ego
735 2777 955 2831 missus
989 2796 1017 2830 a
1041 2777 1206 2833 Patre
1239 2795 1341 2849 pro
1375 2779 1560 2834 salute
1595 2781 1796 2835 mundi
1830 2781 2074 2838 fuissem

428 2881 754 2934 suspensus
786 2865 844 2919 in
876 2881 1066 2932 cruce,
1119 2868 1188 2921 ad
1226 2884 1317 2922 me
1378 2869 1647 2941 princeps
1696 2871 2071 2926 tenebrarum

429 2954 604 3024 venit,
629 2954 732 3010 sed
764 2955 902 3009 dum
938 2955 1166 3010 nullum
1202 2957 1291 3012 sui
1327 2957 1384 3014 in
1420 2974 1509 3012 me
1539 2959 1730 3028 operis
1761 2961 2074 3030 vestigium

420 3043 679 3098 invenire
713 3043 1031 3114 praevaluit,
1065 3045 1254 3100 victus
1285 3053 1342 3101 et
1361 3047 1735 3104 conculcatus
1765 3051 2070 3106 abscessit.

418 3131 573 3200 Vidi,
605 3135 741 3187 ettu
775 3149 911 3203 ergo
937 3135 1164 3189 videbis
1190 3152 1321 3190 eum
1349 3137 1581 3204 quidem
1615 3140 1910 3194 communi
1947 3139 2074 3211 lege

427 3220 666 3274 humani
701 3221 952 3290 generis,
997 3239 1099 3293 per
1139 3241 1310 3294 quam
1361 3227 1588 3281 sortiris
1639 3228 1812 3282 tinem
1848 3229 2072 3295 mortis,

429 3325 635 3364 nocere
665 3314 865 3364 autem
900 3327 1016 3367 non
1045 3314 1256 3382 poterit
1286 3315 1415 3380 tibi,
1450 3318 1586 3387 quia
1614 3318 1759 3372 nihil
1792 3319 1850 3373 in
1883 3325 1938 3374 te
1970 3320 2079 3376 ba-

431 3398 546 3462 bct,
580 3403 636 3452 et
668 3400 806 3468 quia
852 3405 1047 3455 tecum
1080 3419 1235 3470 sum,
1270 3409 1334 3459 ut
1365 3421 1559 3460 eruam
1594 3414 1668 3462 te.
1730 3409 1868 3463 Veni
1900 3409 2080 3478 igitur

423 3493 549 3559 jam
585 3504 810 3558 secura,
843 3494 982 3563 quia
1008 3498 1303 3565 exspectat
1325 3498 1379 3548 te
1409 3494 1660 3550 ccelestis
1692 3497 1819 3551 vitis
1843 3498 2073 3565 militia,

433 3583 496 3633 ut
520 3583 574 3632 te
595 3579 958 3635 introducam
987 3581 1047 3634 in
1069 3581 1326 3651 paradisi
1351 3583 1584 3652 gaudia.
1612 3589 1683 3638 Et
1707 3583 1827 3638 haec
1850 3586 2075 3641 dicente

427 3669 698 3736 Domino,
731 3685 1053 3741 exsurgens
1079 3671 1420 3726 beatissima
1449 3671 1621 3743 Virgo
1653 3674 1724 3728 de
1746 3675 2075 3745 pavimento

425 3759 697 3814 accubuit
723 3777 898 3830 super
928 3760 1142 3816 lectum
1177 3778 1375 3828 suum,
1409 3766 1464 3818 et
1494 3763 1709 3834 gratias
1753 3781 1930 3835 agens
1963 3767 2074 3822 Do-

428 3847 582 3903 mino
613 3848 751 3917 Deo,
804 3850 996 3905 emisit
1027 3851 1320 3923 spiritum.
1368 3851 1654 3908 Viderunt
1697 3860 1892 3910 autem
1946 3874 2076 3928 apo-

426 3937 559 3990 stoli
595 3941 823 3992 tantum
861 3937 1007 3992 lucis
1038 3942 1371 4006 candorem,
1407 3947 1470 3995 ut
1516 3941 1680 3996 nulla
1736 3945 2070 3999 mortalium

427 4026 630 4097 lingua
655 4027 830 4098 digne
874 4028 1058 4097 possit
1087 4029 1268 4084 effari.
1313 4029 1594 4086 Vincebat
1650 4031 1802 4085 enim
1842 4049 2071 4089 omnem

424 4115 734 4170 candorem
761 4116 933 4182 nivis,
967 4121 1023 4171 et
1070 4117 1322 4173 universi
1365 4119 1602 4188 metalli,
1636 4125 1691 4174 et
1721 4123 1944 4193 argenti
1979 4140 2070 4177 ra-

425 4203 640 4259 diantis
669 4221 880 4278 magna
911 4205 1193 4261 claritate.

1055 4313 1286 4368 CAPUT
1327 4317 1428 4369 IX.

496 4418 660 4472 Tunc
689 4417 946 4474 Salvator
972 4420 1208 4475 locutus
1230 4425 1339 4490 est,
1372 4422 1612 4479 dicens:
1647 4424 1849 4498 Surge,
1887 4427 2069 4495 Petre,

425 4511 486 4560 tu
512 4510 567 4600 et
589 4505 795 4600 reliqui
829 4509 1422 4600 ap-ostoli,,etcorpus
1454 4513 1644 4567 Maria:
1675 4515 1896 4570 dilecta
1931 4533 2069 4571 meis
2101 4536 2147 4600 )

425 4595 693 4665 accipite,
727 4600 785 4649 et
813 4596 1030 4651 deferte
1061 4598 1202 4652 illud
1237 4601 1295 4652 in
1337 4601 1633 4656 dexteram
1676 4609 1898 4675 partem
1931 4605 2068 4660 civi-

423 4682 563 4738 tatis
595 4683 664 4737 ad
699 4683 1002 4754 orientem,
1035 4689 1090 4739 et
1120 4685 1426 4742 invenietis
1473 4697 1923 4747 monumentum
1966 4710 2070 4748 no-

425 4789 586 4838 vum,
611 4773 668 4827 in
685 4789 798 4844 quo
830 4781 1109 4844 ponentes
1127 4792 1275 4846 eam,
1298 4783 1626 4848 exspectate
1639 4782 1820 4837 donec
1841 4783 2066 4838 veniam

427 4861 501 4918 ad
529 4879 649 4918 vos.
685 4863 754 4918 Et
784 4863 902 4917 haec
934 4864 1132 4920 dicens
1192 4868 1472 4923 Dominus
1525 4871 1763 4925 tradidit
1808 4872 2066 4927 animam

427 4957 642 5008 sancta:
673 4953 876 5008 matris
907 4958 1116 5009 nostrae
1143 4956 1354 5023 Maria,
1407 4957 1670 5015 Michaeli
1718 4960 2066 5032 archangelo

425 5059 553 5108 suo,
587 5043 688 5114 qui
713 5050 801 5098 est
817 5045 1162 5116 praepositus
1186 5046 1466 5116 paradisi,
1489 5053 1545 5103 et
1575 5049 1846 5121 princeps
1875 5052 2065 5122 gentis

422 5132 797 5189 Ilebraaorum
826 5150 838 5188 :
873 5139 930 5188 et
959 5135 1187 5190 Gabriel
1229 5135 1615 5208 archangelus
1651 5139 1775 5195 ibat
1811 5158 1942 5195 cum
1976 5159 2062 5198 ea.

421 5220 708 5277 Dominus
740 5226 934 5277 autem
983 5222 1246 5279 Salvator
1274 5229 1473 5279 noster
1529 5227 1728 5282 statim
1760 5228 1819 5282 in
1855 5229 2066 5288 coelum

422 5326 554 5365 cum
593 5311 820 5382 angelis
855 5317 1120 5383 receptus
1152 5321 1258 5368 est.

1083 5419 1314 5475 CAPUT
1344 5420 1408 5476 X.

495 5522 636 5575 Tres
669 5526 863 5576 autem
897 5525 1152 5594 virgines
1201 5544 1328 5597 quae
1370 5530 1585 5585 ibidcrn
1617 5539 1802 5603 erant,
1836 5540 1893 5590 et
1922 5537 2065 5609 vigi-

422 5605 661 5672 labant;
697 5618 1081 5678 susceperunt
1137 5631 1349 5685 corpus
1409 5618 1759 5674 beatissimos
1806 5605 2064 5693 parentis

1469 334 1531 392 S.
1581 330 1880 392 MELITO
1926 330 2290 393 SARDIUM
2334 326 2780 388 EPISGOPUS.

2179 464 2395 533 Marias,
2428 467 2484 518 et
2516 461 2781 520 laverunt
2810 462 2956 516 illud
2985 463 3260 521 funerum
3322 479 3506 520 more.
3567 465 3843 537 Cumque

3679 330 3840 390 1236

2177 554 2475 608 exuissent
2506 552 2664 618 illam
2681 552 2945 606 vestibus
2978 553 3135 606 suis:
3173 569 3406 608 sacrum
3441 570 3655 624 corpus
3689 554 3840 608 illud

2177 649 2339 698 tanta
2367 642 2628 700 claritate
2661 638 3045 710 resplenduit,
3081 652 3138 696 ut
3167 643 3325 714 tangi
3360 642 3594 713 quidem
3629 649 3841 714 posset

2180 749 2284 804 pro
2314 731 2805 802 obsequio,videri
2837 738 3031 786 autem
3061 731 3285 801 species
3319 748 3432 802 prae
3485 732 3671 786 nimia
3706 733 3841 787 luce

2179 826 2544 888 coruscante,
2578 837 2691 874 non
2726 825 2923 890 posset
2948 827 3037 888 ;et
3067 821 3344 888 splendor
3397 821 3673 892 apparuit
3705 839 3836 874 ma-

2180 929 2351 981 gnus,
2385 916 2439 965 et
2470 909 2613 965 nihil
2639 911 3023 974 sentiebatur,
3076 911 3212 963 dum
3276 909 3571 964 lavaretur
3614 927 3840 980 corpus

2180 1000 2659 1063 mundissimum,
2691 1005 2747 1052 et
2790 998 2948 1052 nullo
2996 997 3237 1053 horrore
3285 999 3476 1054 sordis
3522 1000 3838 1055 infectum.

2180 1087 2774 1158 Cumquevestissent
2799 1102 2923 1139 eam
2962 1085 3156 1140 linteis
3188 1091 3245 1140 et
3290 1087 3661 1142 indumentis
3689 1104 3842 1141 mor-

2179 1177 2421 1238 talibus,
2458 1175 2735 1246 paulatim
2766 1174 2866 1227 lux
2905 1175 3006 1228 illa
3050 1176 3308 1228 evanuit.
3372 1179 3436 1227 Et
3471 1179 3593 1230 erat
3651 1175 3840 1229 facies

2182 1267 2362 1320 beatae
2391 1264 2700 1318 Genitricis
2732 1263 3040 1318 DeiMarits
3073 1264 3285 1318 similis
3319 1263 3561 1318 oribus
3601 1264 3748 1330 lilii,
3785 1269 3841 1318 et

2182 1355 2323 1410 odor
2353 1355 2658 1410 suavitatis
2683 1369 2907 1424 magnae
2940 1353 3343 1424 egrediebatur
3374 1371 3443 1408 ex
3474 1354 3655 1424 ea,ita
3685 1359 3748 1408 ut
3787 1353 3836 1407 ei

2183 1445 2392 1504 similis
2424 1443 2677 1499 suavitas
2701 1441 2944 1497 inveniri
2970 1443 3130 1496 nulla
3154 1451 3366 1513 posset.

2821 1549 3050 1604 CAPUT
3089 1549 3179 1604 XI.

2255 1660 2419 1713 Tunc
2447 1657 3564 1728 igitursanctumcorpusimposuerunt
3592 1656 3838 1722 feretro,

2187 1751 2573 1819 dixeruntque
2597 1749 2663 1802 ad
2721 1749 2966 1802 invicem
3015 1747 3306 1813 apostoli:
3361 1749 3500 1812 Quis
3572 1750 3840 1816 palmam

2111 1839 2152 1902 B
2185 1840 2333 1894 hanc
2359 1844 2491 1892 ante
2516 1841 2790 1892 feretrum
2825 1837 2953 1907 ejus
3013 1837 3314 1907 portabit?
3373 1838 3535 1892 Tunc
3571 1839 3838 1892 Joannes

2187 1931 2358 1984 aitad
2391 1929 2657 1983 Petrum:
2691 1933 2772 1982 Tu
2798 1928 2894 1999 qui
2931 1928 3206 1999 praecedis
3241 1946 3346 1983 nos
3375 1929 3433 1982 in
3468 1929 3836 1999 apostolatu,

2188 2020 2362 2073 debes
2396 2017 2649 2088 palmam
2684 2017 2833 2070 hanc
2866 2025 2996 2071 ante
3024 2018 3299 2072 feretrum
3330 2017 3533 2072 merito
3550 2018 3839 2074 ferre.Cui

2187 2109 2390 2162 Petrus
2421 2107 2722 2176 respondit
2758 2125 2770 2162 :
2805 2108 2890 2160 Tu
2925 2106 3084 2160 solus
3115 2123 3180 2161 ex
3215 2107 3383 2161 nobis
3417 2107 3581 2177 virgo
3614 2123 3679 2161 es
3723 2108 3842 2163 elc-

2187 2195 2646 2250 ctusaDomino
2681 2212 2692 2248 :
2729 2204 2779 2249 et
2829 2201 3048 2248 tantam
3112 2197 3361 2266 gratiam
3423 2197 3721 2261 invenisti,
3777 2201 3840 2250 ut

2187 2302 2361 2354 super
2389 2289 2591 2355 pectus
2615 2286 2746 2354 ejus
2799 2284 3188 2339 recumberes.
3221 2285 3467 2356 Insuper
3497 2286 3636 2340 dum
3709 2287 3839 2356 ipse

2187 2391 2288 2446 pro
2322 2373 2508 2428 salute
2544 2384 2731 2428 nostra
2763 2372 2820 2427 in
2855 2372 3042 2427 crucis
3073 2372 3271 2444 stipite
3315 2374 3616 2444 penderet,
3685 2375 3839 2428 hanc

2187 2463 2290 2517 tibi
2323 2479 2419 2516 ore
2452 2463 2683 2532 preprio
2743 2462 3192 2516 commendavit.
3244 2462 3330 2517 Tu
3383 2462 3558 2530 igitur
3608 2473 3839 2532 pertare

2187 2554 2362 2608 debes
2394 2551 2545 2607 hanc
2579 2551 2857 2622 palmam,
2891 2556 3063 2621 etego
3096 2550 3414 2622 suscipiam
3439 2553 3506 2605 ad
3536 2552 3834 2606 sustinen-

2187 2643 2327 2696 dum
2361 2647 2800 2697 sacrosanctum
2837 2639 2942 2694 hoc
2966 2648 3021 2694 et
3049 2641 3376 2695 venerabile
3409 2657 3617 2712 corpus
3651 2655 3837 2710 usque

2187 2732 2256 2785 ad
2283 2731 2472 2786 locum
2506 2730 2892 2785 monumenti.
2922 2729 3022 2784 Cui
3057 2727 3272 2784 Paulus
3302 2730 3423 2786 ait:
3460 2731 3526 2785 Et
3575 2746 3681 2801 ego
3737 2729 3835 2800 qui

2183 2821 2383 2892 junior
2426 2837 2558 2876 sum
2615 2819 2879 2874 omnium
2939 2821 3220 2889 vestrum,
3283 2821 3522 2889 portabo
3613 2826 3831 2874 tecum-

2186 2915 2445 2982 Cumque
2478 2908 2914 2964 consensissent
2963 2925 3180 2965 omnes.
3251 2915 3451 2965 Petrus
3540 2910 3773 2966 elevans
3807 2927 3839 2964 a

2186 2997 2372 3068 capite
2432 2999 2705 3051 feretrum
2765 2997 2940 3066 cmpit
2986 2997 3251 3066 psallere,
3289 3002 3364 3052 et
3417 2999 3641 3052 dicere:
3681 2999 3834 3051 Exiit

2185 3087 2359 3142 Israel
2387 3087 2451 3143 de
2480 3089 2728 3157 Egyplo,
2762 3084 3028 3140 Alleluia.
3063 3088 3403 3142 Sustinebat
3464 3094 3659 3142 autem
3697 3103 3830 3142 cum

2187 3194 2252 3232 eo
2288 3179 2521 3247 Paulus,
2556 3195 2787 3233 sacrum
2817 3183 3018 3238 beatae.
3054 3199 3286 3254 semper
3338 3179 3582 3250 virginis
3640 3177 3830 3234 Mariae

2187 3284 2422 3339 corpus,
2453 3274 2509 3322 et
2555 3268 2815 3325 Joannes
2873 3279 3008 3327 ante
3039 3273 3312 3327 leretrum
3343 3269 3684 3341 praeferebat
3715 3264 3832 3337 pal-

2186 3375 2336 3413 mam
2371 3358 2632 3416 luminis.
2663 3362 2860 3416 Ceteri
2895 3379 3028 3417 vero
3061 3360 3306 3433 apostoli
3342 3359 3666 3431 psallebant
3697 3369 3831 3408 voce

2185 3448 2555 3504 suavissima.

2785 3561 3019 3616 CAPUT
3095 3561 3219 3614 XII.

2253 3671 2320 3723 Et
2353 3685 2482 3725 ecce
2504 3686 2718 3725 novum
2754 3670 2970 3725 factum
2999 3674 3088 3723 est
3121 3664 3481 3722 miraculum.
3541 3659 3829 3731 Apparuit

2183 3757 2337 3814 enim
2371 3777 2583 3814 corona
2621 3759 2793 3814 nubis
2837 3775 3013 3829 super
3067 3759 3337 3813 feretrum
3375 3769 3581 3824 magna
3628 3748 3820 3815 valde,

2181 3848 2332 3902 sicut
2354 3865 2632 3920 apparere
2656 3850 2802 3903 solet
2831 3864 3080 3918 magnus
3114 3845 3369 3901 circulus
3410 3845 3577 3914 juxta
3608 3839 3814 3911 splen-

2181 3938 2381 3992 dorem
2418 3941 2586 3993 lunee.
2621 3939 2687 3992 Et
2711 3937 3050 4007 angelorum
3084 3935 3368 3990 exercitus
3402 3938 3524 3988 erat
3557 3932 3615 3985 in
3645 3930 3819 3984 nubi-

2180 4025 2611 4094 bus,canticum
2645 4025 2948 4079 suavitatis
2990 4022 3477 4090 emittentium,et
3511 4019 3820 4074 resonabat

2181 4121 2337 4172 terra
2367 4116 2556 4171 sonitu
2581 4114 2906 4170 dulcedinis
2941 4130 3185 4184 magnae.
3211 4114 3374 4166 Tunc
3438 4124 3711 4181 egressus
3753 4107 3818 4160 de

2180 4206 2409 4260 civitate
2439 4206 2688 4276 p0pulus
2722 4205 2837 4258 fere
2869 4204 3206 4274 quindecim
3247 4200 3430 4255 millia
3488 4200 3814 4259 hominum,

2180 4294 2562 4360 mirabantur,
2596 4293 2852 4347 dicentes
2885 4310 2902 4347 :
2934 4292 3072 4354 Quis
3100 4296 3187 4345 est
3211 4291 3441 4345 sonitus
3468 4294 3638 4343 tanta)
3687 4303 3814 4341 sua-

2179 4384 2418 4440 vitatis?
2448 4386 2608 4439 Tunc
2640 4383 2796 4438 stetit
2828 4400 3001 4451 unus,
3040 4383 3140 4452 qui
3191 4382 3405 4437 diceret
3451 4381 3600 4436 illis:
3645 4381 3812 4433 Maria

2180 4476 2360 4530 Mater
2390 4474 2529 4528 Jesu
2564 4473 2701 4527 exiit
2721 4474 2888 4527 modo
2923 4473 2991 4525 de
3024 4488 3281 4543 corpore,
3309 4476 3361 4525 et
3387 4471 3655 4542 discipuli
3685 4473 3807 4525 Jesu

2180 4565 2479 4619 circaeam
2510 4562 2715 4616 laudes
2747 4563 2968 4616 dicunt.
3013 4562 3076 4615 Et
3127 4561 3502 4632 respicientes
3553 4561 3807 4614 viderunt

2180 4656 2520 4708 coronatum
2551 4651 2739 4705 feretri
2766 4648 3039 4704 lectulum
3076 4667 3290 4722 magna
3348 4649 3553 4721 gloria,
3584 4654 3641 4703 et.
3687 4664 3803 4718 apo-

2178 4741 2357 4796 stolos
2388 4744 2686 4794 cantantes
2718 4756 2849 4795 voce
2883 4755 3113 4810 magna.
3147 4739 3209 4793 Et
3242 4755 3371 4793 ecce
3399 4756 3547 4795 unus
3580 4755 3647 4794 ex
3680 4737 3806 4802 illis,

2177 4830 2276 4901 qui
2299 4833 2422 4884 erat
2453 4829 2724 4900 princeps
2756 4829 3124 4882 sacerdotum
3155 4827 3486 4883 Judaeorum
3519 4829 3576 4881 in
3619 4826 3809 4881 ordine

2177 4936 2281 4974 suo
2313 4918 2568 4989 repletus
2602 4921 2688 4971 est
2721 4918 2912 4972 furore
2940 4922 2993 4971 et
3025 4918 3131 4983 ira,
3164 4923 3219 4973 et
3249 4918 3393 4972 dixit
3426 4919 3496 4971 ad
3531 4917 3808 4988 reliquus:

2178 5009 2316 5063 Ecce
2347 5006 2790 5061 tabernaculum
2828 5006 2985 5061 illius
3017 5008 3114 5078 qui
3150 5025 3254 5062 nos
3287 5010 3540 5064 turbavit
3579 5014 3811 5064 etomne

2175 5114 2359 5167 genus
2391 5102 2684 5164 nostrum,
2724 5095 2955 5166 qualem
2985 5097 3230 5167 gloriam
3290 5116 3444 5154 nunc
3469 5101 3722 5172 accipit?
3759 5100 3812 5154 Et

2175 5188 2458 5242 accedens
2514 5185 2696 5240 voluit
2725 5191 2974 5240 evertere
3025 5188 3324 5255 feretrum,
3374 5197 3430 5244 et
3481 5206 3693 5261 corpus
3747 5191 3811 5244 ad

2175 5281 2383 5332 terram
2417 5275 2684 5345 dejicere.
2723 5277 2786 5327 Et
2819 5274 3013 5329 statim
3047 5282 3326 5332 aruerunt
3357 5294 3566 5333 manus
3627 5281 3756 5349 ejus
3788 5297 3816 5334 a

2175 5367 2404 5432 cubitis,
2440 5370 2496 5418 ct
2524 5363 2894 5417 adhaeserunt
2927 5363 3158 5420 lectulo.
3194 5370 3257 5419 Et
3290 5365 3653 5421 elevantibus
3687 5385 3819 5437 spo-

2177 5454 2343 5509 stolis
2377 5455 2675 5522 feretrum,
2711 5469 2844 5522 pars
2868 5453 2995 5524 ejus.
3028 5456 3337 5526 pendebat,
3367 5461 3423 5511 et
3468 5472 3602 5527 pars
3637 5457 3813 5512 haere-

2176 5543 2360 5597 batad
2395 5542 2588 5597 feretri
2619 5541 2921 5611 lectulum,
2979 5548 3034 5596 ct
3091 5545 3478 5614 torquebatur
3528 5547 3812 5617 supplicio

2173 5631 2520 5701 vehementi,
2556 5630 2998 5688 ambulantibus
3031 5634 3394 5706 apostolis,et
3423 5635 3812 5706 psallentibus
