4110 6150
332 345 488 413 1237

1858 347 2176 408 SPURIA.

3585 351 3612 408 1
3623 348 3740 408 238

335 479 607 538 Domino:
630 477 871 547 «Angeli
891 493 1016 535 vero
1037 478 1310 549 quierant
1338 477 1402 534 in
1429 481 1574 535 nube
1597 484 1980 550 percusserunt
2008 484 2062 550 Α
2093 494 2244 535 mam
2283 493 2460 551 super
2488 481 2686 534 oculos
2717 495 2944 544 eorum,
2974 484 3317 551 receperunt
3354 480 3567 537 visum.
3593 481 3736 544 Qui.

336 570 600 642 populum
626 571 892 626 caecitate.

952 674 1182 730 CAPUT
1222 675 1368 730 XIII.

409 783 570 836 Tune
595 781 867 853 princeps
891 780 986 836 ille
1008 779 1299 837 clamabat
1329 781 1529 837 dicens
1563 799 1575 836 :
1606 783 1888 854 Deprecor
1907 786 1984 847 te,

341 872 546 928 dilecte
578 872 694 926 Deo
719 874 903 937 Petre,
956 885 1027 924 ne
1059 886 1151 924 me
1181 870 1470 942 despicias
1503 872 1562 926 in
1594 875 1750 927 tanta
1783 888 1986 927 neces-

341 965 532 1029 sitate,
566 964 704 1035 quia
734 963 1040 1018 tormentis
1061 965 1291 1033 magnis
1315 963 1542 1018 crucior
1559 963 1743 1019 valde.
1768 964 1990 1019 Memor

340 1059 464 1110 esto
484 1055 635 1124 quod
661 1053 897 1123 quando
920 1053 977 1106 in
1003 1053 1271 1122 praetorio
1313 1052 1525 1112 ancilla
1556 1053 1795 1114 ostiaria
1825 1059 1880 1109 te
1904 1069 1986 1114 re.

341 1142 628 1210 cognovit,
680 1146 736 1194 et
777 1140 920 1194 dixit
966 1141 1209 1207 caeteris,
1244 1139 1826 1196 utcalumniarentur
1857 1141 1986 1208 tibi,

342 1240 478 1286 tunc
511 1247 615 1300 ego
638 1229 870 1284 locutus
891 1246 1023 1283 sum
1049 1246 1150 1299 pro
1182 1233 1238 1284 te
1260 1229 1608 1285 bona.Tunc
1626 1231 1988 1302 respondens

338 1323 542 1377 Petrus
568 1321 648 1374 ait
680 1335 693 1373 :
730 1320 849 1372 Non
875 1323 963 1372 est
995 1333 1190 1372 meum
1221 1317 1490 1372 auxiliari
1525 1318 1629 1372 tibi
1657 1332 1670 1384 ;
1705 1320 1755 1373 si
1791 1323 1986 1376 autem

341 1407 656 1465 credideris
679 1411 798 1462 toto
817 1407 989 1470 corde
1019 1407 1078 1468 in
1102 1405 1414 1467 Dominum
1441 1406 1642 1465 Jesum
1665 1406 1987 1478 Christum,

344 1515 518 1570 quem
551 1498 608 1550 in
641 1514 746 1551 suo
777 1501 980 1550 sancto
1013 1500 1175 1550 utero
1208 1495 1326 1550 haec
1360 1495 1451 1550 cui
1483 1495 1875 1552 calumniatus
1902 1514 1988 1566 es,

341 1587 517 1657 Virgo
542 1584 810 1657 portavit,
844 1589 900 1638 et
949 1589 1078 1652 post
1127 1589 1358 1654 partum
1422 1585 1585 1656 virgo
1641 1588 1984 1657 permansit,

344 1675 652 1732 clementia
683 1672 914 1728 Domini
947 1676 1003 1726 et
1031 1671 1194 1743 larga
1241 1673 1368 1743 ejus
1410 1673 1613 1744 pietas,
1645 1691 1772 1745 quae
1804 1677 1989 1732 salvat

341 1763 633 1832 indignos,
669 1761 834 1816 dabit
864 1761 970 1816 tibi
988 1761 1355 1816 salutem.Ad
1382 1764 1502 1819 haec
1527 1763 1622 1819 ille
1636 1765 1941 1836 respondit
1969 1782 1981 1819 :

337 1852 612 1923 Nunquid
648 1867 763 1906 non
796 1851 1092 1905 credimus
1122 1849 1149 1904 ‘2
1180 1851 1283 1905 sed
1333 1852 1473 1921 quid
1507 1852 1810 1918 faciemus,
1846 1854 1982 1924 quia
2011 1841 2059 1906 B

337 1941 616 1998 inimicus
639 1938 882 1996 humani
912 1938 1142 2011 generis
1167 1941 1468 2000 excmcavit
1498 1941 1671 1998 corda
1696 1946 1984 2006 nostra,et

339 2030 604 2087 confusio
633 2029 862 2100 operuit
898 2028 1124 2083 vultum
1157 2037 1444 2096 nostrum,
1486 2047 1556 2085 ne
1600 2031 1983 2086 conﬁteamur

342 2118 636 2193 magnalia
652 2118 767 2186 Dei,
793 2117 1044 2172 maxime
1066 2135 1199 2173 cum
1224 2119 1336 2190 ipsi
1355 2119 1762 2182 malediximus
1783 2125 1985 2185 contra

342 2208 639 2266 Christum
693 2207 886 2278 palam
942 2206 1305 2264 clamantes:
1363 2207 1602 2277 Sanguis
1657 2209 1777 2276 eius
1822 2225 1986 2280 super

341 2315 460 2364 nos,
492 2305 540 2353 et
567 2312 730 2367 super
758 2296 903 2365 ﬁlios
923 2299 1132 2352 nostros
1161 2298 1236 2366 (τι)
1269 2295 1291 2350 ?
1315 2298 1475 2353 Tunc
1499 2299 1795 2356 Petrusait
1819 2316 1831 2352 :
1857 2299 1986 2354 Htec

345 2386 675 2443 maledictio
707 2385 780 2440 iis
811 2384 952 2440 solis
983 2387 1233 2451 nocebit,
1266 2386 1367 2457 qui
1412 2387 1678 2442 infideles
1721 2404 1989 2460 perman-

347 2481 548 2537 serint.
581 2478 1066 2537 Convertentibus
1098 2485 1291 2532 autem
1326 2494 1388 2532 se
1420 2481 1488 2533 ad
1523 2479 1726 2546 Deum,
1763 2480 1987 2537 miseri-

345 2571 542 2627 cordia
574 2587 687 2624 non
723 2573 988 2640 negatur.
1020 2568 1091 2637 Et
1116 2566 1214 2621 ille
1245 2567 1326 2622 ait
1362 2585 1375 2624 :
1411 2569 1621 2630 Omnia
1670 2571 1838 2626 credo
1861 2588 1988 2642 qua:

345 2661 512 2728 dicis,
541 2663 770 2716 tantum
801 2673 1004 2728 precor
1032 2656 1246 2711 misere
1278 2672 1350 2712 ne
1383 2657 1617 2712 moriar.

944 2765 1183 2821 CAPUT
1223 2764 1376 2822 XIV.

411 2877 577 2930 Tunc
611 2876 814 2927 Petrus
861 2871 996 2932 fecit
1043 2875 1192 2925 stare
1222 2869 1528 2937 lectulum,
1562 2874 1618 2925 et
1645 2871 1727 2926 ait
1757 2871 1838 2926 illi
1877 2887 1891 2926 :
1926 2872 1985 2927 Si

346 2962 662 3020 credideris
693 2965 813 3016 toto
844 2961 1017 3016 corde
1047 2960 1104 3014 in
1142 2959 1450 3014 Dominum
1471 2960 1669 3015 Jesum
1690 2960 1984 3016 Christum

343 3054 640 3110 solventur
673 3069 705 3106 a
739 3051 945 3108 feretro
977 3066 1184 3105 manus
1241 3053 1377 3104 tuae.
1419 3050 1488 3104 Et
1537 3066 1664 3105 cum
1701 3050 1940 3105 dixisset
1972 3069 1985 3107 ε

341 3144 458 3199 Hoc
489 3141 682 3208 credo,
717 3141 914 3194 statim
939 3139 1140 3194 soluta:
1163 3143 1300 3194 sunt
1320 3156 1528 3194 manus
1551 3141 1677 3210 ejus
1699 3158 1731 3194 a
1756 3140 1984 3209 feretro,

2094 584 2326 638 cunque
2355 574 2583 623 tantum
2615 585 2682 623 ex
2711 569 2795 624 eis
2825 574 3238 640 permanentes
3272 570 3330 624 in
3363 569 3580 625 duritia
3618 587 3740 626 cor-

2095 655 2204 722 dis,
2237 655 2370 712 caeci
2402 659 2620 718 mortui
2653 663 2814 713 sunt.
2851 658 2916 712 Et
2945 674 3219 728 egressus
3255 659 3522 730 princeps
3544 675 3737 714 sacer-

2096 748 2297 804 dotum
2325 748 2394 802 ad
2409 746 2720 818 apostolos,
2745 748 2949 803 retulit
2970 747 3245 819 palmam,
3271 749 3527 805 referens
3548 747 3744 804 omnia

2096 853 2220 909 quae
2254 838 2491 892 fuerunt
2522 837 2688 893 facta.

2717 944 2949 1000 CAPUT
2975 945 3117 1001 XVI.

2165 1053 2409 1123 Mariam
2442 1055 2637 1114 autem
2663 1056 2956 1126 portantes
2986 1053 3232 1125 apostoli
3265 1062 3647 1125 pervenerunt
3669 1057 3738 1110 ad

2084 1141 2287 1203 locum
2309 1140 2479 1196 vallis
2494 1141 2800 1211 Josaphat,
2826 1159 2998 1213 quem
3032 1143 3366 1198 ostenderat
3398 1143 3516 1200 illis
3540 1145 3740 1200 Domi-

2093 1249 2226 1294 nus.
2261 1232 2329 1287 Et
2384 1235 2706 1303 posuerunt
2762 1247 2889 1286 eam
2944 1232 3002 1285 in
3059 1237 3438 1288 monumento
3479 1250 3646 1298 novo,
3682 1239 3740 1289 et

2094 1321 2432 1377 clauserunt
2448 1321 2808 1392 sepulcrum.
2835 1321 2949 1392 Ipsi
2971 1337 3103 1376 vero
3137 1322 3414 1377 sederunt
3431 1323 3501 1377 ad
3521 1323 3736 1378 ostium

2097 1411 2486 1478 monumenti,
2547 1410 2700 1465 sicut
2752 1411 3130 1469 mandaverat
3186 1411 3268 1466 eis
3315 1412 3622 1466 Dominus.
3673 1413 3742 1466 Et

2095 1517 2223 1555 ecce
2257 1499 2453 1555 subito
2482 1500 2718 1554 advenit
2755 1499 3038 1554 Dominus
3060 1501 3226 1554 Iesus
3247 1516 3379 1554 cum
3402 1502 3739 1556 innumera-

2095 1589 2196 1645 bili
2226 1589 2477 1646 exercitu
2509 1587 2849 1658 angelorum
2875 1605 3100 1660 magnai
3133 1589 3418 1645 claritatis
3445 1591 3609 1644 radio
3641 1607 3738 1644 co-

2097 1684 2389 1748 ruscante,
2423 1682 2477 1732 et
2498 1677 2643 1732 dixit
2673 1676 2949 1747 apostolis
2980 1694 2991 1732 :
3030 1679 3143 1733 Pax
3195 1677 3513 1732 vobiscum.
3551 1682 3625 1732 At
3655 1677 3738 1732 illi

2095 1769 2514 1840 respondentes
2545 1765 2818 1821 dixerunt
2844 1782 2858 1820 :
2893 1766 3012 1821 Fiat
3043 1767 3436 1821 misericordia
3467 1771 3588 1835 tua,
3623 1767 3737 1821 Do-

2092 1858 2269 1920 mine,
2302 1872 2480 1927 super
2502 1871 2630 1923 nos,
2656 1855 3155 1925 quemadmodum
3190 1855 3552 1925 speravimus
3576 1854 3634 1907 in
3659 1858 3733 1911 te.

2091 1949 2255 2002 Tunc
2287 1946 2552 2001 Salvator
2576 1945 2811 2002 locutus
2857 1949 2946 1999 est
2986 1945 3091 2009 eis,
3125 1945 3324 1999 dicens
3361 1949 3732 2014 :Antequam

2092 2037 2467 2092 ascenderem
2503 2035 2568 2087 ad
2602 2033 2832 2088 Patrem
2857 2049 3075 2098 meum,
3107 2033 3402 2104 pollicitus
3417 2049 3548 2088 sum
3571 2033 3737 2088 vobis

2093 2127 2312 2193 dicens,
2347 2124 2502 2198 quod
2537 2140 2638 2178 vos
2670 2123 2767 2193 qui
2801 2122 2980 2178 secuti
3013 2122 3152 2178 estis
3185 2139 3296 2189 me,
3336 2123 3392 2176 in
3429 2138 3732 2193 regenera-

2094 2217 2252 2271 tione
2270 2231 2403 2272 cum
2427 2213 2642 2268 sederit
2669 2211 2852 2267 Filius
2875 2211 3131 2268 hominis
3163 2211 3220 2266 in
3253 2212 3388 2266 sede
3411 2211 3737 2278 majestatis

2096 2321 2236 2369 suae,
2270 2301 2548 2358 sedebitis
2579 2307 2636 2354 et
2667 2317 2765 2354 vos
2796 2315 2974 2370 super
3000 2299 3242 2354 thronos
3283 2299 3612 2366 duodecim,
3643 2301 3737 2368 ju-

2097 2394 2358 2446 dicantes
2391 2388 2694 2443 duodecim
2730 2387 2914 2441 tribus
2950 2387 3146 2444 lsrael.
3183 2387 3336 2441 Hanc
3368 2403 3504 2458 ergo
3549 2404 3617 2443 ex
3643 2387 3744 2442 tri-

2098 2482 2290 2536 bubus
2325 2477 2500 2534 Israel
2522 2475 2696 2547 elegit
2718 2476 2909 2545 jussio
2944 2475 3127 2530 Patris
3160 2475 3294 2539 mei,
3319 2481 3382 2529 ut
3413 2475 3740 2530 habitarem

2095 2570 2154 2624 in
2196 2586 2283 2637 ea,
2319 2566 2456 2637 quid
2488 2582 2621 2635 ergo
2652 2563 2827 2619 vultis
2861 2569 2924 2618 ut
2957 2565 3162 2620 faciam
3199 2569 3250 2619 ei
3277 2567 3298 2619 P
3324 2565 3489 2622 Tunc
3513 2569 3742 2630 Petrus,

2096 2663 2150 2713 et
2173 2657 2273 2712 alii
2303 2655 2551 2728 apostoli
2582 2654 2852 2708 dixerunt
2877 2670 2890 2707 :
2913 2653 3180 2722 Domine,
3212 2652 3558 2725 praeelegisti
3588 2652 3742 2706 hanc

2097 2745 2368 2803 ancillam
2401 2749 2564 2799 tuam
2611 2743 2735 2798 fieri
2775 2741 3220 2796 immaculatum
3254 2741 3359 2796 tibi
3392 2740 3741 2810 thalamum,

2097 2842 2150 2893 et
2183 2853 2288 2891 nos
2320 2833 2580 2892 servulos
2609 2837 2744 2886 tuos
2767 2832 2822 2886 in
2859 2831 3250 2886 ministerium
3291 2835 3481 2884 tuum.
3534 2828 3742 2884 Omnia

2097 2929 2230 2983 ante
2260 2921 2472 2980 sarcula
2493 2919 2831 2994 praescivisti
2851 2935 2984 2976 cum
3005 2920 3254 2986 Patre,et
3276 2919 3496 2990 Spiritu
3516 2921 3740 2989 sancto,

2097 3031 2229 3070 cum
2263 3013 2480 3084 quibus
2511 3010 2616 3066 tibi
2651 3013 2740 3065 est
2771 3025 2888 3064 una
2917 3009 3126 3076 deitas,
3161 3007 3400 3078 aequalis
3432 3016 3484 3061 et
3513 3006 3744 3061 inﬁnita

2099 3108 2376 3177 potestas.
2405 3100 2496 3155 Sic
2535 3115 2668 3170 ergo
2704 3099 2892 3153 visum
2938 3098 3108 3152 nobis
3141 3098 3327 3152 fuerat
3359 3095 3593 3152 famulis
3625 3094 3746 3149 tuis

340 3239 396 3288 et
428 3232 597 3301 cmpit
629 3186 787 3285 stare
817 3228 1067 3299 pedibus
1097 3229 1244 3295 suis,
1271 3228 1374 3283 sed
1407 3186 1985 3299 erantdbraohiaejus,
2016 3205 2063 3270 Β
2101 3194 2537 3301 etiamfeﬁtﬁ?
2571 3187 3748 3301 ίῖῗῗθλ,ῗῖῗξξυξηίξζᾖῗῖ¹ῗξῗξῖἶῗῖῗῇζᾷῗ’

344 3321 526 3387 arida,
586 3324 644 3374 et
699 3335 812 3374 non
875 3317 1142 3372 discessit
1192 3317 1262 3371 ab
1312 3333 1378 3372 eo
1411 3317 1790 3390 supplicium.
1825 3319 1991 3376 Tunc

343 3414 549 3465 Petrus
609 3408 689 3462 ait
737 3405 821 3460 illi
877 3422 890 3461 :
951 3406 1172 3461 Accede
1229 3407 1301 3461 ad
1361 3421 1595 3481 corpus,
1637 3411 1694 3469 et
1725 3407 1991 3465 osculare

344 3497 625 3554 lectulum
658 3511 906 3567 quoque,
940 3499 997 3551 et
1026 3496 1118 3550 dic
1152 3511 1165 3550 :
1200 3494 1464 3552 Credoin
1499 3495 1770 3565 Deum,et
1799 3497 1858 3552 in
1889 3497 1993 3558 Dei

345 3586 762 3655 Filium,quem
798 3585 905 3639 ista
931 3584 1387 3655 portavitJesum
1406 3584 1791 3650 Christum,et
1820 3587 1991 3641 credo

346 3675 545 3731 omnia
561 3671 1270 3744 quaecunquelocutusest
1293 3671 1435 3726 mihi
1460 3676 1668 3728 Petrus
1691 3674 1994 3744 apostolus

348 3764 470 3819 Dei.
505 3764 570 3816 Et
592 3761 896 3828 accedens,
929 3759 1226 3816 osculatus
1253 3764 1340 3814 est
1371 3759 1676 3829 lectulum,
1712 3765 1766 3816 et
1797 3763 1991 3818 statim

351 3852 542 3907 omnis
567 3851 730 3905 dolor
751 3850 1035 3905 abscessit
1067 3850 1137 3903 ab
1170 3865 1258 3917 eo,
1285 3852 1340 3904 et
1370 3855 1584 3904 sanatis
1618 3859 1752 3904 sunt
1786 3867 1996 3908 manus

350 3942 666 4010 ejus.Tunc
696 3940 870 4010 cmpit
902 3939 1140 3995 laudare
1171 3944 1228 3994 et
1269 3939 1610 3994 benedicere
1646 3939 1828 3994 Deum
1880 3940 1993 4002 lar-

353 4033 500 4101 giter
535 4048 547 4098 ;
579 4035 633 4085 et
663 4031 732 4084 de
761 4030 924 4084 libris
958 4031 1135 4101 Moysi
1165 4029 1569 4085 testimonium
1602 4031 1842 4085 reddere
1869 4030 1995 4086 lau-

355 4121 527 4176 dibus
550 4119 762 4174 Christi
787 4135 799 4173 :
822 4119 905 4174 ita
927 4128 985 4175 ut
1013 4119 1186 4176 etiam
1212 4119 1322 4190 ipsi
1347 4118 1594 4190 apostoli
1618 4119 1994 4188 mirarentur,

351 4215 405 4265 et
419 4209 622 4266 ﬂerent
636 4226 748 4279 pres
764 4209 974 4279 gaudio
989 4207 1292 4265 laudantes
1307 4209 1418 4264 sub
1434 4207 1533 4263 illa
1549 4225 1750 4264 nomen
1761 4210 1993 4267 Domini.

973 4316 1219 4372 CAPUT
1257 4317 1372 4376 XV.

430 4424 634 4480 Petrus
665 4439 796 4478 vero
824 4423 970 4478 dixit
1001 4425 1069 4478 ad
1105 4440 1238 4478 eum
1274 4440 1286 4479 :
1320 4427 1532 4497 Accipe
1563 4427 1820 4498 palmam
1844 4429 1996 4484 hanc

356 4514 426 4570 de
459 4530 635 4568 manu
670 4512 864 4567 fratris
899 4513 1076 4568 nostri
1098 4512 1345 4570 Joannis
1380 4531 1393 4570 :
1430 4524 1479 4570 et
1506 4515 1839 4588 ingrediens
1862 4518 1996 4573 civi-

354 4600 529 4658 tatem
582 4603 831 4657 invenies
877 4601 1158 4673 populum
1193 4602 1443 4660 multum
1470 4611 1767 4674 caecatum,
1801 4613 1858 4663 et
1890 4626 1992 4664 an-

359 4691 568 4746 nuntia
599 4691 683 4746 eis
718 4691 1010 4762 magnalia
1043 4692 1162 4759 Dei,
1196 4698 1252 4747 et
1283 4695 1618 4766 quicunque
1648 4697 2003 4752 crediderint

353 4780 412 4834 in
444 4780 755 4835 Dominum
809 4780 1012 4836 Jesum
1073 4781 1395 4853 Christum,
1441 4783 1710 4856 impones
1744 4786 2000 4857 palmam

356 4870 504 4925 hanc
537 4885 714 4940 super
743 4868 943 4924 oculos
973 4886 1196 4937 eorum,
1248 4877 1305 4926 et
1351 4871 1637 4928 videbunt
1689 4875 1822 4930 caeci
1852 4892 1866 4929 :
1901 4875 2002 4946 qui

355 4964 550 5015 autem
576 4976 690 5014 non
714 4958 1520 5029 crediderint,permanebunt
1541 4963 1696 5017 caeci.
1722 4963 1830 5028 Qui
1865 4981 1998 5020 cum

358 5049 593 5103 fecisset
625 5046 727 5115 ita,
758 5046 980 5101 invenit
1009 5046 1290 5118 populum
1317 5048 1563 5105 multum
1598 5051 1998 5124 plangentem,

356 5141 414 5192 et
447 5137 736 5191 dicentem
767 5153 780 5191 :
833 5135 931 5191 Vze
981 5135 1170 5206 nobis,
1203 5137 1336 5206 quia
1366 5137 1593 5194 similes
1625 5141 1760 5195 facti
1792 5158 2000 5198 sumus

361 5226 678 5281 Sodomitis
693 5223 946 5279 caacitate
962 5240 1132 5295 percu
1143 5223 1285 5281 ssisl
1306 5226 1396 5281 Nil
1421 5229 1815 5300 superestjam
1834 5230 2001 5287 nobis

356 5314 470 5369 nisi
501 5318 560 5368 ut
594 5314 1070 5383 pereamus.Cum
1103 5320 1299 5370 autem
1325 5316 1632 5372 audissent
1655 5320 1826 5380 verba
1841 5320 1997 5391 prin-

357 5403 505 5473 cipis
558 5402 873 5473 loquentis,
923 5404 1024 5474 qui
1074 5422 1254 5461 sanus
1301 5406 1506 5477 fuerat,
1538 5408 1912 5464 crediderunt
1940 5411 1998 5465 in

360 5493 672 5548 Dominum
707 5496 908 5549 Jesum
941 5495 1231 5551 Christum
1269 5515 1284 5566 ;
1319 5501 1376 5551 et
1413 5497 1748 5568 imponente
1787 5516 1851 5554 eo
1883 5499 2002 5571 pal-

435 5619 515 5691 (α)
539 5617 739 5675 Matth.
771 5637 943 5688 xxvu,
965 5623 1056 5680 25.

2099 3300 2247 3358 gnas
2278 3282 2332 3336 in
2359 3279 2564 3352 gloria,
2591 3279 2672 3334 ita
2695 3277 3050 3336 recuscitans
3075 3277 3280 3330 matris
3307 3274 3750 3345 corpusculum,

2101 3381 2164 3431 tu
2195 3379 2387 3430 tecum
2419 3371 2663 3425 duceres
2693 3384 2821 3423 eam
2847 3367 3041 3426 laetam
3075 3367 3135 3428 in
3158 3365 3392 3422 coelum.

2710 3474 2934 3530 CAPUT
2976 3474 3146 3530 XVII.

2171 3594 2332 3643 Tunc
2361 3586 2619 3642 Salvator
2649 3583 2732 3639 ait
2762 3599 2777 3638 ε
2812 3583 2939 3638 Fiat
2989 3583 3311 3638 secundum
3358 3584 3600 3639 verbum
3649 3600 3751 3639 ve-

2103 3683 2314 3745 strum,
2348 3681 2404 3731 et
2437 3675 2707 3748 praecepit
2737 3671 2981 3727 Michael
3013 3671 3458 3742 archangelo,ut
3487 3673 3749 3728 animam

2104 3772 2316 3823 sanctae
2350 3764 2543 3820 Mariae
2575 3763 2844 3817 deferret.
2882 3763 2948 3814 Et
2981 3776 3110 3814 ecce
3143 3764 3375 3830 repente
3410 3760 3638 3814 Gabriel
3663 3778 3750 3814 ar-

2104 3854 2424 3926 changelus
2456 3852 2694 3908 revolvit
2722 3849 2978 3922 lapidem
3013 3849 3083 3904 ab
3109 3849 3257 3904 ostio
3285 3849 3672 3917 monumenti,
3693 3855 3750 3906 et

2105 3947 2183 4003 ait
2217 3944 2497 4001 Dominus
2532 3958 2544 3996 :
2572 3942 2775 4012 Surge,
2803 3938 2992 3994 amica
3024 3953 3169 4001 mea,
3196 3942 3251 3992 et
3284 3939 3548 4009 proxima
3574 3955 3701 3998 mea
3736 3957 3748 4006 ;

2106 4051 2233 4109 quae
2267 4049 2380 4091 non
2413 4030 2650 4087 sensisti
2681 4027 3114 4099 corruptionem
3139 4043 3242 4098 per
3262 4026 3369 4084 viri
3392 4031 3749 4095 contactum,

2105 4142 2220 4180 non
2255 4121 2491 4194 patieris
2523 4119 2936 4175 resolutionem
2969 4117 3232 4187 corporis
3266 4117 3326 4171 in
3358 4117 3650 4187 sepulcro.
3689 4118 3755 4172 Et

2105 4212 2303 4274 statim
2338 4209 2588 4271 surrexit
2641 4209 2821 4266 Maria
2875 4208 2945 4264 de
2999 4206 3254 4275 tumulo,
3287 4213 3341 4261 et
3370 4206 3756 4265 benedicebat

2107 4302 2444 4369 Dominum,
2477 4307 2531 4354 et
2564 4297 2870 4370 provoluta
2896 4298 2968 4352 ad
2994 4297 3168 4366 pedes
3200 4296 3450 4364 Domini,
3475 4295 3756 4356 adorabat

2107 4406 2263 4455 eum,
2288 4389 2488 4446 dicens
2523 4403 2535 4441 :
2571 4386 2695 4442 Non
2729 4401 2834 4457 ego
2863 4385 2970 4442 tibi
3001 4385 3324 4456 condignas
3367 4387 3582 4456 gratias
3617 4402 3749 4453 pos-

2115 4496 2247 4536 sum
2291 4475 2626 4548 rependere,
2674 4474 2934 4540 Domine,
2995 4490 3098 4544 pro
3142 4473 3425 4545 impensis
3458 4473 3754 4528 beneficiis
3823 4489 3835 4502 '

2029 4565 2082 4630 D
2113 4569 2253 4633 tuis,
2315 4583 2441 4639 quea
2493 4565 2637 4620 mihi
2689 4563 2910 4620 ancillae
2932 4567 3044 4618 "tum
3079 4565 3339 4618 conferre
3369 4564 3645 4635 dignatus
3668 4580 3750 4620 es.

2116 4660 2202 4715 Sit
2232 4671 2442 4714 nomen
2469 4659 2659 4717 tuum,
2711 4654 3059 4725 Redemptor
3107 4653 3335 4721 mundi,
3369 4655 3520 4708 Deus
3554 4653 3750 4724 Israel,

2113 4747 2484 4805 benedictum
2515 4744 2573 4799 in
2598 4744 2825 4800 saecula.

2690 4851 2926 4906 CAPUT
2965 4850 3169 4906 XVIII.

2185 4965 2254 5019 Et
2294 4961 2594 5019 osculatus
2643 4975 2769 5013 eam
2815 4956 3100 5012 Dominus
3133 4955 3396 5020 recessit,
3437 4961 3493 5009 et
3525 4956 3760 5011 tradidit

2115 5070 2241 5110 eam
2303 5051 2546 5123 angelis,
2598 5051 2663 5102 ut
2703 5047 2994 5101 deferrent
3037 5059 3165 5098 eam
3200 5044 3256 5097 in
3295 5044 3656 5113 paradisum.
3691 5046 3763 5099 Et

2115 5143 2195 5199 ait
2224 5139 2506 5212 apostolis
2539 5155 2552 5193 :
2579 5134 2844 5192 Accedite
2872 5135 2942 5189 ad
2970 5135 3154 5188 me.Et
3185 5147 3317 5186 cum
3350 5133 3760 5201 accessissent,

2115 5231 2410 5288 osculatus
2435 5232 2524 5283 est
2553 5241 2674 5294 eos,
2709 5229 2765 5280 et
2795 5224 2877 5279 ait
2909 5240 2920 5278 :
2957 5226 3072 5276 Pax
3103 5221 3266 5275 vobis
3302 5217 3618 5290 ;quoniam
3655 5236 3760 5291 ego

2115 5336 2348 5392 semper
2377 5316 2678 5373 vobiscum
2706 5330 2837 5368 sum
2872 5327 3055 5382 usque
3079 5311 3148 5365 ad
3186 5307 3758 5364 consummationem

2113 5408 2330 5467 saeculi.
2366 5408 2432 5461 Et
2473 5405 2668 5460 statim
2714 5419 2848 5458 cum
2889 5401 3012 5456 haec
3043 5399 3284 5454 dixisset
3315 5396 3616 5460 Dominus,
3651 5395 3758 5453 ele-

2111 5505 2281 5555 vatus
2327 5497 2386 5550 in
2433 5496 2610 5562 nube,
2657 5496 2925 5564 receptus
2967 5494 3054 5545 est
3103 5490 3160 5544 in
3214 5487 3446 5554 coelum,
3478 5496 3530 5542 et
3561 5485 3752 5559 angeli
