4110 6150
330 261 487 324 1239
1384 262 1447 320 S.
1496 259 1796 321 MELITO
1840 260 2013 321 SAR]

2133 264 2194 320 Μ
2241 260 2694 322 EPISCOPUS.
3585 267 3740 325 1240

330 411 466 450 cum
494 410 582 462 eo,
625 395 950 449 deterentes
1011 393 1411 448 beatissimam
1483 393 1573 447 Dei
1623 391 1971 447 Genitricem
2005 397 2058 460 Α
2091 393 2191 456 lia,
2224 398 2278 447 et
2306 392 2611 448 laudantes
2645 393 2954 450 Dominum
2997 400 3267 451 nostrum
3307 400 3512 452 Jeeum
3564 398 3730 453 Chri-

333 486 568 540 Mariam
603 484 661 536 in
694 483 1027 553 paradisum
1063 481 1185 536 Dei.
1214 480 1466 552 Apostoli
1499 488 1691 535 autem
1724 481 1982 552 suscepti
2094 488 2275 546 stum,
2329 483 2432 553 qui
2483 485 2625 538 vivit
2679 488 2736 538 et
2795 489 2998 554 regnat
3045 501 3182 540 cum
3238 489 3404 540 Patre
3435 493 3495 541 et
3522 489 3736 558 Spiritu

332 579 467 628 Sunt
528 590 561 626 a
613 572 890 640 nubibus,
952 576 1009 625 et
1066 571 1282 626 reversi
1316 578 1452 624 sunt
1484 570 1890 640 unusquisque
1924 571 1980 623 in
2094 580 2316 636 sancto,
2374 573 2432 626 in
2489 572 2707 627 unitate
2765 581 3020 644 perlecta
3068 579 3125 628 et
3171 575 3227 628 in
3272 593 3388 630 una
3419 577 3740 632 divinitatis

333 668 549 716 sortem
577 662 1010 733 praedicationis
1038 679 1178 726 sua,
1211 667 1513 716 narrantes
1537 661 1730 715 divina
1755 676 1985 728 magna-
2096 661 2424 716 substantia
2460 661 2518 714 in
2551 661 2762 716 sazcula
2791 665 3162 718 seculorum.
3187 668 3393 719 Amen.

1147 973 1896 1096 MILETI
1983 965 2929 1099 EPISCOPI

1872 1199 2243 1291 LIBER

894 1372 996 1432 DE
1043 1372 1370 1434 ACTIBUS
1413 1370 1749 1432 JOANNIS
1793 1369 2175 1432 APOSTOLI
2233 1371 2280 1428 A
2343 1370 2618 1431 LEUCIO
2691 1367 3186 1430 CONSCRIPTIS

784 1503 1157 1574 (Bibliotheca
1183 1504 1682 1569 Aneodotorump"
1714 1505 1900 1560 edidit
1929 1504 2126 1559 Gotth.
2159 1507 2361 1569 lisias,
2398 1503 2624 1573 Lipsie,
2656 1502 2898 1572 Weigel,
2932 1502 3091 1570 1848,
3128 1502 3304 1571 in-B.)

1783 1656 2358 1752 MONITUM

414 1857 599 1926 Opus,
633 1857 789 1928 quod
823 1857 1114 1927 sequitur,
1146 1857 1427 1926 exscripsi
1467 1873 1536 1913 ex
1583 1859 1849 1912 Vitarum
1901 1862 2239 1913 sanctorum
2289 1857 2653 1924 collectione,
2703 1875 2830 1927 quis
2873 1856 3168 1912 invenitur
3201 1856 3260 1911 in
3291 1856 3487 1911 codice
3523 1858 3630 1911 284
3657 1856 3750 1911 Al-

343 1929 686 1983 eobacensis
717 1928 1106 1994 bibliothecae,
1138 1930 1304 1999 cujus
1336 1945 1511 1998 supra
1543 1947 1576 1984 a
1606 1945 1698 1983 me
1721 1930 1846 1996 jam
1882 1929 2098 1984 mentio
2132 1931 2280 1984 facta
2309 1933 2418 1984 est.
2454 1928 2623 1983 Liber
2652 1929 2864 1983 saeculo
2905 1929 3253 1983 duodecimo
3279 1944 3413 1982 cum
3446 1928 3750 1998 diligentia

345 2015 413 2053 ex
445 2001 640 2072 codice
669 2001 986 2072 vetustiore
1017 2001 1346 2070 exscriptus
1377 2005 1485 2055 est.
1517 2000 1750 2055 Necnon
1800 2001 1952 2054 idem
2001 2017 2149 2072 opus
2206 2003 2263 2054 in
2307 2000 2601 2072 undecimi
2634 2006 2735 2054 aut
2768 2001 3095 2072 duodecimi
3117 1999 3330 2072 seculi
3363 2000 3510 2053 libro
3544 2017 3748 2054 manu-

348 2071 565 2142 scripto
599 2071 881 2125 Vaticanze
914 2071 1158 2126 inveniri
1193 2069 1422 2126 videtur
1457 2078 1650 2135 ;certe
1682 2074 1738 2125 in
1775 2069 2134 2135 lsidorianis,
2169 2089 2294 2142 quis
2330 2071 2654 2126 Arevallius
2690 2072 2896 2126 Isidori
2932 2069 3296 2141 Hispalensis
3333 2088 3570 2140 operum
3630 2072 3750 2125 edi-

348 2141 490 2195 tioni
528 2143 806 2212 praemisit
839 2142 998 2211 (Isid.
1031 2143 1161 2211 Opp.
1197 2143 1362 2197 Rom.
1412 2143 1566 2196 1797.
1615 2149 1757 2198 tom.
1813 2143 1884 2206 ll,
1937 2160 1991 2212 p.
2038 2141 2201 2213 255),,
2241 2145 2582 2198 adnotatum
2627 2149 2735 2206 est,
2790 2142 2848 2196 in
2880 2144 3175 2197 Vaticana:
3209 2143 3407 2198 codice
3440 2144 3574 2196 1267
3607 2159 3755 2213 opus

346 2229 472 2268 esse
507 2213 1079 2283 inscriptumzlncipit
1117 2215 1383 2282 Prologus
1413 2217 1485 2268 de
1509 2217 1684 2269 vitaet
1714 2217 2088 2278 assumptione
2110 2219 2256 2268 beati
2281 2215 2707 2283 Joannis,quod
2743 2217 2855 2269 fere
2886 2231 2920 2268 a
2941 2214 3233 2269 similibus
3285 2216 3480 2269 verbis
3525 2215 3752 2280 incipit,

352 2290 526 2354 atque
554 2285 724 2348 illud,
757 2286 908 2354 quod
942 2285 1093 2340 infra
1135 2285 1420 2355 publicavi
1456 2302 1469 2351 ;
1503 2287 1811 2340 verborum
1834 2286 1987 2340 enim
2023 2286 2258 2340 initium
2300 2293 2389 2340 est
2423 2303 2434 2339 :
2469 2310 2496 2334 «
2533 2288 2723 2338 Melite
2762 2303 2963 2340 servus
3011 2286 3229 2340 Christi
3277 2286 3589 2356 episcopus
3622 2287 3753 2339 Lao-

352 2357 527 2410 diceae
559 2356 845 2410 universis
867 2357 1156 2427 episcopis
1175 2358 1594 2411 catholicorum
1623 2359 1677 2410 in
1699 2358 1944 2411 Domino
1975 2365 2251 2411 aeternam
2286 2357 2554 2412 salutem.
2590 2357 2730 2412 Nolo
2761 2357 3180 2412 fraternitatem
3214 2364 3464 2411 vestram
3500 2373 3621 2411 esse
3644 2357 3753 2411 sol-

351 2427 594 2489 licitam,
632 2451 658 2475 »
691 2434 801 2482 etc.
838 2429 1092 2496 Denique
1123 2429 1273 2483 idem
1309 2446 1456 2500 opus
1481 2430 1536 2482 in
1563 2430 1758 2484 codice
1783 2428 2146 2483 bibliothecae
2169 2429 2692 2500 CapituliToletani
2721 2430 2932 2496 pariter
2955 2428 3261 2483 undecimo
3285 2429 3494 2483 saeculo
3520 2431 3755 2499 scripto,

354 2500 453 2568 qui
486 2500 665 2571 codex
692 2505 932 2571 vocatur
961 2500 1409 2571 Smaragdinns,
1443 2499 1656 2564 inveni,
1686 2501 1744 2554 in
1768 2517 1903 2570 quo,
1939 2500 2050 2554 nisi
2084 2501 2270 2562 fallor,
2303 2502 2413 2566 caj.
2448 2502 2535 2563 10,
2572 2517 2658 2552 nr.
2692 2501 2781 2564 2-5,
2818 2505 3073 2554 notatur.
3099 2501 3157 2553 In
3185 2500 3297 2571 alia
3317 2506 3511 2554 autem
3533 2506 3758 2554 sancto-

355 2586 485 2623 rum
519 2569 781 2624 Vitarum
817 2570 1155 2626 collectione
1179 2569 1332 2641 opus
1367 2573 1769 2626 duodecimam
1788 2569 2195 2626 narrationem
2227 2572 2405 2625 efﬁcit
2434 2572 2775 2638 inscriptam
2812 2589 2824 2624 :
2858 2574 3121 2625 Dormitio
3143 2570 3235 2626 vel
3255 2575 3553 2638 assumptio
3573 2574 3759 2625 sancti

353 2641 582 2714 Joannis
638 2642 876 2710 apostoli
923 2648 980 2714 el
1019 2646 1390 2709 evangelium,
1436 2645 1532 2713 qui
1581 2645 1637 2696 in
1681 2642 1902 2696 civitate
1945 2643 2149 2709 Epheso
2198 2645 2252 2695 in
2301 2646 2515 2708 foveam
2549 2659 2715 2714 quam
2763 2644 2871 2697 sibi
2914 2645 3254 2713 praparavit
3305 2660 3356 2696 1v
3389 2642 3508 2696 Kal.
3553 2644 3754 2697 Janua-

356 2712 488 2766 rias.
526 2715 734 2781 Incipit
764 2731 798 2768 a
827 2713 1017 2767 verbis
1051 2731 1062 2768 :
1093 2738 1116 2760 ‹‹
1155 2715 1297 2768 Miro
1331 2712 1531 2767 servus
1563 2713 1873 2784 episc0pus
1896 2715 2195 2768 Laudociae
2231 2714 2519 2767 universis
2556 2712 2836 2768 Ecclesiis
2885 2712 3308 2767 catholicorum
3368 2717 3424 2765 in
3464 2715 3574 2768 Deo
3607 2725 3758 2766 mter-

359 2800 488 2838 nazn
525 2784 793 2838 salutem.
829 2786 990 2849 Volo,
1024 2805 1049 2834 ι
1088 2791 1197 2841 etc.
1233 2786 1530 2839 Lectiones
1561 2786 1843 2850 diversas,
1891 2803 2038 2855 quas
2083 2784 2176 2838 ille
2227 2787 2407 2839 codex
2452 2784 2768 2839 Toletanus
2799 2787 2853 2838 in
2890 2786 3147 2855 prologo,
3182 2787 3283 2855 qui
3330 2786 3561 2851 dicitur,
3596 2787 3754 2839 exhi-

357 2855 476 2928 bet,
507 2855 654 2910 Iibro
686 2874 718 2910 a
751 2872 848 2928 me
874 2857 1166 2926 publicato
1199 2856 1417 2910 addidi.
1451 2859 1734 2910 Caeterum
1771 2858 1902 2928 quis
1937 2857 2030 2910 ille
2061 2856 2274 2920 Melito,
2305 2857 2532 2910 Miletus
2555 2872 2652 2910 seu
2677 2856 2818 2910 Miro
2845 2859 3035 2920 fuerit,
3056 2857 3155 2925 qui
3187 2856 3378 2925 operis
3416 2864 3619 2910 auctor
3642 2865 3758 2910 tra-

358 2927 537 2992 ditur,
566 2933 622 2981 et
653 2929 804 2997 quod
841 2927 1043 2981 horum
1077 2934 1252 2982 trium
1289 2929 1592 2981 nominum
1627 2927 1819 2982 verum
1856 2928 1949 2990 sit,
1985 2928 2251 2998 equidem
2287 2928 2529 2982 delinire
2580 2946 2692 2981 non
2742 2945 3006 2999 possum.
3043 2929 3286 2982 Leucius
3318 2935 3536 2994 autem,
3570 2946 3635 2981 ex
3667 2944 3758 2982 cu-

353 2999 453 3067 jus
486 3015 656 3067 opere
687 2999 976 3068 epitomen
1007 3001 1374 3054 emendatam
1411 3001 1614 3053 fecisse
1645 3000 1875 3062 dicitur,
1908 3000 1963 3052 in
2003 2999 2465 3069 apocryphorum
2499 2999 2706 3053 litteris
2766 3002 2906 3054 satis
2961 3006 3134 3053 notus
3191 3006 3278 3054 est
3311 3016 3323 3064 ;
3380 3016 3505 3069 quae
3566 3001 3659 3053 ille
3691 3001 3760 3053 de

359 3071 640 3139 apostolis
671 3070 972 3140 scripserit
1003 3071 1060 3124 in
1094 3070 1356 3140 catalogo
1389 3070 1694 3135 librorum,
1729 3070 1828 3141 qui
1863 3070 2182 3124 Ilormisdze
2217 3070 2485 3124 decretali
2519 3070 2674 3124 vetiti
2709 3077 2865 3137 sunt,
2901 3071 3183 3125 recenseri
3221 3087 3389 3125 nemo
3420 3075 3508 3125 est
3537 3071 3636 3140 qui
3662 3088 3758 3124 ne-

361 3142 488 3193 erit.
522 3141 779 3194 Duorum
815 3148 1011 3194 autem
1049 3141 1488 3212 principiorum.
1519 3142 1648 3195 boni
1683 3148 1738 3196 ct
1771 3141 1933 3205 mali,
1966 3142 2205 3206 crimen,
2238 3143 2386 3211 quod
2415 3141 2898 3197 Leuciidoctrinze
2922 3142 2979 3196 in
3007 3143 3243 3211 prologo
3266 3149 3542 3210 sequente
3565 3148 3758 3212 aperte

363 3212 656 3279 objicitnr,
691 3229 757 3267 eo
791 3213 979 3281 magis
1037 3213 1180 3266 mihi
1237 3213 1637 3267 observatione
1694 3213 1936 3282 dignum
1997 3214 2246 3275 videtur,
2303 3215 2457 3282 quod
2494 3213 2742 3267 Leucius
2777 3215 2922 3268 libro
2954 3229 3058 3268 suo
3089 3215 3244 3283 apud
3275 3214 3671 3267 Priscillianos
3702 3214 3758 3265 in

365 3299 571 3350 magno
606 3285 822 3338 honore
851 3284 980 3350 fuit,
1013 3289 1068 3338 et
1099 3287 1529 3353 quodammodo
1562 3284 2013 3338 fundamentum
2049 3285 2327 3338 doctrinae
2358 3300 2559 3337 eorum
2593 3285 2804 3348 effecit,
2839 3286 2918 3338 ita
2950 3290 3013 3337 ut
3046 3285 3115 3338 de
3156 3285 3385 3338 duobus
3439 3284 3760 3354 principiis,

363 3371 490 3423 quae
529 3354 611 3406 illi
644 3361 996 3417 statuerunt,
1023 3372 1134 3409 non
1168 3357 1266 3421 sit,
1301 3357 1453 3425 quod
1485 3356 1840 3409 dubitemus.
1866 3355 2065 3424 Neque
2091 3356 2332 3425 indigna
2362 3363 2501 3409 sunt
2532 3356 2838 3410 observata
2866 3355 3146 3410 nonnulla
3179 3355 3606 3420 miraculorum,
3633 3371 3762 3424 quas

364 3425 422 3478 in
454 3440 625 3550 optere
657 3425 1019 3552 dedapostolo
1053 3432 1388 3495 narrantur,
1424 3426 1710 3498 praecipue
1741 3425 2089 3492 secundum,
2123 3427 2273 3498 quod
2294 3432 2490 3481 contra
2509 3429 2770 3498 quaedam
2795 3443 3010 3498 genera
3031 3428 3505 3482 exercntationum
3533 3427 3761 3498 piarum

364 3511 519 3552 scrin
553 3513 648 3551 um
683 3513 732 3551 v1
779 3503 926 3552 etur.

363 3503 648 3566 scriptum
683 3503 926 3552 videtur.

727 3749 950 3828 Incipit
979 3750 1292 3827 Prologus
1324 3749 1523 3810 Mileti
1553 3749 1828 3827 episcopi
1860 3767 2048 3826 super
2083 3754 2271 3808 Actus
2299 3747 2560 3808 Joannis
2591 3748 2860 3826 apostoli
2892 3754 2950 3807 et
2983 3747 3403 3825 evangelista.

441 3884 672 3939 Miletus
704 3900 906 3938 servus
945 3883 1163 3938 Christi
1187 3887 1340 3947 Jesu,
1367 3883 1678 3954 episcopus
1710 3883 2018 3949 Laodicia,
2049 3887 2094 3950 Β
2130 3879 2280 3936 malo
2314 3881 2576 3952 principe
2605 3881 2942 3935 substitisse
2968 3880 3011 3945 ⁸,
3035 3896 3170 3935 eum
3194 3884 3418 3935 constet
3441 3877 3660 3933 malum
3685 3879 3770 3933 ni-

371 3971 680 4027 universiis
731 3971 1003 4027 Ecclesiis
1067 3971 1486 4027 catholicorum
1545 3977 1820 4028 aeternam
1851 3972 2011 4027 salu-

370 4070 506 4115 tem.

441 4149 584 4204 Volo
645 4150 954 4205 sollicitam
1017 4168 1142 4206 esse
1192 4151 1615 4205 fraternitatem
1666 4157 1914 4207 vestram
1945 4153 2014 4207 de

373 4241 570 4293 Leutio
603 4241 620 4272 ¹
652 4244 928 4310 quodam,
980 4243 1074 4310 qui
1127 4243 1364 4313 scripsit
1407 4241 1803 4313 apostolorum
1836 4246 2013 4298 Actus

369 4328 618 4381 Joannis
650 4329 1015 4398 evangelista:
1048 4338 1099 4384 et
1133 4331 1384 4401 apostoli
1415 4333 1594 4385 sancti
1640 4331 1660 4364 ²
1689 4334 1930 4388 Andreae
1959 4339 2016 4388 et

370 4418 595 4470 Thomas
619 4420 865 4486 apostoli
895 4439 907 4487 ;
936 4420 1032 4488 qui
1057 4421 1124 4472 de
1149 4422 1462 4476 virtutibus
1493 4422 1728 4492 quidem
1755 4440 1898 4490 quas
1917 4441 2016 4494 per

374 4523 470 4559 eos
507 4507 784 4559 Dominus
820 4509 953 4560 fecit
985 4525 1118 4562 vera
1151 4509 1315 4573 dixit,
1350 4511 1421 4563 de
1463 4511 1722 4564 doctrina
1751 4529 1884 4565 vero
1916 4528 2008 4566 eo-

377 4611 502 4648 rum
541 4593 859 4663 plurimum
893 4595 914 4628 ³
951 4598 1225 4650 mentitus
1252 4603 1358 4652 est.
1388 4600 1529 4652 Dixit
1557 4599 1711 4653 enim
1745 4601 2014 4656 docuisse

374 4699 475 4736 eos
507 4686 620 4737 duo
643 4683 946 4753 principia,
971 4686 1124 4754 quod
1150 4692 1483 4740 exsecratur
1506 4686 1757 4741 Ecclesia
1780 4689 2014 4755 Christi,

374 4779 427 4827 ct
456 4773 477 4805 ⁴
508 4789 635 4826 cum
671 4773 792 4842 ipse
824 4779 1063 4828 sanctus
1093 4773 1351 4829 Joannes
1383 4774 1406 4807 ⁵
1430 4778 1483 4828 in
1515 4778 1705 4846 capite
1729 4780 2012 4844 Evangelii

375 4864 462 4916 sui
498 4879 680 4916 unum
724 4868 969 4917 testctur
995 4863 1347 4934 principium
1383 4863 1424 4930 δ,
1449 4863 1506 4917 in
1542 4882 1656 4935 quo
1692 4869 1862 4920 luerit
1892 4885 2013 4921 ver-

374 4951 510 5003 bum
533 4965 786 5020 semper,
815 4966 914 5020 per
931 4951 1084 5022 quod
1107 4952 1374 5006 universa
1391 4957 1586 5006 creata
1608 4959 1745 5007 sunt
1767 4953 2017 5010 visibilia

371 5046 426 5093 et
454 5040 793 5107 invislbilia,
813 5041 1050 5096 Leutius
1082 5039 1102 5073 ⁷
1136 5041 1275 5096 dicit
1305 5058 1402 5097 eos
1437 5043 1704 5098 docuisse
1723 5045 1836 5099 duo
1862 5045 2015 5116 prin-

371 5130 522 5198 cipia
565 5129 697 5183 boni
758 5134 814 5183 et.
866 5128 1024 5194 mali,
1073 5136 1124 5184 et
1175 5129 1326 5185 bona
1381 5146 1412 5184 a
1443 5130 1614 5199 bono,
1649 5131 1801 5187 mala
1834 5149 2015 5189 veroa

2126 3969 2204 4024 hil
2231 3986 2356 4024 esse
2383 3969 2796 4036 substantiola,
2821 3971 2920 4023 sed
2947 3969 3177 4024 actuale
3203 3964 3268 4023 ac
3293 3969 3525 4039 penitus
3548 3967 3767 4022 nullam

2125 4074 2252 4112 esse
2283 4064 2603 4112 creaturam
2642 4075 2828 4128 neque
2860 4058 3148 4114 visibilem
3185 4073 3371 4127 neque
3423 4057 3772 4112 invisibilem

2125 4165 2251 4219 qua:
2286 4150 2464 4220 possit
2498 4149 2649 4203 mala
2683 4148 2926 4220 intelligi
2963 4166 3062 4219 per
3093 4153 3384 4202 naturam.
3443 4148 3574 4202 Sive
3619 4149 3768 4203 enim

2126 4241 2370 4309 angelus
2401 4241 2592 4294 malus
2617 4241 2739 4294 sive
2762 4239 2935 4294 homo
2962 4239 3151 4293 malus
3176 4256 3208 4293 a
3235 4239 3348 4294 Deo
3371 4239 3561 4293 bonus
3587 4241 3768 4293 iactus

2124 4333 2339 4395 est,sed
2363 4327 2385 4361 θ
2404 4329 2531 4383 ideo
2557 4329 2910 4398 inulus,quia
2933 4333 3136 4382 contra
3159 4327 3436 4383 creatoris
3459 4328 3550 4381 sui
3574 4327 3767 4382 volun-

2126 4422 2301 4471 tatem
2335 4418 2728 4488 praesumpsit,
2780 4433 2911 4470 nam
2967 4421 3024 4470 et
3075 4416 3264 4486 angeli
3297 4422 3353 4470 et
3379 4416 3645 4471 homines
3670 4417 3760 4487 qui

2128 4506 2264 4562 mali
2291 4523 2418 4562 esse
2442 4512 2785 4571 noscuntur,
2809 4524 2840 4561 a
2860 4507 3016 4576 justo
3043 4511 3157 4561 Deo
3182 4507 3759 4560 damnantur.Justus

2127 4604 2318 4654 autem
2353 4599 2505 4653 Deus
2539 4599 2887 4666 iiijUstitiam
2926 4599 3114 4668 punit,
3147 4614 3317 4666 quam
3371 4615 3483 4652 non
3531 4599 3758 4652 oriende

2127 4687 2226 4741 sed
2262 4689 2484 4756 agendo
2510 4687 2774 4740 homines
2800 4688 2880 4740 vel
2906 4687 3096 4757 angeli
3120 4687 3164 4720 ¹⁰
3185 4687 3500 4740 incurrisse
3525 4703 3764 4740 noscun-

2127 4782 2242 4830 tur.
2277 4775 2572 4830 Prohibita
2602 4776 2755 4830 enim
2787 4793 2818 4828 a
2850 4777 3086 4829 domino
3113 4791 3315 4830 servus
3337 4776 3384 4828 si
3412 4780 3764 4845 perpetrave-

2129 4868 2221 4936 rit,
2254 4881 2301 4922 et
2329 4871 2489 4938 justa
2521 4885 2634 4922 non
2688 4869 3080 4935 fecerit,juste
3104 4868 3462 4938 puniendum
3481 4884 3544 4922 se
3567 4884 3693 4923 esse
3723 4866 3760 4900 “

2126 4958 2443 5028 cognoscit.
2492 4957 2833 5028 Quicunque
2886 4956 2932 4990 ⁸⁸
2982 4962 3177 5011 autem
3235 4972 3297 5010 se
3339 4973 3440 5027 pro
3487 4974 3593 5011 sua
3628 4974 3770 5028 pra:—

2127 5048 2463 5118 sumptione
2497 5046 2894 5101 humiliaverit
2920 5051 2977 5101 et
3027 5061 3094 5100 ex
3151 5049 3269 5100 toto
3318 5046 3489 5100 corde
3546 5045 3770 5116 dixerit,

2128 5137 2357 5206 peccavi
2389 5135 2519 5199 tibi,
2555 5135 2815 5202 Domine,
2881 5134 3154 5189 miserere
3205 5132 3338 5199 mei,
3387 5134 3692 5189 subveniet
3722 5134 3773 5189 ei

1721 5256 1958 5314 VARI/E
2000 5261 2305 5318 LECTION
2317 5265 2416 5317 ES.

445 5381 460 5412 ¹
494 5379 664 5434 Τοιθιι.
700 5380 930 5434 Leucio.
1011 5379 1031 5412 ³
1065 5380 1238 5434 Toled.
1275 5385 1330 5434 et
1361 5380 1570 5434 sancti.
1649 5381 1670 5414 ³
1703 5384 1874 5441 Toled.
1910 5387 1980 5440 de
2011 5386 2278 5440 doctrina
2308 5402 2437 5439 vero
2472 5384 2649 5437 multa
2697 5383 2978 5436 mentitus
3025 5387 3134 5446 est,
3213 5382 3232 5414 4
3292 5383 3465 5436 Toled.
3514 5399 3622 5436 om.
3694 5389 3769 5436 et.

378 5451 397 5482 ⁵
429 5450 602 5500 Toled.
633 5451 886 5502 Joannes
916 5452 1235 5516 apostolus.

1313 5451 1554 5526 6_Toled.
1610 5469 1736 5526 esse
1792 5459 2163 5526 principium.
2243 5458 2262 5489 ⁷
2322 5456 2492 5509 Toled.
2563 5456 2806 5508 Leucius
2856 5458 3070 5526 autem.
3150 5453 3173 5485 δ
3230 5454 3404 5526 Tolcd.
3452 5454 3768 5510 exstitisse.

380 5519 399 5549 ο
434 5516 605 5568 Toled.
632 5526 706 5568 et.
864 5519 1245 5596 Toleil_.‘quam
1275 5522 1510 5596 oriende
1542 5525 1730 5592 angeli
1765 5516 1849 5579 v'el
1915 5516 2197 5590 homines,
2255 5529 2354 5580 sed
2415 5528 2638 5596 agendo
2690 5525 3019 5580 incurrisse.
3107 5527 3146 5560 ¹¹
3184 5523 3359 5579 Toled.
3404 5526 3768 5596 puniendum

382 5599 510 5636 esse
540 5586 929 5650 cognoscitur.
1009 5588 1052 5620 ¹²
1077 5590 1254 5642 Toled.
1284 5593 1500 5658 quique
1531 5586 1660 5646 cuni
1693 5597 1952 5665 seipsum
1991 5615 2109 5666 pro.
