4110 6150
371 370 522 432 1241

1918 366 2227 426 SPURIA.

3624 371 3780 429 1242

366 510 552 580 pietas
587 505 850 573 Domini;
883 510 938 561 et
966 504 1064 576 qui
1101 521 1201 576 per
1250 504 1544 574 justitiam
1599 504 1822 574 judicis
1856 504 2008 572 justi
2037 505 2089 568 Α
2120 505 2253 567 test,
2286 501 2366 556 ita
2393 505 2447 556 et
2478 501 2577 571 qui
2613 517 2728 557 non
2763 501 3102 565 fornicatur,
3133 504 3347 575 autqui
3384 521 3498 560 non
3531 505 3773 574 invidet,

371 597 708 671 puniendus
739 596 1038 651 exstiterat
1069 610 1168 664 per
1195 593 1657 649 misericordiam
1694 593 1765 647 ad
1828 593 2020 648 indul-

374 687 631 759 gentiam
667 684 1050 740 revocabitur.
1087 684 1234 755 Ergo
1267 690 1332 737 ut
1388 699 1519 737 vere
1548 688 1604 737 te
1651 687 2014 754 peccatorum

369 775 668 842 ostendas,
702 775 882 830 Deum
915 777 1230 828 creatorem
1253 772 1476 827 honora
1499 789 1513 838 ;
1534 772 1785 826 honoras
1818 776 2014 826 autem

373 865 777 930 Creatorem,si
795 868 848 919 te
881 864 1072 918 solum
1107 861 1152 896 ’³
1175 861 1499 932 culpaveris
1514 877 1647 916 cum
1672 860 2012 931 deliqueris,

371 961 426 1009 et
459 969 572 1008 non
605 952 863 1008 aseribas
895 951 1148 1006 Creatori
1192 951 1345 1021 quod
1382 966 1602 1019 peccas,
1638 955 1700 1003 ut
1756 965 1825 1004 ex
1855 949 2016 1004 omni

372 1048 534 1115 parte
568 1049 725 1098 tuam
761 1041 1271 1112 praesumptionem
1296 1055 1530 1109 arguas,
1556 1055 1667 1092 no.1
1697 1039 1782 1093 tui
1813 1055 2015 1108 quera-

373 1133 454 1187 ris
482 1149 657 1204 opera
687 1129 1008 1186 conditoris
1039 1129 1104 1183 “.
1131 1128 1258 1183 Haec
1297 1129 1475 1183 Leutii
1506 1128 1550 1164 ¹⁸
1585 1144 1763 1182 causa
1794 1144 2016 1183 memo-

371 1222 692 1278 raverimus
720 1222 784 1286 '5,
817 1220 915 1291 qui
941 1219 1308 1276 mendacium
1331 1217 1372 1252 ¹⁷
1405 1217 1698 1285 apostolos
1723 1217 1818 1271 Dei
1852 1234 2015 1273 asse-

375 1312 449 1367 rit
479 1310 766 1375 docuisse,
800 1311 1168 1378 duorumque
1210 1307 1256 1341 ¹⁸
1314 1307 1736 1362 contrariorum
1787 1307 2014 1378 princi-

375 1401 606 1473 piorum
639 1399 683 1433 ¹⁹
705 1399 962 1454 hominis
993 1397 1285 1454 exstitisse
1312 1399 1618 1464 facturam,
1641 1402 1700 1451 et
1756 1397 2013 1451 animam

373 1507 406 1546 a
438 1491 590 1545 bono
626 1489 736 1545 Deo
767 1488 1083 1554 conditam,
1112 1502 1350 1542 carnem
1382 1502 1515 1543 vero
1547 1503 1580 1540 a
1625 1485 1780 1541 malo
1807 1489 1863 1540 et
1921 1502 2016 1542 ne-

370 1579 637 1634 cessitate
669 1577 861 1633 carnis
893 1577 1148 1633 animam
1182 1574 1396 1631 involvi
1440 1575 1714 1647 peccatis.
1748 1576 1911 1638 Quod
1965 1575 2013 1631 si

369 1668 450 1722 ita
505 1673 680 1734 esset,
711 1667 811 1738 qui
872 1682 987 1721 non
1029 1671 1250 1736 peccat,
1302 1665 1541 1719 omnino
1607 1680 1719 1718 non
1779 1664 2010 1720 viveret.

371 1757 700 1814 Sicutenim
724 1757 821 1828 qui
850 1773 962 1811 non
989 1757 1436 1823 manducat,aut
1458 1770 1572 1808 non
1599 1754 1876 1820 bibit,aut
1898 1771 2012 1808 non

372 1845 603 1918 digerit,
635 1851 736 1902 aut
768 1863 882 1903 non
907 1845 1140 1911 dormit,
1173 1844 1300 1900 sine
1329 1843 1504 1899 dubio
1537 1842 1724 1899 vivere
1756 1860 1869 1898 non
1904 1860 2006 1914 po-
2044 1831 2089 1894 Β

2125 597 2226 647 aut
2258 608 2370 646 non
2406 593 2760 658 furatur,aut
2791 593 2890 662 qui
2925 608 3040 646 non
3073 592 3291 664 aliquid
3317 594 3533 650 crimen
3561 595 3773 652 admit-

2125 683 2218 747 tit,
2249 697 2361 737 non
2391 697 2563 752 posse
2584 680 2778 736 vivere
2805 687 3332 738 monstraretur.At
3361 700 3494 739 vero
3517 702 3650 739 cum
3671 687 3774 740 do-

2127 775 2324 825 ceatur
2348 771 2524 826 homo
2557 771 2685 826 sine
2708 771 3089 826 fornicatione
3124 771 3312 827 vivere
3342 774 3590 843 quisine
3621 775 3775 830 victu

2127 865 2184 914 et
2211 860 2422 915 vestitu
2448 860 2638 915 vivere
2665 877 2778 915 non
2816 865 3025 931 potest,
3059 865 3290 916 constat
3349 878 3482 918 eum
3543 863 3621 918 ita
3645 880 3776 919 con-

2127 949 2316 1004 ditum
2351 966 2385 1004 a
2416 950 2564 1004 bono
2597 949 2917 1015 conditore,
2946 954 3009 1004 ut
3026 950 3152 1004 sine
3189 950 3536 1006 criminibus
3596 959 3774 1023 queat

2128 1038 2470 1106 subsistere,
2503 1055 2634 1093 cum
2665 1039 2887 1109 absque
2919 1038 3210 1095 alimoniis
3255 1057 3368 1096 non
3405 1043 3590 1111 possit
3638 1060 3770 1097 om-

2127 1129 2266 1182 nino
2289 1133 2558 1183 constare
2587 1128 2651 1181 ”.
2684 1127 2942 1198 Denique
2968 1128 3234 1185 clausum
3269 1145 3518 1198 carcere,
3545 1135 3769 1187 tentum

2126 1218 2184 1272 in
2215 1216 2486 1283 vinculis,
2511 1219 2877 1291 deportatum
2909 1221 3112 1276 exsilio
3159 1221 3385 1292 absque
3419 1220 3768 1276 criminibus

2125 1306 2314 1361 vivere
2346 1323 2516 1377 posse
2546 1307 3101 1378 cognoscimuscum
3130 1308 3345 1379 absque
3367 1308 3494 1363 cibo
3521 1317 3576 1364 et
3605 1315 3768 1380 potu,

2127 1395 2545 1465 etdigestione,
2579 1401 2636 1450 et
2660 1413 2886 1462 somno,
2923 1397 3159 1467 penitus
3219 1397 3405 1451 vivere
3453 1414 3568 1451 non
3601 1413 3771 1467 posse

2127 1487 2594 1558 comprobemus.
2650 1487 2814 1541 Nunc
2866 1487 2986 1556 jam
3040 1487 3108 1541 ad
3157 1493 3429 1542 sanctum
3479 1487 3767 1542 Joannem

2124 1575 2449 1645 apostolum
2474 1582 2531 1631 et
2561 1575 2979 1647 evangelistam
3013 1576 3317 1630 ﬂectamus
3347 1576 3685 1643 articulum,
3717 1585 3771 1631 et

2125 1666 2193 1720 ad
2231 1667 2542 1721 Dominum
2566 1666 2637 1720 de
2671 1666 2772 1720 hac
2795 1665 2921 1720 luce
2953 1663 3201 1734 qualiter
3226 1665 3561 1735 migraverit
3585 1665 3768 1736 expli-

2124 1771 2342 1811 cemus.
2378 1755 2618 1826 Explica
2647 1755 2933 1823 Prologus.

722 2105 1093 2203 Incipiunt
1131 2107 1351 2180 Actus
1383 2107 1486 2179 vel
1524 2107 1873 2180 Miracula
1913 2108 2140 2180 sancti
2179 2108 2476 2180 Joannis
2518 2107 2817 2206 apostoli
2849 2115 2917 2180 et
2955 2105 3404 2202 evangelistze

447 2286 771 2343 Secundam
807 2288 939 2355 post
976 2284 1261 2338 Neronem
1319 2283 1787 2339 Christianorum
1822 2299 2014 2354 persc-

373 2375 670 2431 cutionem
707 2373 1072 2428 Domitianus
1095 2372 1372 2437 exercuit,
1415 2374 1568 2427 unde
1603 2375 1815 2427 factum
1845 2379 1934 2428 est
1957 2380 2019 2428 ut

373 2472 613 2519 sanctus
673 2464 927 2518 Joannes
986 2466 1384 2531 asportaretur
1439 2464 1510 2516 de
1567 2462 1793 2534 Epheso
1851 2471 1904 2516 et
1958 2462 2016 2516 in

379 2558 612 2612 Patmos
645 2555 841 2610 insula
872 2555 929 2608 in
952 2554 1220 2608 exsilium
1255 2553 1607 2622 mitteretur,
1664 2554 1723 2608 in
1757 2571 1872 2624 qua
1929 2554 2015 2607 in-

377 2647 508 2701 sula
537 2645 942 2716 Apocalypsim
969 2660 1140 2714 quam
1161 2643 1208 2698 ei
1243 2644 1527 2698 Dominus
1548 2643 1818 2697 revelavit
1840 2659 2014 2697 manu

375 2752 480 2790 sua
511 2733 881 2804 conscripsit.
909 2733 1276 2788 Domitianus
1301 2737 1491 2786 autem
1517 2732 1716 2786 eodem
1735 2748 1886 2786 anno
1906 2747 2017 2802 quo

371 2819 556 2888 jussit
583 2825 850 2873 sanctum
883 2821 1164 2872 Joannem
1199 2816 1500 2872 exsiliaria
1528 2822 1732 2870 senatu
1760 2818 2018 2871 Romano

376 2901 717 2955 interfectus
748 2905 852 2953 est.
899 2903 1126 2952 Etcum
1161 2897 1274 2952 Deo
1318 2913 1455 2951 cura
1491 2898 1600 2951 fuit
1642 2897 1711 2951 de
1755 2895 2016 2966 apostolo

375 3005 576 3058 suo,ex
608 2990 788 3044 totius
820 2993 1059 3042 senatus
1083 2986 1349 3042 consultu
1380 2987 1488 3041 hoc
1507 2987 1813 3040 deﬁnitum
1839 2991 2019 3050 est,ut

374 3078 652 3150 quidquid
697 3078 1066 3132 Domitianus
1099 3075 1221 3131 fieri
1252 3075 1433 3130 voluit
1491 3081 1838 3130 cessaretur.
1875 3075 2018 3130 Hinc

371 3169 590 3222 factum
616 3173 706 3222 est
737 3173 795 3221 ut
826 3173 1067 3221 sanctus
1098 3166 1352 3221 Joannes
1370 3165 1470 3236 qui
1505 3165 1798 3220 voluntate
1821 3165 2017 3219 Domi-

373 3256 516 3310 tiani
548 3257 891 3328 deportatus
922 3272 1058 3310 cum
1091 3254 1307 3325 injuria
1364 3256 1573 3322 fuerat,
1625 3271 1757 3309 cum
1803 3254 2016 3309 honore

376 3347 445 3401 ad
472 3346 766 3416 Ephesum
801 3351 1105 3403 remearet.
1139 3345 1405 3400 Occurrit
1453 3351 1648 3400 autem
1711 3345 1791 3399 illi
1825 3345 2018 3400 omnis

384 3438 635 3508 populus
667 3437 922 3491 virorum
957 3453 1022 3492 ac
1055 3435 1387 3504 mulierum,
1422 3452 1623 3490 omnes
1657 3437 2018 3490 exsultantes

2131 2301 2335 2340 somno
2375 2285 2688 2339 excitasset
2719 2299 2869 2336 eam.
2916 2283 3126 2337 Factus
3167 2285 3258 2334 est
3312 2287 3504 2334 autem
3565 2278 3782 2334 clamor

2131 2374 2326 2444 pepuli
2359 2391 2462 2443 per
2491 2379 2609 2428 tres
2649 2372 2822 2426 horas
2845 2371 3123 2424 dicentis:
3183 2369 3341 2424 Unus
3383 2375 3536 2423 Deus
3595 2385 3765 2440 quem

2129 2464 2409 2532 praedicat
2435 2462 2712 2526 Joannes,
2747 2477 2900 2515 unus
2931 2465 2986 2514 et
3042 2475 3213 2513 verus
3273 2457 3554 2512 Dominus
3595 2458 3769 2512 Jesus

2127 2551 2416 2606 Christus.
2455 2552 2648 2605 Altera
2681 2567 2812 2605 vero
2843 2550 2935 2603 die
2991 2550 3202 2604 Craton
3263 2548 3652 2619 philosophus
3709 2547 3768 2600 in

2129 2639 2252 2693 foro
2285 2645 2668 2710 proposuerat
2699 2641 2769 2693 de
2800 2642 3135 2706 contemptu
3162 2637 3368 2690 mundi
3427 2637 3769 2705 hujusmodi

2127 2729 2619 2798 spectaculum,ut
2641 2729 2785 2798 duos
2811 2729 3022 2782 fratres
3043 2725 3368 2780 ditissimos
3403 2727 3768 2793 produceret,

2128 2833 2274 2888 quos
2309 2818 2522 2874 fecerat
2548 2819 2826 2872 distracto
2859 2815 3206 2888 patrimonio
3265 2829 3529 2885 gemmas
3579 2829 3772 2869 emere

2128 2907 2412 2977 singulas,
2447 2925 2592 2978 quas
2626 2911 2680 2962 in
2730 2911 3042 2977 conspectu
3093 2905 3358 2960 omnium
3421 2902 3767 2975 pepulerum

2132 2997 2426 3068 fregerunt
2450 2998 2634 3068 pueri.
2670 2997 2832 3063 Quod
2864 3013 2996 3050 cum
3034 2997 3289 3050 facerent
3312 2993 3554 3064 contigit
3584 2997 3773 3046 trans-

2129 3085 2276 3139 itum
2311 3085 2523 3141 habere
2553 3086 2834 3141 Joannem
2862 3085 3210 3156 apostolum,
3242 3088 3299 3138 et
3325 3099 3648 3136 convocans
3698 3082 3772 3137 ad

2129 3191 2190 3230 se
2248 3174 2550 3230 Cratonem
2617 3175 3035 3246 phi1030pbum
3094 3173 3212 3227 ait:
3261 3172 3488 3227 Stultus
3542 3176 3630 3226 est
3663 3171 3770 3226 iste

2130 3264 2334 3318 mundi
2368 3269 2757 3334 contemptus,
2786 3265 2882 3334 qui
2909 3263 3217 3318 hominum
3242 3278 3338 3316 ore
3371 3260 3770 3327 laudatur,sed

2126 3355 2549 3409 condemnatur
2580 3353 3057 3424 divinojudicio;
3093 3352 3245 3406 sicut
3277 3351 3434 3404 enim
3481 3367 3626 3404 vana
3659 3365 3770 3403 me-

2129 3443 2324 3498 dicina
2350 3448 2457 3508 est,
2481 3460 2544 3498 ex
2579 3460 2694 3514 qua
2728 3460 2840 3497 non
2864 3442 3190 3496 absciditur
3226 3439 3486 3506 morbus,
3520 3440 3602 3493 ita
3623 3455 3771 3493 vana

375 3525 702 3580 etdicentes
730 3525 1084 3580 :Benedictus
1106 3526 2012 3595 quivem'tinnomineDomini(a).
2053 3566 2094 3631 Ο
2129 3535 2392 3589 doctrina
2416 3540 2524 3599 est,
2558 3552 2625 3589 ex
2656 3552 2766 3603 qua
2807 3551 2923 3587 non
2971 3536 3248 3587 curantur
3279 3531 3413 3584 vitia
3441 3531 3770 3585 animarum

447 3616 590 3670 Cum
621 3619 816 3669 autem
841 3615 1245 3686 ingrederetur
1266 3614 1871 3683 civitatem,Drusiana
1893 3631 2019 3686 quae

382 3720 615 3775 semper
643 3720 778 3758 eum
811 3708 1011 3758 secuta
1044 3705 1220 3758 fuerat
1249 3711 1302 3757 et
1332 3704 1617 3758 adventus
1661 3704 1790 3773 ejus
1833 3704 2021 3757 fuerat

386 3795 672 3850 desiderio
705 3794 1320 3866 fatigata,ell‘erebatur
1339 3797 1752 3847 mortua.Tunc
1783 3798 2020 3848 sanctus

379 3885 636 3940 Joannes
657 3884 862 3938 videns
893 3883 1096 3937 ﬂentes
1131 3898 1434 3952 pauperes,
1467 3888 1522 3936 et
1547 3887 2022 3953 parentes,atqne

381 3977 587 4030 viduas
612 3973 787 4029 simul
812 3991 940 4028 cum
975 3973 1253 4043 orphanis
1285 3973 1606 4028 clamantes
1638 3981 1693 4028 et
1725 3975 2017 4028 dicentes:

379 4065 588 4119 Sancte
608 4066 860 4118 Joannes
885 4065 1304 4134 apostole,ecce
1329 4062 1670 4116 Drusianam
1693 4063 2021 4118 eﬂ‘errimus

382 4170 507 4224 qua:
542 4153 758 4208 sanctis
785 4153 902 4207 tuis
936 4152 1172 4207 monitis
1197 4153 1600 4220 obtemperans
1659 4168 1864 4207 omnes
1917 4171 2021 4208 nos

379 4242 854 4309 alebat,serviens
887 4241 1132 4296 Domino
1153 4241 1210 4294 in
1239 4240 1576 4295 castitateet
1595 4240 1924 4296 humilitate
1941 4259 1953 4307 ;
1970 4249 2023 4296 et

383 4329 642 4400 quotidie
663 4330 1032 4385 desiderabat
1061 4330 1312 4383 reditum
1346 4334 1535 4396 tuum,
1569 4329 1804 4384 dicens:
1851 4332 1909 4384 Si
1939 4332 2020 4384 vi-

382 4419 549 4473 deam
585 4420 914 4488 apostolum
949 4418 1048 4472 Dei
1099 4417 1280 4472 oculis
1339 4418 1504 4487 meis,
1538 4429 1849 4490 antequam
1898 4437 2019 4475 mo-

380 4507 496 4560 riar
521 4525 536 4574 ;
564 4523 691 4561 ecce
722 4513 781 4561 tu
815 4506 1025 4561 venisti
1049 4511 1104 4562 et
1135 4512 1188 4561 te
1222 4508 1414 4561 videre
1456 4525 1564 4562 non
1614 4509 1818 4577 potuit.
1861 4509 2022 4565 Tunc

385 4596 588 4651 beatus
617 4597 874 4651 Joannes
901 4596 1074 4665 jussit
1134 4596 1344 4667 deponi
1401 4598 1676 4651 feretrum
1713 4603 1768 4652 et
1815 4599 2022 4654 resolvi

387 4702 596 4757 corpus
621 4689 770 4756 ejus,
805 4690 860 4740 et
889 4703 1026 4740 voce
1052 4685 1207 4740 clara
1250 4685 1396 4740 dixit
1445 4703 1640 4742 coram
1697 4690 1973 4746 omnibus
2007 4707 2021 4744 :

386 4775 670 4830 Dominus
700 4793 866 4831 meus
891 4776 1064 4830 Jesus
1093 4775 1361 4831 Christus
1385 4776 1590 4831 excitet
1607 4783 1682 4846 te,
1718 4780 2022 4847 Drusiana,

379 4881 553 4936 surge
585 4871 641 4919 et
668 4866 916 4936 pedibus
949 4865 1064 4918 tuis
1125 4871 1409 4921 revertere
1441 4867 1680 4921 domum
1743 4873 1902 4922 tuam
1968 4876 2024 4924 et

2125 3628 2181 3676 et
2206 3640 2455 3678 morum.
2482 3624 2970 3694 Magisteritaque
3014 3638 3180 3676 meus
3224 3622 3499 3690 juvenem
3542 3619 3777 3688 cupien-

2134 3716 2244 3766 tem
2278 3713 2348 3767 ad
2380 3715 2558 3768 vitam
2592 3718 2868 3767 aeternum
2902 3709 3310 3781 attingere,his
3342 3709 3530 3763 verbis
3553 3709 3772 3763 instru-

2128 3801 2211 3854 xit
2239 3806 2300 3855 ut
2330 3803 2542 3857 diceret
2564 3808 2854 3873 quatenus
2887 3801 2936 3854 si
2968 3800 3138 3855 vellet
3166 3800 3455 3870 perfectus
3476 3814 3604 3853 esse
3634 3815 3771 3852 ven-

2131 3889 2290 3944 deret
2320 3891 2513 3944 omnia
2543 3907 2648 3945 sua
2711 3897 2768 3944 et
2801 3892 2964 3944 daret
3011 3889 3404 3959 pauperibus;
3457 3905 3572 3958 quo
3623 3888 3771 3942 facto

2131 3978 2474 4034 thesaurum
2509 3981 2566 4033 in
2597 3980 2756 4034 scalis
2789 3980 3098 4047 aquireret,
3123 3983 3180 4032 et
3226 3978 3402 4032 vitam
3437 3993 3567 4046 quae
3601 3977 3772 4032 finem

2132 4089 2245 4126 non
2284 4072 2457 4127 habet
2506 4073 2802 4127 inveniret.
2855 4071 2960 4126 Cui
3023 4074 3228 4125 Craton
3287 4069 3457 4123 dixit:
3495 4073 3774 4123 Ilumanze

2131 4161 2463 4231 cupiditatis
2495 4161 2721 4216 fructus
2754 4161 2809 4216 in
2846 4161 3036 4214 medio
3059 4159 3364 4214 hominum
3396 4159 3618 4228 positus
3637 4175 3776 4212 con-

2130 4250 2349 4304 fractus
2377 4254 2503 4314 est;
2537 4249 2634 4304 sed
2668 4251 2714 4304 si
2747 4263 2880 4302 vere
2915 4249 3064 4303 Deus
3097 4252 3186 4302 est
3213 4246 3494 4316 magister
3525 4251 3660 4300 tuus
3718 4252 3774 4302 et

2129 4340 2252 4393 vult
2282 4339 2389 4393 hoc
2414 4340 2535 4393 fieri
2571 4344 2633 4394 ut
2663 4339 3023 4410 pauperibus
3064 4341 3333 4408 erogetur
3359 4353 3572 4391 census
3606 4337 3772 4406 pretii

2131 4427 2336 4482 harum
2361 4429 2608 4482 duarum
2663 4442 3051 4499 gemmarum,
3085 4427 3173 4479 lac
3219 4424 3559 4496 reintegrari
3612 4441 3775 4495 gem-

2133 4533 2276 4584 mas,
2311 4522 2374 4570 ut
2402 4516 2556 4588 quod
2585 4533 2690 4586 ego
2723 4517 2828 4571 feci
2859 4517 2930 4570 ad
2966 4517 3184 4570 famam
3218 4514 3546 4583 hominum,
3581 4519 3642 4568 tu
3687 4516 3768 4568 fa-

2131 4606 2251 4662 cias
2282 4607 2351 4660 ad
2386 4605 2630 4676 gloriam
2665 4606 2793 4674 ejus
2821 4605 2964 4671 fieri,
3009 4620 3177 4676 quem
3202 4612 3368 4658 tuum
3425 4605 3770 4674 magistrum

2130 4711 2258 4749 esse
2287 4711 2738 4750 commemoras.
2771 4697 2928 4749 Tunc
2960 4695 3162 4749 beatus
3193 4695 3442 4749 Joannes
3491 4693 3770 4761 colligens

2133 4784 2452 4854 fragmenta
2482 4800 2873 4854 gemmarum,
2909 4791 2966 4837 et
3011 4799 3236 4854 ponens
3266 4799 3333 4838 ea
3380 4783 3438 4836 in
3500 4784 3775 4836 manibus

2131 4873 2277 4939 suis,
2302 4873 2543 4927 elevavit
2574 4874 2774 4928 oculos
2807 4874 2874 4926 ad
2908 4871 3114 4927 caelum
3146 4877 3201 4926 et
3222 4872 3332 4926 ait:
3385 4871 3629 4925 Domine
3676 4870 3778 4924 Je-

375 4971 639 5025 prazpara
674 4954 811 5008 mihi
845 4956 1234 5008 refectionem.
1262 4955 1342 5009 Ad
1373 4956 1520 5010 hanc
1548 4972 1748 5011 vocem
1774 4961 2026 5014 surrexit
2057 4965 2102 5028 D
2137 4979 2204 5016 su
2236 4961 2483 5031 Christe,
2518 4963 2609 5017 cui
2637 4961 2783 5015 nihil
2813 4961 3178 5030 impossibile
3210 4964 3318 5025 est,
3373 4962 3469 5028 qui
3525 4959 3774 5012 fractum

378 5048 433 5098 et
460 5044 634 5115 cmpit
675 5044 780 5113 ire,
813 5043 1063 5099 sollicita
1107 5044 1471 5114 dejussione
1528 5047 1797 5115 apostoli,
1825 5049 1904 5102 ita
1963 5054 2024 5102 ut

381 5133 673 5188 videretur
701 5131 813 5203 ipsi
845 5131 1148 5188 Drusianae
1181 5133 1320 5204 quia
1352 5150 1466 5189 non
1501 5135 1571 5189 de
1603 5137 1920 5208 morte,sed
1952 5138 2022 5193 de

455 5281 480 5312 ι
513 5260 655 5316 Psal.
688 5275 856 5322 cxvn,
889 5260 980 5313 26.

2139 5053 2423 5105 mundum
2450 5069 2552 5122 per
2580 5051 2809 5122 lignum
2841 5047 3329 5119 concupiscentiae
3387 5063 3488 5117 per
3541 5046 3771 5116 lignum

2135 5141 2324 5196 crucis
2355 5147 2466 5196 tuae
2498 5141 2745 5196 interius
2780 5139 3052 5194 ﬁdelibus
3081 5136 3461 5194 restaurasti.‘
3491 5135 3592 5207 qui
3642 5141 3778 5190 nato

1741 5363 1977 5419 νΑΡιΙίΕ
2007 5367 2412 5425 LECTIONES.

450 5487 497 5521 ‘3
528 5488 699 5542 Toled.
732 5504 840 5545 om.
873 5488 1082 5544 solum.

393 5633 852 5690 memoraverim.

928 5488 1082 5570 ilum.
1144 5488 1206 5572 λδ
1236 5489 1405 5572 Toled.
1444 5489 1602 5572 add:
1637 5489 2010 5572 Sieaim‘vere
2029 5493 2433 5572 negligentem
2468 5499 2522 5550 te
2576 5495 2942 5572 accusaveris
2969 5511 3062 5572 _ac
3111 5495 3547 5572 delinquentem
3583 5498 3640 5572 e_t
3671 5509 3764 5572 ve:

389 5576 512 5614 ram
547 5560 660 5614 Deo
691 5560 972 5634 obtuleris
1006 5563 1424 5634 paenitentiam,
1460 5562 1530 5634 ad
1563 5578 1757 5634 veram
1786 5564 1996 5634 poteris
2027 5560 2446 5634 indulgentiam
2490 5569 2807 5633 pervenire.

935 5634 974 5666 ⁸⁷
1007 5634 1176 5689 Toted.
1211 5632 1514 5688 mendacio
1547 5633 1753 5702 plenus
1787 5632 1799 5634 ἡ
1830 5635 1870 5670 ιε
1905 5636 2082 5690 Tolcd.
2117 5632 2387 5695 duarum.

2888 5567 2929 5600 ¹⁸
2967 5568 3141 5623 Ἰσιειί.
3207 5567 3417 5622 Leucii.
3495 5566 3542 5599 ίσ
3600 5566 3774 5622 Toled.

2467 5639 2513 5673 ω
2545 5639 2715 5694 Toled.
2752 5639 3060 5712 principio.
