4110 6150
350 317 505 378 1243

1397 323 1458 380 S.
1510 319 1809 382 MELITO
1853 320 2209 397 SARDIUM
2251 320 2703 384 EPISCOPUS.

3602 330 3760 391 12M

350 467 498 506 caeco
530 450 748 517 oculos,
782 466 929 521 quos
983 454 1195 508 natura
1253 456 1585 524 negaverat,
1633 452 1938 515 reddidisti
1976 473 1991 525 ;
2026 457 2080 520 Α
2108 453 2262 521 enim
2287 453 2349 518 in
2378 457 2704 517 vestrorum
2736 468 3036 516 servorum
3070 458 3346 529 aspectus
3394 461 3452 514 et
3490 475 3591 519 vos
3621 460 3757 519 efl'e-

355 540 454 610 qui
482 544 775 595 mortuum
804 540 1083 595 Lazarum
1114 546 1172 596 et
1201 541 1496 612 sepultum
1559 546 1688 612 post
1725 545 2000 612 quartum

356 628 509 684 diem
545 629 615 683 ad
673 644 916 698 superos
968 631 1272 696 revocasti,
1318 634 1375 687 et
1434 646 1638 695 omnes
1690 632 1923 693 morbos
1944 634 2002 690 et

358 735 562 774 omnes
585 718 959 789 aegritudines
982 718 1343 779 virtutistuea
1366 720 1540 777 verbo
1552 721 2003 787 curasti,adesto

353 824 530 879 super
573 807 797 878 lapides
831 809 976 867 istos
1027 810 1316 882 pretiosos
1376 814 1439 867 ut
1469 828 1617 881 quos
1666 811 2004 882 ignorantes

354 897 611 952 fructum
643 896 1025 969 eleemosynae
1055 898 1125 953 ad
1163 897 1408 969 plausus
1440 898 1749 969 hominum
1785 899 2005 967 confre.

355 989 589 1057 gerunt,
612 989 696 1051 tu,
734 986 998 1055 Domine,
1030 1003 1130 1061 per
1152 1003 1365 1049 manus
1396 987 1731 1059 angelorum
1766 992 2001 1051 tuorum

360 1077 531 1131 modo
564 1092 891 1148 recuperes,
918 1082 979 1131 ut
1000 1076 1183 1148 pretio
1198 1094 1399 1145 eorum
1422 1077 1836 1145 misericordia:
1855 1097 1998 1147 usus

360 1165 623 1236 expletus
650 1166 822 1221 faciat
842 1165 1142 1227 credentes
1165 1166 1269 1223 tibi
1299 1166 1619 1239 pervenire,
1642 1169 1795 1245 quod
1833 1173 2001 1239 tuum

356 1253 695 1324 imperium,
718 1254 815 1325 qui
849 1271 980 1311 cum
1010 1253 1267 1326 ingenito
1288 1254 1451 1311 Patre
1481 1255 1768 1326 etSpiritu
1803 1261 2005 1317 sancto

354 1343 752 1409 illuminatnre
787 1352 840 1399 et
867 1344 1295 1407 sanctificatore
1327 1344 1506 1409 totius
1562 1344 1830 1407 Ecclesiae
1862 1346 2004 1407 vivis

357 1441 404 1487 ei
434 1449 664 1504 regnas,
693 1434 914 1495 Deusin
947 1432 1162 1493 saecula
1191 1433 1829 1506 saeuiorumﬂumque
1861 1434 2003 1493 ﬁde-

350 1520 435 1577 les
464 1521 559 1592 qui
590 1538 723 1579 cum
756 1520 1018 1591 apostolo
1050 1526 1217 1583 erant
1241 1523 2006 1594 respondissentAmen,ita

351 1612 595 1667 solidata
616 1615 757 1667 sunt
779 1612 1108 1682 fragmenta
1137 1616 1610 1685 gemmarum,nt
1641 1629 1745 1679 nec
1768 1613 2004 1685 signum

354 1703 607 1773 alicujus
639 1702 904 1757 fracturae
932 1704 991 1756 in
1024 1703 1107 1757 eis
1141 1707 1487 1768 remaneret,
1536 1703 1700 1769 Tunc
1750 1701 2005 1782 philoso-

357 1791 512 1863 phus
531 1792 737 1847 Craton
770 1790 944 1846 simul
995 1807 1123 1846 cum
1157 1792 1581 1862 hisjuvenibus
1612 1796 1668 1847 et
1696 1808 1829 1847 cum
1881 1792 2006 1847 uni-

359 1881 543 1936 versis
571 1879 874 1950 discipulis
887 1881 1009 1934 suis
1027 1881 1268 1951 pedibus
1282 1882 1411 1951 ejus
1435 1880 1744 1937 advolutus
1758 1881 2005 1936 credidit

357 1974 414 2025 et
445 1969 765 2039 baptizatus
797 1975 882 2023 est
910 1984 1041 2023 cum
1075 1970 1351 2024 omnibus
1383 1974 1440 2023 et
1469 1968 1644 2041 ccepit
1682 1970 1858 2025 fidem
1892 1976 2003 2025 Do-

359 2057 504 2112 mini
555 2058 736 2113 nostri
767 2057 905 2117 Jesu
957 2057 1168 2117 Christi
1202 2058 1441 2128 publica
1476 2058 1810 2133 praedicare.
1846 2062 2006 2122 Tunc

364 2149 477 2203 duo
505 2147 589 2202 illi
621 2147 832 2203 fratres
866 2150 1271 2202 venundantes
1302 2164 1568 2219 gemmas
1585 2165 1733 2218 quas
1768 2148 2005 2203 vendito

362 2238 715 2309 patrimonio
749 2255 887 2297 suos
918 2242 1183 2295 emerant
1213 2238 1571 2310 pauperibus
1602 2242 2004 2311 erogaverunt.

359 2330 618 2401 Etcmpit
640 2329 871 2384 infinita
899 2329 1071 2384 turba
1103 2329 1398 2384 adhaerere
1430 2330 1716 2400 apostolo.

432 2420 592 2475 Tunc
623 2419 738 2474 duo
766 2419 1029 2475 honorati
1055 2419 1160 2474 viri
1193 2419 1445 2483 civitatis
1482 2419 1863 2490 Ephesiorum
1897 2418 2007 2479 ho.

361 2526 492 2563 rum
529 2515 835 2579 sequentes
891 2508 1592 2578 exemplum,vendeutes
1646 2509 1842 2567 omnia
1899 2524 2008 2565 sua

360 2615 487 2669 quis
523 2597 731 2653 habere
759 2601 1026 2668 poterant
1047 2603 1105 2653 et
1136 2598 1343 2655 dantes
1378 2597 1652 2657 universa
1674 2598 2001 2670 egentibus,

354 2687 757 2758 sequebantur
815 2686 1146 2758 apostolum
1205 2704 1303 2755 per
1360 2686 1621 2742 civitates
1682 2692 1913 2747 euntem
1946 2692 2004 2745 et

352 2776 524 2832 verba
554 2775 787 2830 Domini
820 2776 1253 2847 praedicantem.
1282 2776 1533 2847 Contigit
1565 2782 1762 2831 autem
1825 2787 1883 2831 ut
1916 2775 2003 2830 in-

348 2867 567 2921 trantes
593 2866 799 2920 urbem
835 2865 1182 2935 Pergamum
1216 2865 1479 2928 viderent
1504 2880 1704 2921 servos
1737 2881 1875 2925 suos
1908 2881 1997 2923 se-

353 2953 488 3009 ricis
510 2953 751 3009 indutos
777 2954 1031 3013 vestibus
1081 2955 1460 3025 procedentes
1493 2958 1548 3008 et
1570 2952 1625 3011 in
1659 2953 1844 3026 gloria
1893 2969 2002 3009 saa-

351 3042 535 3098 culari
559 3043 871 3113 fulgentes.
891 3042 1053 3101 Unde
1085 3042 1304 3098 factum
1335 3048 1421 3098 est
1444 3048 1508 3097 ut
1538 3044 1753 3113 sagitta
1783 3043 2001 3107 diaboli

351 3133 610 3202 percussi
645 3131 840 3186 tristes
864 3130 1254 3200 efﬁcerentur,
1289 3131 1446 3202 quod
1474 3147 1536 3186 se
1576 3131 1635 3190 in
1669 3148 1785 3193 uno
1819 3131 1996 3203 pallio

348 3221 630 3283 viderent,
662 3227 918 3291 egentes,
953 3238 1090 3278 suos
1120 3238 1253 3276 vero
1306 3236 1504 3276 servos
1562 3220 2000 3291 potentissimos

346 3314 521 3380 atque
543 3309 852 3380 fulgentes.
887 3309 998 3363 Sed
1033 3309 1141 3363 hos
1172 3309 1335 3367 dolos
1382 3307 1600 3371 diaboli
1660 3308 2001 3380 intelligens

346 3398 642 3469 apostolus
661 3398 773 3455 ait:
805 3399 982 3453 Video
1009 3414 1107 3453 vos
1138 3402 1197 3455 et
1240 3396 1469 3460 animos
1515 3405 1766 3460 mutasse
1796 3404 1853 3455 et
1884 3398 2002 3455 vul-

348 3496 445 3546 tus
477 3494 712 3561 propter
733 3489 841 3545 hoc
873 3489 1025 3560 quod
1085 3489 1412 3547 doctrinam
1443 3487 1674 3547 Domini
1710 3487 1827 3547 mei
1858 3491 2000 3547 Jesu

347 3580 562 3636 Christi
596 3580 781 3635 secuti
812 3579 975 3644 estis,
1008 3582 1068 3635 et
1097 3577 1295 3633 omnia
1325 3594 1453 3647 quae
1479 3576 1687 3633 habere
1723 3577 2001 3649 potuistis

347 3669 704 3741 pauperibus
729 3666 1081 3731 contulistis.
1121 3667 1278 3724 Unde
1312 3665 1361 3721 si
1400 3666 1577 3723 vultis
1611 3666 1809 3727 omnia
1836 3683 2000 3727 recu.

356 3777 557 3833 perare
590 3776 716 3830 qua
750 3758 807 3813 in
840 3763 1065 3825 auro,et
1093 3757 1152 3812 in
1188 3760 1447 3828 argento,
1472 3762 1527 3813 et
1555 3756 1852 3828 lapidibus
1877 3772 2002 3828 pre.

353 3850 522 3906 tiosis
554 3848 865 3913 habuistis,
899 3848 1118 3903 deferte
1143 3846 1289 3902 mihi
1322 3845 1512 3916 virgas
1547 3850 1729 3902 rectas
1789 3846 1847 3900 in
1880 3845 2001 3903 sin-

353 3940 506 4011 gulis
539 3939 815 3994 fascibus.
865 3938 1023 4001 Quod
1089 3952 1222 3989 cum
1276 3935 1567 3996 fecissent,
1606 3936 1871 3991 invocato
1905 3951 2004 3990 no-

357 4030 513 4085 mine
546 4028 770 4083 Domini
800 4042 1087 4082 conversae
1121 4030 1258 4079 sunt
1290 4024 1345 4077 in
1419 4041 1649 4083 aurum.
1684 4025 1828 4081 Item
1858 4024 2005 4087 dixit

351 4119 463 4174 eis:
496 4118 721 4173 Deferto
753 4115 895 4171 mihi
920 4114 1144 4185 lapides
1188 4112 1446 4173 minutos
1482 4130 1515 4167 a
1563 4111 1754 4175 littore
1798 4113 1998 4175 maris.

356 4208 518 4271 Quod
565 4222 697 4262 cum
756 4205 1051 4270 fecissent,
1085 4204 1345 4261 invocala
1395 4201 1618 4265 Domini
1675 4202 1999 4272 majestate,

358 4295 619 4351 conversi
653 4299 793 4350 sunt
823 4294 880 4349 in
926 4308 1211 4365 gemmas.
1246 4292 1411 4349 Tunc
1443 4291 1583 4349 dicit
1637 4290 1722 4349 eis
1764 4295 2000 4361 sanctus

353 4384 605 4439 Joannes
637 4382 936 4455 apostolus
964 4399 976 4441 ς
1009 4381 1117 4436 Per
1148 4391 1365 4453 septem
1399 4380 1524 4437 dies
1567 4380 1643 4441 ite
1676 4396 1771 4451 per
1806 4380 2001 4439 aurifi-

2108 547 2233 598 ctos
2266 558 2546 621 pauperes
2574 543 3111 617 gemuistis.EstOIe
3140 562 3273 614 ergo
3298 547 3583 617 iloridi,ut
3604 567 3757 613 mar-

2107 635 2565 704 cescatis,estote
2596 634 2801 698 divites
2833 636 3253 708 temporaliter,
3288 644 3352 703 ut
3386 639 3442 696 in
3476 645 3756 704 aeternum

2111 720 2766 799 mendicetis.Nunquid
2797 738 2931 781 nam
2965 723 3258 794 impotens
3289 731 3378 782 est
3405 745 3615 789 manus
3646 729 3756 787 Do-

2110 811 2253 875 mini
2287 815 2350 867 ut
2382 827 2495 875 non
2531 810 2703 871 faciat
2732 828 2929 875 servos
2955 830 3092 878 suos
3115 815 3338 875 divitiis
3369 818 3682 881 affluentes
3708 830 3764 876 et

2109 899 2647 973 incomparabiliter
2663 900 3038 977 splendentes
3055 902 3083 957 ?
3101 903 3211 960 Sed
3238 911 3526 971 certamen
3554 911 3763 971 statuit

2110 988 2440 1051 animorum
2476 994 2535 1049 ut
2565 989 2665 1060 qui
2698 1006 2797 1059 pro
2828 990 2957 1060 ejus
2989 992 3226 1056 nomine
3279 997 3635 1066 temporales
3666 998 3763 1057 ha-

2112 1078 2240 1145 bere
2272 1095 2409 1157 opes
2444 1078 2737 1143 noluerint
2767 1080 3011 1141 credant
3043 1098 3105 1138 se
3130 1086 3379 1141 aeternas
3428 1085 3756 1149 habituros.

2115 1166 2371 1244 Denique
2405 1167 2659 1233 narravit
2680 1168 2847 1231 nobis
2875 1168 3150 1233 Dominus
3173 1178 3372 1233 noster
3402 1173 3572 1237 Jesus
3594 1175 3761 1235 Chri-

2110 1260 2238 1321 stus
2268 1256 2339 1311 de
2394 1256 2648 1335 quodam
2708 1258 2904 1325 divite,
2952 1260 3052 1337 qui
3114 1262 3462 1334 epulabatur
3497 1266 3765 1343 quotidie

2112 1343 2416 1421 splendide
2447 1351 2499 1407 et
2532 1344 2789 1417 fulgebat
2816 1345 2874 1407 in
2913 1364 3053 1402 auro
3082 1353 3135 1407 et
3169 1367 3450 1423 purpura,
3482 1353 3549 1411 ad
3588 1356 3763 1425 cujus

2112 1435 2265 1496 fores
2287 1435 2525 1511 jacebat
2555 1436 2861 1498 mendicus
2896 1436 3168 1507 Lazarus,
3201 1442 3302 1511 qui
3364 1443 3648 1515 cupiebat
3680 1442 3766 1507 vel

2113 1524 2294 1591 micas
2324 1541 2451 1593 qum
2477 1525 2547 1583 de
2582 1541 2780 1587 mensa
2839 1528 2966 1601 ejus
3025 1529 3315 1591 cadebant
3364 1532 3650 1605 accipere,
3710 1538 3765 1595 et

2114 1630 2283 1679 nemo
2319 1612 2401 1685 iiii
2436 1614 2895 1689 dabat.Contigit
2924 1622 3120 1681 autem
3152 1624 3211 1683 ut
3243 1625 3765 1691 uterquemorere-

2111 1708 2314 1793 tur,et
2356 1702 2457 1793 ille
2500 1704 2801 1793 mendicus
2834 1705 3158 1769 deferretur
3210 1707 3269 1767 in
3318 1712 3601 1793 requiem,
3634 1729 3764 1785 quia

2038 1820 2082 1886 Β
2114 1796 2203 1886 est
2234 1791 2291 1846 in
2317 1792 2450 1886 sinu
2483 1792 2723 1886 Abrahai
2753 1811 2765 1867 ;
2803 1793 2899 1886 ille
2928 1800 3119 1886 autem
3151 1797 3314 1863 dives
3348 1791 3683 1861 mitteretur
3704 1801 3762 1865 in

2113 1881 2408 1935 flammam
2440 1881 2714 1943 incendii,
2749 1884 2901 1938 unde
2934 1883 3165 1940 elevans
3195 1886 3393 1942 oculos
3422 1888 3564 1943 vidit
3596 1890 3768 1946 Laza-

2116 1987 2244 2024 rum
2280 1970 2575 2025 sedentem
2609 1972 2665 2024 in
2699 1971 2828 2026 sinu
2884 1972 3128 2028 Abrahae
3159 1980 3217 2030 et
3272 1976 3615 2034 exclamavit
3677 1981 3765 2035 di-

2117 2076 2253 2119 cens
2283 2076 2295 2115 :
2327 2063 2491 2123 Pater
2522 2060 2799 2125 Abraham
2825 2063 3087 2129 miserere
3103 2066 3211 2135 mei
3230 2073 3281 2137 et
3309 2068 3463 2127 mitte
3481 2068 3765 2124 Lazarum

2116 2158 2174 2203 ut
2200 2149 2440 2216 inungui
2464 2148 2701 2218 digitum
2730 2166 2892 2205 suum
2915 2153 2971 2204 in
3004 2169 3204 2223 aquam
3231 2161 3282 2208 et
3313 2155 3630 2228 refrigeret
3654 2159 3767 2212 lin-

2112 2254 2279 2308 guam
2306 2253 2505 2303 mrum,
2531 2238 2664 2309 quia
2693 2240 2911 2294 crucior
2936 2241 2993 2296 in
3025 2240 3126 2304 hac
3145 2244 3392 2319 ﬂamma.
3436 2245 3537 2305 Cui
3570 2246 3762 2311 Abra-

2115 2327 2250 2389 ham
2286 2329 2644 2401 respondens
2675 2329 2857 2386 dixit:
2914 2330 3224 2400 Memento,
3280 2333 3387 2402 ﬁli,
3421 2334 3561 2406 quod
3620 2354 3770 2399 recres

2115 2416 2249 2489 pisti
2278 2416 2416 2477 bona
2444 2419 2503 2481 in
2531 2417 2643 2478 vita
2674 2426 2798 2486 tua,
2826 2419 3066 2479 Lazarus
3113 2437 3240 2483 vero
3260 2422 3526 2479 similiter
3558 2428 3765 2501 muta;

2113 2522 2260 2561 nunc
2292 2522 2412 2565 vero
2461 2506 2554 2561 hic
2601 2508 2935 2578 consolatur,
2970 2516 3031 2569 tu
3084 2526 3205 2573 vero
3257 2515 3545 2591 torqueris.
3581 2516 3644 2569 Et
3704 2515 3764 2587 in

2114 2595 2197 2655 his
2226 2596 2478 2658 omnibus
2498 2596 2658 2659 chaos
2680 2612 2940 2667 maguum
2964 2598 3111 2653 inter
3134 2616 3228 2663 nos
3257 2610 3311 2657 et
3336 2617 3428 2663 vos
3475 2604 3763 2676 ﬁrmatum

2111 2689 2206 2753 est,
2241 2692 2302 2743 ut
2333 2700 2520 2757 neque
2548 2684 2682 2743 inde
2715 2684 2827 2751 huc
2877 2703 3065 2763 neque
3115 2687 3250 2751 hinc
3308 2689 3455 2751 illud
3509 2693 3761 2755 transire

2112 2774 2326 2846 aliquis
2359 2775 2561 2847 possit.
2594 2774 2787 2834 Atille
2818 2777 3089 2851 rependit
3114 2793 3127 2831 :
3152 2778 3303 2841 Sunt
3332 2780 3473 2837 mihi
3498 2782 3758 2853 quinque

2113 2864 2341 2935 fratres,
2375 2863 2616 2925 obsecro
2650 2868 2712 2919 ut
2743 2871 2944 2936 surgat
2971 2866 3184 2937 aliquis
3230 2869 3331 2939 qui
3391 2877 3623 2929 moneat
3658 2889 3759 2931 eos

2111 2969 2184 3011 ne
2218 2952 2327 3013 huc
2358 2952 2595 3011 veniant
2634 2952 2693 3013 in
2734 2952 2887 3014 hanc
2937 2954 3262 3010 ﬂammam.
3297 2957 3401 3015 Cui
3458 2959 3756 3019 Abraham

2111 3040 2231 3097 ait:
2266 3039 2470 3103 Habent
2498 3044 2727 3112 Moysen
2758 3048 2811 3097 et
2841 3042 3143 3113 prophetas
3203 3043 3439 3101 audiant
3478 3047 3625 3103 illos.
3673 3048 3761 3107 Ad

2112 3130 2231 3185 haec
2262 3128 2358 3184 ille
2396 3129 2733 3201 respondit:
2766 3130 2887 3186 Nisi
2930 3134 3312 3195 resurrexerit
3376 3134 3592 3207 aliquis
3641 3154 3758 3195 non

2110 3220 2366 3279 credent.
2392 3218 2496 3274 Cui
2536 3217 2683 3277 dixit
2713 3219 3010 3279 Abraham
3040 3237 3052 3275 :
3087 3221 3146 3277 Si
3179 3223 3358 3294 Moysi
3418 3230 3473 3279 et
3507 3226 3759 3297 prepbe-

2109 3309 2183 3364 tis
2200 3308 2591 3375 noncredunt,
2613 3324 2718 3363 nec
2751 3308 2800 3371 si
2832 3308 3048 3379 aliquis
3083 3312 3755 3384 resurrexeritpoterunt

2107 3395 2157 3452 ei
2189 3395 2423 3451 credere
2457 3396 2550 3466 (b).
2590 3397 2701 3451 Hos
2733 3401 2928 3453 autem
2964 3413 3262 3459 sermones
3313 3416 3444 3457 suos
3473 3401 3753 3459 Dominus

2110 3489 2174 3541 ut
2214 3486 2488 3556 magister
2519 3489 2716 3547 noster
2772 3485 3057 3549 virtutum
3120 3487 3396 3553 firmabat
3447 3491 3749 3562 exemplis.

2109 3574 2254 3632 Nam
2289 3590 2421 3633 cum
2444 3574 2707 3631 dicerent
2735 3574 2786 3630 ei
2816 3592 2830 3631 :
2864 3575 3003 3642 Quis
3044 3576 3306 3641 indebuc
3336 3579 3507 3646 venit,
3547 3587 3604 3633 ut
3627 3596 3753 3634 cre-

2108 3665 2320 3725 damus
2350 3664 2423 3732 ei,
2458 3662 2550 3725 ille
2581 3664 2699 3719 ait:
2733 3663 2953 3723 Deferte
2986 3665 3098 3725 huc
3130 3670 3402 3735 mortuos,
3438 3683 3585 3737 quos
3641 3668 3750 3727 he-

2107 3752 2553 3824 betis.Cumque
2585 3757 2993 3823 apportassent
3022 3771 3214 3813 coram
3245 3753 3343 3812 illo
3374 3755 3483 3813 tria
3504 3772 3752 3827 corpora

2109 3846 2473 3897 mortuorum
2524 3840 2678 3897 velut
2717 3842 3067 3901 dormientis.
3097 3843 3343 3905 excitata
3370 3847 3510 3901 sunt
3556 3845 3629 3903 ah
3661 3862 3753 3920 eo,

2108 3931 2205 4001 qui
2231 3931 2447 3993 dabant
2479 3930 2652 3989 ﬁdem
2699 3930 2991 3991 universis
3024 3933 3398 3995 sermonibus
3429 3934 3579 4005 ejus.
3638 3934 3751 3991 Sed

2107 4020 2174 4075 ad
2201 4018 2337 4090 quid
2372 4035 2476 4090 ego
2503 4018 2573 4075 de
2606 4018 2848 4081 Domino
2911 4037 3038 4077 meo
3097 4021 3281 4083 refero
3340 4021 3481 4090 haec,
3524 4040 3660 4079 cum
3694 4024 3754 4084 in

2109 4109 2372 4180 praesenti
2400 4107 2519 4163 sint
2548 4124 2694 4179 quos
2718 4109 2774 4163 in
2825 4110 2953 4179 ejus
2979 4110 3221 4171 nomine
3278 4112 3556 4171 suscitavi
3590 4113 3755 4177 vobis

2107 4195 2575 4268 praesentibus,in
2604 4196 2774 4269 cujus
2807 4199 3041 4255 nomine
3071 4202 3126 4253 et
3145 4198 3497 4272 paralyticos
3520 4206 3753 4261 curatos

2107 4286 2333 4345 vidistis
2351 4292 2408 4347 et
2425 4286 2685 4356 leprosos
2708 4288 3061 4345 emundatos
3082 4293 3139 4343 et
3161 4304 3343 4347 ozecos
3364 4288 3750 4360 illuminatos,

2105 4384 2159 4429 et
2188 4375 2537 4433 adaarnoniis
2554 4374 2826 4431 homines
2855 4374 3178 4435 liberatos?
3202 4376 3313 4433 Sed
3331 4377 3436 4435 has
3470 4379 3747 4444 virtutum

355 4488 450 4527 ces
483 4477 538 4527 et
568 4472 940 4544 gemmarios,
977 4476 1186 4527 etcum
1222 4470 1607 4541 probaveritis
1638 4484 1838 4527 verum
1874 4485 2002 4533 esse
2033 4540 2058 4544 _
2103 4480 2242 4537 opes
2273 4464 2480 4519 habere
2506 4480 2618 4518 non
2654 4470 2918 4536 possunt,
2945 4465 3043 4537 qui
3066 4465 3300 4522 divitias
3322 4469 3616 4525 voluerint
3648 4468 3753 4523 ba-

353 4540 651 4617 aurumjet
674 4576 839 4620 veras
859 4575 1144 4630 gemmas,
1172 4540 1437 4619 nuntiate
1458 4557 1617 4614 mihi.
1644 4560 1859 4612 Euntes
1893 4575 1998 4613 au-
2028 4540 2071 4604 Ῑ)
2105 4554 2238 4615 bere
2270 4558 2550 4611 terrenas.
2579 4551 2839 4624 Denique
2869 4569 2973 4613 V03
3005 4554 3115 4623 ipsi
3136 4555 3367 4624 quando
3393 4556 3462 4610 ad
3496 4556 3751 4617 inﬁrmos

355 4656 472 4706 tem
505 4651 677 4705 ambo
710 4655 841 4719 post
862 4653 1081 4717 septem
1110 4648 1233 4707 dies
1260 4647 1475 4709 reversi
1503 4649 1640 4707 sunt
1670 4647 1737 4711 ad
1773 4651 1999 4719 aposto-

354 4739 477 4796 lum
512 4739 809 4795 dicentes:
846 4735 1381 4803 Domine,omnium
1408 4736 1712 4795 auriﬁcum
1733 4734 2002 4797 ofﬁcinas

355 4827 815 4893 circumivimus,
840 4826 937 4896 qui
969 4841 1172 4885 omnes
1204 4823 1477 4886 dixerunt
1506 4829 1624 4881 tam
1660 4840 1872 4897 purum
1905 4841 2001 4889 .iu-

356 4935 487 4974 rum
517 4922 573 4975 et
605 4921 723 4973 tam
757 4915 1046 4989 optimum
1074 4929 1372 4983 nunquam
1403 4928 1465 4969 se
1497 4912 1753 4978 vidisse;
1800 4912 1902 4969 sed
1943 4917 2001 4971 et

354 5006 660 5080 gemmarii
684 5006 885 5062 eadem
918 5005 1337 5071 dixerunt,tam
1371 5000 1625 5075 optimos
1648 5005 1842 5061 ettam
1867 5018 2001 5071 pre-

351 5098 531 5154 tiosos
562 5095 789 5167 lapides
822 5111 882 5151 se
916 5108 1218 5164 nunquam
1277 5090 1516 5149 vidisse.
1550 5093 1706 5147 Tunc
1761 5095 2000 5149 sanctus

350 5187 606 5242 Joannes
636 5185 782 5239 dixit
805 5183 889 5238 eis
917 5199 930 5236 :
966 5182 1046 5237 Ite
1077 5187 1134 5236 et
1158 5180 1425 5235 redimite
1443 5179 1609 5235 vobis
1644 5184 1830 5234 terras
1854 5194 2000 5250 quas

352 5275 717 5344 vendidistis,
779 5274 915 5343 quia
980 5270 1259 5327 cmiorum
1336 5269 1575 5340 praemia
1637 5268 1995 5340 perdidistis.

354 5367 538 5419 Emite
568 5365 733 5418 vobis
764 5362 982 5417 sericas
1014 5364 1299 5429 vestes,ut
1334 5375 1433 5430 per
1463 5361 1694 5429 tempus
1729 5357 1999 5429 fulgentis

350 5454 505 5507 sicut
527 5469 696 5518 rosa;
730 5469 856 5521 quas
880 5452 1020 5505 dum
1054 5449 1160 5504 ﬂos
1182 5451 1310 5520 ejus
1342 5455 1396 5504 et
1422 5448 1657 5503 odorem
1695 5447 1914 5520 pariter
1933 5464 1999 5505 ac

351 5538 626 5591 ruborem
676 5538 953 5604 ostendit,
983 5542 1217 5607 repente
1273 5536 1606 5593 marcescit.
1647 5535 1999 5605 Suspirastis

424 5645 498 5710 (b)
525 5649 664 5697 Luc.
694 5662 810 5711 xvr,
841 5649 1024 5702 24-31.

2108 4641 2661 4710 intrastis,invocato
2689 4643 2920 4705 nomine
2943 4642 3167 4707 Domini
3184 4647 3366 4705 nostri
3389 4645 3521 4703 Jesu
3539 4645 3751 4705 Christi

2110 4730 2314 4793 salvati
2344 4737 2499 4805 sunt,
2538 4732 2782 4802 fugastis
2805 4731 3113 4797 daemonia,
3148 4736 3204 4787 et
3235 4733 3412 4788 etiam
3457 4733 3754 4791 excaecatis

2107 4818 2331 4881 lumina
2365 4818 2873 4879 reddidistislﬂcce
2903 4816 3097 4877 ablata
3120 4826 3205 4872 est
3226 4818 3348 4875 haic
3377 4820 3564 4890 gratia
3595 4837 3629 4874 a
3658 4836 3750 4875 vo-

2108 4907 2199 4963 bis
2230 4912 2287 4963 et
2316 4906 2449 4967 facti
2472 4905 2614 4965 estis
2648 4904 2843 4967 miseri
2869 4906 3160 4976 quieratis
3177 4906 3353 4969 fortes
3376 4912 3429 4967 et
3462 4907 3759 4980 magni.Et

2109 5013 2239 5057 cum
2257 5000 2457 5065 tantus
2484 4998 2658 5057 timor
2675 4995 2850 5050 vestri
2865 4999 3021 5055 esset
3044 4996 3100 5057 in
3133 4994 3461 5065 daemoniis,
3498 5004 3561 5055 ut
3590 4997 3757 5077 iussu

2111 5091 2301 5145 vestro
2332 5086 2604 5143 obsessos
2638 5083 2908 5147 homines
2939 5083 3533 5156 relinquerenl,modu
3553 5102 3655 5143 vos
3680 5087 3753 5145 ti—

2109 5177 2280 5231 metis
2312 5174 2634 5241 daemonia;
2667 5179 2893 5230 amator
2916 5174 3073 5229 enim
3106 5191 3367 5246 pecuniae
3428 5193 3625 5231 servus
3674 5183 3766 5232 est

2108 5282 2479 5320 mammona.
2516 5268 2845 5319 Mammona
2879 5268 3071 5318 autem
3110 5265 3394 5317 deemonis
3421 5280 3629 5319 nomen
3653 5271 3764 5332 est,

2107 5356 2205 5425 qui
2242 5353 2420 5408 lucris
2446 5353 2784 5407 carnalibus
2817 5356 3024 5421 praeest
3048 5356 3106 5407 et
3136 5351 3469 5408 dominatur
3523 5352 3615 5408 his
3660 5355 3763 5425 qui

2109 5442 2359 5517 diligunt
2374 5440 2834 5505 mundiim.Nam
2852 5457 2986 5497 cum
3002 5440 3080 5501 sit
3095 5441 3659 5501 unusventeretsint
3675 5459 3763 5497 re-

2104 5530 2293 5599 posita
2318 5535 2414 5591 tan
2425 5535 2481 5585 ta
2496 5546 2623 5601 qua
2642 5529 2800 5585 mille
2816 5528 3117 5589 ventribus
3131 5529 3512 5599 sufﬁciant,et
3525 5546 3658 5587 cum
3677 5531 3764 5591 sit
