4110 6150
369 302 524 361 1249

1913 301 2194 362 SPURIA
2210 343 2226 359 .

3623 301 3654 357 1
3665 299 3780 357 250

367 434 525 488 dices
554 433 671 488 ita:
692 433 1012 506 Apostolus
1038 433 1266 489 Domini
1295 431 1476 489 nostri
1506 431 1647 488 Jesu
1677 431 1892 487 Christi
1917 433 2022 486 mi-
2049 448 2108 510 Α
2140 431 2468 488 convivium
2500 434 2669 486 tuum
2714 432 2882 486 venio
2924 431 3145 502 gratias
3174 447 3378 503 agens,
3406 429 3544 501 quia
3570 446 3660 485 me
3690 429 3781 484 di-

369 523 448 579 sit
470 540 562 578 me
591 529 656 579 ut
686 523 746 579 in
777 525 901 594 ejus
923 524 1160 580 nomine
1195 523 1542 593 exsurgatis,
1574 531 1634 578 ut
1664 527 2019 593 cognoscant

370 614 742 684 omnes,quia
773 618 830 669 et
846 613 963 668 vita
983 618 1039 668 et
1055 630 1211 669 mors
1237 613 1598 668 famulantur
1619 612 1864 666 Domino
1889 627 2019 666 meo

368 703 509 758 Jesu
541 703 798 758 Christo.
819 704 981 767 Quod
1005 720 1138 758 cum
1171 703 1400 758 fecisset
1431 701 1827 758 Aristodimus
1857 706 1914 757 et
1929 699 2017 755 vi-

370 792 553 847 disset
598 809 695 848 eos
725 808 1056 864 exsurgere,
1120 793 1372 848 adorans
1420 793 1721 856 Joannem,
1771 791 2018 846 festinus

369 881 625 952 porrexit
656 883 726 936 ad
762 881 1168 953 proconsulem
1185 886 1242 937 et
1272 881 1449 952 erepit
1482 882 1739 936 clamosa
1771 895 1907 935 voce
1932 879 2014 932 di.

373 985 537 1025 cere:
573 971 716 1025 Audi
739 987 850 1037 me,
878 971 1214 1042 proconsul,
1251 985 1571 1024 memorem
1609 973 1665 1024 te
1698 973 1838 1040 puto
1865 967 2019 1038 quod

374 1063 579 1113 contra
624 1059 910 1115 Joannem
936 1060 1080 1114 iram
1114 1065 1275 1114 tuam
1313 1059 1647 1129 frequenter
1692 1057 1935 1112 excitavi
1967 1061 2024 1110 et

378 1147 560 1202 multa
591 1147 742 1202 mala
771 1153 973 1203 contra
1008 1164 1139 1202 eum
1189 1147 1307 1219 egi,
1344 1147 1496 1201 unde
1546 1162 1744 1201 vereor
1774 1161 1845 1200 ne
1877 1145 2022 1198 iram

376 1237 504 1306 ejus
535 1236 819 1307 experiar,
855 1241 944 1292 est
975 1237 1130 1292 enim
1160 1236 1312 1290 Deus
1344 1236 1402 1289 in
1431 1236 1624 1304 specie
1654 1233 1914 1289 hominis
1945 1233 2022 1286 la-

379 1329 530 1379 tens.
564 1324 708 1379 Nam
740 1340 1026 1380 venenum
1061 1325 1266 1380 bibens
1293 1341 1404 1379 non
1427 1323 1617 1378 solum
1641 1324 1765 1394 ipse
1796 1321 2022 1377 incolu-

378 1415 486 1469 mis
518 1421 868 1486 perseverat,
925 1415 1025 1469 sed
1068 1415 1243 1469 etiam
1277 1431 1375 1469 eos
1413 1413 1509 1484 qui
1564 1414 1767 1467 eodem
1801 1427 2020 1467 veneno

379 1503 597 1558 mortui
631 1504 863 1560 fuerant
880 1521 982 1575 per
1007 1520 1216 1559 manus
1247 1519 1408 1558 meas
1436 1502 1645 1557 tunicae
1668 1519 1784 1556 suae
1807 1506 2021 1557 attactu

378 1591 685 1648 suscitavit
711 1594 782 1648 ad
814 1594 1017 1660 vitam,
1056 1593 1218 1648 nulla
1250 1593 1421 1663 signa
1452 1608 1646 1647 secum
1682 1590 1888 1646 mortis
1923 1592 2023 1644 ha-

378 1683 760 1738 bentes.Dicit
785 1684 836 1738 ei
873 1682 1216 1754 proconsul:
1243 1683 1470 1753 thuid
1498 1682 1586 1736 vis
1607 1687 1668 1736 ut
1700 1680 2026 1736 faciamus?

377 1771 698 1843 Respondit
721 1773 1116 1828 Aristodimus
1138 1790 1150 1827 :
1169 1774 1385 1827 Eamus
1410 1777 1466 1826 et
1488 1771 1899 1842 provolvamus
1922 1786 2017 1841 ge-

382 1861 556 1916 nibus
579 1867 706 1929 ejus
739 1863 965 1916 veniam
1002 1861 1388 1933 postulantes,
1439 1866 1495 1916 et
1529 1861 1810 1932 quidquid
1850 1860 2016 1914 nobis

375 1950 621 2019 jusserit
654 1951 1121 2005 faciamus.Tunc
1152 1953 1450 2005 venientes
1482 1949 1656 2003 simul
1693 1954 2017 2019 prostrave-

378 2042 517 2093 runt
549 2054 611 2093 se
633 2039 922 2110 apostolo,
982 2038 1408 2110 indulgentiam
1452 2037 1846 2109 postulantes;
1874 2054 2019 2108 quos

379 2125 478 2181 ille
511 2128 838 2197 suscipiens
869 2143 1002 2182 cum
1055 2129 1376 2198 gratiarum
1433 2126 1659 2181 actione
1702 2127 2017 2181 orationem

379 2216 592 2271 obtulit
624 2218 760 2281 Deo,
797 2217 1184 2288 praecepitque
1239 2216 1322 2272 eis
1350 2223 1406 2271 ut
1439 2217 1615 2270 unius
1647 2215 2022 2270 hebdomadzn

371 2305 663 2375 jejunium
699 2310 955 2376 agerent.
991 2306 1112 2370 Quo
1143 2305 1367 2376 expleto
1410 2305 1719 2374 baptizavit
1750 2321 1888 2359 eos:
1923 2304 2022 2374 qui

386 2411 518 2449 cum
551 2394 830 2465 baptizati
878 2394 1123 2449 fuissent
1153 2411 1288 2448 cum
1329 2393 1604 2449 universa
1644 2394 1938 2465 parentela
1970 2398 2025 2447 et

393 2483 799 2538 aifinitatesua
821 2493 873 2538 et
897 2483 1134 2538 famulis
1152 2483 1298 2547 suis,
1316 2484 1604 2551 fregerunt
1625 2484 1820 2537 omnia
1840 2485 2025 2536 simu—

392 2571 548 2627 lacra
579 2589 642 2628 ac
677 2572 1108 2628 fabricaverunt
1141 2571 1446 2626 basilicam
1477 2572 1537 2625 in
1570 2572 1808 2625 nomine
1841 2571 2025 2625 sancti

395 2661 661 2728 Joannis,
685 2661 745 2716 in
766 2678 876 2732 qua
903 2662 1028 2733 ipse
1053 2669 1291 2716 sanctus
1308 2660 1562 2716 Joannes
1578 2666 1920 2731 assumptus
1943 2665 2028 2714 est

387 2751 496 2808 hoc
526 2752 730 2808 ordine
753 2768 766 2806 :

458 2845 598 2896 Cum
631 2845 786 2896 esset
815 2857 1106 2896 annorum
1165 2841 1488 2911 nonaginta
1519 2856 1717 2894 nover:
1757 2837 2032 2910 apparuit

397 2930 446 2986 ei
477 2929 950 2986 DominusJesus
981 2930 1252 2986 Christus
1273 2945 1406 2984 cum
1447 2927 1755 2999 discipulis
1787 2928 1912 2982 suis
1943 2927 2030 2982 di-

392 3036 529 3076 cens
561 3019 651 3075 ei:
685 3019 828 3074 Veni
862 3020 931 3074 ad
957 3035 1050 3075 me
1081 3019 1470 3090 quiatempus
1502 3022 1591 3073 est
1621 3015 1952 3089 utepuleris
1974 3017 2032 3071 in

393 3109 652 3166 convivio
685 3124 812 3164 meo
855 3125 988 3163 cum
1039 3108 1315 3163 fratribus
1349 3107 1489 3163 tuis.
1550 3106 1808 3177 Surgens
1838 3109 2034 3161 autem

2130 525 2345 594 gnatus
2376 535 2466 586 es,
2495 517 2738 576 Domine
2768 519 2906 575 Jesu
2930 519 3183 586 Christe,
3206 520 3278 574 ad
3311 524 3444 574 tuas
3475 517 3677 590 epulas
3700 519 3783 572 in-

2128 613 2336 674 vitare,
2369 613 2561 667 sciens
2587 611 2742 683 quod
2775 627 2842 666 ex
2873 615 2992 666 tote
3011 611 3183 666 corde
3218 626 3342 664 meo
3367 609 3773 664 desiderabam

2127 707 2215 771 te;
2246 704 2364 759 vidi
2387 705 2593 759 faciem
2643 708 2803 757 tuam
2839 710 2892 758 et
2926 702 3087 772 quasi
3115 702 3186 757 de
3229 700 3496 772 sepulcro
3529 701 3776 755 suscita-

2129 798 2225 849 tus
2254 811 2405 850 sum.
2431 795 2586 849 Odor
2614 797 2752 848 tuus
2784 791 3288 863 concupiscentias
3311 791 3370 845 in
3399 806 3492 844 me
3523 791 3768 845 suscita-

2131 883 2211 939 vit
2232 890 2499 939 aeternas.
2551 887 2676 938 Vox
2708 888 2811 937 tua
2864 883 3038 954 plena
3068 883 3355 936 suavitate
3407 880 3692 935 mellifiua
3721 885 3780 934 et

2129 973 2404 1029 allocutio
2433 978 2532 1028 tua
2579 971 3058 1042 incomparabilis
3118 970 3365 1040 eloquiis
3398 969 3765 1040 angelorum.

2130 1062 2366 1125 Quoties
2401 1066 2454 1117 te
2477 1063 2671 1131 rogavi
2705 1067 2771 1116 ut
2796 1061 3054 1116 venirem
3085 1061 3155 1115 ad
3182 1064 3238 1114 te
3269 1065 3325 1114 et
3355 1059 3557 1114 dixisti
3590 1059 3772 1112 mihi:

2127 1150 2410 1222 Exspecta
2441 1157 2505 1205 ut
2538 1150 2818 1222 populum
2853 1151 3064 1206 liberes
3113 1150 3470 1204 crediturum
3518 1146 3684 1214 mihi,
3719 1153 3777 1202 et

2128 1239 2436 1296 custodisti
2469 1257 2678 1310 corpus
2702 1255 2899 1295 meum
2931 1241 3002 1294 ab
3026 1238 3185 1294 omni
3211 1237 3530 1309 pollutione
3563 1243 3618 1292 et
3650 1237 3774 1292 ani-

2131 1346 2287 1386 mam
2323 1346 2508 1386 meam
2546 1347 2778 1400 semper
2806 1329 3240 1400 illuminasti,et
3272 1347 3384 1384 non
3410 1327 3776 1398 dereliquisti

2133 1435 2224 1475 me
2255 1436 2384 1475 cum
2413 1421 2557 1476 irem
2591 1421 2648 1474 in
2683 1420 2951 1475 exsilium
2987 1425 3042 1474 et
3074 1421 3410 1485 redirem,et
3436 1415 3683 1487 posuisti
3717 1416 3774 1471 in

2130 1525 2228 1564 ore
2260 1525 2388 1564 meo
2417 1511 2661 1565 verbum
2693 1509 2952 1564 veritatis
2977 1515 3110 1576 tuae,
3141 1523 3608 1563 commemorans
3635 1506 3778 1561 mihi

2130 1598 2467 1654 testimonia
2498 1599 2784 1653 virtutum
2835 1603 3092 1653 tuarum.
3140 1598 3206 1651 Et
3253 1596 3462 1667 scripsi
3496 1613 3565 1651 ea
3593 1612 3772 1667 opera

2130 1706 2256 1761 quas
2289 1690 2481 1744 audivi
2514 1707 2581 1744 ex
2613 1705 2711 1744 ore
2744 1694 2842 1742 tuo
2870 1689 3113 1743 auribus
3155 1688 3322 1742 meis.
3375 1688 3441 1740 Et
3471 1692 3632 1753 tunc,
3658 1685 3768 1739 Do-

2132 1779 2310 1848 mine,
2343 1780 2691 1834 commendo
2727 1778 2829 1831 tibi
2864 1778 3014 1832 filios
3048 1783 3356 1847 tuos,quos
3388 1773 3769 1830 tibiEcclesia

2132 1873 2228 1922 tua
2260 1869 2439 1937 virgo,
2476 1885 2608 1922 vera
2645 1876 2828 1921 maler
2862 1883 2960 1936 per
2991 1881 3205 1935 aquam
3239 1873 3291 1919 et
3323 1864 3601 1934 Spiritum
3636 1879 3772 1917 san—

2129 1961 2288 2010 ctum
2323 1956 2700 2025 regeneravit.
2762 1955 3003 2026 Suscipe
3044 1970 3157 2020 me,
3209 1959 3274 2007 ut
3325 1970 3456 2006 cum
3494 1952 3773 2006 fratribus

2130 2045 2276 2100 meis
2309 2046 2444 2110 sim,
2478 2061 2610 2100 cum
2635 2043 2848 2113 quibus
2889 2043 3126 2098 veniens
3178 2041 3436 2097 invitasti
3472 2057 3586 2108 me,
3614 2039 3773 2110 aperi

2129 2135 2272 2190 mihi
2296 2135 2546 2204 januam
2578 2134 2709 2188 vitae
2734 2151 2748 2200 ;
2777 2133 3066 2204 principes
3117 2132 3489 2186 tenebrarum
3533 2147 3647 2184 non
3677 2146 3777 2185 oc-

2129 2231 2363 2279 currant
2399 2222 2539 2277 mihi
2576 2227 2631 2276 et
2655 2238 2864 2276 manus
2895 2226 3164 2275 extranea
3196 2237 3308 2274 non
3338 2219 3638 2289 contingat
3659 2235 3771 2283 me,

2131 2327 2236 2366 nec
2267 2313 2459 2366 veniat
2477 2310 2620 2364 mihi
2646 2327 2744 2380 pes
2757 2310 3063 2380 superbiae,
3092 2309 3192 2362 sed
3214 2309 3444 2378 suscipe
3460 2323 3551 2361 me
3575 2322 3779 2362 secun-

2133 2398 2272 2453 dum
2305 2399 2546 2452 verbum
2567 2403 2758 2464 tuum,
2784 2397 3072 2469 etfperduc
3094 2412 3184 2450 me
3200 2397 3270 2449 ad
3299 2395 3626 2451 convivium
3643 2412 3780 2466 epu-

2131 2486 2320 2541 larum
2354 2491 2611 2550 tuarum,
2659 2485 2754 2540 ubi
2788 2483 3102 2554 epulantur
3134 2492 3322 2538 tecum
3367 2500 3570 2539 omnes
3602 2483 3778 2538 amici

2135 2575 2237 2629 tui.
2271 2576 2358 2629 Tu
2390 2591 2452 2629 es
2482 2574 2638 2628 enim
2671 2574 2936 2627 Christus
2970 2573 3148 2626 Filius
3181 2573 3280 2626 Dei
3311 2573 3445 2628 vivi.
3479 2573 3574 2642 qui
3612 2589 3762 2643 pra:—

2133 2666 2300 2733 cepto
2323 2662 2511 2717 Patris
2540 2661 2626 2716 tui
2662 2662 2947 2716 mundum
2980 2659 3238 2730 salvasti,
3275 2661 3372 2726 qui
3403 2664 3459 2715 et
3481 2659 3767 2730 Spiritum

2135 2758 2400 2809 sanctum
2433 2752 2602 2807 nobis
2659 2751 2958 2808 destinare
3004 2752 3276 2821 dignatus
3325 2766 3410 2813 es,
3445 2755 3508 2804 ut
3556 2767 3660 2804 nos
3698 2751 3767 2803 de

2137 2844 2439 2914 praaceptis
2469 2841 2587 2896 tuis
2618 2841 3164 2907 commonefaceres,
3205 2856 3308 2911 per
3345 2838 3620 2894 eumdem
3648 2837 3776 2907 Spi-

2138 2931 2313 2986 ritum
2345 2929 2451 2985 tibi
2476 2929 2696 3001 gratias
2728 2930 3037 2985 referimus
3057 2946 3156 3000 per
3180 2927 3410 2983 infinita
3428 2924 3639 2982 secula
3664 2942 3772 2980 sa:-

2140 3019 2431 3076 culorum.
2467 3021 2674 3076 Amen.

2212 3113 2279 3164 Et
2309 3125 2442 3164 cum
2474 3116 2669 3164 omnis
2701 3107 2953 3181 populus
3011 3107 3412 3178 respondisset
3441 3111 3654 3171 Amen,
3687 3104 3786 3158 lux

389 3198 644 3254 Joannes
674 3198 852 3269 coepit
879 3197 1090 3268 ire,sed
1109 3197 1396 3253 Dominus
1419 3194 1564 3250 dixit
1592 3195 1643 3249 ei
1671 3211 1684 3250 ε
1717 3194 2036 3265 ςΒοωίηὶοα
2068 3187 2111 3254 C
2151 3203 2316 3254 tanta
2344 3199 2609 3268 apparuit
2657 3214 2836 3269 super
2865 3197 3194 3266 apostolum
3233 3213 3352 3251 una
3382 3195 3500 3250 fere
3532 3193 3697 3262 hora,
3727 3197 3794 3248 ut

391 3286 835 3343 resurrectionis
867 3303 1008 3342 mea
1052 3286 1147 3342 die
1166 3302 1290 3356 quas
1327 3293 1454 3357 post
1486 3284 1744 3356 quinque
1798 3283 1922 3338 dies
1947 3284 2034 3338 fu-

393 3381 524 3430 tura
553 3379 642 3430 est
673 3375 755 3430 ita
803 3375 1001 3430 venies
1059 3375 1129 3430 ad
1167 3390 1276 3429 me.
1330 3375 1399 3428 Et
1449 3390 1582 3428 cum
1616 3373 1738 3427 haec
1772 3372 2034 3439 dixisset,

388 3463 531 3518 coelo
575 3467 846 3534 receptus
879 3468 987 3518 est.
1045 3462 1324 3518 Veniente
1376 3461 1571 3532 itaque
1615 3460 1915 3516 Dominica
1946 3459 2038 3516 die

388 3553 655 3608 convenit
678 3554 947 3608 universa
966 3552 1359 3607 multitudoin
1393 3551 1638 3606 ecclesia
1669 3567 1791 3621 quae
1815 3553 1874 3606 in
1909 3552 2037 3621 ejus

397 3642 632 3697 nomine
664 3642 851 3697 fuerat
872 3641 1174 3705 fabricata,
1194 3645 1251 3696 et
1271 3659 1304 3696 a
1331 3641 1518 3710 primo
1544 3639 1828 3710 gallorum
1861 3644 2034 3694 cantu

386 3747 564 3800 agens
599 3730 874 3802 mysteria
905 3729 1005 3785 Dei
1029 3745 1262 3784 omnem
1293 3728 1574 3800 populum
1611 3744 1798 3800 usque
1833 3727 1905 3782 ad
1932 3727 2032 3782 ho-

391 3836 513 3874 ram
544 3819 658 3874 diei
677 3819 904 3874 tertiam
939 3818 1228 3874 allocutus
1251 3822 1360 3873 est.
1396 3818 1532 3874 Post
1581 3815 1904 3887 hzecjussit
1939 3818 2026 3870 fo-

386 3909 742 3978 veamjuxta
773 3909 955 3963 altare
987 3907 1111 3962 ﬁeri
1149 3907 1520 3978 quadratam,
1567 3910 1623 3960 et
1655 3910 1870 3960 terram
1907 3907 2032 3975 ejus

383 3998 539 4053 foras
573 3997 884 4054 ecclesiam
915 3997 1142 4068 projici.
1195 3996 1262 4051 Et
1293 3996 1655 4052 descendens
1685 3994 1743 4049 in
1776 4011 1904 4050 eam
1937 4011 2031 4050 ex-

385 4088 589 4159 pandit
612 4104 824 4145 manus
855 4103 994 4143 suas
1025 4087 1096 4143 ad
1125 4088 1304 4142 Deum
1338 4091 1396 4142 et
1429 4087 1610 4141 dixit:
1647 4085 1928 4141 Invitatus
1960 4085 2034 4140 ad

2151 3288 2350 3344 nullus
2379 3286 2531 3343 hanc
2563 3287 2808 3343 sufferre
2836 3287 3053 3342 valeret
3076 3291 3370 3357 aspectus.
3425 3285 3630 3339 Postea
3661 3299 3792 3339 vero

2149 3378 2382 3433 inventa
2408 3380 2498 3431 est
2521 3375 2622 3432 illa
2641 3375 2800 3432 fovea
2821 3374 3171 3447 plena,nihil
3202 3373 3360 3428 aliud
3394 3372 3453 3427 in
3487 3388 3547 3426 se
3575 3371 3795 3426 habens

2147 3467 2259 3522 nisi
2286 3483 2528 3530 manna,
2552 3465 2706 3537 quod
2747 3481 2933 3536 usque
2957 3464 3126 3519 hodie
3161 3463 3530 3534 gignitlocus
3564 3464 3697 3528 iste,
3735 3464 3792 3515 et

2147 3556 2293 3611 fiunt
2321 3555 2401 3610 ibi
2433 3555 2675 3611 virtutes
2705 3554 3071 3610 orationibus
3116 3554 3266 3623 ejus,
3304 3556 3361 3607 et
3390 3553 3461 3606 ab
3507 3551 3786 3606 omnibus

2145 3644 2592 3699 infirmitatibus
2613 3648 2671 3699 et
2695 3643 2972 3714 periculis
2993 3641 3320 3696 liberantur
3350 3655 3554 3694 omnes
3585 3643 3787 3708 etpre-

2145 3749 2278 3788 cum
2311 3749 2552 3788 suarum
2585 3733 2842 3787 obtinent
2869 3731 3162 3797 effectum,
3199 3732 3508 3800 praestante
3542 3727 3789 3781 Domino

2144 3826 2342 3878 nostro
2401 3822 2540 3876 Jesu
2574 3821 2803 3877 Christo
2853 3821 3119 3892 quicum
3170 3825 3453 3874 cosaterno
3505 3822 3672 3871 Patre
3726 3817 3782 3870 in

2141 3911 2367 3967 unitate
2397 3911 2654 3982 Spiritus
2687 3913 2872 3966 sancti
2899 3912 3052 3965 Deus
3079 3909 3216 3965 vivit
3245 3913 3302 3964 et
3319 3913 3522 3977 regnat
3542 3911 3598 3961 et
3631 3922 3786 3960 nunc

2142 4005 2200 4058 et
2239 4016 2471 4072 semper
2518 4015 2623 4072 per
2671 3999 2901 4056 inﬁnita
2940 3997 3155 4056 secula
3185 3997 3551 4053 saeculorum.
3591 3995 3791 4049 Amen.
