4110 6150
312 309 459 372 {257

1013 297 1514 365 FRAGMENTA
1556 297 1654 359 EX
1697 292 2045 361 E‘iPOSlT.
2093 288 2631 355 ORAGUIDRUM
2677 287 3034 350 DOMINIC.

1962 427 2060 482 III.

3565 285 3722 349 i258

1594 542 1823 610 Ibidem,
1869 539 2068 611 paucis
2113 535 2439 606 interjectis.

381 665 716 746 Ἀναγκαίως
764 663 855 721 νῧν
911 666 1294 741 προσθήσομεν
1352 666 1469 724 ταῖς
1521 656 1993 734 προεκτεοείσαις,

2136 656 2306 710 Nunc
2335 670 2460 710 rem
2483 653 2645 709 illam
2668 668 2847 725 quam
2872 652 2944 707 de
2966 654 3156 708 Marco
3182 652 3540 723 evangelista
3560 650 3721 709 idem

312 760 475 816 αὐτοῦ
525 764 735 837 φωναῖς
790 752 1111 829 παράδοσῖν,
1169 752 1235 822 ἣν
1289 752 1411 825 περὶ
1473 752 1699 824 Μαρκου
1754 751 1852 802 τοῦ
1897 746 1959 800 τὸ

317 832 658 925 Εὗαγγέλιον
708 844 1046 923 γεγραφότος
1104 842 1396 905 ἐκτέθειται
1453 838 1543 894 διὰ
1596 837 1823 893 τούτων.
1857 835 1961 892 Καὶ
2008 832 2013 838 ’

313 943 472 994 τοῦτο
504 939 531 990 ὁ
564 932 930 1009 πρεσϐύτερος
985 931 1160 1007 ἔλεγε·
1222 930 1440 1004 Μάρκος
1480 928 1572 1001 μὲν
1624 927 1960 1000 ἑρμηνευτὴς

318 1026 518 1101 Πέτρου
550 1025 863 1098 γενόμενος,
913 1023 1012 1076 ὅσα
1057 1019 1477 1093 ἐμνημόνευσεν,
1511 1011 1751 1090 ἀκριϐῶς
1801 1011 1962 1088 ἔγρα-

316 1121 432 1191 ψεν·
481 1116 543 1170 οὐ
600 1115 694 1187 μὲν
744 1134 831 1168 τοι
886 1112 1028 1182 τάξει
1076 1109 1143 1164 τὰ
1216 1110 1319 1164 ὑπὸ
1366 1111 1463 1162 τοῦ
1509 1108 1745 1179 Χριστοῦ
1790 1105 1826 1173 ἢ
1880 1103 1965 1159 λε-

316 1190 517 1279 χθέντα
548 1204 582 1273 ἢ
625 1201 952 1277 πραχθέντα·
1014 1196 1135 1255 οὔτε
1194 1197 1296 1274 γὰρ
1335 1197 1536 1265 ἢκουσε
1590 1199 1688 1249 τοῦ
1737 1190 1964 1279 Κυρίου,

318 1290 442 1348 οὔτε
495 1290 982 1365 παρηκολούθησεν
1042 1287 1208 1357 αὖτῷ-
1270 1284 1489 1358 ὕστερον
1545 1281 1624 1351 δὲ,
1684 1281 1757 1341 ὡς
1810 1276 1964 1356 ἔφην,

321 1383 527 1455 Πέτρῳ,
580 1379 641 1440 ὅς
688 1382 827 1452 πρὸς
864 1380 960 1439 τὰς
1019 1376 1211 1451 χρείας
1268 1374 1504 1429 ἐποιεῖτο
1555 1372 1651 1433 τὰς
1711 1368 1968 1425 διδασκα-

319 1469 459 1534 λίας·
492 1468 619 1524 ἀλλ’
651 1468 762 1543 οὐχ
791 1468 970 1540 ὥσπερ
1004 1465 1246 1535 σύνταξιν
1290 1468 1398 1517 τῶν
1445 1466 1738 1536 Χυριακῶν
1770 1458 1965 1515 ποιού-

326 1579 484 1632 μενος
546 1558 744 1633 λόγων.
803 1558 963 1611 Ὥστε
1018 1552 1143 1610 οὐδὲ
1211 1553 1426 1626 ἥμαρτε
1484 1553 1735 1626 Μαρκος,
1790 1550 1970 1612 οὕτως

320 1642 432 1703 ἔνια
487 1647 721 1721 γράψας,
772 1645 846 1706 ὡς
904 1643 1403 1715 ἀπεμνημόνευσεν.
1457 1641 1608 1704 Ἑνὸς
1644 1642 1744 1713 γὰρ
1775 1640 1967 1707 ἐποιή-

322 1758 452 1792 σατο
479 1736 756 1810 πρόνοιαν,
789 1737 886 1788 τοῦ
920 1730 1087 1804 μηδὲν
1144 1731 1218 1785 ὧν
1268 1731 1468 1800 ἤκουσε
1516 1727 1846 1803 παραλιπεῖν
1899 1727 1967 1795 ἤ-

322 1824 617 1900 ψεύσασθαί
644 1845 696 1878 τι
728 1821 779 1877 ἐν
812 1821 1013 1882 αὐτοῖς.
1064 1823 1243 1878 Ταῦτα
1298 1820 1394 1892 μὲν
1452 1816 1543 1873 οὖν
1578 1819 1861 1892 ἱστόρηται
1889 1820 1968 1888 τῷ

322 1915 507 1986 Παπίᾳ
571 1913 698 1988 περὶ
759 1917 856 1967 τοῦ
910 1911 1154 1986 Μάρκου.
1215 1909 1342 1981 Περὶ
1408 1906 1466 1963 δὲ
1531 1912 1627 1963 τοῦ
1682 1906 1967 1964 Ματθαίου

320 2008 469 2059 ταῦτ’
515 2001 749 2078 εἶ’ρηται·
786 2003 1063 2062 Ματθαῖος
1124 1999 1216 2071 μὲν
1278 1997 1371 2053 οὖν
1419 1993 1665 2070 Ἑϐραῖδι
1696 1994 1969 2068 διαλέκτῳ
2002 2017 2048 2081 Β

321 2093 390 2148 τὰ
447 2090 611 2168 λόγια
663 2092 1052 2163 συνεγράψατο.
1102 2089 1440 2161 Ἡρμήνευσε
1472 2084 1519 2140 δ’
1549 2085 1685 2141 αὐτὰ
1730 2087 1805 2148 ὼς
1833 2082 1970 2154 ἡδύς

324 2200 450 2236 νατο
509 2174 729 2240 ἕκαστος
944 2175 1212 2251 κέχρηται
1271 2173 1316 2229 δ’
1375 2176 1403 2229 ὁ
1454 2174 1616 2237 αὐτὸς
1651 2174 1969 2247 μαρτυρίαις

325 2270 430 2323 ἀπὸ
460 2275 561 2337 τῆς
591 2268 837 2322 Ἰωάννου
888 2267 1154 2337 προτέρας
1213 2261 1567 2332 Ἐπιστολῆς,
1618 2270 1708 2317 καὶ
1739 2268 1839 2337 τῇς
1872 2261 1971 2316 Πὲο

323 2378 454 2430 τρου
488 2356 720 2430 ὁμοίως.
768 2355 1098 2418 Έκτέθειται
1144 2351 1202 2407 δὲ
1240 2354 1328 2407 καὶ
1361 2350 1541 2422 ἄλλην
1573 2352 1814 2427 ἱστορίαν
1847 2355 1969 2427 περὶ

326 2446 599 2520 γυναικὸς,
656 2441 745 2498 ἒπὶ
802 2443 1042 2505 πολλαῖς
1099 2442 1392 2515 ἁμαρτίαις
1451 2436 1843 2510 διαϐληθείσης
1883 2440 1969 2495 ἐπὶ

326 2537 422 2588 τοῦ
453 2534 677 2608 Κυρίου,
728 2533 794 2601 ἤν
844 2534 905 2586 τὸ
960 2533 1079 2595 καθ’
1127 2525 1414 2604 Ἐϐραίους
1446 2528 1784 2603 Εὐαγγὲλιον
1815 2550 1971 2603 περι-

329 2623 467 2698 ἔχει.

2072 744 2324 815 scriptor
2352 743 2857 809 commemoravit,
2918 742 3325 813 superioribus
3371 744 3500 814 ejus
3529 743 3724 798 verbis
3798 736 3805 743 ’

2073 832 2515 887 subnectemus.
2549 832 2760 886 Aiebat
2784 832 2985 896 etiam,
3020 831 3235 901 inquit.
3267 832 3579 904 presbyter
3602 831 3724 918 ille,

2074 922 2332 976 Marcum
2368 920 2520 975 Petri
2578 921 2984 992 interpretem,
3018 937 3389 992 quiscunque
3422 920 3725 975 memoriae

2076 1010 2479 1074 mandaverat,
2512 1010 2828 1081 diligenter
2859 1010 3316 1081 perscripsisse:
3375 1026 3496 1065 non
3526 1016 3727 1066 tamen

2076 1099 2284 1153 ordine
2312 1099 2680 1169 pertexuisse
2702 1115 2833 1169 quae
2855 1116 2890 1154 a
2911 1100 3160 1154 Domino
3193 1103 3295 1154 aut
3319 1099 3478 1154 dicta
3506 1105 3607 1154 aut
3635 1114 3729 1171 ge-

2077 1194 2167 1242 sta
2195 1188 2451 1243 fuerant.
2488 1190 2685 1259 Neque
2720 1188 2879 1242 enim
2918 1189 3044 1259 ipse
3076 1189 3392 1244 Dominum
3426 1189 3730 1244 audiverat

2076 1282 2178 1331 aut
2207 1281 2466 1332 sectatus
2523 1277 2716 1333 fuerat
2770 1295 3057 1349 unquam.
3102 1278 3213 1332 Sed
3269 1295 3404 1334 cum
3436 1280 3630 1347 Petro,
3663 1280 3730 1332 ut

2077 1366 2220 1431 dixi,
2244 1371 2449 1436 postea
2482 1372 2744 1423 versatus
2766 1372 2886 1434 est;
2910 1368 3011 1438 qui
3042 1384 3148 1438 pro
3171 1367 3539 1423 audientium
3564 1366 3726 1421 utili-

2080 1460 2217 1521 tate,
2236 1471 2355 1509 non
2378 1472 2512 1509 vero
2533 1460 2601 1510 ut
2627 1471 2970 1511 sermonum
3002 1456 3237 1511 Domini
3260 1456 3569 1510 historiam
3591 1472 3729 1510 con-

2077 1548 2322 1609 texeret,
2347 1544 2722 1615 Evangelium
2742 1544 3411 1615 praedicabatQuocirca
3428 1543 3573 1599 nihil
3598 1561 3729 1615 pec-

2079 1633 2231 1687 cavit
2263 1635 2509 1702 Marcns,
2543 1633 2643 1703 qui
2675 1634 2961 1689 nonnulla
2992 1634 3072 1690 ita
3105 1634 3361 1704 scripsit,
3395 1638 3570 1704 prout
3597 1635 3726 1705 ipso

2078 1721 2371 1776 memoria
2399 1721 2793 1792 repetebat.ld
2817 1723 3035 1794 quippe
3056 1740 3243 1778 unum
3270 1722 3632 1791 studebat,ut
3654 1738 3728 1777 ne

2080 1810 2223 1882 quid
2251 1827 2456 1865 eorum
2487 1828 2618 1881 quae
2663 1810 2935 1865 audierat
2990 1811 3490 1881 praetermitteret.
3523 1815 3627 1865 aut
3654 1827 3728 1865 ne

2081 1898 2223 1970 quid
2254 1897 2386 1953 falsi
2419 1899 2503 1954 eis
2534 1899 2861 1971 efﬁngeret.
2888 1900 3023 1955 Haec
3055 1899 3126 1954 de
3159 1901 3349 1954 Marco
3375 1901 3579 1969 Papias
3599 1915 3731 1954 nar-

2078 1988 2278 2042 rat.De
2306 1987 2574 2041 Matthaao
2596 2004 2731 2042 vero
2764 1987 2849 2043 sic
2881 1988 3058 2043 habet
3084 2004 3097 2042 :
3129 1988 3435 2043 Matthaeus
3463 1987 3727 2058 quidem,

2085 2076 2302 2147 inquit,
2336 2076 2621 2130 Hebraico
2654 2092 2929 2131 sermone
2959 2076 3157 2130 divina
3188 2077 3421 2147 scripsit
3453 2077 3725 2132 oracula:

2083 2164 2506 2236 interpretatus
2528 2170 2831 2220 estautem
2859 2166 3271 2236 unusquisque
3290 2165 3404 2220 illa.
3427 2170 3603 2235 prout
3630 2182 3731 2236 po-

2082 2255 2214 2308 tuit.
2239 2256 2420 2308 Porro
2450 2255 2607 2308 idem
2639 2256 2842 2324 Papias
2868 2255 3223 2309 testimoniis
3245 2270 3312 2308 ex
3336 2254 3529 2325 priore
3550 2256 3730 2309 Joan—

2085 2343 2179 2396 nis
2209 2342 2486 2412 Epistola,
2523 2348 2581 2395 et
2626 2358 2695 2396 ex
2745 2343 2939 2413 priore
2969 2342 3175 2397 itidem
3208 2343 3363 2397 Petri
3396 2342 3728 2415 desumptis

2083 2431 2291 2485 utitur.
2307 2430 2495 2484 Aliam
2515 2446 2750 2501 quoque
2772 2431 3013 2502 exponit
3033 2431 3340 2486 historiam
3367 2432 3438 2488 de
3460 2432 3733 2501 muliere,

2084 2535 2215 2590 quae
2248 2519 2565 2574 multorum
2598 2520 2917 2575 criminum
2950 2537 3149 2575 eoram
3175 2521 3738 2586 Domino,accusata

2096 2612 2204 2663 est.
2238 2608 2377 2673 Quae
2407 2606 2649 2678 quidem
2681 2609 2930 2665 historia
2956 2610 3019 2665 in
3066 2609 3380 2682 Evangelia
3413 2610 3740 2666 secundum

2097 2696 2375 2752 Hebraeos
2407 2697 2628 2770 scripta
2656 2698 2929 2754 habetur.

1820 2822 2008 2890 Ruﬁni
2047 2820 2243 2878 versio.

404 2936 519 2989 Nos
552 2936 752 2988 tamen
782 2929 933 2985 illud
964 2926 1323 3002 assumimus
1354 2943 1425 2982 ex
1456 2926 1569 3002 bis,
1604 2925 1864 3002 quod‘de
1908 2928 2113 3002 Marco‘
2132 2929 2488 3002 evangelista
2518 2930 2611 2985 his
2642 2929 2891 3002 protulit
2921 2929 3117 2986 verbis
3143 2946 3156 2984 :
3188 2929 3379 2986 Etiam
3408 2929 3746 3002 hoc,inquit

338 3008 610 3075 (Papias),
645 3003 956 3075 presbyter
985 2999 1285 3065 narrabat,
1321 2998 1479 3075 quod
1509 3000 1736 3053 Marcus
1767 2997 2060 3075 interpres
2090 2997 2479 3075 fueritfPetri,
2514 3006 2572 3057 et
2601 2997 3356 3075 qumcunquermeminerat
3382 3003 3454 3058 ab
3485 2997 3554 3057 eo
3588 2997 3746 3075 dicta

334 3070 778 3145 conscripserit.
811 3070 935 3128 Non
972 3079 1167 3145 tamen
1200 3086 1304 3141 per
1332 3070 1604 3145 ordinem
1635 3085 1740 3145 ea,_
1760 3086 1891 3145 quae
1922 3087 1957 3124 a
1987 3072 2236 3145 Domino
2268 3072 2426 3127 dicta
2455 3078 2594 3145 sunt
2618 3070 2707 3128 vel
2738 3070 2911 3137 facta,
2937 3074 3285 3145 digesserit;
3314 3075 3453 3144 quia
3473 3090 3593 3128 non
3617 3073 3744 3145 ipse

337 3141 836 3204 Domini-auditor
860 3145 1038 3198 fuerit
1056 3143 1156 3215 vel
1187 3147 1462 3215 sectator,
1486 3142 1589 3215 sed
1611 3141 1951 3209 novissime,
1976 3148 2039 3196 ut
2060 3143 2203 3204 dixi,
2227 3145 2399 3199 Petro
2425 3144 2676 3199 adhaesit
2696 3146 2769 3200 ad
2794 3161 2969 3199 usum
2999 3141 3068 3200 ac
3098 3141 3493 3200 ministerium
3525 3141 3743 3215 praedi-

335 3220 531 3287 candi,
559 3235 678 3272 non
711 3217 784 3272 ad
816 3213 1379 3287 conscribendos_Do
1392 3213 1534 3267 mini
1557 3228 1885 3287 sermones.
1910 3215 2113 3287 Itaque
2137 3215 2287 3287 nihil
2313 3217 2571 3285 peccavit
2591 3218 2817 3271 Marcus
2841 3216 2903 3270 in
2931 3233 3000 3271 eo
3023 3217 3181 3286 quod
3203 3217 3286 3272 ita
3307 3213 3579 3287 quasdam
3604 3216 3743 3270 scri—

336 3283 541 3363 pserit,
576 3289 744 3363 quasi
778 3288 891 3363 qui
908 3287 1159 3363 sparsim
1190 3284 1392 3363 audita
1422 3283 2138 3363 recordarivideatur.__l?lt
2166 3286 2278 3363 hoc
2302 3283 2843 3363 Asolu_m_satis_egit,
2877 3304 2950 3363 ne
2983 3283 3124 3363 quid
3155 3305 3224 3342 ex
3255 3283 3744 3363 auditisiomitte-

340 3355 449 3426 ret,
482 3355 838 3429 aut-aliquid
868 3355 1083 3412 falsum
1116 3356 1400 3411 scriberet
1454 3357 1587 3409 Haac
1617 3355 1690 3409 de
1723 3357 1909 3410 Marco
1942 3355 2146 3410 scribit
2173 3358 2386 3427 Papias.
2427 3358 2538 3412 Sed
2570 3364 2628 3413 et
2672 3355 3043 3413 de'Matthre‘o
3077 3359 3159 3414 ita
3188 3359 3402 3413 refert:
3438 3360 3743 3413 Matthaeus

341 3433 584 3503 quidem
618 3432 856 3503 scripsit
886 3431 1127 3503 Hebraeo
1147 3443 1456 3503 sermone.
1490 3428 1917 3503 Interpretatus
1948 3432 2038 3481 est
2068 3434 2285 3503 autem
2315 3446 2385 3484 ea
2433 3446 2563 3503 quae
2615 3431 2853 3503 scripsit
2879 3431 3314 3503 unusquisque,
3347 3431 3503 3503 sicut
3532 3430 3742 3503 potuit.

344 3498 478 3559 llaec
510 3505 687 3558 etiam
719 3498 790 3557 de
823 3501 1110 3572 Matthiae.
1147 3499 1340 3572 Utitur
1371 3515 1512 3553 sane
1543 3498 1701 3572 idem
1734 3501 1934 3572 Papias
1968 3500 2323 3572 testimoniis
2354 3518 2424 3555 ex
2452 3498 2716 3572 Epistola
2740 3498 2985 3556 Ioannis
3019 3498 3231 3572 prima,
3265 3506 3322 3556 et
3354 3502 3509 3555 Petri
3536 3498 3750 3556 simili-

346 3582 437 3629 ter
464 3572 1003 3650 prima._Simul__et_
1043 3570 1355 3650 historiam
1410 3570 2100 3650 quamdamnsubjungit
2146 3570 2218 3650 _de
2280 3570 2527 3650 muliere
2563 3573 2854 3650 adultera,
2886 3570 3323 3650 quaa‘accusata
3354 3578 3442 3626 est
3470 3589 3505 3650 a
3529 3572 3750 3650 Judaais

345 3640 502 3718 apud
532 3645 870 3701 Dominum.
904 3642 1163 3699 Habetur
1192 3645 1391 3696 autem
1423 3640 1483 3695 in
1514 3640 1823 3712 Evangelio
1856 3640 2025 3711 quod
2045 3641 2262 3697 dicitur
2287 3644 2616 3699 secundum
2649 3640 2923 3712 lIebans;
2947 3644 3167 3716 scripta
3196 3644 3310 3699 ista
3339 3643 3642 3716 parabole.

1989 3757 2081 3812 IV.

489 3880 532 3933 E
560 3893 719 3932 LIBRO
752 3877 844 3932 ιν.
876 3905 946 3915 --
976 3874 1136 3945 Apud
1173 3874 1437 3928 Irenwum
1470 3872 1567 3928 lib.
1600 3889 1633 3927 v
1661 3872 1956 3928 Adversus
1987 3873 2220 3943 haeres,
2258 3892 2378 3946 cap.
2414 3877 2502 3945 33,
2534 3893 2686 3933 num.
2717 3878 2747 3931 3
2782 3883 2835 3931 et
2865 3877 2918 3943 4,
2949 3878 3249 3947 lnterprete
3276 3878 3345 3931 H.
3385 3840 3620 3932 leesio.

343 4011 367 4029 '
422 4002 757 4073 Presbyteri
816 3999 1241 4069 meminerunt,
1277 3998 1378 4068 qui
1425 3999 1712 4052 Joannem
1742 3997 2002 4068 discipu-
2034 4000 2075 4066 C
2106 4016 2258 4067 rum,
2292 4006 2349 4055 et
2380 4001 2848 4072 unumquodque
2907 4018 3158 4075 granum
3213 4002 3475 4072 quinque
3508 4001 3756 4058 bilibres

350 4096 475 4150 lum
507 4091 741 4147 Domini
773 4089 1071 4153 viderunt,
1106 4087 1343 4143 audisse
1377 4104 1438 4141 se
1471 4086 1541 4141 ab
1580 4103 1669 4155 eo,
1721 4086 2003 4157 quemad«

350 4182 597 4239 modum
629 4180 700 4234 de
735 4177 1107 4250 temporibus
1138 4176 1255 4231 illis
1308 4176 1558 4232 docebat
1612 4176 1917 4239 Dominus,
1950 4180 2008 4230 et

352 4270 591 4326 dicebat
618 4286 629 4323 :
672 4268 918 4323 Venient
946 4266 1072 4322 dies
1105 4267 1167 4320 in
1206 4266 1422 4336 quibus
1452 4266 1635 4320 vineae
1665 4271 2010 4331 nascentur,

356 4358 605 4431 singulae
637 4357 713 4431 (5)
743 4357 949 4412 decem
980 4355 1169 4411 millia
1198 4354 1510 4425 palmitum
1540 4353 1845 4418 habentes,
1871 4359 1928 4409 et
1950 4354 2012 4408 in

354 4466 477 4506 uno
508 4448 749 4521 palmite
802 4446 957 4501 dena
1017 4445 1203 4500 millia
1258 4445 1658 4512 brachiorum,
1710 4443 1857 4497 etin
1893 4460 2013 4498 uno

357 4555 495 4593 vero
519 4538 592 4608 (6)
619 4535 861 4608 palmite
886 4533 1040 4589 dena
1062 4533 1251 4588 millia
1277 4532 1672 4604 ﬂagellorum,
1701 4536 1757 4586 et
1788 4532 1847 4585 in
1871 4548 2016 4587 uno-

363 4643 600 4698 quoque
623 4624 854 4698 ﬂagello
879 4623 1032 4678 dena
1058 4622 1245 4678 millia
1266 4622 1567 4691 botruum,
1596 4626 1653 4676 et
1674 4622 1736 4676 in
1756 4637 2020 4692 unoquo-

365 4732 480 4788 que
511 4716 680 4770 botro
714 4713 867 4768 dena
898 4712 1083 4767 millia
1113 4711 1442 4779 acinorum,
1466 4715 1525 4765 et
1555 4710 2021 4780 unumquodque

367 4805 606 4860 acinum
639 4802 803 4857 dabit
829 4802 1032 4873 viginti
1057 4801 1321 4872 quinque
1344 4804 1625 4853 metretas
1652 4798 1867 4853 vini.Et
1889 4816 2023 4853 cum

370 4911 576 4950 eorum
609 4890 1071 4964 apprehenderit
1128 4890 1344 4959 aliquis
1395 4892 1734 4942 sanctorum
1765 4888 2025 4957 botrum,

373 4984 525 5039 alius
557 4982 870 5038 clamabit:
904 4981 1113 5034 Botrus
1145 4995 1248 5049 ego
1282 4978 1496 5032 melior
1527 4994 1679 5040 sum,
1709 4994 1803 5032 me
1836 4994 2024 5045 sume,

375 5087 482 5142 per
513 5086 605 5123 me
633 5069 948 5123 Dominum
976 5065 1240 5122 benedic.
1266 5065 1555 5119 Similiter
1582 5070 1641 5118 et
1662 5080 1911 5134 granum
1937 5064 2033 5118 tri-

377 5159 477 5215 tici
513 5158 718 5214 decem
744 5156 930 5212 millia
952 5155 1248 5228 spicarum
1279 5157 1725 5225 generaturum,
1752 5157 1809 5207 et
1827 5169 2036 5208 unam-

380 5264 679 5319 quamque
712 5248 937 5318 spicam
968 5244 1303 5300 habituram
1346 5243 1551 5297 decem
1606 5241 1792 5297 millia
1824 5259 2037 5314 grano-

2114 4089 2323 4144 similae
2350 4090 2520 4145 clarae
2551 4091 2827 4146 munda);
2881 4095 2939 4145 et
2985 4090 3215 4161 reliqua
3252 4095 3449 4146 autem
3476 4107 3671 4162 poma,
3702 4096 3762 4146 et

2118 4179 2367 4244 semina,
2401 4184 2455 4233 et
2506 4180 2772 4243 herbam,
2806 4178 3134 4235 secundum
3190 4179 3634 4250 congruentiam
3688 4179 3762 4234 iis

2119 4273 2583 4338 consequentem
2607 4286 2619 4323 :
2643 4273 2702 4324 ct
2726 4270 2929 4324 omnia
2948 4268 3227 4324 animalia
3256 4268 3328 4323 iis
3357 4268 3504 4324 cibis
3536 4269 3767 4324 utentia

2121 4373 2252 4427 qum
2273 4373 2308 4411 a
2334 4361 2489 4412 terra
2509 4357 2898 4429 accipiuntur,
2919 4358 3165 4427 pacifica
3184 4361 3243 4412 et
3262 4362 3664 4413 consentanea
3679 4358 3767 4412 in-

2124 4446 2307 4499 vicem
2341 4445 2488 4514 fleri,
2522 4446 2789 4518 subjecta
2813 4446 3154 4502 hominibus
3194 4463 3329 4502 cum
3373 4447 3533 4502 omni
3567 4447 3768 4520 subje-

2126 4535 2344 4591 cﬁone.

2203 4682 2336 4736 Haec
2369 4684 2567 4736 autem
2598 4680 2674 4753 ('7)
2708 4686 2765 4736 et
2809 4683 2910 4737 Pa-
2990 4751 2997 4753 Α
3055 4680 3239 4737 Ταῦτα
3271 4677 3353 4753 δὲ,
3383 4679 3474 4735 καὶ
3530 4679 3769 4753 Παπίας,

2132 4752 2281 4825 pias,
2345 4751 2614 4807 Joannis
2656 4751 2914 4819 auditor,
2988 4751 3241 4825 ’ῐιοάννου
3304 4751 3399 4825 μὲν
3443 4752 3771 4825 -Δὰκουστὴς,

2137 4820 2436 4896 Polycarpi
2478 4828 2677 4878 autem
2716 4829 2916 4879 contu-
2989 4820 3354 4896 Πολυκάρπὸυ
3441 4820 3495 4876 δὲ
3555 4824 3768 4896 ἑταῖρος

2136 4895 2415 4970 bernalis,
2477 4901 2639 4949 vetus
2713 4896 2912 4970 homo,
2988 4894 3249 4970 γεγονὼς,
3307 4895 3541 4970 ὅιρχαῖος
3613 4894 3775 4970 ἀνὴρ,

2136 4984 2242 5043 per
2273 4962 2635 5043 Scripturam
2661 4967 2920 5021 testimo-
2992 4962 3275 5043 ἔγξ(ράφρ›ς
3326 4962 3775 5043 ἐπίμαρτυρεῖΔέν

2140 5035 2303 5123 ilium
2331 5035 2601 5108 perhibet
2622 5040 2681 5092 in
2705 5045 2914 5107 quarto
2987 5035 3056 5123 ’Ξῆ
3080 5035 3317 5123 ,τετάρτῃ
3349 5038 3457 5088 τῶν
3486 5035 3651 5121 αὐτοῦ
3679 5035 3777 5123 pc:

2142 5104 2448 5164 Librorum
2472 5104 2750 5164 suorum}
2787 5113 2925 5163 sunt
2997 5104 3393 5180 GllvaEqrr
3455 5106 3559 5180 γὰρ
3633 5104 3783 5177 αὖτῷ

2143 5181 2304 5235 enim
2352 5180 2438 5234 illi
2488 5182 2752 5251 quinque
2784 5180 2919 5234 libri
2994 5178 3152 5233 πέντε
3236 5172 3430 5251 βιϐλία
3469 5172 3479 5180 ’
3523 5172 3777 5230 συντεταέ

2144 5252 2485 5322 conscripti.
2989 5252 3181 5325 γμένα.

458 5383 534 5467 (ἵε)
562 5380 667 5463 Ὠς
705 5377 942 5464 ἠδύνατο
998 5375 1250 5467 ἕκαστος..
1311 5378 1700 5467 Niceph‘orus.
1731 5378 1910 5431 habet

2105 5375 2115 5425 Ι
2148 5379 2458 5448 interpres.
2487 5376 2883 5467 scribendum,
2906 5376 3140 5467 erat‘vel
3170 5376 3282 5430 hazc
3305 5380 3566 5467 tcstatyjr,
3585 5375 3672 5430 vel
3697 5375 3798 5467 [ioc

386 5454 452 5518 ἦν
486 5450 710 5510 δυνατὸς
738 5450 961 5511 ἕκαστος
992 5469 1003 5504 :
1037 5452 1129 5506 cui
1163 5450 1546 5505 subscribunt
1567 5455 1822 5518 quatuor
1852 5450 2038 5504 nostri

389 5523 561 5579 codd.
596 5526 755 5587 Man,
782 5524 952 5588 Med.,
988 5524 1129 5576 Fuk.
1165 5530 1223 5576 et
1251 5524 1377 5576 Sav.
1414 5522 1611 5575 VALES.

461 5598 538 5666 (5)
574 5596 759 5666 Decem
798 5594 994 5658 millia,
1033 5595 1366 5666 Vross.rdena;
1394 5592 1592 5646 millia.
1624 5592 1899 5645 Massusr.

461 5663 536 5735 (6)
573 5663 829 5721 Palmite.
862 5666 1031 5718 Forte
1063 5665 1303 5718 bare/tio.
1338 5665 1510 5718 GRAB.

465 5734 545 5813 (7)
580 5740 709 5793 Haec
738 5766 805 5778 —
837 5735 1207 5791 testimonium
1220 5735 1499 5805 perhibet.
1535 5736 1853 5804 Perperam
1878 5734 2053 5789 vertit

957 5855 1223 5915 PATROL.
1264 5853 1380 5915 Gn.
1425 5850 1500 5914 ν.

2152 5479 2221 5489 ——
2278 5452 2645 5503 testimonium
2703 5450 2972 5516 perhibet.
3036 5451 3308 5503 MAssUET.
3361 5478 3426 5488 -—
3476 5449 3647 5502 Forte
3705 5448 3803 5501 hoc

2155 5521 2460 5590 scripserit
2492 5520 2647 5573 idem
2682 5520 2994 5589 interpres.
3024 5520 3270 5574 Grabius
3294 5536 3396 5589 pro
3421 5519 3538 5575 haec
3568 5518 3711 5590 legit
3735 5519 3803 5573 de

2156 5593 2259 5658 his,
2295 5592 2353 5644 in
2383 5592 2575 5663 Spicil.
2638 5597 2781 5644 tom.
2846 5593 2910 5653 ll,
2967 5608 3075 5663 pag
3132 5593 3218 5645 3i.
3264 5592 3464 5646 Graeca
3494 5606 3561 5645 ex
3594 5590 3806 5645 Euseb.

2157 5664 2299 5717 Hist.
2332 5662 2471 5716 Eccl.
2505 5661 2608 5717 lib.
2645 5679 2726 5729 Ill,
2759 5678 2886 5734 cap.
2916 5664 3003 5719 39.

3410 5848 3490 5909 40
