4110 6150
329 333 482 399 1161

957 323 1021 385 S.
1069 317 1546 395 QUADRATUS
1590 315 2105 380 ATHENARUM
2145 310 2593 381 EPISCOPUS.
2637 350 2719 364 -—
2761 316 3106 380 NOTITIA.

1984 469 2059 526 IX

3482 278 3489 285 “
3586 317 3746 380 nos

1014 634 1017 635 ν
1108 570 1152 624 Ε
1181 582 1343 623 LIBRO
1372 565 1466 621 IV.
1497 595 1564 606 —
1595 562 1766 635 Apud
1795 509 2259 634 Theopliglactum
2287 561 2348 616 in
2375 561 2517 618 Acta
2547 562 2944 632 apostolorum.

395 702 476 772 Οὔ
508 701 613 781 γὰρ
644 693 928 757 ἐναπέθανε
964 698 1034 772 τῇ
1083 683 1300 773 ἀγχόνῃ
1333 693 1361 748 ὁ
1391 687 1627 781 Ἰούδας)
1680 686 1807 744 ἀλλ’
1856 685 1980 743 ἐπε·
2010 724 2022 757 λ

2166 688 2294 743 Non
2326 687 2485 743 enim
2515 687 2577 743 in
2608 687 2820 760 laqueo
2849 687 3029 745 Judas
3060 692 3328 745 mortuus
3361 693 3469 761 est,
3514 689 3616 746 sed
3647 707 3744 748 su-

333 792 439 851 ϐίω
468 778 803 867 καθαιρεθεὶς
832 786 939 865 πρὸ
969 791 1065 842 τοῦ
1095 786 1487 861 ἀποπνιγῆναι.
1519 778 1625 837 Καὶ
1672 782 1840 834 τοῦτο
1892 798 1986 833 σα⁹

333 884 587 965 φέστερον
643 883 850 954 ἱστορεῖ
898 875 1108 939 Παπίας
1140 876 1168 931 ὁ
1209 873 1461 931 Ἰωάννου
1508 871 1757 965 μαθητὴς
1908 871 1987 940 τῷ

334 956 577 1050 τετάρτῳ
605 977 707 1040 τῆς
739 970 1083 1046 Ἐξηγήσεως
1113 970 1220 1021 τῶν
1251 967 1532 1040 Κυριακῶν
1565 961 1773 1039 λόγων,
1808 956 1985 1035 λέγων

335 1064 528 1127 οὕτως·
571 1062 721 1138 Μέγα
777 1057 836 1114 δὲ
890 1053 1137 1120 ἀσεϐείας
1194 1051 1505 1130 ὑπόδειγμα
1560 1050 1613 1108 ἒν
1671 1050 1852 1125 τούτῳ
1907 1052 1988 1122 τῷ

331 1156 526 1230 κόσμῳ
581 1150 977 1228 περιεπάτησεν
1005 1149 1034 1204 ὁ
1068 1143 1295 1213 Ἰούδας,
1344 1143 1607 1216 πρησθεὶς
1658 1140 1747 1198 ἐπὶ
1795 1142 1986 1230 τοσοῦ-

330 1228 572 1313 τονντὴν
631 1243 826 1316 σάρκα,
884 1236 1025 1295 ὥστε
1086 1234 1226 1311 μηδὲ
1283 1233 1476 1290 ὁπόθεν
1534 1233 1715 1308 ἅμαξα
1783 1228 1987 1309 ῥᾳδίως

336 1332 634 1412 διέρχεται,
666 1330 870 1386 ἐκεῖνον
905 1326 1163 1392 δύνασθαι
1195 1323 1452 1382 διελθεῖν.
1504 1320 1685 1412 Ἀλλᾷ
1720 1318 1862 1412 μηδὲ
1891 1320 1984 1412 αιῦο

336 1408 431 1479 τὸν
458 1408 625 1497 ’μόνον
655 1420 745 1476 τὸν
774 1425 873 1489 τῆς
901 1419 1146 1498 κεφαλῆς
1178 1414 1343 1493 ὄγκον
1381 1413 1572 1470 αὐτοῦ.
1620 1411 1695 1468 Τὰ
1751 1411 1846 1485 μὲν
1885 1408 1986 1484 γὰρ

349 1511 596 1590 βλέφαρα
622 1514 730 1565 τῶν
764 1505 1064 1586 ὀφθαλμῶν
1116 1503 1307 1576 αὐτοῦ,
1357 1503 1484 1581 φασὶ
1535 1505 1792 1590 τοσοῦτον
1835 1498 1991 1590 γέξοι-

342 1589 524 1673 δῆσαι,
558 1600 633 1663 ὠς
677 1599 838 1655 αὐτὸν
890 1598 983 1671 μὲν
1041 1595 1290 1652 παθόλου
1335 1593 1399 1649 τὸ
1450 1595 1565 1670 φῶς
1612 1594 1689 1666 μὴ
1747 1589 1985 1666 βλέπειν’

339 1691 466 1753 τοὺς
495 1688 814 1770 ὀφθαλμοὺς
849 1684 906 1743 δὲ
934 1685 1120 1755 αὐτοῦ,
1155 1681 1296 1758 μηδὲ
1339 1684 1442 1739 ὑπὸ
1488 1682 1678 1758 ἰατροῦ
1727 1678 1987 1770 διόπτρας

341 1768 573 1860 ὀφθῆναι
599 1776 876 1834 δύνασοαν
908 1780 1168 1832 τοσοῦτον
1201 1774 1367 1850 βάθος
1397 1773 1553 1848 εἶχον
1583 1770 1691 1828 ἀπὸ
1719 1777 1821 1841 τῆς
1864 1768 1992 1842 ἔξω·

342 1872 426 1926 θεν
486 1866 823 1947 ἐπιφανείας.
890 1867 963 1923 Τὸ
1016 1863 1074 1920 δὲ
1131 1861 1341 1920 αἶ’δοῖον
1405 1862 1572 1917 αὐτοῦ
1629 1861 1806 1931 πάσης
1894 1860 1989 1932 μὲν

341 1957 739 2035 ἀσχημοσύνης
771 1954 1095 2031 ἀηδέστερον
1121 1955 1213 2009 καὶ
1254 1957 1440 2026 μεῖζον
1479 1950 1779 2026 φαίνεσθαι·
1835 1948 1988 2027 φέρει

2094 779 2345 850 pervixit
2374 779 2650 851 demptus
2680 785 3001 852 antequam
3036 781 3444 837 sulfocaretur.
3468 782 3658 855 Atque
3686 782 3745 838 id

2096 867 2358 939 apertius
2383 868 2564 924 tradit
2593 869 2803 941 Papias
2836 868 3165 941 discipulus
3189 870 3436 927 Joannis
3454 871 3515 927 in
3532 876 3743 944 quarto

2098 954 2251 1010 libro
2283 955 2680 1028 Expositionis
2710 958 3155 1014 Dominicorum
3186 959 3642 1028 verborum,ubi
3666 962 3750 1016 ita

2097 1043 2274 1099 dicit:
2302 1046 2571 1118 Magnum
2596 1047 2934 1118 exemplum
2957 1047 3281 1119 impietatis
3299 1048 3361 1103 in
3384 1048 3497 1104 hoc
3521 1048 3747 1105 mundo

2094 1133 2275 1189 Judas
2304 1139 2571 1190 versatus
2601 1140 2710 1203 est,
2743 1135 2912 1207 cujus
2943 1152 3081 1191 caro
3108 1136 3477 1194 inﬂammata
3494 1138 3640 1194 adeo
3666 1139 3753 1194 in-

2098 1224 2335 1293 tumuit,
2371 1230 2437 1279 ut
2464 1242 2538 1280 ne
2572 1242 2690 1297 qua
2720 1225 3052 1298 plaustrum
3085 1227 3326 1298 quidem
3358 1229 3530 1284 facile
3550 1228 3749 1284 tradu-

2098 1313 2275 1379 citur,
2307 1312 2407 1369 ille
2436 1315 2698 1385 potuerit
2730 1316 3002 1371 transire.
3035 1318 3110 1371 Αι
3137 1333 3213 1372 ne
3236 1317 3367 1389 ipsa
3386 1319 3628 1389 quidem
3649 1334 3745 1373 ca-

2096 1403 2236 1475 pitis
2269 1402 2431 1459 illius
2461 1403 2619 1459 mole
2675 1403 2821 1461 sola.
2870 1407 3019 1461 Nam
3076 1405 3391 1477 palpebras
3445 1407 3749 1463 oculorum

2097 1491 2261 1547 illius
2294 1492 2356 1547 in
2388 1497 2620 1549 tantum
2643 1493 2996 1550 intumuisse
3028 1494 3249 1561 ferunt,
3271 1500 3339 1550 ut
3359 1496 3483 1568 ipse
3508 1496 3749 1568 quidem

2096 1596 2345 1651 prorsus
2374 1597 2497 1635 non
2529 1580 2788 1637 videret:
2825 1582 3130 1637 oculivero
3153 1582 3282 1653 ejus
3306 1599 3382 1638 ne
3405 1584 3751 1655 permedici

2099 1669 2343 1741 quidem
2375 1669 2671 1743 dioptram
2703 1672 2866 1727 cerni
2896 1678 3179 1744 possent:
3226 1671 3392 1730 tanta
3435 1675 3748 1732 altitudine

2100 1758 2172 1814 ab
2200 1764 2466 1816 extrema
2482 1760 2796 1832 superficie
2831 1761 3124 1817 introrsus
3169 1762 3598 1819 abscesserant.
3644 1766 3754 1821 Pu-

2104 1847 2301 1904 denda
2328 1866 2465 1905 vero
2499 1849 2658 1905 illius
2689 1850 2896 1921 quavis
2936 1867 2999 1906 re
3030 1850 3279 1907 deformi
3303 1852 3557 1910 fuediora
3575 1860 3752 1926 atque

2101 1938 2526 2011 injucundiora
2554 1956 2622 1995 ac
2650 1941 2880 2013 majora
2905 1947 3260 2013 apparerent
3284 1959 3296 1997 :
3328 1960 3436 2015 per
3465 1960 3595 2015 quas
3631 1960 3754 2000 ver-

344 2029 464 2105 σθαι
496 2047 553 2105 δὲ
586 2047 654 2104 δι’
685 2049 851 2104 αὐτοῦ
878 2044 976 2101 τοῦ
1033 2044 1085 2117 ἐξ
1141 2045 1374 2107 ’ἅπαντος
1411 2047 1508 2098 τοῦ
1557 2043 1811 2114 σώματος
1861 2037 1985 2115 συρ·
2019 2060 2022 2123 ς

2103 2044 2226 2085 mes
2267 2029 2431 2085 sanie
2462 2030 2757 2086 commisti
2790 2047 2863 2086 eu
2916 2035 3039 2086 toto
3088 2048 3334 2104 corpore
3379 2034 3750 2091 conﬂuentes

349 2142 571 2217 ῥέοντας
605 2137 814 2214 ἶχῶράς
842 2157 902 2192 τε
938 2134 1028 2191 καὶ
1059 2134 1354 2205 σκώληκας
1403 2132 1480 2196 εῗς
1518 2126 1672 2209 ὕϐριν
1716 2130 1780 2187 δι’
1811 2127 1989 2186 αὒτῶν

2103 2135 2211 2190 per
2237 2118 2396 2191 ipsas
2425 2118 2579 2175 solas
2612 2119 2936 2189 (nimirum)
2982 2122 3351 2177 necessarias
3390 2128 3589 2194 partes
3621 2141 3752 2179 cor-

353 2230 513 2303 μόνον
541 2231 651 2284 τῶν
683 2226 1010 2299 ἀναγκαίων.
1047 2224 1201 2284 Μετᾶ
1229 2221 1445 2286 πολλὰς
1478 2219 1536 2277 δὲ
1592 2221 1849 2297 βασάνους
1900 2218 1991 2274 καὶ

346 2317 641 2393 τιμὼρίας,
673 2317 726 2373 ἐν
758 2313 884 2389 ἰδίῳ
915 2315 1043 2392 φασὶ
1074 2314 1279 2390 χωρίῳ
1298 2312 1713 2385 τελευτήσαντα,
1752 2311 1843 2366 καὶ
1872 2314 1993 2372 τοῖς

349 2406 437 2463 ἐπὶ
469 2413 569 2476 τῆς
604 2403 734 2462 ὀδοῦ
763 2399 972 2481 ἔρημον
1009 2404 1100 2460 καὶ
1147 2402 1406 2473 ἀοίκητον
1445 2402 1508 2457 τὸ
1558 2401 1768 2477 χωρίον
1825 2397 1990 2475 μέχρι

347 2500 451 2564 τῆς
479 2499 566 2551 νῦν
598 2495 861 2572 γενέσθαι·
911 2491 1037 2549 ἀλλ’
1070 2488 1196 2547 οὐδὲ
1244 2491 1410 2567 μέχρι
1458 2497 1560 2561 τῆς
1608 2492 1848 2565 σήμερον
1897 2487 1991 2544 δύ-

347 2583 537 2650 νασθαί
593 2606 714 2640 τινα
771 2583 970 2639 ἐκεῖνον
1021 2582 1114 2637 τὸν
1170 2579 1336 2636 τόπον
1396 2578 1705 2655 παρελθεῖν,
1761 2579 1849 2636 ἐὰν
1912 2580 1988 2654 μή

344 2676 439 2738 τὰς
481 2675 632 2751 ῥῖνας
687 2679 809 2737 ταῖς
860 2674 1047 2749 χερσὶν
1103 2671 1387 2749 ἐπιφράξῃ
1444 2669 1682 2741 τοσαύτη
1743 2667 1835 2725 διὰ
1887 2676 1989 2740 τῆς

345 2765 541 2841 σαρκός
565 2765 734 2821 αὐτοῦ
762 2763 853 2820 καὶ
885 2762 975 2819 ἐπὶ
1006 2768 1110 2839 γῆς
1142 2759 1356 2837 ἔκρυσις
1390 2758 1645 2838 ἐχώρησε
1672 2761 1808 2835 (15).

2014 3024 2081 3081 Χ.

2100 2207 2264 2280 poris
2294 2207 2693 2264 elaberentur.
2725 2211 2867 2264 Post
2914 2209 3133 2265 multas
3181 2215 3381 2265 autem
3434 2229 3638 2284 poenas
3689 2218 3750 2268 et

2103 2297 2398 2353 cruciatus
2464 2297 2526 2353 in
2573 2314 2679 2353 suo
2729 2298 2951 2370 praedio
2995 2298 3164 2353 aiunt
3218 2298 3384 2355 illum
3442 2307 3749 2358 mortuum

2103 2402 2230 2442 esse
2257 2403 2271 2442 :
2300 2391 2477 2458 atque
2509 2387 2581 2442 ab
2612 2387 2685 2442 iis
2716 2387 2817 2458 qui
2842 2387 3014 2459 juxta
3059 2387 3226 2442 illam
3278 2389 3431 2446 viam
3479 2392 3751 2448 habitant

2100 2481 2279 2548 atque
2309 2481 2639 2546 versantur,
2671 2476 2923 2532 fundum
2955 2476 3124 2532 illum
3153 2494 3341 2551 usque
3373 2480 3447 2536 ad
3468 2482 3580 2538 hoc
3598 2487 3752 2538 tem-

2101 2582 2213 2639 pus
2245 2565 2547 2621 desertum
2579 2570 2638 2621 et
2668 2565 2739 2622 ab
2770 2565 2983 2622 incolis
3013 2582 3260 2623 vacuum
3293 2584 3421 2626 esse
3448 2588 3462 2628 :
3496 2589 3564 2628 ac
3581 2589 3656 2629 ne
3679 2573 3756 2630 ad

2100 2655 2460 2712 hodiernum
2493 2656 2736 2729 quidem
2767 2673 2953 2729 usque
2984 2657 3143 2714 diem
3175 2675 3537 2732 quemquam
3559 2681 3669 2736 per
3694 2664 3759 2719 i1-

2097 2747 2223 2802 lum
2254 2744 2453 2801 locum
2482 2762 2656 2817 posse
2691 2747 2964 2816 transire,
2996 2748 3112 2804 nisi
3144 2765 3320 2805 nares
3336 2750 3612 2807 manibus
3641 2752 3747 2808 ob-

2099 2840 2259 2892 turet
2286 2852 2299 2891 :
2331 2840 2533 2892 tantus
2561 2853 2669 2909 per
2699 2852 2940 2894 carnem
2983 2836 3143 2895 illius
3190 2840 3372 2897 etiam
3418 2841 3482 2896 in
3528 2846 3750 2899 terram

2101 2925 2295 2982 ﬂuxus
2326 2924 2559 2982 delatus
2590 2930 2699 2984 est.

340 3134 430 3188 Ea:
466 3131 586 3188 cod.
620 3130 759 3185 2397
790 3126 1494 3204 bibliothechDoclleianz,
1552 3141 1700 3204 anno
1758 3125 1896 3204 13οξ
1952 3133 2012 3204 et
2060 3128 2196 3204 13οξ
2244 3128 2573 3204 in_abbatia
2616 3127 2914 3204 qsneyensi
2941 3144 3126 3204 prope
3183 3130 3457 3188 Omnium
3513 3136 3741 3204 scripto,

1117 3200 1220 3268 fol.
1252 3198 1380 3265 286,
1406 3214 1542 3268 pag.
1578 3201 1632 3265 2,
1663 3198 1816 3268 apud
1845 3200 2127 3266 Grabium,
2161 3198 2433 3272 Spicileg.
2467 3206 2598 3255 tom.
2632 3201 2701 3270 II,
2723 3198 2862 3271 pag.
2894 3198 2983 3257 34.

418 3313 527 3387 (14)
558 3311 740 3367 Maria
766 3310 949 3365 Mater
964 3308 1200 3365 Domini
1227 3326 1239 3362 :
1273 3309 1456 3364 Maria
1475 3307 1743 3379 Cleophae
1767 3308 1886 3364 sive
1903 3308 1995 3364 ΑΙ·
2025 3309 2068 3377 C
2108 3312 2166 3365 et
2197 3310 2445 3365 Ioannes
2475 3309 2719 3365 alterius
2740 3314 3073 3366 materterae
3097 3311 3329 3367 Domini
3354 3312 3599 3370 fuerunt
3620 3315 3752 3370 filii.

346 3404 503 3476 phoei
543 3418 712 3469 uxor,
748 3417 879 3472 quas
910 3399 1022 3454 fuit
1051 3403 1243 3455 mater
1271 3398 1473 3454 Jacobi
1499 3398 1762 3470 episcopi
1783 3402 1999 3471 etapo-

348 3493 506 3561 stoli,
541 3497 600 3547 et
628 3489 902 3563 Symonis
932 3494 991 3544 et
1018 3487 1316 3556 Thaddaai,
1334 3492 1391 3543 et
1408 3487 1717 3559 cujusdam
1740 3489 1956 3559 Joseph
1980 3504 1993 3543 :

346 3582 527 3639 Maria
565 3580 794 3637 Salome
825 3595 973 3634 uxor
1001 3578 1288 3644 Zebedaai,
1325 3582 1520 3633 mater
1546 3577 1791 3633 Joannis
1821 3594 1999 3633 evan-

344 3665 571 3746 gelista:
602 3675 660 3726 et
688 3669 889 3726 Jacobi
918 3684 931 3723 :
965 3670 1150 3724 Marta
1187 3666 1548 3739 Magdalene.
1581 3667 1712 3721 ἰδίω
1745 3672 2000 3738 quatuor

345 3762 407 3817 in
438 3759 753 3833 Evangelio
782 3759 1182 3831 reperiuntur.
1213 3756 1466 3812 Jacobus
1500 3760 1559 3812 et
1579 3755 1779 3822 Judas,
1813 3761 1871 3811 et
1895 3758 1995 3812 Jo.

347 3850 490 3923 seph
522 3850 627 3905 ﬁlii
652 3853 823 3905 erant
846 3853 1180 3904 materteraa
1205 3846 1461 3902 Domini.
1488 3845 1740 3901 Jacobus
1759 3861 1997 3917 quoque

1184 4132 1363 4333 S.
1493 4130 2941 4369 QUADRATUS

2108 3399 2288 3455 Maria
2315 3399 2513 3455 Jacobi
2546 3399 2793 3455 minoris
2824 3404 2883 3455 et
2935 3401 3152 3473 Joseph
3198 3407 3410 3473 mater,
3459 3420 3611 3460 uxor
3655 3405 3756 3460 Al-

2107 3489 2269 3560 phei,
2302 3505 2472 3543 soror
2501 3487 2614 3543 fuit
2638 3489 2834 3544 Marias
2864 3490 3066 3545 Matris
3105 3491 3358 3558 Domini,
3392 3510 3570 3563 quam
3601 3495 3757 3550 Cleo-

2107 3577 2239 3650 phae
2268 3578 2526 3633 Joannes
2548 3578 2841 3647 nominat,
2864 3579 3011 3634 vela
3026 3585 3214 3650 patre,
3247 3581 3389 3636 vela
3407 3583 3758 3654 gentilitatis

2106 3666 2351 3734 familia,
2395 3667 2491 3722 vel
2518 3667 2637 3723 alia
2684 3683 2882 3723 causa.
2940 3669 3121 3724 Maria
3168 3668 3423 3736 Salome,
3454 3686 3488 3726 a
3515 3672 3638 3727 viro
3669 3675 3759 3728 vel

2106 3773 2142 3813 a
2171 3756 2297 3812 vico
2329 3756 2547 3812 dicitur
2575 3773 2587 3812 :
2621 3757 2776 3812 hanc
2807 3756 3078 3812 eamdem
3110 3757 3382 3831 Cleophaa
3402 3761 3642 3832 quidam
3664 3762 3759 3817 di-

2106 3849 2267 3911 cunt,
2301 3846 2459 3916 quod
2490 3845 2639 3901 duos
2666 3845 2823 3901 viros
2853 3845 3150 3902 habuerit.

1023 4413 2005 4538 ATHENARUM
2201 4436 3096 4536 EPISCOPUS
3197 4498 3201 4503 τ

1802 4743 2326 4841 ΝΟΤΙΤΙΑ

1245 4906 1574 4976 ((ἓΑιιΑΝυη
1607 4903 1874 4959 Biblioth.
1916 4908 2026 4959 vet.
2057 4903 2237 4968 Patr.,
2271 4902 2294 4956 Ι
2324 4898 2553 4971 Proleg.
2585 4915 2644 4971 p.
2674 4900 2878 4973 Lxxu.)

422 5040 466 5093 Ι.
500 5039 556 5094 S.
600 5035 936 5109 Quadratus,
969 5032 1343 5109 apostolorum
1371 5030 1693 5109 discipulus,
1715 5028 2026 5109 prophetia
2050 5026 2206 5109 dono
2226 5024 2480 5109 illustris,
2513 5026 2794 5109 episcopus
2822 5024 3207 5109 Atheniensis.-

424 5112 495 5166 11.
530 5097 641 5165 Pro
672 5097 1345 5176 defensione-Christianae
1376 5097 1659 5176 religionis
1683 5097 1940 5157 Adriano
1969 5099 2297 5170 imperatori
2326 5097 2570 5152 libellum
2599 5098 2999 5168 apologeticum
3030 5098 3253 5165 obtulit,
3300 5101 3470 5155 multo
3499 5103 3558 5156 in
3586 5108 3772 5173 pretio

356 5181 609 5240 habitum
633 5197 646 5247 ;
681 5175 836 5251 cujus
863 5194 1034 5234 unum
1062 5181 1287 5251 superat
1315 5175 1712 5251 fragmentum.

425 5254 523 5309 Ill.
557 5242 712 5308 Anno
739 5242 846 5306 126
876 5252 1060 5305 oblata
1091 5242 1203 5303 hac
1232 5242 1536 5318 Apologia,
1568 5262 1690 5300 cum
1719 5250 1914 5301 auctor
1936 5249 2209 5314 provecta:
2232 5242 2359 5313 jam
2387 5247 2520 5296 esset
2563 5245 2785 5307 atatis;
2842 5245 2940 5313 qui
2989 5247 3169 5298 tamen
3200 5260 3234 5299 a
3264 5243 3546 5309 Quadrato
3600 5247 3773 5315 Athe-

354 5342 556 5381 narum
576 5325 838 5394 pontiﬁce
859 5317 1407 5391 distinguendus’non
1435 5317 1673 5373 videtur.

428 5450 534 5520 (t3)
571 5447 878 5526 Ἐχῴρησε.
902 5449 1069 5526 Hanc
1087 5447 1277 5519 ipsam
1301 5444 1495 5517 Papias
1519 5443 1589 5499 de
1612 5443 2014 5526 Judasenten-

360 5523 508 5577 tiam
540 5521 748 5591 paucis
781 5525 1166 5591 contractam,
1199 5534 1514 5591 suppresso
1547 5521 1805 5571 auctoris
1827 5521 2016 5591 nomi-

365 5610 463 5661 ne,
487 5589 717 5664 profert
748 5590 905 5664 idem
935 5589 1429 5661 Theophylactus,
1456 5604 1567 5644 nec
1598 5604 1718 5643 non
1750 5592 1809 5642 et
1839 5589 2016 5658 Euty-

364 5661 543 5730 mius,
576 5664 640 5718 in
669 5661 870 5717 Matth.
905 5677 1035 5733 cap.
1069 5678 1241 5717 xxvn.

435 5738 548 5803 (14)
580 5737 762 5792 Maria
785 5733 957 5788 Mater
978 5731 1227 5801 Domini,
1259 5736 1387 5803 etc.
1404 5731 1524 5787 Ista
1554 5747 1625 5803 ex
1663 5731 1859 5803 Papias
1908 5746 2020 5787 no-

360 5809 469 5866 stri
495 5802 667 5864 libris
690 5809 1043 5879 deprompta
1067 5820 1193 5860 esse
1217 5802 1428 5859 exinde
1456 5802 2019 5875 colligo,quiainitio

2125 5437 2685 5514 borum‘verborum
2717 5439 2790 5494 ad
2810 5440 3137 5514 marginem
3161 5457 3434 5514 expresse
3457 5443 3779 5513 ascriptum

2126 5513 2257 5583 lego
2286 5528 2298 5564 :
2330 5512 2527 5586 Papia.
2547 5510 2668 5586 Qui
2700 5517 2899 5586 autem
2934 5510 3058 5568 haec
3089 5510 3424 5586 descripsit.
3451 5510 3683 5571 addidit
3710 5517 3783 5571 de

2129 5581 2236 5640 suo
2266 5599 2279 5636 :
2313 5585 2495 5637 Maria
2525 5581 2734 5654 dicitur
2764 5584 3164 5654 illuminatrizc,
3198 5581 3310 5642 sive
3343 5586 3518 5642 Stella
3573 5591 3741 5643 maris
3768 5606 3781 5654 ;

2129 5657 2320 5726 genuit
2352 5656 2497 5709 enim
2529 5653 2708 5708 lumen
2739 5655 2933 5730 mundi
2962 5672 2974 5710 :
3006 5653 3250 5713 sermOne
3283 5665 3464 5715 autem
3502 5661 3639 5730 Syro
3687 5661 3789 5715 Do-

2128 5729 2282 5785 mina
2310 5731 2692 5797 nuncupatur,
2724 5727 2863 5799 quia
2892 5731 3086 5800 genuit
3116 5730 3431 5789 Dominum.
3467 5727 3638 5789 Gali».
