4110 6150
384 310 541 373 1263

1344 301 1413 363 8.
1455 297 1865 369 QUADRATI
1907 295 2068 360 ATH
2079 297 2421 360 ENARUM
2462 293 2813 357 EPISCOPI
3636 301 3773 363 1m

456 446 500 500 Ι.
528 445 581 499 S.
607 438 1205 510 Quadratum,Publio
1234 436 1587 508 martyrium
1600 448 1794 505 passo,
1816 433 1879 487 in
1925 434 2035 489 Ec-
2063 437 2120 504 Α
2147 431 2281 500 fuit,
2302 438 2369 486 ut
2387 432 2868 503 persecutionem
2894 430 3305 502 gravissimam
3322 430 3481 493 illius
3502 436 3775 494 excellens

395 533 592 591 clesim
624 530 1005 586 Atheniensis
1035 527 1322 599 regimine
1353 524 1728 591 successisse,
1761 523 1928 579 testis
1956 527 2046 578 est

396 621 663 694 locuples
695 619 851 692 apud
882 617 1200 673 Eusebium
1231 616 1304 686 (1)
1359 614 1671 686 Dionysius
1710 612 2041 668 Corinthio-

388 727 523 766 rum
556 709 868 779 episcopus
892 708 951 761 in
986 705 1240 777 epistola
1261 720 1435 775 quam
1471 701 1928 757 Atheniensibus
1950 700 2043 755 in-

391 799 631 870 scripsit
658 816 672 865 ;
713 797 815 853 ubi
848 803 906 851 et
924 819 953 847 ‹‹
984 796 1114 868 ejus
1136 794 1339 849 labore
1371 789 1862 862 atqueindustria
1890 790 2045 845 cives

392 890 589 945 denuo
615 889 679 943 in
708 886 1033 943 Ecclesiam
1075 883 1442 951 convenisse,
1476 887 1535 936 et
1554 880 1879 935 redivivum
1903 879 2041 934 fidei

394 979 670 1035 ardorem
697 978 760 1032 in
800 975 920 1031 illis
950 981 1291 1045 reparatum
1317 988 1443 1029 esse
1475 970 1809 1042 proﬁtetur.
1843 989 1872 1018 »
1914 974 2047 1022 Επι-

400 1070 711 1142 μαρτυρῶν,
745 1065 818 1125 ὡς
852 1061 941 1117 διὰ
979 1070 1078 1133 τῆς
1135 1062 1302 1115 αὐτοῦ
1365 1055 1610 1127 σπουδῆς
1661 1055 2043 1132 ἐπισυναχθέν-

390 1178 519 1226 των,
550 1154 772 1222 καὶτῆς
811 1151 1046 1214 πίστεως
1091 1148 1509 1223 ἀναζωπύρησιν
1558 1144 1891 1223 εἰληχότων.
1950 1148 2038 1218 Ip-

391 1262 522 1302 sum
557 1260 795 1316 quoque
838 1242 1182 1315 prOphetica
1233 1240 1423 1313 gratia
1465 1238 1649 1292 fuisse
1701 1235 2044 1308 prmditum,

400 1340 652 1390 testatur
677 1332 830 1405 apud
864 1331 1140 1387 eumdem
1180 1328 1500 1383 Eusebium
1532 1328 1607 1398 (2)
1642 1327 1893 1397 scriptor
1912 1341 2047 1380 ano-

389 1440 627 1495 nymus,
661 1422 759 1492 qui
794 1419 1040 1476 Rhodon
1070 1420 1256 1474 fuisse
1287 1417 1503 1472 dicitur
1528 1416 1624 1488 (3).
1653 1414 1957 1486 Siquidem
1982 1415 2044 1469 in

389 1530 457 1567 eo
492 1512 640 1567 libro
675 1526 850 1581 quem
903 1507 1313 1563 innominatus
1360 1505 1457 1559 hic
1505 1508 1712 1559 auctor
1762 1503 2046 1559 adversus

390 1599 787 1671 Cataphrygas
810 1596 1164 1667 composuit,
1187 1594 1495 1649 universos
1527 1593 1668 1647 Novi
1687 1590 2046 1647 Testamenti

389 1691 707 1764 prophetas
731 1704 1113 1746 enumerans.
1135 1685 1498 1751 Quadratum
1517 1702 1753 1756 quoque
1775 1689 2047 1740 nostrum

395 1785 692 1846 recenset,
711 1794 968 1849 eumque
984 1792 1118 1831 cum
1140 1774 1396 1846 Philippi
1420 1773 1792 1845 evangelista:
1812 1772 2047 1828 filiabus

393 1867 721 1939 conjungit,
756 1882 902 1936 quas
944 1866 1002 1919 S.
1035 1865 1219 1918 Lucas
1258 1863 1663 1935 prophetissas
1714 1862 1975 1933 appellat
2006 1860 2047 1916 ί.

392 1978 421 2006 ‹‹
455 1958 578 2011 Non
614 1954 899 2027 Agabum,
933 1952 1146 2024 inquit,
1177 1968 1297 2006 non
1322 1951 1553 2015 ludam,
1579 1968 1701 2006 non
1727 1951 2048 2013 Silam,nec

393 2044 654 2115 Philippi
688 2043 861 2108 ﬁlias,
921 2058 1033 2098 nec
1100 2040 1394 2095 Ammiam
1460 2039 2044 2111 Philadelphensem,

393 2150 504 2189 nec
540 2132 923 2196 Quadratum,
953 2146 1062 2185 nec
1093 2128 1293 2200 plures
1325 2144 1559 2199 quoque
1600 2127 1749 2183 alios
1773 2129 1871 2199 qui
1892 2128 2049 2182 nihil

390 2221 462 2276 ad
504 2221 665 2292 ipsos
708 2220 1030 2290 pertinent,
1077 2217 1489 2289 praedicabunt
1535 2217 1972 2289 (Montanistaa).
2007 2235 2039 2269 ι)

389 2308 530 2368 Οὔτε
557 2304 821 2385 Ἀγαϐον,
867 2307 991 2363 οὕτε
1046 2304 1275 2380 Ἰούδαν,
1334 2303 1459 2361 οὕτε
1516 2304 1716 2375 Σίλαν,
1778 2301 1900 2360 οὕτε
1956 2305 2049 2367 τὰς

390 2397 676 2454 Φιλίππου
705 2396 1020 2472 Θυγατὲρας,
1053 2393 1176 2452 οὔτε
1212 2397 1314 2465 τήν
1368 2393 1423 2451 ἐν
1473 2392 1857 2471 Φιλαδελφείᾳ
1909 2395 2050 2467 Ἀμ-

394 2487 548 2562 μίαν,
583 2482 704 2542 οὔτε
761 2483 1061 2561 Κοδράπον,
1110 2481 1234 2540 οὔτε
1283 2484 1427 2546 τινας
1474 2481 1680 2544 ἄλλους
1737 2480 1903 2556 μηδὲν
1953 2483 2045 2537 αὐ-

385 2580 509 2638 τοῖς
549 2576 931 2651 προσήκοντας
989 2575 1390 2648 καυχήσονται.
1447 2573 1545 2629 His
1604 2573 1811 2628 affinia
1865 2572 2049 2628 tradit

386 2666 527 2723 alibi
559 2665 832 2721 laudatus
865 2664 1242 2721 Caesariensis
1273 2663 1585 2735 episcopus
1617 2662 1715 2734 (4).

456 2757 525 2811 II.
562 2756 664 2810 Hic
695 2755 896 2825 itaque
928 2754 1015 2808 vir
1035 2753 1395 2825 apostolicus
1418 2751 1677 2806 Adriano
1702 2751 2043 2822 imperatori

388 2845 635 2901 Athenis
659 2844 855 2917 agenti
880 2842 1151 2897 libellum
1173 2840 1607 2913 apologeticum
1630 2840 1957 2906 obtulit,Ch
1969 2840 2046 2894 ri-

389 2935 717 2990 stianorum
754 2932 1156 2987 innocentiam
1186 2936 1244 2987 et
1267 2930 1528 3002 iniquam
1563 2946 1767 2985 eorum
1791 2929 2045 2985 vexatio-

388 3041 525 3079 nem
559 3022 897 3078 luculenter
943 3037 1264 3093 exponens.
1319 3021 1399 3075 De
1454 3036 1570 3090 quo
1624 3018 1865 3090 quidem
1916 3019 2044 3073 haec

387 3114 439 3169 S.
474 3112 868 3184 Hieronymus
897 3111 1011 3182 (5);
1046 3132 1074 3160 «
1117 3109 1450 3175 Quadratus
1502 3108 1907 3180 apostolorum
1961 3108 2046 3163 di-

2153 520 2389 577 sedaret
2418 520 2744 593 ingenium.
2786 542 2810 569 ι›

2226 632 2254 661 ‹‹
2288 611 2523 665 Utinam
2557 626 2709 677 vero,
2743 614 2809 663 ut
2839 626 2974 665 cum
3003 609 3213 666 Grabio
3244 610 3458 683 loquar
3476 612 3571 682 (8),
3598 614 3664 671 de
3684 615 3780 672 hac

2153 700 2432 766 Quadrati
2464 701 2733 771 Apologia
2761 716 2922 755 nunc
2952 699 3210 756 scribere
3255 718 3585 774 possemus,
3638 706 3778 777 quod

2155 788 2299 844 olim
2324 788 2613 844 Eusebius
2635 790 2697 843 in
2721 788 2849 844 haec
2896 788 3076 845 verba
3092 789 3166 852 (9)
3202 806 3215 845 :
3248 788 3432 844 Εἷσέτι
3479 788 3537 845 δὲ
3584 793 3777 869 φέρεται

2151 879 2299 950 παρὰ
2326 876 2608 938 πλείστοις
2646 877 2754 931 τῶν
2816 873 3096 954 ἀδελφῶν,
3153 876 3289 952 ἀτὰρ
3345 879 3435 932 καὶ
3488 883 3611 955 παρ’
3663 885 3783 956 ἡμῖν

2153 967 2214 1020 τὸ
2255 965 2603 1042 σύγ-γραμμα-
2647 964 2701 1035 te
2740 965 2802 1019 οὗ
2861 963 3099 1020 κατιδεῖν
3158 966 3271 1020 ἐστι
3331 965 3559 1044 λαμπρὰ
3604 974 3785 1044 τεκμή-

2157 1074 2243 1132 ρια
2273 1061 2373 1123 τῆς
2401 1074 2459 1108 τε
2488 1057 2586 1108 τοῦ
2616 1051 2812 1128 ἀνδρὸς
2846 1051 3087 1116 διανοίας
3134 1055 3222 1109 καὶ
3282 1063 3383 1126 τῆς
3429 1057 3783 1129 ἀποστολικῆς

2161 1143 2516 1217 ὀρθοτομίας.
2566 1163 2588 1192 ε
2619 1144 2822 1200 Exstat
2852 1145 3146 1217 hodieque
3182 1147 3341 1218 apud
3389 1149 3697 1220 plerosque
3725 1169 3786 1207 ex

2158 1234 2440 1289 fratribus
2464 1234 2591 1288 hac
2622 1233 2834 1298 oratio,
2867 1250 3047 1305 quam
3090 1252 3197 1289 nos
3249 1236 3425 1292 etiam
3475 1239 3784 1299 habemus:

2157 1340 2225 1377 ex
2262 1338 2380 1393 qua
2402 1326 2461 1377 et
2481 1322 2781 1393 ingenium
2806 1320 2967 1376 illius
2998 1322 3127 1392 viri,
3148 1328 3441 1380 etrectam
3469 1329 3786 1398 apostolica)

2158 1412 2294 1467 ﬁdei
2328 1410 2659 1465 doctrinam
2691 1410 3002 1482 perspicue
3034 1428 3392 1484 cognoscere
3421 1414 3579 1471 licet.
3614 1439 3641 1465 n
3686 1418 3785 1472 Sed

2157 1501 2335 1573 periit
2364 1499 2553 1557 eheu!
2590 1500 2889 1573 egregium
2915 1500 3072 1556 istud
3126 1500 3485 1577 σύγγραμμα,
3536 1506 3786 1578 nihilque

2161 1592 2290 1663 ejus
2309 1594 2579 1662 superest
2604 1596 2824 1662 prceter
2840 1590 3528 1661 unicum,brevissimum
3545 1597 3787 1667 quidem,

2158 1688 2219 1738 at
2245 1682 2444 1737 nobile
2476 1682 2871 1753 fragmentum
2899 1681 3058 1752 quod
3089 1682 3263 1737 nobis
3303 1689 3669 1742 conservavit
3691 1690 3794 1743 Eu-

2165 1770 2382 1827 sebius.
2417 1769 2594 1825 Plura
2615 1770 2920 1837 darentur,
2940 1770 2989 1825 si
3021 1772 3372 1841 superstites
3393 1774 3587 1831 adhuc
3614 1782 3795 1833 essent

2159 1859 2405 1915 alterius
2434 1857 2673 1913 Eusebii
2732 1858 2945 1913 saeculo
2999 1875 3053 1913 Vl
3115 1860 3376 1933 episcopi
3432 1864 3796 1920 Thessaloni-

2153 1947 2351 2004 censis
2382 1946 2517 2001 libri
2557 1950 2623 2000 10
2648 1954 2839 2002 ccntra
2879 1948 3151 2003 Andream
3198 1951 3568 2019 monachum;
3611 1960 3793 2027 utpote

2153 2054 2329 2110 quem
2365 2036 2700 2092 adversario
2732 2052 2838 2092 suo
2883 2036 3164 2102 Quadrati
3211 2038 3388 2095 verba
3437 2046 3790 2115 opposuisse.

2160 2143 2435 2199 expresse
2468 2130 2719 2180 testatur
2747 2126 2994 2181 Photius
3023 2127 3153 2190 (10).

2224 2217 2321 2272 lII.
2389 2216 2552 2270 Hanc
2606 2231 2742 2269 vero
2801 2216 3123 2286 Apologiam
3199 2217 3416 2276 obtulit
3472 2222 3789 2288 Quadratus

2150 2306 2410 2362 Adriano
2442 2307 2728 2376 Augusto,
2761 2322 2894 2360 cum
2926 2311 3217 2377 provectae
3240 2308 3371 2379 jam
3401 2316 3562 2365 esset
3590 2311 3786 2367 aetatis.

2150 2398 2218 2450 In
2249 2413 2319 2451 ea
2341 2395 2661 2467 siquidem,
2694 2396 2890 2467 inquit
2918 2396 3205 2452 Eusebius
3247 2400 3374 2468 (11),
3398 2402 3623 2471 ipsemet
3650 2404 3791 2458 anti-

2152 2489 2417 2556 quitatem
2445 2502 2603 2541 suam
2640 2488 2772 2541 satis
2818 2486 3049 2557 prodit:
3106 2486 3167 2542 '0
3222 2484 3267 2540 δ’
3305 2485 3467 2551 alato;
3528 2492 3627 2559 τὴν
3681 2492 3790 2555 καθ’

2155 2573 2342 2629 ἑαυτὸν
2377 2572 2720 2651 ἀρχαιότητα
2748 2573 3095 2651 παρασαίνει.
3124 2577 3249 2641 Qua
3291 2577 3364 2634 de
3416 2595 3482 2635 re
3540 2580 3602 2637 in
3648 2583 3791 2638 Grai-

2155 2665 2241 2720 cis
2269 2664 2525 2720 Clironici
2555 2664 2870 2720 Eusebiani
2903 2665 2976 2720 ad
3007 2681 3230 2722 annum
3259 2667 3509 2725 Adriani
3572 2675 3637 2726 10
3683 2673 3796 2728 baac

2155 2754 2439 2827 leguntur
2495 2754 2645 2815 (l2):
2695 2749 3050 2828 Κουαδρᾶτος
3081 2754 3110 2807 ὁ
3141 2754 3287 2828 ἱερὸς
3335 2760 3443 2810 τῶν
3480 2758 3793 2815 ἀποστόλων

2150 2842 2443 2925 ἀκουστὴς,
2485 2839 2670 2925 Αἰλίῳ
2728 2840 3001 2916 Ἀδριανῷ
3055 2847 3133 2916 τῷ
3190 2844 3552 2920 αὐτοκράτορι
3605 2848 3794 2925 λόγους

2149 2924 2451 3000 ἀπολογίας
2510 2924 2644 3000 ὑπὲρ
2689 2929 3051 3002 Χριστιανῶν,
3104 2927 3195 2983 καὶ
3254 2929 3598 3004 Ἀριστείδης
3652 2924 3796 3005 Ἀθη-

2149 3020 2298 3075 ναῖος
2350 3015 2377 3068 ὁ
2432 3012 2738 3092 φιλόσοφος
2804 3012 3097 3073 ἐπέδωκαν.
3182 3018 3358 3093 Ἀπερ
3426 3017 3715 3097 δεξάμενος
3767 3024 3792 3078 ὁ

2153 3108 2354 3178 Καῖσαρ
2388 3102 2479 3157 σὺν
2512 3110 2630 3168 τοῖς
2678 3104 2823 3179 παρᾶ
2883 3105 3134 3180 Σερενίου
3194 3113 3483 3182 Γρανιανοῦ
3545 3110 3789 3189 λαμπροο

389 3202 671 3273 scipulus,
704 3199 912 3255 Publio
946 3200 1309 3254 Athenarum
1358 3198 1636 3269 episcopo
1690 3197 1764 3252 ob
1818 3196 2034 3251 Christi

2155 3193 2316 3248 τάτου
2350 3191 2684 3269 ἡγουμέοου,
2727 3192 2802 3254 ὠς
2852 3192 3036 3251 ἄδικον
3092 3194 3174 3267 εἷή
3232 3184 3633 3273 γραψαμένου,
3661 3184 3792 3277 Χρι-

391 3290 569 3346 fidem
598 3289 880 3361 martyrio
912 3293 1216 3357 coronato,
1259 3288 1319 3342 in
1351 3287 1548 3342 locum
1581 3287 1711 3358 ejus
1742 3286 2044 3341 substitui-

390 3385 504 3443 tur,
540 3384 599 3433 et
627 3378 951 3436 Ecclesiam
985 3377 1189 3450 grandi
1223 3383 1449 3431 terrore
1483 3376 1810 3447 dispersam
1842 3374 1954 3431 ﬁde
1985 3381 2045 3431 et
2092 3438 2105 3449 τ

391 3466 686 3523 industria
714 3484 819 3523 sua
838 3472 1171 3540 congregat.
1197 3468 1462 3535 Cumque
1484 3464 1777 3520 Adrianus
1793 3464 2041 3520 Athenis

392 3558 683 3631 exegisset
713 3558 995 3627 hiemem,
1028 3555 1288 3610 invisens
1308 3554 1588 3610 Eleusina
1615 3571 1628 3621 ;
1662 3559 1720 3609 et
1762 3554 2041 3610 omnibus

390 3662 559 3718 paane
590 3647 826 3702 Graeciaa
860 3645 1042 3701 sacris
1074 3644 1362 3707 initiatus,
1384 3642 1645 3698 dedisset
1665 3643 2038 3699 occasionem

390 3736 483 3791 his
515 3736 617 3806 qui
648 3734 1014 3791 Christianos
1041 3733 1313 3798 oderant,
1344 3731 1567 3802 absque
1609 3737 1902 3803 pracepto
1934 3733 2039 3787 im-

388 3824 678 3895 peratoris
710 3839 915 3879 vexare
938 3821 1249 3878 credentes
1275 3837 1287 3887 ;
1320 3819 1581 3892 porrexit
1606 3819 1658 3874 ei
1689 3819 1908 3875 librum
1932 3837 2037 3893 pro

387 3914 674 3985 religione
705 3917 931 3979 nostra,
965 3911 1130 3967 valde
1165 3910 1373 3966 utilem
1405 3909 1768 3981 plenumque
1790 3909 2038 3966 rationis

390 4006 448 4055 et
481 4000 639 4069 ﬁdei,
676 4006 732 4056 et
763 3998 1090 4071 apostolica
1123 3998 1397 4053 doctrina
1426 3997 1705 4070 dignum;
1739 3998 1799 4052 in
1832 4015 1947 4068 quo
1982 4003 2040 4053 et

386 4092 801 4163 antiquitatem
839 4107 959 4145 suae
992 4088 1181 4144 aetatis
1214 4087 1534 4142 ostendens
1559 4088 1640 4142 ait
1688 4087 1974 4158 plurimos
2005 4104 2040 4143 a

384 4199 445 4235 se
476 4182 647 4248 visos,
683 4180 783 4252 qui
819 4179 926 4235 sub
956 4179 1205 4235 Domino
1241 4177 1414 4232 variis
1447 4177 1507 4231 in
1538 4176 1739 4233 luda-a
1769 4177 2040 4248 oppressi

384 4271 822 4327 calamitatibus
855 4269 1045 4325 sanati
1079 4268 1334 4335 fuerant,
1371 4270 1430 4321 ct
1471 4265 1573 4336 qui
1606 4281 1639 4321 a
1670 4266 1915 4321 mortuis
1944 4283 2036 4322 re-

380 4364 779 4415 surrexerant.
821 4382 841 4408 ι
898 4360 1020 4414 Huc
1073 4373 1262 4429 usque
1314 4355 1659 4411 summatim
1735 4370 1805 4409 ex
1863 4357 2038 4411 Euse-

382 4448 479 4502 bio
510 4448 587 4518 (6)
621 4448 828 4502 doctor
867 4447 1197 4512 maximus;
1231 4446 1333 4515 qui
1366 4450 1425 4499 et
1455 4443 1594 4498 alibi
1637 4443 1709 4497 ad
1764 4445 2036 4516 Magnum

2150 3282 2402 3345 στιανοὺς
2435 3283 2673 3356 ἀκρίτως
2722 3281 2810 3338 ἐπί
2846 3282 3038 3357 μηδενὶ
3081 3290 3189 3340 τῶν
3232 3284 3602 3362 ἐγκλημάτων
3663 3292 3792 3348 κτεί-

2150 3392 2284 3442 νειν,
2341 3372 2536 3451 γράφει
2597 3373 2878 3445 Μινουκίῳ
2963 3372 3260 3448 Φουνδανῷ
3343 3377 3636 3453 ἀνθυπάτῳ
3701 3387 3794 3451 τῆς

2152 3462 2357 3532 Ἀσίας,
2392 3459 2599 3535 μηδένα
2628 3461 3023 3518 κτείνειν.ἅνει›
3071 3462 3436 3539 ἐγκλημάτων
3487 3471 3579 3523 καὶ
3629 3490 3792 3540 κατη-

2146 3550 2355 3627 γορίας.
2393 3552 2640 3608 Gemina
2668 3553 2878 3608 recitat
2908 3554 3217 3625 Syncellus
3245 3559 3375 3625 (l3),
3406 3559 3569 3615 unde
3603 3562 3795 3617 Graeca

2149 3657 2257 3696 sua
2286 3641 2619 3697 Eusebiana
2648 3642 2908 3713 Scaliger
2932 3643 3333 3716 desumpsisse
3365 3648 3636 3716 videtur;
3668 3666 3791 3721 qua)

2149 3730 2390 3802 quidem
2406 3732 2466 3786 in
2480 3732 2749 3787 versione
2764 3732 3226 3805 Hieronymiana
3237 3736 3320 3791 ita
3334 3739 3683 3811 eiTeruntur(
3694 3744 3712 3793 1
3723 3740 3789 3808 4);

2147 3822 2486 3891 Quadratus,
2547 3822 2850 3892 discipulus
2938 3825 3328 3893 apostolorum,
3415 3835 3469 3882 et
3540 3828 3794 3884 Aristides

2144 3913 2508 3981 Atheniensis,
2548 3920 2732 3968 noster
2743 3912 3125 3983 philosophus,
3159 3915 3323 3971 libros
3340 3934 3450 3987 pro
3480 3918 3794 3975 Christiana

2146 4001 2415 4072 religione
2454 4003 2648 4057 dedere
2705 4005 3047 4073 compositos.
3105 4005 3168 4058 Et
3224 4006 3457 4062 Serenus
3517 4009 3791 4064 Grunnius

2147 4091 2378 4160 legatus,
2406 4093 2492 4145 vir
2521 4091 2773 4162 apprime
2804 4092 3023 4161 nobilis,
3059 4093 3273 4151 litteras
3309 4096 3385 4150 ad
3414 4099 3787 4169 imperatm'em

2146 4183 2342 4250 mittit,
2376 4180 2631 4251 iniquum
2663 4196 2771 4235 esse
2801 4180 3003 4250 dicens,
3064 4183 3395 4240 clamoribus
3437 4188 3596 4258 vulgi
3640 4188 3788 4243 inno-

2147 4271 2387 4324 centium
2418 4267 2701 4323 hominum
2748 4273 3073 4340 sanguinem
3115 4274 3374 4339 concedi;
3418 4282 3470 4330 et
3515 4278 3638 4332 sine
3682 4277 3787 4331 ullo

2147 4359 2396 4425 crimine,
2423 4357 2664 4412 nominis
2711 4364 2927 4414 tantum
2959 4365 3009 4414 et
3037 4366 3197 4417 sertae
3237 4378 3357 4417 reos
3401 4367 3545 4432 ﬁeri.
3594 4367 3790 4432 Quibus

2147 4456 2442 4502 commotus
2500 4447 2784 4502 Adrianus
2841 4447 3084 4504 Minucio
3143 4452 3410 4506 Fundano
3476 4454 3787 4523 proconsuli

381 4543 675 4592 oratorem
710 4536 997 4600 scribens,
1030 4536 1090 4589 in
1108 4534 1379 4590 eamdem
1403 4534 1759 4589 sententiam
1783 4534 1909 4588 haec
1939 4535 2034 4590 ha-
2064 4557 2110 4623 D
2148 4534 2289 4589 Asia:
2318 4536 2560 4604 scripsit,
2592 4551 2704 4589 non
2747 4538 2862 4590 sine
2919 4538 3130 4608 objecta
3190 4542 3480 4597 criminum
3527 4544 3788 4600 Christia—

378 4626 476 4681 bet
507 4626 619 4698 (7):
673 4624 1065 4690 «Quadratus
1114 4623 1519 4694 apostolorum
1570 4622 1915 4693 discipulus,
1975 4631 2033 4680 et
2074 4622 2091 4623 ί
2141 4624 2713 4679 noscomlemnandos.
2739 4625 2984 4681 Adriani
3005 4629 3358 4700 rescriptum
3383 4632 3783 4690 adlllinucium

374 4714 755 4770 Atheniensis
778 4713 1041 4785 pontifex
1062 4712 1564 4771 Ecclesiaenonne
1588 4711 1846 4767 Adriano
1864 4713 2028 4784 prin-

372 4805 488 4875 cipi
522 4803 812 4857 Eleusinae
845 4819 1012 4857 sacra
1042 4801 1341 4864 invisenti,
1407 4800 1618 4854 librum
1668 4817 1775 4870 pro
1824 4808 2028 4856 nostra

2137 4713 2493 4768 Fundanum
2517 4730 2633 4782 quo
2658 4716 3135 4785 persecutionem
3159 4735 3193 4773 a
3212 4720 3427 4775 Graecis
3446 4722 3786 4777 etAsiaticis

2139 4802 2449 4855 excitatam
2484 4801 2810 4871 prohibuit,
2845 4806 3122 4872 Apologia;
3154 4823 3273 4860 suae
3324 4809 3576 4864 intexuit
3624 4810 3787 4865 Justi-

371 4894 658 4966 religionc
692 4892 977 4948 tradidit?
1006 4896 1063 4945 et
1095 4896 1271 4946 tantae
1318 4888 1696 4943 admirationi
1749 4890 2026 4947 omnibus
2135 4909 2247 4946 nus
2280 4892 2495 4962 Martyr
2525 4893 2650 4961 (15).
2686 4894 2766 4946 Ex
2826 4894 3041 4963 quibus
3077 4910 3213 4967 ergo
3244 4898 3629 4969 perspicuum
3681 4902 3782 4962 est,

440 5064 457 5098 ¹
490 5068 616 5121 Act.
648 5081 765 5132 χχι,
797 5067 851 5119 9.

434 5244 512 5314 (1)
544 5243 757 5297 Euseb.
793 5242 934 5297 Hist.
967 5243 1177 5307 eccles.,
1213 5240 1313 5294 lib.
1348 5256 1422 5308 ιν,
1456 5257 1581 5312 cap.
1619 5241 1705 5296 23.

435 5317 511 5395 e2
539 5314 708 5395 1rd»
743 5314 850 5395 lib.-
880 5332 931 5376 ν.
1130 5317 1214 5395 ¹7ο

431 5388 506 5453 (3)
539 5385 773 5440 lliernn.
813 5389 885 5439 De
914 5388 1001 5437 νίν
1030 5385 1258 5442 illustr..
1295 5400 1422 5453 cap.
1468 5387 1552 5437 37.

430 5457 504 5526 (ti)
536 5456 744 5526 Euseb.
778 5458 919 5510 Hist.
953 5457 1165 5512 ercles..
1199 5456 1297 5508 lib.
1334 5471 1415 5522 ιιι,
1451 5472 1580 5526 cap.
1616 5458 1704 5508 37.

429 5523 506 5595 (ἓξ)
539 5521 775 5595 ilict-on.
811 5528 884 5577 De
914 5528 1001 5577 vir
1028 5526 1255 5589 itlustr.,
1288 5521 1414 5595 cap.
1458 5521 1542 5581 19.

536 5590 745 5666 Euseb.
780 5595 922 5666 Hist.
956 5596 1164 5662 eccles.,
1194 5595 1295 5647 lib.
1331 5590 1403 5661 ιν,
1436 5612 1565 5666 cap.
1600 5599 1651 5649 5.

432 5654 509 5736 li?)
540 5655 778 5736 Hieran.
812 5661 983 5728 epist.
1012 5667 1102 5729 70,
1132 5654 1190 5716 n.
1237 5666 1289 5732 4,
1335 5654 1479 5734 opp.
1512 5654 1678 5720 ltom.
1714 5668 1757 5732 Ι,
1788 5683 1844 5736 p.
1882 5666 2009 5733 426,

364 5719 505 5771 edit.
541 5734 674 5771 nov.
710 5719 920 5781 Vero‘n.

2196 5242 2271 5317 (3)
2299 5239 2476 5317 grab.
2508 5238 2703 5317 Spiril.
2737 5241 3171 5317 SS._PP._,__tom.
3210 5245 3278 5312 ll,
3310 5264 3367 5317 p.
3406 5246 3526 5304 124.

2197 5313 2279 5388 (9)
2307 5311 2519 5388 Euseb.
2734 5312 2942 5388 oculos”
2979 5313 3078 5368 lib.
3116 5332 3189 5383 ιν,
3223 5310 3351 5388 cap.
3389 5320 3441 5372 3.

2197 5386 2310 5449 (10)
2342 5384 2508 5436 Phot.
2552 5382 2695 5436 Bibl.
2727 5384 2836 5436 cod
2894 5388 3013 5439 126.

2195 5456 2306 5531 (tt)
2331 5455 2543 5531 Euseb.
2580 5454 2720 5531 Hist.
2758 5455 2964 5531 proles,
3000 5457 3098 5510 lib.
3137 5475 3208 5527 iv,
3242 5476 3369 5531 cap.
3405 5464 3454 5513 3.

2195 5526 2304 5597 (12)
2335 5524 2565 5597 Euseb._
2586 5524 2784 5597 Cliron.
2812 5527 2931 5593 Gr.,
2965 5544 3096 5597 pag.
3126 5524 3253 5585 211.

2328 5594 3118 5671 ξγΠο-οΙΙέ-σήνοῃορν.[ρᾶς.
3156 5603 3278 5655 348.

2328 5666 2539 5750 Euseb.
2567 5666 2769 5750 Cicron.
2795 5664 2891 5722 lib.
2918 5664 3525 5750 ie'tii,p.t7,ln7,edit
3551 5675 3773 5750 Scalig.

2189 5729 2302 5806 (15)
2333 5736 2547 5791 Justin.
2583 5737 2811 5808 Apolog.
2848 5757 2883 5811 ι,
2916 5742 2942 5808 §
2970 5742 3057 5798 69.
