4110 6150
347 364 501 430 1271

1687 354 1972 435 ARISTO
2015 371 2418 435 PELLJEUS.

3602 375 3761 437 1272

344 504 494 562 bara
508 505 782 578 quaedam
802 508 1049 563 nomina
1076 509 1454 581 imposuisse,
1485 509 1561 564 ad
1581 509 1992 581 parcellendos
2027 572 2031 582 ί

2122 508 2208 569 νὰς
2234 513 2350 582 (10)
2376 510 2556 580 ἑαυτῷ
2581 509 3006 581 συστησάμενον·
3045 503 3350 585 βαρϐάρους
3392 527 3448 563 τε
3477 509 3665 571 αὐτοῖς
3686 510 3764 571 εἷς

351 612 555 653 eorum
582 599 839 666 animos,
871 599 973 670 qui
1007 600 1353 672 hujusmodi
1382 617 1583 656 rerum
1606 599 2002 655 admiratione

350 688 684 757 capiuntur.
701 689 798 743 Ait
818 693 1111 761 praeterea
1132 690 1303 745 illum
1330 690 1564 759 docere,
1589 689 1747 761 quod
1770 689 2001 744 indiffe-

350 792 490 831 rens
513 777 589 831 sit
612 778 881 833 victimas
907 779 1020 835 diis
1051 780 1393 835 immolatas
1423 779 1754 851 degustare,
1788 783 1847 833 et
1875 795 2004 849 per-

354 866 723 922 secutionum
743 874 1009 940 tempore
1035 870 1286 925 licenter
1304 869 1481 925 ﬁdem
1496 869 2010 941 abnegare.Secta-'

347 954 575 1010 toribus
589 973 825 1028 quoque
848 959 1277 1031 suisPythagor
1290 975 1495 1014 eorum
1519 974 1684 1013 more
1701 957 2004 1012 silentium

350 1043 748 1115 quinquennii
780 1064 915 1102 eum
944 1048 1210 1104 indicere
1243 1049 1503 1104 afﬁrmat
1530 1048 1628 1102 His
1651 1047 1901 1116 aliisque
1926 1046 1999 1100 si-

350 1132 595 1189 milibus
624 1134 694 1189 de
727 1136 983 1192 Basilide
1003 1138 1337 1206 recensitis,
1359 1137 1734 1208 supradictus
1752 1136 2004 1206 scriptor

347 1220 593 1278 haaresis
622 1224 800 1295 hujus
834 1242 1064 1283 errores
1092 1227 1156 1282 in
1188 1226 1385 1282 lucem
1406 1229 1736 1299 protractos
1761 1224 2002 1281 validis-

352 1311 500 1368 sime
532 1315 816 1387 coarguit.

353 1474 474 1515 ma.
497 1460 612 1532 lflec
639 1459 813 1515 aliter
834 1460 1220 1532 Nicephorus,
1253 1461 1367 1515 nisi
1402 1459 1560 1531 quod
1591 1458 1859 1532 ultimam
1891 1459 2001 1514 cir-

357 1530 701 1603 cumﬂecti‘t.
735 1533 905 1602 Apud
932 1530 1208 1588 Ruﬁnum
1244 1530 1566 1603 quoque,et
1590 1531 1746 1603 apud
1762 1531 1999 1603 Hieron.

355 1601 416 1656 in
446 1601 709 1657 indiculo
740 1601 1045 1658 hiereseon
1080 1601 1454 1673 (causam)
1497 1601 1823 1658 Barciabbas
1868 1601 2010 1657 dici-

352 1679 470 1745 tur.
502 1674 600 1728 Sic
629 1674 788 1728 enim
815 1675 1140 1745 praeferunt
1168 1674 1557 1745 manuscripti
1619 1674 1851 1729 codices
1892 1676 2001 1728 Ru-

354 1744 480 1816 ﬁni.
514 1744 896 1800 Caeterum’in
928 1746 1034 1799 hos
1073 1748 1391 1816 prophetas
1424 1744 1741 1799 Barcabam
1775 1751 1832 1798 et
1862 1745 2003 1797 Bar-

356 1815 487 1882 cob,
519 1816 778 1870 Isidorus
810 1815 1086 1871 Basilidis
1116 1815 1274 1871 ﬁlius
1323 1817 1769 1886 Expositionum
1816 1816 2000 1870 libros

2112 595 2450 668 κατάπληξιν
2499 600 2607 652 τῶν
2663 600 2729 652 τὰ
2782 601 3007 652 τοιαῦτα
3060 597 3376 667 τεθηπότων
3432 596 3761 674 ἐπιφημίσαι

2112 687 2503 762 προσηγορίας.
2567 683 2843 741 Διδάσκειν
2892 707 2951 742 τε
2994 684 3311 764 ἀδιαφορεῒν
3383 683 3761 741 εἰδωλοθύτων

2112 775 2572 848 ἀπογευομὲνους,
2631 775 2720 830 καὶ
2805 775 3200 849 ἐξομνυμένους
3287 774 3759 855 ἀπαραφυλάκτως

2111 866 2209 933 τήν
2238 867 2421 921 πίστιν
2441 866 2578 921 κατὰ
2596 865 2723 927 τοὺς
2748 870 2857 921 τῶν
2889 864 3152 942 διωγμῶν
3173 865 3414 939 καιρούς.
3446 868 3761 943 Πυθαγορι-

2110 960 2222 1017 κῶς
2249 976 2307 1010 τε
2334 960 2451 1017 τοῖς
2479 960 2797 1028 προσιοῦσιν
2822 954 2990 1027 αὐτῷ,
3015 962 3272 1025 πενταετῆ
3328 957 3542 1025 σιωπὴν
3586 976 3764 1032 παρα-

2112 1041 2443 1099 κελεύεσθαι.
2475 1045 2573 1100 Καὶ
2617 1040 2774 1117 ἕτερα
2829 1041 2886 1098 δὲ
2941 1044 3159 1108 τούτοις
3207 1043 3570 1118 παραπλήσια
3617 1044 3760 1122 ἀμφὶ

2111 1135 2207 1185 τοῦ
2269 1128 2591 1187 Βασιλείδου
2646 1130 2940 1205 καταλέξας
2996 1132 3023 1186 ὁ
3083 1132 3373 1208 εἰρημένος
3457 1134 3587 1208 (11),
3665 1133 3765 1188 οὐκ

2114 1221 2346 1294 ἀγεννῶς
2379 1228 2478 1291 τῆς
2510 1218 2857 1293 δηλωθείσης
2888 1219 3144 1297 αἱρέσεως
3176 1221 3252 1277 εἷς
3283 1224 3564 1297 προῦπτον
3592 1221 3760 1300 ἐφώ-

2114 1329 2241 1385 ρασε
2269 1311 2368 1380 τὴν
2395 1309 2630 1382 πλάνην.

2112 1458 2396 1514 Basilides
2411 1459 2486 1514 ab
2508 1459 2746 1515 Oriente
2783 1458 3226 1514 Alexandriam.
3258 1458 3383 1513 Vid.
3427 1475 3573 1530 opus
3593 1459 3764 1515 Lard—

2113 1531 2242 1586 neri
2274 1531 2658 1601 posthumum
2679 1530 2920 1601 Anglice
2945 1531 3252 1601 scriptum,
3278 1531 3373 1586 cui
3403 1531 3492 1585 tit.
3524 1533 3763 1586 Hercu-

2113 1619 2301 1657 eorum
2328 1603 2582 1670 historia,
2616 1602 2718 1657 lib.
2749 1620 2812 1668 ιι,
2846 1618 2973 1673 cap.
3007 1605 3061 1669 2,
3093 1607 3235 1657 sect.
3270 1604 3357 1656 31.
3406 1602 3763 1659 Barcabbam

2114 1679 2311 1728 autem
2360 1674 2708 1745 prophetam
2759 1672 3077 1745 quemdam
3127 1673 3422 1728 Gnosticis
3472 1674 3763 1742 attribuit,

2112 1744 2367 1816 ejusque
2388 1745 2648 1800 nominis
2678 1750 2917 1815 etymon
2943 1744 3113 1800 docet
3143 1745 3531 1815 Epiphanius,
3560 1746 3621 1799 in
3644 1745 3763 1799 hm-

2111 1834 2227 1871 res.
2261 1821 2350 1883 27,
2382 1833 2548 1872 num.
2582 1820 2634 1882 2,
2667 1834 2722 1888 p.
2758 1818 2847 1875 83.
2899 1817 2992 1870 ed.
3040 1817 3285 1870 Petavii.
3334 1818 3453 1871 Hoc
3505 1817 3761 1886 denique

358 1887 696 1959 scripserat,
719 1892 788 1959 ut
803 1887 973 1959 dogct
994 1889 1271 1959 Clemens
1291 1881 1728 1959 Aleiandrinus
1751 1887 1813 1959 in
1840 1888 2002 1959 lih_.v1
2036 1881 2081 1945 B
2112 1881 2350 1955 notabo,
2385 1888 2446 1942 in
2480 1881 2686 1941 multis
2715 1894 2832 1942 tam
2865 1888 3061 1942 Rufini
3090 1904 3266 1956 quam
3292 1889 3631 1959 Hieronymi
3659 1881 3763 1942 co-

358 1954 706 2032 Strdmateon
733 1976 745 2012 :
777 1955 1083 2032 Ἰσίδωρος.
1118 1955 1193 2027 δὲ,
1255 1958 1282 2010 ὁ
1341 1954 1662 2011 Βασιλείδου
1700 1957 1835 2032 Δυίὸς
1873 1957 2007 2032 -ᾅμα

358 2028 449 2105 καὶ
486 2029 756 2105 μαθητὴς,
790 2028 841 2081 ἐν
867 2028 1187 2105 τῷςςιτρώπῳ
1231 2032 1339 2105 τῶν
1379 2032 1477 2082 τοῦ
1527 2028 1813 2105 προφήτου
1872 2028 2008 2105 Παρ-

361 2099 487 2175 χὼρ
516 2100 907 2175 Ἐξηγητικῶν.
939 2099 1050 2175 Ubi
1086 2100 1316 2175 Βαρκῴφ
1366 2099 1803 2175 emendandum
1848 2100 2005 2154 vide-

362 2172 606 2245 tur.Nisi
631 2173 763 2242 quis
782 2173 1120 2245 existimare
1142 2172 1337 2245 malit,
1352 2172 1588 2245 iBa‘pXO'JP
1621 2172 1796 2245 etiam
1821 2188 2005 2225 unum

364 2242 551 2299 fuisse
584 2260 651 2297 ex
683 2245 986 2314 prophetis
1014 2244 1129 2298 illis
1161 2261 1194 2299 a
1216 2242 1469 2298 Basilide
1493 2242 1781 2297 conﬁctis.
1808 2245 1885 2295 Ex
1920 2260 2007 2296 co-

370 2260 551 2299 luisse
584 2260 651 2297 ex
683 2260 986 2367 prophetis
1014 2260 1129 2298 nus
1161 2261 1194 2299 a
1219 2260 1469 2298 uasiuue
1493 2260 1781 2297 conucus.
1809 2260 1885 2295 nx
1920 2260 2007 2296 co-

370 2331 500 2369 rum
534 2331 681 2385 prop
732 2320 955 2369 etarum
991 2332 1237 2369 numero
1260 2315 1369 2369 fuit
1399 2314 1575 2369 etiam
1599 2314 1774 2369 Cliam
1806 2313 2010 2385 ;eujus

367 2387 610 2439 nomine
646 2387 925 2440 Basilides
952 2387 1166 2440 librum
1192 2386 1516 2457 prophetiae
1539 2389 2015 2449 contexuerat,ut

367 2473 434 2511 ex
466 2457 677 2512 lsidori
709 2458 902 2511 verbis
930 2457 1153 2511 ibidem
1183 2474 1216 2511 a
1246 2459 1548 2512 Clemente
1572 2457 1766 2511 citatis
1783 2457 2011 2527 colligi-

368 2534 483 2584 tur.
520 2530 810 2583 VALESIUS.
843 2560 911 2568 —
944 2529 1188 2583 Grabius
1220 2544 1455 2598 quoque
1495 2528 1568 2582 ad
1600 2544 1727 2598 pag.
1781 2530 1846 2581 38
1893 2529 2016 2596 Spi-

361 2600 521 2668 eileg.
553 2600 667 2654 voi.
702 2601 772 2666 ll,
805 2599 875 2654 de
907 2598 1060 2654 ﬁctis
1093 2601 1301 2653 horum
1341 2599 2013 2670 pseudo-prophetarum
2064 2618 2069 2625 ·

362 2686 485 2725 non
518 2671 693 2725 modo
728 2671 1017 2742 personis,
1044 2672 1146 2726 sed
1178 2675 1235 2724 et
1266 2668 1453 2733 lib—ris,
1475 2668 1845 2742 ista’Eusebii
1869 2670 2014 2742 acci-

360 2742 581 2813 pienda
611 2741 833 2809 cenSet,
871 2742 998 2796 loco
1030 2742 1133 2796 illo
1166 2742 1484 2813 Clementis
1507 2741 1818 2796 Alexandr.
1840 2741 2015 2813 peni-

357 2812 452 2884 tus
483 2828 822 2884 persuasus.
852 2814 1054 2883 Neque
1084 2815 1314 2868 interea
1343 2812 1515 2882 plane
1558 2812 1893 2883 spernenda
1925 2818 2015 2884 est

358 2883 428 2939 cl.
465 2885 747 2940 Lardneri
778 2884 1141 2955 conjectura,
1177 2885 1286 2939 hos
1307 2884 1491 2938 libros
1516 2885 1829 2955 statuentis
1848 2883 2021 2938 COdi-e
2052 2924 2068 2931 -

358 2971 456 3011 ces
487 2955 716 3028 aliquos
743 2954 1065 3012 orientales
1090 2955 1271 3011 fuisse
1303 2972 1451 3027 quos
1468 2954 2013 3010 adduxeratsecum

2115 1959 2346 2013 dicibus
2380 1959 2642 2013 exhiberi
2664 1959 2789 2013 hazc
2821 1959 3067 2013 nomina
3092 1960 3175 2012 sic
3193 1960 3761 2029 scripta,Burchaban

2116 2036 2175 2084 et
2201 2030 2431 2093 Barcob,
2462 2030 2565 2085 sed
2599 2030 2935 2085 Barchabam
2986 2036 3043 2084 et
3098 2031 3409 2085 Barchabos
3456 2031 3518 2084 in
3565 2030 3761 2085 Ruﬁni

2115 2118 2227 2156 ms.
2262 2101 2493 2173 collegii
2528 2102 2580 2156 S.
2616 2101 2859 2169 Magdal.
2894 2101 3141 2167 Oxonii;
3192 2101 3519 2156 clausulam
3560 2107 3760 2157 autem

2117 2173 2177 2227 in
2210 2173 2413 2227 codice
2442 2173 2678 2227 Eusebii
2710 2173 2870 2226 Bodl.
2905 2188 3009 2227 seu
3041 2173 3210 2229 Savil.
3246 2174 3525 2227 omissam
3556 2173 3761 2227 fuisse.

2189 2248 2299 2313 (10)
2368 2243 2467 2297 Καὶ
2539 2239 2741 2303 ἂΛλους
2802 2242 3179 2314 ἀνυπάρκτους
3258 2243 3432 2303 τινάς.
3526 2246 3767 2299 Frustra

2118 2315 2690 2386 Christophorsonus
2727 2315 2950 2384 angelos
2976 2316 3068 2369 hic
3095 2315 3368 2382 inseruit,
3392 2316 3559 2386 quasi
3582 2316 3641 2369 in
3664 2319 3770 2369 Eu-

2123 2386 2267 2441 sebii
2284 2392 2449 2440 textu
2472 2385 2694 2456 aliquid
2718 2386 2954 2441 deesset
2994 2389 3205 2441 Verum
3230 2385 3519 2441 Eusebius
3536 2392 3769 2442 tantum

2122 2458 2194 2512 de
2226 2458 2530 2528 prophetis
2562 2457 2825 2527 loquitur
2853 2475 3001 2527 quos
3034 2457 3141 2512 sibi
3195 2465 3527 2513 commotus
3578 2458 3772 2513 fuerat

2123 2528 2431 2583 Basilides.
2450 2536 2638 2597 atque
2660 2530 2741 2583 ita
2759 2532 2914 2584 hunc
2940 2529 3176 2584 Eusebii
3202 2530 3395 2584 locum
3419 2536 3778 2600 acceperunt

2123 2601 2519 2671 Hieronymus
2537 2601 2599 2654 in
2622 2602 2903 2671 Catalogo,
2926 2601 3022 2655 ubi
3052 2601 3123 2655 de
3149 2601 3408 2671 Agrippa
3425 2603 3662 2655 Castore
3696 2601 3775 2654 lo-

2125 2670 2357 2741 quitur,
2379 2677 2438 2725 et
2467 2670 2869 2726 Theodoretus
2899 2672 2960 2727 in
2995 2672 3098 2726 lib.
3134 2689 3149 2725 ι
3179 2670 3574 2727 Hzereticarum
3614 2673 3777 2741 fabu-

2125 2743 2323 2803 larum,
2360 2747 2419 2795 et
2448 2742 2811 2813 Nicephorus
2842 2742 3095 2813 inilibro
3129 2748 3356 2813 quarto.
3390 2742 3683 2798 VALESIUS.

2195 2816 2306 2881 (11)
2339 2813 2401 2864 Ὃ
2433 2812 2744 2886 εἷ’ρημὲνος.
2777 2812 3162 2886 ὉΕἰρηναῖος
3196 2831 3302 2868 ms.
3341 2813 3617 2881 Norfolc.,
3672 2814 3774 2869 sed

2123 2886 2302 2953 male,
2337 2885 2445 2939 etsi
2477 2885 2633 2939 idem
2666 2886 2728 2938 in
2760 2885 2959 2940 codice
2993 2902 3100 2941 suo
3130 2886 3495 2956 Nicephorus
3535 2886 3775 2940 histori-

2126 2973 2230 3011 cus
2262 2956 2507 3013 inVenit.
2542 2959 2752 3012 llouru.

989 3124 3135 3446 MMELLEUS

1792 3668 2317 3764 NOTITIA.

1210 3848 1539 3921 (GALLAND.,
1568 3848 1834 3907 Biblioth.
1866 3858 1978 3909 vet.
2021 3855 2203 3922 Patr.,
2234 3853 2278 3921 Ι,
2312 3851 2564 3925 Proleg.,
2598 3869 2654 3924 p.
2686 3854 2894 3923 LXXIV.)

436 3983 476 4036 l.
516 3981 702 4035 Aristo
731 3978 983 4050 Pellaeus,
1015 3983 1208 4031 auctor
1233 3977 1659 4050 Disputationis
1690 3978 1920 4032 .lasoms
1951 3982 2010 4050 et
2038 3977 2295 4048 Papisci,
2329 3979 2487 4032 Lucae
2531 3980 2889 4050 evangelisth
2916 3994 3205 4049 perperam
3255 3980 3531 4049 ascriptze.
3584 3981 3780 4050 Operis

369 4054 675 4107 utilitatem
708 4050 899 4104 laudat
929 4049 1187 4121 Origenes
1253 4056 1459 4121 contra
1514 4049 1769 4112 Celsum,
1829 4049 2099 4119 simulque
2144 4050 2295 4102 illius
2352 4050 2790 4118 inscriptionem,
2840 4049 3210 4104 characterem
3258 4057 3421 4121 atque
3468 4049 3777 4107 doctrinam

360 4125 610 4194 exponit.
645 4121 788 4186 Quid
813 4124 874 4174 in
898 4135 957 4173 eo
989 4119 1397 4194 reprehenderit
1429 4121 1485 4194 S.
1515 4122 1898 4194 Hieronymus.
1944 4121 2075 4189 Ejus
2106 4127 2296 4173 auctor
2325 4121 2655 4194 defenditur
2684 4137 2805 4175 cum
2845 4136 2915 4175 ex
2966 4119 3344 4194 Paraphraste
3382 4124 3773 4194 Hierosolymi-

359 4191 511 4260 tano,
546 4202 661 4248 tum
692 4209 762 4246 ea:
791 4192 1151 4265 vetustissimo
1181 4191 1623 4265 Prmdicationis
1658 4191 1810 4244 Petri
1839 4198 2085 4258 auctore,
2114 4207 2290 4259 neque
2318 4194 2536 4260 penitus
2566 4193 2917 4265 dissentiente
2940 4193 3024 4247 vel
3043 4195 3159 4263 ipso
3194 4195 3543 4265 Hieronymo.

432 4267 479 4320 Il
510 4268 731 4323 Greecus
761 4261 939 4333 operis
970 4269 1167 4325 textus,
1222 4264 1481 4331 pauculis
1533 4264 1785 4330 demptis.
1840 4278 2065 4331 prorsus
2120 4264 2377 4323 interiit;
2442 4278 2555 4315 una
2593 4279 2712 4317 cum
2766 4264 3002 4333 eiusdem
3054 4261 3709 4333 perantiqua'rersione,
3741 4282 3776 4320 a

362 4338 519 4391 ('elso
550 4337 860 4407 Christiano
890 4335 1174 4407 elaborata
1200 4348 1212 4384 :
1250 4350 1277 4385 e
1307 4334 1471 4407 cujus
1493 4339 1669 4386 tamen
1696 4336 1985 4407 superstite
2012 4335 2341 4403 preratione
2372 4335 2665 4407 complura,
2685 4341 2986 4404 suppetunt
3027 4337 3100 4390 ad
3145 4338 3323 4406 ipsum
3372 4352 3508 4406 opus
3554 4337 3777 4407 plenius

365 4406 783 4476 agnoscendum.
821 4407 955 4469 Quis
978 4406 1143 4458 Jason
1175 4420 1299 4457 cum
1333 4406 1561 4473 Papisco
1590 4407 1649 4457 in
1682 4404 2077 4476 eodisyutans.
2111 4407 2226 4468 Quo
2258 4411 2495 4473 tempore
2525 4406 2667 4459 illud
2704 4408 2986 4475 scriptum.

434 4478 524 4532 lll.
563 4477 860 4531 Historiam
892 4491 1113 4549 quoque
1139 4491 1322 4549 rerum
1352 4476 1705 4529 orientalium
1737 4474 1936 4529 litteris
1964 4477 2308 4545 consignasse
2331 4476 2659 4546 perhibetur
2690 4474 2892 4545 Aristo,
2927 4494 2996 4531 cce
3024 4480 3167 4532 Mose
3212 4477 3549 4534 ('horenensi
3567 4497 3589 4544 ;
3639 4479 3772 4549 quin

359 4556 413 4604 et
443 4566 514 4603 ea:
543 4550 661 4616 ipso
691 4549 923 4612 fortasse
954 4547 1203 4616 Eusebio.

436 4618 530 4674 ιν.
561 4614 641 4692 De
665 4617 848 4671 eodem
875 4614 1137 4686 scriptore
1173 4617 1442 4692 nonnulla
1468 4632 1761 4692 perperam
1791 4616 2191 4692 dietameavstant
2223 4617 2676 4692 apudChronici
2708 4618 3013 4692 Paschalis
3042 4626 3337 4676 auctorem.
3388 4623 3556 4677 Locus
3597 4624 3713 4692 ejus
3739 4636 3771 4674 a

358 4691 616 4747 Fabricio
644 4692 859 4758 frustra
892 4694 1151 4744 tentatus.
1180 4690 1363 4758 Neque
1391 4689 1568 4758 magis
1589 4689 1772 4758 placet
1804 4689 1965 4743 Cavei
1994 4689 2332 4759 conjectura.
2363 4689 2507 4754 Quid
2538 4688 2758 4743 tandem
2789 4689 2854 4744 de
2883 4690 2983 4744 illo
3021 4692 3368 4748 sentiendum
3415 4709 3484 4747 ea:
3541 4688 3764 4762 Cangio.

434 4834 478 4888 Ι.
506 4831 741 4886 Primus
770 4829 927 4885 inter
965 4830 1242 4900 antiquos
1270 4829 1548 4887 Ecclesize
1572 4830 1888 4902 scriptores
1909 4831 2009 4901 qui
2049 4830 2094 4897 C
2192 4830 2463 4884 Clemens
2496 4830 2939 4886 Alexandrinus
2971 4832 3033 4886 in
3097 4832 3250 4887 libro
3274 4850 3323 4887 v1
3355 4836 3770 4906 Hypotypaseon

361 4921 656 4979 Aristonis
687 4919 1046 4975 meminerit.
1072 4918 1358 4974 Eusebius
1375 4920 1753 4976 Czesariensis
1784 4936 2011 4990 compe-

363 5013 516 5069 ritur
548 5011 621 5084 (l)
647 5026 660 5076 ;
696 5025 952 5079 eumque
970 5007 1255 5063 Pelleeum
1272 5007 1549 5079 appellat,
1571 5026 1638 5063 ex
1662 5008 1826 5064 Pella
1848 5008 1995 5063 nimi

362 5118 496 5158 rum
528 5100 859 5155 Palmstinw
892 5096 1107 5169 Oppido
1142 5104 1304 5152 trans
1334 5097 1650 5152 Jordanem
1710 5097 1847 5165 sito,
1899 5114 2015 5167 quo

361 5191 540 5263 paulo
573 5195 709 5244 ante
739 5186 1285 5257 Hierosolymorum
1318 5185 1612 5239 excidium
1659 5186 1829 5239 sedes
1878 5202 2014 5241 suas

360 5281 791 5338 transtulerant
846 5277 1184 5346 Christiani,
1244 5283 1310 5332 ut
1363 5276 1522 5331 idem
1580 5276 1761 5331 tradit
1844 5278 2016 5333 Euse-

360 5372 493 5426 bius
525 5372 616 5439 (2).
652 5368 755 5423 llic
786 5382 921 5421 vero
953 5384 1022 5421 ex
1068 5365 1292 5434 Iudaeo,
1323 5370 1389 5420 ut
1444 5365 1693 5430 videtur,
1745 5365 2016 5422 Christia-

359 5476 496 5527 nus,
539 5459 983 5527 Disputationem
1009 5458 1225 5511 Jasonis
1254 5462 1305 5509 et
1350 5457 1569 5526 Papisci
1618 5454 1831 5509 litteris
1884 5472 2015 5510 con-

364 5548 651 5614 signasse,
684 5546 739 5597 S.
776 5543 1023 5596 Maximo
1057 5549 1203 5596 teste
1253 5544 1347 5613 (3),
1399 5543 1778 5614 perhibetur:
1836 5561 2013 5614 quam

366 5634 568 5682 tamen
601 5631 1051 5698 Disputationem,
1074 5630 1122 5682 si
1153 5630 1425 5685 eumdem
1452 5631 1769 5688 Maximum
1787 5632 2013 5702 audias,

350 5762 353 5767 '
447 5756 523 5890 Et)
556 5756 764 5807 Euseb.
802 5755 943 5832 Hist.
977 5758 1199 5824 ecclcs.,
1234 5760 1336 5813 lib.
1372 5777 1443 5826 1v,
1478 5778 1602 5833 cap.
1640 5766 1691 5817 6.

472 5825 528 5890 2)
558 5823 642 5874 ld.
676 5823 835 5888 ibid.,
877 5823 979 5875 lib.
1013 5841 1093 5889 in,
1126 5842 1255 5890 cap.
1285 5833 1339 5883 5.

472 5825 534 5896 ἓ).
676 5823 1093 5896 i_bid.,_lib._m,
1126 5842 1255 5896 cap.
1285 5833 1339 5883 5.

450 5888 541 5959 (3)
570 5890 801 5944 Maxim.
832 5890 1009 5945 Schol.
1044 5888 1102 5947 in
1131 5888 1358 5967 Dionys.
1407 5899 1571 5969 vulgo
1618 5902 1891 5975 Areopag.
1940 5906 2015 5964 De

2128 4918 2294 4974 Luca}
2322 4919 2681 4991 ascripserit.
2728 4920 2942 4976 Verum
2973 4942 2999 4971 α
3034 4921 3193 4977 haud
3224 4922 3394 4978 facile
3434 4922 3669 4994 assequi
3702 4921 3771 4976 li-

2126 5013 2240 5075 cet,
2272 5007 2465 5080 inquit
2494 5008 2742 5064 Grabius
2775 5008 2875 5080 (4),
2910 5027 3028 5081 qua
3056 5011 3287 5066 ratione
3320 5011 3450 5066 ﬁeri
3490 5011 3770 5083 potuerit,

2124 5103 2192 5152 ut
2220 5098 2491 5152 Clemens
2538 5098 2975 5154 Alexandrinus
3026 5100 3240 5154 Lucam
3290 5101 3418 5171 ejus
3467 5108 3774 5157 auctorem

2122 5186 2350 5252 fecerit,
2374 5203 2507 5241 cum
2529 5202 2622 5241 res
2650 5186 2999 5257 aliquandiu
3014 5194 3147 5258 post
3164 5189 3332 5243 Lucas
3347 5189 3572 5244 obitum
3594 5195 3774 5262 gesta:

2125 5275 2185 5328 in
2211 5291 2278 5330 eo
2304 5275 2527 5343 Dialogo
2552 5275 2773 5330 fuerint
2802 5275 3026 5331 relatae.
3053 5275 3218 5331 Unde
3236 5277 3524 5349 suspicor,
3547 5278 3638 5333 vel
3664 5295 3775 5335 nos

2122 5364 2330 5421 vitiose
2357 5366 2421 5420 in
2451 5364 2685 5420 Maximi
2720 5371 2879 5420 textu
2911 5366 3065 5421 infra
3123 5366 3424 5422 recitando
3461 5370 3535 5438 (5)
3568 5365 3636 5435 ἢν
3670 5386 3775 5440 pro

2125 5452 2182 5506 ὅν
2216 5454 2433 5525 legere,
2481 5454 2569 5509 vel
2630 5454 2825 5525 potius
2855 5472 2888 5509 a
2920 5456 3171 5510 Maximo
3231 5455 3409 5512 verba
3454 5457 3777 5513 Clementis

2124 5542 2284 5598 haud
2314 5549 2471 5598 recte.
2503 5543 2655 5597 lecta
2679 5547 2782 5596 aut
2814 5542 3115 5598 intellecta
3145 5544 3326 5599 fuisse
3352 5560 3367 5612 ;
3418 5562 3674 5616 cumque
3723 5547 3773 5602 is

2123 5633 2557 5703 Disputationem
2611 5632 2827 5687 Iasonis
2859 5636 2911 5685 et
2940 5633 3159 5702 Papisci
3205 5633 3490 5707 allegans,
3536 5635 3771 5693 Jasonis

3240 5783 3331 5839 ag.
3376 5772 3460 5823 17.

2123 5771 2282 5835 myst.
2316 5765 2478 5820 theol.
2510 5780 2639 5836 cap.
2672 5768 2725 5833 1,
2756 5780 2891 5836 opp.
2922 5769 3063 5821 tom.
3097 5766 3166 5834 II,

2672 5782 2725 5891 tr
2742 5782 3180 5907 septem.
3198 5782 3535 5911 litigii».

2197 5838 2272 5913 (te)
2301 5836 2490 5913 Erebo.
2515 5837 2667 5913 spici

2195 5906 2273 5981 (5)
2301 5907 2444 5965 Vide
2473 5906 2648 5964 intra.
