4110 6150
372 369 528 429 1273

1909 369 2259 435 ROTITIA.

3618 366 3658 430 ¹1
3671 368 3787 430 2³14

373 487 741 559 mentionem
771 523 806 561 a
838 506 990 563 Luca
1017 508 1167 564 forte
1214 508 1429 566 factam
1461 510 1700 580 dixerit,
1758 510 1819 564 in
1858 508 2019 562 Actis
2048 509 2102 575 Α
2133 502 2510 559 doctissimus
2551 486 2950 572 comperitur;
2985 501 3110 556 hmc
3144 502 3300 558 enim
3333 503 3629 559 sententia
3659 520 3779 559 non

340 588 345 593 ’
374 593 602 647 scilicet
641 595 1069 667 apostolorum,
1102 597 1227 653 hinc
1285 600 1440 654 male
1494 599 1566 654 ad
1598 601 1787 671 ipsam
1817 600 2021 667 Dispu-
2129 593 2411 659 Aristoni,
2438 590 2541 647 sed
2571 591 2811 662 ipsimet
2866 590 3100 663 Origeni
3136 591 3447 648 tribuenda
3477 613 3490 661 ;
3517 593 3616 663 qui
3648 594 3781 649 effa-

373 685 638 736 tationcm
670 700 798 737 esse
827 685 1035 742 relata.
1073 711 1093 735 ιι
1131 687 1263 741 Haec
1294 689 1415 742 ille.

439 774 728 827 Caeterum
760 775 931 847 longe
964 775 1065 830 diu
1097 782 1233 832 ante
1265 778 1583 834 Maximum
1614 778 1883 834 eamdem
1906 777 2021 831 Dis-

360 865 705 933 putationem
764 864 990 933 legerat
1035 867 1236 922 Celsus
1287 869 1632 939 Epicureus,
1682 870 1853 938 cujus
1910 867 2019 921 ini-

368 969 552 1020 quum
576 952 648 1007 de
681 952 781 1008 illa
802 955 1100 1025 judicium
1131 958 1342 1013 recitat
1370 960 1461 1013 his
1513 959 1708 1014 verbis
1741 958 2019 1029 Origenes

366 1044 440 1109 (0)
473 1058 484 1094 :
522 1040 803 1096 ΙΙαπίσκου
826 1043 974 1105 τινὸς
1003 1044 1095 1098 καὶ
1129 1044 1367 1106 ἰἀσονος
1395 1045 1711 1121 ἀντιλογίαν
1741 1043 2015 1118 ἔγνων,οὐ

362 1127 628 1203 γέλωτος,
699 1128 843 1186 ἀλλὰ
904 1130 1117 1203 μᾶλλον
1171 1132 1358 1197 ἐλέους
1419 1134 1510 1189 καὶ
1600 1134 1790 1208 μίσους
1848 1134 2013 1206 ἀξίαν.

363 1217 584 1290 Ἐμοι·(’
618 1214 708 1271 οὖν
735 1218 795 1273 οὐ
828 1218 1233 1296 ταῦτ’ἐλέγχειν
1256 1224 1556 1295 πρόκειταιο
1589 1220 1703 1278 ἔστε
1732 1224 1834 1298 γὰρ
1856 1221 2013 1277 παττί

361 1326 469 1359 που
500 1301 667 1374 δῆλα.
701 1330 728 1357 ‹‹
770 1309 1003 1381 Papisci
1034 1312 1344 1384 cujusdam
1376 1318 1437 1367 et
1495 1314 1727 1369 Jasonis
1776 1318 2018 1373 conten-

362 1394 585 1450 tionem
613 1397 768 1466 novi,
802 1415 922 1454 non
951 1399 1077 1454 risu
1106 1401 1209 1456 sed
1266 1402 1652 1457 miseratione
1703 1402 1899 1474 potius
1932 1402 2018 1456 di-

359 1498 534 1554 gnam
554 1490 610 1539 et
632 1486 929 1542 odio.Haec
952 1488 1150 1557 itaque
1170 1489 1475 1545 confutare
1488 1490 1636 1545 mihi
1659 1508 1782 1546 non
1801 1490 2017 1546 estani-

362 1588 495 1627 mus
527 1593 540 1641 ;
566 1575 783 1646 quippe
813 1593 1065 1647 quorum
1091 1578 1428 1634 absurditas
1470 1580 1748 1635 omnibus
1771 1586 1949 1651 patet.
1984 1603 2013 1629 n

360 1661 578 1717 Verum
604 1664 1020 1737 Origenes,qui
1054 1675 1111 1721 et
1134 1667 1260 1738 ipse
1281 1669 1577 1724 Aristonis
1596 1669 1886 1738 Dialoyum
1918 1684 2015 1724 no-

362 1756 547 1814 verat.
582 1753 734 1808 Celsi
759 1755 1118 1811 calumniam
1144 1758 1229 1812 ita
1249 1758 1561 1825 refellit,ut
1578 1759 1736 1814 haud
1757 1759 2011 1814 otiosum

2131 689 2254 739 tum
2273 681 2417 737 illud
2450 681 2923 736 velutcommune
2948 681 3214 736 omnium
3236 681 3774 753 Ecclesiaascripto-

2128 789 2262 826 rum
2307 770 2668 845 principium
2725 771 3109 843 pronuntiat;
3165 776 3233 825 ut
3279 770 3390 826 rite
3421 769 3673 826 advertit
3701 771 3774 826 cl.

2128 863 2399 917 Marauus
2432 864 2525 933 (9).
2705 932 2710 937 ν

2198 952 2338 1005 Post
2368 950 2679 1022 Origenem
2732 955 2930 1005 autem
2964 950 3241 1005 meminit
3296 967 3532 1021 quoque
3591 949 3777 1006 semel

2127 1042 2461 1110 iterumque
2495 1040 2547 1097 S.
2584 1040 2974 1111 Hieronymus
3023 1039 3289 1109 ejusdem
3353 1042 3775 1110 Disputationis,

2127 1146 2303 1200 quam
2337 1137 2395 1184 et
2427 1130 2851 1185 Altcrcationem
2896 1136 3062 1185 vocat
3086 1129 3364 1211 ;_duoque
3418 1128 3605 1200 ipsius
3644 1128 3776 1186 loca

2106 1219 2373 1285 inferius
2402 1218 2811 1275 retulimus.Et
2839 1219 2901 1273 in
2932 1236 3138 1274 eorum
3169 1219 3411 1290 quidem
3443 1218 3626 1274 altero
3660 1217 3772 1291 (lO)

2124 1311 2338 1367 falsum
2370 1328 2501 1366 esse
2532 1312 2745 1367 asserit
2790 1311 2996 1365 doctor
3052 1312 3369 1379 maximus,
3404 1309 3562 1381 quod
3610 1309 3673 1365 in
3706 1327 3772 1365 ea

2125 1401 2412 1472 scriptum
2445 1401 2764 1470 erat,initio
2794 1402 3086 1457 Geneseos
3107 1390 3169 1455 in
3192 1400 3436 1456 Hebraeo
3449 1399 3656 1456 haberi
3681 1403 3773 1456 :In

2096 1491 2265 1544 'Fitio
2294 1493 2430 1557 fecit
2460 1492 2596 1545 Deus
2624 1490 2814 1545 cetum
2844 1496 2894 1545 et
2923 1497 3143 1545 terram.
3168 1489 3281 1544 Sed
3318 1489 3658 1545 Aristonem
3681 1489 3775 1544 de-

2123 1578 2487 1635 fendendum
2512 1578 2772 1649 suscepit
2786 1576 3237 1650 Bartoloccius(l
3255 1581 3358 1647 1);‹‹
3378 1579 3489 1632 Pro
3503 1577 3771 1647 Hebraeo,

2126 1668 2699 1739 inquit,intelligitur
2722 1668 2942 1723 idioma
2964 1666 3585 1737 Hierosolymitanum,
3613 1666 3772 1738 quod

2126 1758 2478 1813 Hebraicum
2534 1757 2655 1812 lato
2706 1757 2881 1812 modo
2950 1756 3277 1825 dicebatur,
3329 1761 3387 1810 et
3429 1755 3639 1811 litteris
3672 1757 3773 1811 He-

358 1840 684 1913 fueritejus
708 1847 1156 1916 responsionem
1176 1846 1618 1903 hicdescribere
1646 1865 1658 1915 ;
1685 1864 1752 1902 ex
1770 1847 2011 1903 eaenim
2046 1883 2090 1948 Β
2123 1846 2339 1902 braicis
2364 1846 2752 1902 scribebatur.
2790 1848 2852 1901 ln
2883 1846 2995 1901 hoc
3016 1844 3308 1916 siquidem
3343 1845 3646 1915 idiomate,
3682 1861 3775 1900 cu-

360 1946 495 1984 cum
530 1932 726 2002 cperis
750 1932 1223 2005 inscriptionem,
1263 1942 1382 1991 tum
1406 1936 1467 1991 in
1489 1937 1698 2008 primis
1722 1937 1849 2009 ejus
1880 1937 2014 1992 cha-

2113 1937 2214 2008 jus
2265 1935 2533 2006 reliquias
2589 1935 2783 1990 adhuc
2830 1936 2892 1989 in
2948 1936 3195 2006 Targum
3240 1933 3769 2005 Hierosolymitano

358 2027 650 2074 racterem
682 2027 861 2093 atque
894 2022 1227 2078 doctrinam
1251 2026 1665 2096 perspicimus.
1698 2026 1792 2081 Sic
1836 2025 2016 2097 igitur
2119 2024 2295 2080 hodie
2326 2030 2665 2096 supersunt,
2734 2024 3040 2079 invenitur
3074 2040 3086 2079 :
3118 2025 3183 2078 In
3234 2025 3525 2094 Sapientia
3561 2025 3769 2079 creavit

359 2109 458 2163 ille
491 2127 503 2163 :
538 2107 707 2166 Οὐδὲν
740 2108 785 2164 δ’
817 2112 983 2179 ἦττον
1016 2107 1332 2186 ἐϐουλόμην
1371 2116 1526 2169 πάνθ’
1584 2116 1828 2170 ὁντινοῦν
1859 2115 2014 2169 ἀκού-

358 2216 522 2251 σαντχ
554 2193 994 2273 δεινολογοῦντος
1024 2199 1354 2270 Κὲλσου,κοιὶ
1385 2203 1682 2281 φάσκοντος
1714 2204 1774 2259 τὸ
1801 2203 2014 2280 ἐπιγεγ-

359 2283 637 2358 ραμμένον
669 2286 1018 2363 σῦγγραμμα.
1053 2290 1285 2353 Ἰἀεονος
1342 2294 1432 2346 καὶ
1490 2291 1774 2349 Παπίσκου
1800 2293 2012 2348 ἀντιλο-

357 2372 482 2446 γίαν
514 2374 635 2448 περὶ
667 2377 923 2450 Χριστοῦ,
981 2381 1045 2432 ού
1105 2378 1372 2455 γέλωτος,
1427 2379 1573 2437 ἀλλὰ
1630 2382 1821 2456 μίσους
1864 2381 2007 2455 ἄξιον

359 2462 521 2535 εἶναι,
554 2458 743 2519 λαϐεῖν
779 2465 856 2529 εἷς
882 2466 1077 2542 χεῖρας
1126 2469 1189 2523 τὸ
1246 2473 1714 2545 συγγραμμάτιον,
1748 2472 1834 2525 καὶ
1869 2473 2008 2527 ὑπο-

362 2556 538 2624 μεῖναι
570 2553 656 2608 καὶ
692 2555 1010 2630 ἀνασχέσθαι
1046 2558 1266 2613 ἀκοῦσαι
1290 2563 1398 2612 τῶν
1427 2558 1476 2613 ἐν
1512 2558 1769 2632 αὐτῷ-τίν’
1790 2560 2006 2625 αῦτᾶοεν

357 2646 607 2718 καταγνῷ
636 2647 731 2697 τοῦ
766 2642 993 2713 Κέλσου,
1030 2643 1199 2717 μηδὲν
1236 2646 1500 2720 εὑρίσκων
1536 2651 1730 2721 μίσους
1781 2647 1926 2721 ἄξιον
1959 2646 2009 2703 ἐν

356 2735 436 2804 τῷ
472 2726 696 2805 βιϐλίῳ.
725 2732 846 2790 Ἐἆν
881 2730 928 2787 δ’
961 2732 1271 2798 ἀδεκάστως
1300 2757 1386 2799 τις
1432 2735 1761 2812 ἐντυγχάνῃ,
1788 2739 2007 2812 εὑρήσει

358 2820 441 2875 ὅτι
474 2818 587 2875 οὐδ’
617 2820 705 2876 ἐπὶ
735 2820 953 2897 γέλωτα
983 2831 1122 2879 κινεῖ
1142 2826 1202 2880 τὸ
1224 2821 1518 2900 βεϐλίον,ἐν
1545 2826 1590 2899 ᾦ
1616 2826 2005 2903 ἀναγέγραπται

357 2910 677 2985 Χριστιανὸς
708 2910 957 2987 Ἰουδαίῳ
987 2911 1379 2990 διαλεγόμενος
1412 2915 1518 2971 ἀπὸ
1542 2920 1649 2971 τῶν
1675 2915 2006 2986 Ἰουδαϊκῶν,

357 3006 606 3076 Γραφῶν,
639 3001 729 3056 καὶ
763 3000 972 3066 δεικνὺς
998 3004 1093 3067 τὰς
1121 3005 1245 3079 περὶ
1274 3009 1371 3060 τοῦ
1401 3008 1641 3080 Χριστοῦ
1667 3007 2004 3085 προφητείας

358 3090 685 3165 ἐφαρμόζειν
745 3098 825 3165 τῷ
870 3095 1075 3164 Ἰησοῦ·
1132 3095 1313 3150 καίτοι
1379 3116 1442 3171 γε
1484 3094 1583 3150 οὐκ
1632 3095 1860 3172 ἀγεννῶς
1891 3094 2005 3151 ουδ’

355 3180 610 3253 ἀπρεπῶς
640 3203 718 3252 τῳ
746 3179 1032 3255 Ἰουδαῖκῷ
1085 3185 1368 3259 προσώπῳ
1419 3190 1521 3241 τοῦ
1571 3184 1756 3257 ἑτέρου
1788 3186 2006 3257 ἱσταμέ-

2122 2114 2277 2181 Deus,
2312 2119 2422 2168 etc.
2450 2116 2563 2168 Per
2592 2113 2806 2168 Filium
2838 2114 3030 2167 Patris
3062 2113 3289 2179 interni,
3314 2118 3373 2166 et
3400 2112 3462 2166 in
3493 2112 3635 2167 Filio
3668 2112 3769 2183 qui

2120 2204 2424 2274 Sapientia
2454 2204 2556 2258 Dei
2590 2203 2779 2259 Patris
2810 2208 2920 2269 est,
2954 2207 3151 2257 creata
3181 2207 3321 2256 sunt
3350 2202 3586 2267 omnia;
3612 2201 3769 2256 unde

2119 2291 2180 2346 in
2212 2292 2323 2347 hoc
2349 2292 2475 2346 loco
2505 2296 2563 2345 et
2590 2291 2920 2347 secundum
2946 2291 3106 2345 hunc
3136 2305 3400 2355 sensum,
3420 2288 3578 2343 idem
3617 2288 3773 2344 valet

2116 2383 2179 2436 In
2208 2380 2497 2453 Sapientia
2555 2395 2623 2435 ac
2672 2384 2731 2434 In
2780 2380 2946 2434 Filio.
2992 2400 3020 2428 ››
3068 2379 3364 2434 Hactenus
3414 2377 3534 2434 ille.
3569 2380 3770 2449 Neque

2117 2471 2356 2539 mirum,
2392 2470 2441 2523 si
2471 2469 2665 2523 Aristo
2696 2467 2943 2523 Pellaeus
2967 2467 3163 2523 locum
3207 2468 3389 2523 istum
3422 2484 3491 2522 ex
3516 2469 3767 2539 Targum

2117 2551 2648 2622 Hierosolymitano
2667 2550 3081 2621 desumpserit.
3106 2550 3352 2604 consilio
3374 2550 3766 2620 institutoque

2118 2658 2223 2696 suo
2254 2640 2409 2695 haud
2444 2656 2654 2712 parum
2686 2645 3111 2711 congruentem
3137 2658 3150 2706 ;
3178 2639 3280 2708 qui
3314 2639 3541 2694 scilicet
3570 2640 3770 2711 dispu-

2116 2730 2406 2785 tationem
2438 2746 2606 2785 suam
2639 2729 2711 2784 De
2744 2728 2956 2784 Christo
2986 2728 3048 2783 in
3068 2727 3278 2798 primis
3300 2728 3623 2799 inscripsit,
3644 2728 3768 2798 qui-

2116 2835 2231 2889 que
2257 2835 2380 2874 non
2407 2818 2596 2874 solum
2618 2818 2894 2874 Iasonem
2927 2816 3326 2872 Christianum
3359 2814 3466 2870 ἀπὸ
3488 2818 3596 2869 τῶν
3626 2817 3767 2870 Ἰου-

2116 2905 2584 2986 ὂχῖκῶνγραφῶν,
2636 2925 2706 2964 ea:
2762 2910 2892 2978 ipsis
2942 2908 3260 2961 Judrorum
3318 2907 3513 2962 litteris
3559 2906 3764 2978 dispu-

2114 3004 2360 3069 tantem,
2414 3016 2617 3055 verum
2664 3000 2845 3055 etiam
2907 2998 3220 3068 Papiscum
3276 2997 3590 3053 Hebraeum
3661 2996 3762 3050 οῦκ

2114 3089 2351 3166 ἀγεννῶς
2377 3086 2491 3143 οὐδ’
2524 3090 2782 3166 ἀπρεπῶς
2807 3091 2887 3160 τῷ
2934 3085 3243 3160 Ἰο·›δαῖκῷ,
3276 3095 3494 3144 strenue
3520 3090 3760 3159 satisque

2110 3164 2339 3234 Iudaica
2369 3164 2875 3235 contradicentem
2906 3178 3162 3246 induxit,
3211 3183 3278 3233 ut
3335 3177 3511 3233 modo
3542 3192 3762 3240 assere-

353 3287 450 3322 νου
477 3270 612 3344 πρὸς
644 3271 735 3325 τὸν
768 3270 955 3345 Λόγον.
990 3274 1053 3329 Id
1084 3279 1174 3330 est
1201 3292 1214 3330 :
1250 3298 1277 3325 α
1311 3277 1427 3345 Ego
1458 3281 1658 3331 tamen
1700 3292 2001 3348 cuperem,

2118 3268 2534 3341 batOrigenes.
2568 3267 2734 3323 Haud
2765 3268 3045 3339 equidem
3094 3268 3322 3340 ignoro,
3382 3266 3521 3321 huic
3564 3266 3760 3321 Barto-

355 3376 773 3432 quemcunque
803 3368 937 3433 post
967 3363 1168 3419 audita
1206 3364 1454 3437 grandia
1502 3365 1652 3421 Celsi
1700 3365 1894 3432 verba,
1930 3366 2009 3421 di-

354 3449 545 3504 centis
576 3450 929 3521 opusculum
958 3453 1335 3526 inscriptum,
1371 3477 1399 3505 »
1429 3456 1663 3512 Jasonis
1695 3461 1753 3511 et
1777 3457 2007 3528 Papisci

353 3540 653 3595 contentio
681 3540 752 3596 de
776 3541 1029 3611 Christo,
1064 3564 1093 3592 »
1128 3565 1156 3594 ‹‹
1177 3560 1301 3599 non
1333 3545 1455 3600 risu
1487 3546 1591 3601 sed
1621 3545 1755 3601 odio
1809 3547 2007 3618 potius

351 3630 593 3701 dignum
621 3647 772 3699 esse,
807 3637 1048 3705 accepto
1071 3634 1131 3690 in
1163 3651 1378 3691 manus
1403 3634 2005 3707 libello,aliquantum

350 3735 544 3791 opera:
576 3719 823 3777 lectioni
858 3722 989 3793 ejus
1016 3724 1341 3788 insumere,
1374 3731 1459 3792 ut,
1493 3742 1555 3780 re
1606 3727 1735 3798 ipsa
1777 3726 2006 3793 doctus,

346 3808 498 3863 Celsi
522 3811 1027 3883 vaniloquentiam
1061 3813 1320 3882 damnet,
1340 3814 1491 3868 nihil
1524 3814 1657 3869 odio
1681 3815 1921 3888 dignum
1942 3816 2005 3870 in

346 3914 413 3952 eo
450 3897 600 3955 libro
633 3901 960 3971 reperiens.
997 3904 1195 3973 Neque
1229 3903 1409 3958 etiam
1442 3904 1765 3975 quidquam
1784 3903 2005 3960 ridicu-

337 3986 465 4042 lum
498 3988 562 4043 in
590 3989 694 4044 illo
725 3989 987 4046 inveniet
1019 4006 1033 4057 ;
1066 3991 1127 4045 in
1177 4008 1295 4063 quo
1353 3992 1581 4047 scilicet
1636 3993 2005 4049 Christianus

345 4076 653 4133 inducitur
675 4096 806 4134 cum
838 4080 1040 4135 Judteo
1074 4080 1408 4151 disputans,
1441 4086 1618 4151 atque
1646 4099 1718 4137 ex
1741 4082 1888 4153 ipsis
1916 4084 2006 4138 Ju-

343 4167 606 4223 dmorum
641 4172 965 4242 Scripturis
989 4172 1287 4237 evincens,
1307 4173 1731 4242 prophetarum
1764 4174 2006 4229 oracula

346 4257 419 4312 de
442 4259 673 4314 Christo
702 4261 775 4314 ad
803 4261 1000 4315 Jesum
1024 4262 1359 4332 pertinere;
1389 4277 1731 4331 quanquam
1763 4270 2003 4318 strenue

345 4346 605 4418 satisque
636 4349 875 4403 Judaice
928 4350 1297 4405 contradicat
1352 4350 1747 4406 adversarius.
1779 4376 1799 4402 ι
1835 4352 2002 4417 Quod

346 4440 545 4490 autem
610 4454 677 4492 ex
735 4437 988 4510 Origene
1020 4439 1094 4509 ('7)
1156 4438 1382 4509 colligit
1433 4439 1849 4494 Tillemontius
1901 4441 1998 4509 (8),

345 4524 612 4596 ejusdem
653 4526 835 4581 libelli
870 4532 1173 4583 auctorem
1204 4528 1315 4583 hoc
1372 4528 1595 4584 dictum
1646 4528 1890 4597 ursisse,
1924 4531 1999 4585 ad

2110 3356 2278 3413 loccii
2312 3358 2622 3412 sententiae
2654 3357 2754 3412 illa
2783 3357 3039 3419 ofﬁcere,
3078 3371 3209 3428 qua:
3259 3355 3330 3411 de
3364 3355 3536 3410 istius
3592 3370 3768 3427 para-

2112 3447 2367 3518 phrastaa
2424 3446 2942 3517 Hierosolymitani
2972 3450 3143 3502 astate
3173 3461 3209 3500 a
3268 3444 3568 3516 plerisque
3626 3445 3764 3500 viris

2112 3538 2321 3605 doctis,
2346 3538 2722 3609 potissimum
2740 3554 2874 3593 vero
2904 3553 2939 3593 a
2959 3536 3184 3592 Morino
3204 3535 3315 3608 (12)
3336 3536 3766 3604 edisseruntur,

2114 3626 2511 3682 statuentibus
2541 3627 2710 3682 illum
2760 3625 2973 3683 saeculo
3012 3642 3064 3680 v1
3092 3626 3276 3681 fuisse
3322 3626 3714 3681 recentiorem
3751 3641 3765 3690 ;

2112 3716 2440 3787 utproinde
2463 3717 2811 3788 paraphrasi
2830 3715 2928 3787 huj
2939 3714 3170 3772 usmodi
3196 3714 3356 3770 haud
3377 3715 3463 3770 uti
3487 3713 3707 3770 saeculo
3728 3730 3762 3768 ιι

2109 3814 2370 3885 potuerit
2423 3815 2640 3870 Aristo.
2703 3817 2915 3870 Verum
2965 3813 3105 3869 huic
3152 3812 3473 3885 objectioni
3505 3812 3765 3868 occurrit

2108 3898 2413 3959 Waltonus
2452 3906 2583 3974 (13),
2649 3904 2947 3976 duplicem
3014 3903 3313 3959 exstitisse
3365 3901 3761 3974 Parapbrasin

2112 3993 2708 4065 Hierosolymitanam
2768 3994 3208 4049 demonstrans.
3263 3993 3388 4057 Qua
3419 3990 3491 4046 de
3521 4008 3585 4046 re
3617 4006 3764 4046 non-

2110 4082 2276 4139 nulla
2298 4083 2544 4154 insuper
2572 4084 2817 4139 Wolﬁus
2837 4084 3271 4156 (14-).Cmterum
3291 4081 3563 4138 eamdem
3587 4080 3763 4149 hujus

2107 4172 2221 4227 loci
2253 4174 2547 4228 Geneseos
2571 4174 3124 4244 interpretationem
3149 4171 3220 4226 ab
3238 4171 3512 4226 Aristone
3528 4169 3765 4225 adhibi-

2109 4268 2252 4329 tam,
2284 4262 2486 4317 hausit
2513 4263 2741 4328 itidem,
2800 4268 2867 4316 ut
2922 4261 3174 4326 videtur,
3233 4277 3303 4314 ex
3360 4258 3761 4314 vetustissimo

2106 4351 2617 4423 pseudepigrapho
2670 4351 3088 4405 Praedicationis
3142 4351 3296 4403 Petri
3325 4347 3596 4402 Clemens
3626 4345 3760 4400 Ale-

2106 4440 2433 4494 xandrinus
2463 4440 2596 4508 (15),
2617 4444 2683 4494 ut
2711 4439 2860 4494 alios
2888 4440 3090 4493 Patres
3125 4442 3542 4508 praetereamus
3566 4451 3579 4500 ;
3602 4433 3760 4505 quod

2110 4528 2350 4599 quidem
2400 4528 2621 4600 fugisse
2652 4526 2931 4583 Grabium
2969 4527 3080 4598 (16)
3113 4525 3314 4580 mirari
3349 4524 3523 4579 subit.
3559 4526 3759 4594 Neque

343 4630 541 4670 mores
572 4616 981 4672 informandos
1029 4634 1208 4688 quam
1237 4619 1495 4673 maxime
1526 4618 1707 4673 utile:
1734 4640 1761 4669 ‹‹
1794 4620 1997 4675 Omnis
2026 4609 2074 4675 D
2105 4619 2348 4674 omnino
2366 4619 2642 4674 dissentit
2666 4619 2921 4690 ipsemet
2949 4616 3472 4688 liieronymus,qui
3499 4615 3535 4670 l.
3558 4633 3609 4671 c.
3634 4615 3760 4669 haec

345 4705 651 4774 sapientiae
682 4706 903 4761 fontem
930 4723 1059 4761 esse
1091 4724 1158 4761 ac
1188 4707 1570 4778 princ1pium,
1592 4724 1800 4763 omnes
1816 4708 1997 4764 actio-

343 4809 452 4848 nes
483 4809 552 4847 eo
575 4794 815 4859 referre,
851 4800 917 4849 ut
941 4795 1054 4850 Deo
1078 4795 1373 4866 placeant,
1402 4813 1469 4851 ac
1502 4813 1575 4852 ne
1607 4798 1865 4870 cogitare
1880 4798 1999 4869 qui-

347 4881 480 4935 dem
496 4882 818 4953 quidquam
846 4882 1000 4954 quod
1028 4883 1107 4937 illi
1130 4883 1441 4955 displiceat
1462 4902 1474 4951 ;
1493 4887 1709 4958 quippe
1723 4903 1858 4942 cum
1876 4903 1996 4942 non

348 4971 541 5026 solum
564 4971 723 5027 dicta
745 4971 1106 5042 etfacta,sed
1129 4974 1307 5028 etiam
1329 4975 1714 5046 cogitationes
1727 4976 1995 5048 judican-

347 5059 435 5115 dtn
456 5062 611 5117 sint:
646 5083 674 5112 η
718 5062 779 5117 id
829 5063 1068 5133 quidem
1122 5064 1319 5119 minus
1362 5072 1523 5120 recte
1570 5066 1879 5138 collegisse
1908 5068 1996 5122 vir

414 5208 490 5274 t6)
514 5205 748 5278 Origen.
773 5214 948 5263 contr.
985 5208 1142 5275 Cels,
1171 5206 1270 5261 lib.
1309 5225 1382 5275 ιν,
1413 5210 1439 5277 §
1470 5211 1559 5276 52,
1593 5215 1737 5264 tom.
1775 5212 1821 5277 Ι,
1854 5227 1986 5267 ιιον.

346 5277 485 5331 edit.
513 5277 676 5350 Paris
710 5319 722 5337 .
756 5294 884 5350 pag.
916 5281 1042 5333 544.

411 5351 492 5421 (7)
522 5348 603 5402 ld.
640 5348 799 5417 ibid,
832 5348 859 5417 ξ
891 5352 978 5412 53,
1012 5366 1141 5421 pag.
1177 5352 1303 5414 545,
1336 5351 1552 5407 noviss.
1607 5352 1748 5407 edit.
1802 5354 1985 5410 Paris.

346 5418 695 5493 tibitamen
748 5421 971 5489 absque
1012 5418 1208 5493 ullius
1265 5439 1376 5476 ms.
1432 5422 1558 5478 cod.
1613 5424 1987 5493 auctoritate,

338 5486 623 5566 ὠφελείας,
655 5507 761 5559 pro
792 5486 1001 5566 σοῷίας,
1038 5491 1268 5566 legitur.

405 5562 483 5639 (ιβ)
516 5562 744 5639 'l‘jllem.
779 5562 935 5639 diem.
958 5562 1174 5639 eccles,
1208 5570 1349 5618 tom.
1384 5569 1431 5639 ll
1480 5583 1610 5639 pag.
1648 5569 1769 5622 138.

409 5631 488 5710 (οι
522 5633 921 5710 Marai1:_Vit._
945 5638 1024 5710 S_r
1060 5635 1345 5710 Cypriani,
1379 5631 1507 5708 ejus
1559 5631 1710 5709 Opp.
1760 5640 1982 5710 praaﬂx.

335 5704 363 5771 §
398 5707 485 5771 36,
508 5718 641 5774 pag.
678 5704 798 5771 130,
830 5705 971 5759 edit.
999 5708 1185 5761 Paris.
1222 5708 1378 5762 1726.

410 5774 524 5846 (10)
559 5775 797 5829 Hieron.
832 5776 913 5829 lib
967 5778 1168 5842 Quam.
1205 5778 1362 5832 Hebr.
1396 5782 1453 5833 in
1500 5782 1657 5846 Gem,
1692 5780 1799 5833 sub
1850 5781 1981 5835 init.

408 5851 520 5922 (11)
541 5846 863 5907 Bartolocc.
892 5850 1036 5906 Bibi.
1064 5850 1324 5920 Itabbin.,
1363 5858 1516 5922 part.
1548 5868 1626 5922 ιιι,
1653 5866 1785 5922 pag.
1815 5853 1869 5908 2.

2113 4708 2327 4763 habet:
2363 4732 2388 4758 ‹‹
2418 4708 2592 4779 Magis
2622 4709 2822 4777 itaque
2872 4708 3198 4762 secundum
3258 4723 3522 4769 sensum,
3579 4721 3757 4773 quam

2108 4796 2432 4851 secundum
2460 4796 2620 4851 verbi
2647 4796 3143 4868 [translationem,
3176 4795 3248 4849 de
3307 4795 3536 4849 Christo
3569 4791 3754 4861 accipi

2105 4893 2339 4960 potest;
2367 4888 2467 4960 qui
2489 4894 2609 4944 tam
2642 4889 2704 4943 in
2726 4888 2855 4959 ipsa
2898 4888 3089 4943 fronte
3109 4888 3401 4943 Geneseos
3424 4902 3551 4956 quae
3580 4888 3756 4953 caput

2106 4979 2375 5033 omnium
2397 4977 2681 5033 librorum
2701 4984 2994 5046 est,quam
3014 4977 3191 5032 etiam
3210 4976 3271 5029 in
3287 4974 3576 5045 principio
3591 4974 3758 5027 Joan-

2104 5068 2200 5123 nis
2223 5066 2834 5140 Evangelistm,cozliet
2850 5072 3021 5121 terra;
3044 5066 3317 5122 conditor
3337 5062 3756 5136 approbatur.»

2101 5227 2267 5266 num.
2294 5213 2417 5265 584.

2172 5284 2285 5353 (12)
2316 5282 2522 5339 Morin.
2555 5282 2655 5338 lib.
2693 5299 2753 5346 ιι,
2789 5283 3013 5337 Exarsit
3063 5280 3205 5335 Bibl.
3268 5295 3388 5346 vm,
3443 5294 3570 5349 cap.
3605 5282 3658 5345 '7,
3691 5294 3747 5349 p.

2100 5356 2561 5497 34ῗ13ῗθὲὶξῖιιηοῐι.
2608 5426 2914 5495 Prolegom.
2950 5441 3053 5496 χιι,
3110 5425 3172 5478 in
3225 5422 3372 5477 Bibl.
3426 5421 3749 5492 polyglott.,

2097 5499 2475 5637 §§(il=t)e§?vidlf.
2500 5568 2646 5623 Bibl.
2676 5569 2860 5636 Hebr.,
2894 5574 3034 5623 tom.
3070 5568 3139 5631 ιι,
3172 5582 3302 5638 pag.
3338 5565 3500 5622 ιιθθ.

2171 5639 2491 5719 tlSLClem.
2517 5640 2683 5695 Alex.
2718 5642 2919 5694 Strom.
2954 5639 3059 5694 lib.
3119 5637 3191 5706 v1,
3251 5654 3378 5710 cap.
3414 5641 3467 5704 7,
3532 5654 3588 5708 p.
3623 5637 3746 5713 769,

2097 5709 2237 5765 edit.
2274 5712 2452 5781 Oxop.
3333 5709 3340 5710 ί

2169 5782 2280 5852 (16)
2307 5780 2478 5835 Grab.
2512 5784 2705 5853 Spicil.
2742 5784 2833 5839 SS.
2871 5784 2969 5840 SS.
3004 5799 3040 5847 ι,
3080 5782 3119 5838 l.
3155 5797 3325 5856 pagg.
3361 5784 3431 5839 62
3459 5780 3550 5840 68.
