4110 6150
416 329 570 391 1275

1734 329 2147 393 ARlSTONIS
2190 332 2496 398 PELLJEI

3669 342 3816 401 1216

487 463 559 519 Il.
603 462 789 534 Hujus
846 477 982 516 vero
1029 461 1434 531 Dzsputatiom's
1477 461 1834 533 jamdudum
1891 462 2067 535 periit
2096 462 2149 529 Α
2181 465 3211 543 stonianiopusculiversionem,nos
3243 470 3384 527 alibi
3415 473 3822 544 opportunius.

412 558 604 608 textus
637 551 1190 622 Graecus,periitque
1219 551 1394 606 simul
1421 554 1777 625 perantiqua
1794 553 2064 625 ejusdem

413 639 682 711 opusculi
714 639 916 694 Latina
945 638 1161 705 versio,
1187 655 1221 693 a
1251 638 1417 694 Celso
1442 640 1701 710 quodam
1735 657 1875 695 sene
1908 640 2070 694 Chri-

412 729 604 785 stiano
637 728 954 784 elaborata.
989 729 1129 800 Ejus
1149 733 1348 784 tamen
1363 734 1632 800 superest
1663 729 1911 802 epistola
1925 730 2066 784 satis

415 818 654 891 elegans
686 822 865 888 atque
898 817 1148 885 erudita,
1183 834 1299 889 qua
1331 817 1536 891 Vigilio
1569 818 1845 890 episcopo
1879 819 2064 873 inter-

411 909 809 982 pretationem
841 925 1010 964 suam
1042 909 1427 980 nuncupavit,
1455 908 1612 964 inter
1657 926 1836 981 opera
1867 909 1922 965 S.
1957 909 2064 979 Cy-

411 998 622 1070 priano
646 998 901 1070 ascripta
933 997 1043 1070 (17)
1079 1013 1092 1065 ;
1126 997 1283 1052 unde
1315 997 1605 1053 nonnulla
1635 998 1942 1068 discimus,
1993 996 2068 1054 ad

412 1088 608 1160 ipsum
639 1092 864 1143 textum
896 1087 1273 1159 deperditum
1305 1087 1688 1160 pertinentia,
1721 1105 1852 1158 quas
1883 1088 1968 1143 sic
2006 1104 2067 1142 se

411 1178 634 1234 habent
664 1179 777 1252 (18)
811 1195 823 1234 :
849 1200 878 1228 «
909 1178 1064 1234 Illud
1085 1179 1438 1251 praeclarum
1470 1183 1647 1251 atque
1678 1177 2067 1234 memorabile

410 1269 848 1343 gloriosumque
882 1271 1112 1326 Jasonis
1146 1270 1373 1325 Hebraei
1405 1270 1723 1326 Christiani
1751 1275 1808 1325 et
1835 1267 2067 1342 Papisci

414 1360 798 1415 Alexandrini
823 1360 1009 1416 JUdEBl
1069 1360 1483 1433 disputationis
1515 1362 1807 1428 occurrit;
1839 1359 2066 1415 Judaici

413 1449 608 1506 cordis
631 1450 988 1506 obstinatam
1051 1451 1353 1514 duritiam,
1415 1452 1578 1507 brevi
1635 1451 1746 1523 (19)
1807 1449 2068 1506 admoni.

410 1542 571 1596 tione
625 1557 692 1596 ac
749 1541 860 1595 levi
915 1541 1318 1613 increpatione
1377 1541 1720 1607 mollitam;
1783 1544 1842 1594 et
1869 1539 2067 1594 victri-

413 1648 541 1687 cem
573 1632 634 1685 in
663 1631 893 1701 Papisci
929 1631 1102 1686 corde
1123 1632 1351 1686 Jasonis
1384 1631 1454 1685 de
1479 1631 1731 1703 Spiritus
1763 1629 1954 1684 sancti
1975 1629 2064 1683 in-

410 1721 642 1776 fusione
677 1721 1005 1776 doctrinam
1040 1739 1052 1776 :
1084 1738 1201 1791 qua
1226 1722 1510 1792 Papiscus
1569 1721 1643 1776 ad
1693 1719 2064 1774 intellectum

410 1811 674 1866 veritatis
701 1810 1086 1877 admissus,et
1110 1811 1183 1865 ad
1207 1811 1481 1865 timorem
1508 1811 1766 1874 Domini,
1789 1810 1918 1881 ipso
1950 1811 2064 1863 Do-
2097 1842 2141 1907 Β

412 1900 573 1953 mino
605 1900 948 1966 miserante,
981 1898 1291 1968 formatus,
1323 1904 1383 1954 et
1411 1901 1609 1955 Jesum
1641 1899 1941 1953 Christum
1973 1898 2062 1952 Fi-

412 1989 560 2044 lium
591 1990 689 2044 Dei
723 1989 1059 2055 credidit,et
1079 1995 1144 2044 ut
1165 1989 1536 2062 signaculum
1568 1993 1832 2045 sumeret
1863 1987 2068 2059 depre-

410 2083 595 2146 catus,
627 2077 909 2134 Jasonem
963 2078 1298 2150 postulavit.
1359 2078 1577 2134 Probat
1632 2079 1744 2134 hoc
1776 2078 2069 2148 scriptura

409 2169 870 2223 concertationis
903 2169 1328 2240 ipsorum,quae
1359 2168 1772 2224 collidentium
1802 2167 1958 2221 inter
1979 2181 2063 2233 se,

408 2258 639 2330 Papisci
671 2257 1040 2314 adversantis
1071 2259 1323 2328 veritati,
1357 2265 1415 2314 et
1468 2259 1698 2314 Jasonis
1746 2255 2066 2313 asserentis

410 2353 468 2402 et
488 2347 841 2404 vindicantis
868 2348 1323 2418 dispositionem
1355 2353 1413 2402 et
1446 2346 1883 2418 plenitudinem
1906 2345 2066 2401 Chri-

413 2438 507 2507 sti,
541 2439 722 2494 Graeci
757 2439 1051 2495 sermonis
1083 2456 1262 2512 opere
1294 2439 1524 2511 signata
1576 2443 1682 2494 est.
1719 2460 1746 2488 ››
1796 2440 1929 2494 Haec
1960 2438 2062 2494 ibi.

479 2528 788 2599 Conjicere
809 2529 1034 2601 placuit
1055 2529 1266 2585 Grabio
1297 2529 1431 2602 (20),
1454 2530 1730 2584 Jasonem
1752 2528 2066 2584 Hebraeum

410 2619 813 2676 Christianum
845 2625 905 2676 et
932 2621 1248 2692 Papiscum
1273 2619 1542 2676 Judaaum
1575 2619 2060 2690 Alexandrinum,

410 2709 568 2765 inter
594 2728 654 2766 se
678 2711 1071 2783 disputantes,
1106 2712 1274 2767 ﬁctas
1324 2711 1506 2767 fuisse
1539 2727 1846 2783 personas,
1877 2715 1945 2766 ut
2001 2711 2062 2765 in

412 2799 658 2873 dialogis
691 2802 821 2857 ﬁeri
853 2802 1178 2859 consuevit.
1209 2802 1355 2856 Aliis
1385 2806 1587 2857 tamen
1644 2801 1818 2856 aliter
1847 2801 2059 2857 visum.

415 2890 610 2946 Sixtus
641 2892 924 2948 Senensis
949 2893 1207 2965 primum
1237 2891 1372 2964 (21),
1394 2891 1609 2948 deinde
1631 2891 1930 2947 Pamelius
1952 2891 2060 2963 (22)

410 2996 558 3050 quos
591 2987 829 3037 secutus
861 2988 952 3037 est
972 2981 1372 3036 Bartoloccius
1403 2981 1442 3036 l.
1474 2999 1523 3037 c.
1558 2981 1782 3051 opinati
1804 2980 2060 3047 sunt,Ja-

407 3071 809 3128 sonemistum
839 3071 1113 3128 eumdem
1135 3071 1315 3128 fuisse
1348 3088 1483 3128 cum
1513 3073 1722 3128 Jasone
1750 3071 2059 3128 Thessalo-

406 3160 655 3229 nicensi,
687 3162 859 3233 cujus
891 3163 1298 3218 meminerunt
1332 3163 1513 3218 Lucas
1535 3163 1595 3216 in
1627 3162 1786 3218 Actis
1816 3179 1950 3231 xvu,
1999 3164 2051 3230 5,

407 3254 464 3305 et
504 3251 741 3322 Paulus,
794 3255 962 3309 Rom.
1011 3269 1126 3317 xvi,
1183 3252 1274 3318 21,
1324 3252 1486 3307 nullo
1518 3255 1717 3306 tamen
1749 3267 1779 3305 e
1811 3251 2054 3306 vetustis

406 3341 796 3411 scriptoribus
843 3342 1186 3398 testimonio
1238 3343 1300 3396 in
1349 3341 1615 3398 medium
1665 3340 1916 3396 adducto
1952 3345 2060 3407 ;ut

404 3429 651 3501 proinde
679 3432 972 3503 Spencero
1027 3432 1158 3502 (23),
1213 3432 1581 3488 Tillemontio
1639 3431 1750 3503 (24)
1805 3431 2056 3501 aliisque

403 3520 748 3592 conjectura
777 3521 1119 3595 hujusmodi
1154 3521 1311 3577 haud
1354 3521 1656 3593 probetur.
1701 3521 2057 3593 Episcopum

404 3608 600 3681 potius
632 3615 732 3666 aut
761 3612 970 3667 saltem
1029 3611 1442 3683 presbyterum
1473 3610 1638 3666 illum
1694 3610 1878 3666 fuisse
1921 3626 2056 3666 cum

406 3701 644 3756 Marano
672 3701 999 3772 putaverim
1022 3703 1166 3773 (25);
1202 3701 1437 3757 Celsum
1458 3700 2058 3772 siquideminterpre-

403 3794 523 3844 tem
555 3791 732 3845 modo
765 3791 934 3846 nobis
967 3796 1347 3846 enarrantem
1369 3791 1890 3861 audivimus,quod
1911 3792 2059 3844 «Pa-
2087 3813 2092 3815 ·

403 3883 603 3954 piscus
634 3883 707 3938 ad
733 3883 1108 3938 intellectum
1139 3883 1402 3939 veritatis
1434 3882 1836 3949 admissus,ut
1861 3883 2052 3953 signa-

404 3972 604 4027 culum
636 3979 898 4028 sumeret
925 3972 1578 4045 deprecatus,Jasonem
1600 3971 2056 4045 postulaverit.»

405 4065 604 4133 Neque
638 4062 866 4117 dubitat
890 4063 1048 4118 idem
1081 4063 1168 4116 vir
1199 4062 1426 4135 doctus,
1461 4063 1605 4134 quin
1636 4062 1850 4118 saeculo
1881 4078 1923 4117 ιι
1953 4060 2057 4115 ille

403 4152 631 4209 vixerit.
666 4155 734 4207 Et
747 4153 885 4224 jure
918 4153 1157 4224 quidem
1184 4170 1195 4206 :
1230 4153 1356 4208 haec
1387 4151 1546 4208 enim
1563 4154 1874 4224 Disputatio
1891 4149 2057 4206 Celso

404 4242 690 4312 Epicureo
709 4259 780 4313 pe
790 4242 1216 4312 rspectafuisse
1231 4242 1489 4313 comperi
1499 4241 1885 4311 turzadeoque
1903 4239 2061 4294 circa

404 4332 670 4401 ejusdem
705 4331 905 4387 saaculi
931 4331 1344 4402 medium,sive
1358 4348 1462 4403 pro
1477 4331 1696 4386 nostris
1726 4329 2058 4386 rationibus

403 4421 561 4476 circa
577 4421 790 4476 Christi
824 4439 1046 4476 annum
1081 4424 1200 4488 136,
1235 4437 1365 4477 eam
1412 4421 1596 4476 fuisse
1621 4420 1834 4474 litteris
1865 4417 2060 4474 consi-

404 4515 644 4582 gnatam
685 4511 1112 4567 existimamus.
1156 4511 1237 4567 De
1271 4511 1440 4566 Celso
1485 4517 1682 4566 autem
1713 4510 2055 4580 interprete,

2245 557 2340 612 ΙΙΙ.
2362 558 2562 630 Neque
2595 564 2824 618 tantum
2883 564 3099 619 Jasonis
3144 568 3196 618 et
3255 562 3478 633 Papisci
3507 563 3825 619 Altercatio-

2175 662 2317 717 nem,
2367 666 2571 705 verum
2625 652 2803 709 etiam
2859 655 3056 708 Rerum
3127 653 3482 708 orientalium
3541 653 3823 709 historiam

2178 737 2372 794 Aristo
2395 741 2645 799 Pellaeus
2677 744 2987 815 scripsisse
3019 743 3269 798 videtur.
3302 743 3607 814 Siquidem
3641 745 3822 798 Moses

2180 828 2594 902 Chorenensis,
2626 833 2977 890 Armeniace
3015 838 3072 888 et
3126 833 3325 889 Latine
3385 850 3420 888 a
3449 833 3741 888 Gulielmo
3773 837 3826 888 et

2179 918 2422 992 Georgio
2454 923 2797 979 Wisthoniis
2828 941 3021 996 nuper
3050 923 3296 979 Londini
3321 923 3648 995 evulgatus,
3672 941 3824 979 com-

2177 1007 2349 1078 plura
2377 1012 2558 1066 refert
2586 1013 2649 1068 in
2681 1030 2788 1069 sua
2817 1015 3065 1069 Historia
3095 1014 3435 1069 Armeniaca
3462 1015 3595 1084 (26),
3629 1029 3698 1067 ex
3729 1030 3824 1069 au-

2177 1101 2338 1153 ctore
2375 1106 2579 1157 nostro
2607 1102 2906 1174 descripta
2938 1119 2951 1172 ;
2985 1119 3240 1174 quorum
3273 1101 3563 1175 nonnulla
3593 1118 3728 1158 cum
3759 1101 3826 1156 iis

2176 1189 2413 1260 gemina
2439 1206 2566 1246 esse
2598 1193 3147 1264 perhibentur,quaa
3178 1209 3249 1247 ex
3280 1192 3406 1264 ipso
3429 1191 3708 1246 Aristone
3723 1196 3828 1245 tra-

2177 1277 2264 1332 dit
2288 1279 2574 1336 Eusebius
2619 1282 2769 1355 (27);
2826 1283 3058 1353 reliqua
3115 1298 3251 1336 vero
3313 1280 3473 1336 haud
3535 1280 3618 1335 ita
3659 1279 3826 1334 facile

2176 1369 2332 1439 apud
2354 1368 2501 1425 alios
2559 1370 2876 1443 scriptores
2936 1376 3292 1426 occurrunt:
3328 1369 3664 1441 cujusmodi
3698 1375 3827 1423 sunt

2176 1475 2308 1529 quae
2336 1460 2406 1515 de
2439 1467 2627 1516 morte
2661 1463 2882 1518 Artasis
2914 1463 3010 1529 lII,
3043 1462 3398 1516 Parthorum
3453 1459 3629 1532 regis,
3663 1475 3827 1514 enar-

2175 1555 2406 1620 rantur,
2451 1551 2558 1606 sub
2606 1551 2865 1606 Adriano
2921 1550 3225 1624 regnantis
3271 1569 3285 1617 ;
3369 1549 3605 1620 aliaque
3681 1565 3824 1620 prai-

2177 1643 2358 1707 terea,
2427 1641 2604 1714 digna
2669 1641 2845 1713 plane
2913 1659 3044 1712 qua)
3095 1641 3370 1696 solertius
3431 1641 3824 1695 excutiantur.

2176 1732 2376 1800 Neque
2401 1733 2561 1786 enim
2593 1732 2833 1787 demum
2856 1732 3100 1787 omnino
3135 1729 3612 1786 contemnendus
3627 1736 3828 1784 auctor

2174 1818 2284 1873 iste
2315 1823 2630 1888 Armenus,
2665 1821 2766 1892 qui
2799 1822 3015 1877 saeculo
3074 1839 3104 1874 v
3141 1821 3416 1876 ﬂoruisse
3444 1820 3824 1891 comperitur.

2176 1908 2306 1962 Fuit
2335 1909 2432 1965 ille
2465 1911 2706 1981 quidem
2730 1911 3421 1980 mediocriterdoctus,ut
3451 1909 3521 1964 de
3543 1910 3675 1980 ipso
3690 1925 3827 1963 cen-

2176 2003 2308 2052 sent
2337 2000 2554 2056 eruditi
2577 2001 2833 2056 editores
2854 1998 3261 2056 Londinenses
3287 2000 3396 2070 (28)
3423 1998 3675 2065 ;atillud
3689 2013 3825 2052 sane

2171 2087 2496 2160 ingenuum
2535 2090 2592 2144 in
2639 2107 2706 2146 eo
2737 2090 3200 2163 agnoscendum,
3236 2089 3393 2160 quod
3437 2088 3558 2142 fere
3593 2103 3829 2158 semper

2170 2176 2365 2232 fontes
2404 2179 2648 2250 indicet,
2681 2180 2840 2235 unde
2879 2197 3016 2235 suas
3073 2178 3479 2234 enarrationes
3512 2176 3778 2231 hauserit
3812 2191 3824 2229 :

2172 2268 2314 2337 quin
2347 2273 2407 2324 et
2433 2269 2582 2325 illud
2641 2270 2768 2342 ejus
2801 2272 3052 2325 Historiae
3100 2270 3422 2342 plurimum
3457 2267 3826 2325 auctoritatis

2171 2357 2672 2415 conciliarenemo
2697 2359 2930 2415 inﬁcias
2956 2359 3148 2428 iverit,
3173 2359 3332 2430 quod
3364 2358 3643 2429 epistolas
3696 2356 3827 2412 alia-

2171 2463 2284 2518 que
2315 2454 2706 2505 monumenta
2720 2449 2922 2504 velute
2943 2448 3200 2521 publicis
3226 2448 3440 2503 tabulis
3453 2447 3823 2519 deprompta,

2168 2536 2230 2591 in
2245 2553 2416 2593 suum
2440 2555 2587 2610 opus
2609 2539 2740 2611 conj
2752 2539 3027 2607 ecerit,ut
3045 2536 3293 2610 proinde
3309 2537 3447 2592 licet
3467 2536 3822 2608 quandoque

2161 2626 2480 2699 judicium,
2519 2629 2699 2685 fidem
2732 2634 2930 2684 tamen
2955 2628 3083 2700 ejus
3113 2645 3247 2683 raro
3273 2626 3603 2683 desideres.

2239 2717 2350 2772 Sed
2379 2722 2446 2772 ut
2484 2718 2560 2774 ad
2591 2720 2930 2774 Aristonem
2981 2723 3372 2786 revertamur,
3407 2715 3538 2787 ejus
3558 2713 3822 2771 Historiae

2167 2807 2431 2862 orientali
2460 2808 2675 2879 potiori
2701 2809 2838 2881 jure
2870 2807 3250 2864 tribuendum
3274 2806 3693 2862 existimamus
3721 2805 3825 2860 fra-

2166 2901 2474 2967 gmentum
2506 2897 2556 2965 1,
2591 2897 2748 2968 quod
2777 2912 3155 2968 praepropere
3187 2895 3470 2951 Grabium
3508 2893 3725 2960 secuti,
3758 2909 3826 2947 ex

2165 2985 2418 3040 Eusebio
2449 2986 2828 3058 protulimus,
2846 2992 3131 3057 tanquam
3164 3003 3236 3040 ex
3267 2985 3647 3040 Altercatione
3675 2984 3824 3037 Jaso-

2163 3077 2250 3131 nis
2265 3082 2316 3131 et
2332 3077 2552 3146 Papisci
2565 3076 2637 3132 ab
2653 3093 2720 3131 eo
2735 3075 3248 3147 desumptum,ubi
3263 3074 3335 3130 de
3354 3075 3643 3128 Bettheraa
3661 3072 3822 3127 urbis

2167 3165 2478 3222 obsidione
2501 3183 2570 3221 ac
2591 3165 3137 3237 Hierosolymorum
3163 3163 3392 3220 excidio
3424 3179 3621 3218 sermo
3653 3161 3824 3216 habe-

2167 3259 2478 3328 tur.Atque
2511 3255 2572 3311 id
2585 3255 2826 3327 quidem
2857 3255 3106 3310 suadere
3135 3253 3492 3327 perspicitur
3513 3257 3822 3307 contextus

2164 3346 2424 3417 Eusebii,
2454 3346 2554 3416 qui
2585 3350 2800 3416 praeter
2829 3345 3018 3400 altum
3047 3344 3120 3399 de
3168 3345 3548 3414 Disputatione
3593 3341 3822 3396 Aristo-

2165 3436 2346 3491 niana
2376 3435 2702 3504 silentium,
2734 3435 2890 3490 hanc
2939 3435 3184 3505 insuper
3207 3432 3494 3505 loquendi
3527 3432 3823 3486 rationem

2163 3528 2409 3597 usurpat
2443 3540 2455 3578 :
2484 3521 2750 3596 Ἀρίστων
2781 3522 2808 3576 ὁ
2841 3520 3116 3582 Πελλαῖος
3147 3522 3376 3594 ἱστορεῖ.
3409 3520 3631 3577 Eodem
3677 3521 3823 3575 item

2166 3631 2345 3671 sensu
2370 3613 2546 3670 verba
2573 3611 2810 3668 Eusebii
2835 3611 3131 3681 accepisse
3173 3615 3523 3678 noscuntur,
3557 3610 3681 3664 sive
3715 3609 3823 3664 do-

2167 3709 2294 3760 ctus
2316 3702 2502 3775 ipsius
2523 3702 2820 3773 interpres
2843 3699 3256 3766 Valesius,sive
3284 3697 3548 3754 cl.abbas
3573 3695 3645 3750 de
3674 3698 3825 3752 Lon-

2163 3809 2272 3865 gue
2283 3807 2384 3848 rue
2414 3792 2526 3864 (29)
2551 3809 2564 3858 ;
2591 3790 2808 3862 quibus
2830 3796 3028 3846 tamen
3068 3787 3326 3860 Scaliger
3347 3785 3645 3858 praeivisse
3664 3785 3825 3841 vide-

2164 3889 2262 3940 tur
2291 3885 2424 3955 (30).
2457 3883 2569 3938 Sed
2602 3883 2662 3936 in
2693 3881 2902 3953 primis
2950 3880 3010 3935 id
3060 3895 3293 3950 quoque
3350 3879 3537 3933 Moses
3596 3876 3822 3931 Chore—

2166 3975 2376 4030 nensis
2433 3973 2628 4044 palam
2677 3971 2945 4044 proﬁteri
3005 3973 3328 4036 censetur;
3379 3967 3480 4039 qui
3513 3983 3649 4023 cum
3700 3983 3818 4021 uno

2167 4063 2495 4135 eodemque
2519 4069 2724 4119 tenore
2770 4067 2895 4118 tum
2927 4060 3278 4127 Eusebiana,
3339 4064 3461 4113 tum
3496 4057 3565 4112 de
3597 4056 3819 4112 Artasis

2167 4155 2521 4209 Parthorum
2552 4153 2706 4225 regis
2739 4151 2907 4207 obitu
2937 4149 3154 4205 litteris
3183 4148 3418 4214 tradita,
3452 4164 3522 4202 ex
3553 4147 3680 4218 ipso
3702 4144 3819 4200 Ari-

2167 4250 2337 4300 stone
2360 4242 2688 4308 describat;
2722 4259 2795 4296 ex
2823 4242 2952 4312 ejus
2980 4239 3178 4312 potius
3207 4237 3465 4293 Historia
3496 4236 3595 4291 illa
3620 4234 3816 4290 omnia

2167 4334 2416 4399 eruisse,
2439 4349 2618 4403 quam
2651 4348 2721 4386 ex
2749 4331 2988 4386 laudata
3046 4329 3432 4399 Disputatione
3483 4325 3768 4381 dicendus
3799 4339 3812 4377 :

2166 4423 2303 4478 licet
2342 4421 2502 4477 enim
2549 4423 2726 4476 Jason
2785 4425 2844 4476 et
2901 4417 3205 4490 Papiscus,
3247 4422 3312 4470 ut
3341 4415 3650 4471 contendit
3679 4415 3812 4469 Gra-

2167 4512 2299 4567 bius
2331 4512 2460 4583 (31),
2494 4509 2566 4566 de
2599 4509 2886 4564 Bettheraa
2931 4505 3240 4562 obsidione
3263 4504 3454 4575 deque
3483 4503 3809 4559 Iudaeorum

403 4580 580 4672 atque
613 4599 684 4656 de
715 4601 902 4674 ipsius
932 4602 1281 4674 praefatione
1311 4601 1387 4658 ad
1426 4617 1594 4658 suam
1625 4599 1889 4656 Latinam
1917 4597 2051 4655 Ari-
2085 4580 2130 4646 Ῑ)
2164 4580 2343 4658 clade
2363 4580 2428 4657 in
2457 4616 2524 4656 eo
2553 4598 2784 4670 dialogo
2825 4596 3003 4652 verba
3057 4595 3266 4651 fecisse
3314 4594 3620 4666 potuerint
3653 4614 3667 4660 ;
3698 4588 3804 4646 veri

474 4887 587 4958 (17)
645 4885 816 4958 Cypr.
879 4884 1126 4956 Append.
1186 4898 1315 4955 pag.
1375 4897 1645 4948 ccxxxm,
1691 4878 1831 4936 edit.
1865 4878 2051 4934 Paris.

475 5032 585 5102 (18)
618 5030 808 5104 Ibid.§
844 5032 895 5096 8,
929 5045 1060 5104 pag.
1086 5042 1385 5104 ccrxxvm.
1795 5093 1833 5104 ῃ

474 5093 583 5174 (19)
615 5102 706 5156 Sic
739 5093 1076 5156 emendat/vit
1123 5099 1214 5174 e1._
1255 5099 1526 5174 Maranus
1585 5111 1658 5174 ex
1684 5093 2052 5174 codicems.

403 5167 768 5247 Re‘migiano.
803 5191 910 5245 pro
943 5191 1010 5228 eo
1062 5171 1219 5247 quod
1251 5175 1427 5247 antea
1462 5167 2056 5247 legebatur,_chra2a

403 5238 726 5303 monitione.
771 5238 917 5301 Hinc
948 5238 1094 5300 vero
1113 5243 1355 5298 brevem
1393 5238 1575 5296 fuisse
1607 5238 1758 5294 hanc
1791 5240 2055 5308 Disputa-

404 5320 603 5374 tionem
637 5318 994 5390 colligimus.

471 5394 579 5459 (20)
611 5385 1004 5460 Gi'abepicil.
1039 5389 1136 5444 SS.
1171 5387 1304 5453 PP.,
1337 5389 1480 5460 toni.
1518 5385 1589 5450 Il,
1619 5400 1676 5454 p.
1721 5385 1838 5460 128.

471 5453 584 5534 (21)
618 5463 759 5516 Sixt.
795 5453 931 5517 Sen.
966 5461 1105 5516 Bibl.
1139 5464 1342 5525 sanct.,
1394 5457 1498 5511 lib.
1562 5453 1634 5525 ιι,
1665 5471 1725 5534 p.
1759 5457 1848 5520 71,
1911 5453 2052 5509 edit.

401 5532 587 5583 Paris.
614 5535 772 5586 1610.

475 5600 585 5666 (22)
617 5601 840 5655 Pamel.
871 5603 933 5654 in
982 5606 1106 5656 not.
1159 5601 1233 5655 ad
1263 5615 1468 5669 opusc.
1519 5599 1597 5652 De
1655 5596 1868 5653 incred.
1900 5597 2056 5663 Jud.,

406 5666 579 5738 inter:
613 5669 758 5738 er-
792 5670 960 5738 Cypr-

479 5734 585 5800 (23)
617 5734 896 5803 Spence'rl
927 5739 1140 5794 Adnot.
1171 5739 1244 5794 ad
1286 5739 1393 5794 lib.
1453 5753 1526 5795 xv.
1597 5738 1829 5810 Origen.
1879 5743 2054 5793 contr.

2165 4878 2610 5038 ῗῗξὲἇξῗίῗῗέω.
2645 4947 2802 5000 Mem.
2846 4943 3001 5006 εδει..
3039 4947 3183 4999 tom.
3210 4942 3282 5011 II,
3317 4957 3374 5011 p.
3427 4941 3546 5010 139,
3581 4945 3638 4995 et
3665 4940 3731 5007 Χ,
3757 4953 3810 5008 p.

2163 5024 2347 5168 5032.5)
2375 5090 2760 5168 tiarammVit.
2797 5087 2959 5168 Cypr.
2983 5101 3122 5168 pag.
3157 5101 3322 5140 cxxx.
3335 5155 3348 5168 ἰ
3362 5154 3396 5168 η
3730 5156 3792 5168 Μ

2238 5154 2350 5234 (26)
2375 5165 2562 5218 Moses
2594 5154 3011 5216 ChorenI'Hist:
3047 5154 3300 5223 xii-men”
3335 5154 3438 5210 lib.
3470 5172 3532 5222 Il,
3571 5171 3696 5225 cap.
3729 5156 3812 5222 57,

2165 5238 2582 5379 μῶζίῖὲυδθι),
2613 5304 2752 5358 Hist.
2786 5301 2940 5379 eccl.,
2971 5301 3182 5379 lib._l_v,
3213 5316 3339 5379 cap.
3375 5301 3426 5352 6.

2238 5371 2354 5450 {28)
2386 5378 2673 5431 Wisthon.
2708 5377 2936 5450 Praefat.
2970 5373 3043 5450 ad
3083 5375 3217 5428 Mos.
3271 5371 3665 5450 Choren._pag.
3700 5384 3813 5422 χιχ.

2168 5442 2672 5579 16(3292)Oléonguer.
2711 5447 2931 5502 Dissert.
2965 5444 3032 5500 de
3062 5461 3184 5500 var.
3225 5442 3436 5514 epoch.,
3483 5447 3616 5509 etc,
3650 5455 3812 5512 pagg.

2236 5525 2591 5665 ῗέοῗοὲέᾶιίε.
2624 5589 3015 5665 Animadv._in
3062 5587 3262 5641 Chron.
3333 5584 3520 5639 Euseb.
3583 5583 3657 5639 ad
3683 5598 3810 5639 ann.

2167 5661 2426 5720 nucxtvn
2460 5670 2517 5718 et
2543 5661 2707 5725 imm.
2738 5677 2868 5725 pag.
2902 5661 3026 5715 216.

2238 5681 2426 5720 chwn
2460 5679 2517 5718 et
2543 5679 2707 5725 sum.
2779 5679 2868 5717 an.
2902 5679 3026 5715 210.

2238 5737 2351 5808 (31)
2382 5734 2553 5791 Grab.
2577 5679 2773 5805 Spiciti
2807 5701 2906 5789 ἓε.
2939 5732 3073 5801 PP.,
3105 5733 3250 5789 tom.
3281 5729 3327 5795 Ι,
3350 5742 3480 5800 pag.
3516 5729 3637 5784 131.
