4110 6150
433 305 584 370 l28‘l

429 531 732 606 provincia
763 529 895 584 sita.
929 528 975 582 A
1007 524 1330 597 Serapione
1358 525 1371 580 l
1383 525 1432 590 1)
1463 522 1834 578 Antiocheno
1866 523 2088 594 episco-

429 639 526 694 po,
552 621 652 692 qui
677 619 943 692 proxime
963 615 1093 686 ejus
1115 619 1349 668 mtatem
1376 613 1495 668 vita
1511 628 1620 668 sua
1639 614 1932 685 attigerat,
1947 613 2084 668 bea-

431 709 642 766 tissimi
677 706 868 762 Patris
898 703 1142 759 nomine
1167 701 1452 756 honorari
1484 701 1720 756 meruit.
1745 700 2085 772 Subsequiis

433 798 708 856 Ecclesia:
741 795 974 852 saeculis
1005 793 1317 865 episcopus
1375 791 1562 848 beata:
1626 791 1949 858 memorias,
2000 791 2086 845 vir

433 890 594 946 omni
627 887 1035 944 encomiorum
1067 900 1280 957 genere
1315 881 1700 954 dignissimus
1732 880 2080 949 habebatur,

430 985 608 1052 atque
628 977 806 1033 veluti
839 981 1190 1031 cmterorum
1222 971 1602 1045 praelatorum
1637 971 1867 1044 insigne
1897 987 2080 1025 orna-

435 1073 699 1124 mcntum
731 1083 797 1121 ac
831 1064 1150 1136 exemplar,
1183 1067 1240 1118 et
1275 1062 1556 1117 adversus
1581 1061 2080 1132 Cataphrygarum

431 1156 708 1214 hieresim
738 1155 1128 1211 fortissimum
1161 1168 1329 1222 mque
1364 1168 1432 1206 ac
1459 1151 1742 1205 invictum
1774 1149 1935 1204 velut
1979 1151 2081 1204 Ec-

429 1248 625 1304 clesiaa
657 1245 1068 1301 fulcimentum
1097 1245 1178 1312 (2)
1219 1240 1650 1296 celebrabatur.

500 1368 823 1426 Bollandus
853 1367 928 1439 (3)
963 1365 1324 1436 Hierapolim
1383 1363 1548 1418 illius
1596 1362 1778 1418 fuisse
1831 1365 2080 1433 patriam

429 1465 650 1514 censet.
685 1457 888 1512 .ludice
917 1454 1284 1509 Theodoreto
1317 1455 1416 1524 (4),
1451 1473 1479 1501 ‹‹
1512 1457 1727 1523 praeter
1747 1451 2079 1506 divinarum

430 1564 628 1603 rerum
653 1546 1071 1619 cognitionem,
1107 1547 1353 1598 externa
1383 1558 1616 1614 quoque
1654 1541 1969 1613 disciplina
2002 1541 2080 1607 (id

431 1643 521 1694 est
552 1637 814 1710 profanis
856 1652 923 1691 ac
978 1631 1431 1689 humanioribus
1480 1630 1764 1698 scientiis)
1813 1630 1925 1685 fuit
1981 1647 2077 1684 ex-

429 1727 647 1782 cultus.
683 1747 710 1775 »
747 1726 888 1780 Vitas
918 1723 1048 1793 ejus
1072 1721 1454 1793 particulares
1485 1721 1958 1775 circumstantias
1984 1737 2081 1791 pe-

1591 297 1654 358 S.
1691 295 2084 362 CLAUDIUS
2125 297 2674 369 APOLLINARIS.

426 449 548 500 tem
579 436 909 512 Hierapolis
937 435 1143 492 civitas
1201 433 1262 490 in
1317 431 1572 506 Phrygia
1627 433 1783 489 Asiae
1839 432 2079 489 Minoris
2106 432 2162 502 Α

3687 301 3838 365 1288

2758 437 3156 496 ARTICULUS
3194 436 3266 494 Π.

2588 547 2812 605 Claudii
2841 546 3176 618 Apollinaris
3205 547 3434 617 scripta.

2265 653 2348 708 Ex
2370 653 2442 709 iis
2462 670 2620 723 vero,
2646 671 2776 726 quas
2798 654 3013 710 litteris
3039 651 3282 709 tradidit
3309 651 3559 708 illustris
3592 651 3708 706 iste
3737 652 3842 708 Ec-

2193 741 2388 798 clesiaa
2421 744 2692 815 scriptor,
2726 743 3018 816 ejusmodi
3051 747 3190 798 sunt
3230 742 3528 797 veteribus
3577 740 3836 797 laudata.

2195 835 2244 887 1.
2279 833 2468 888 Oratio
2482 849 2590 904 pro
2609 835 2740 903 ﬁdei
2759 835 3074 902 defensione
3095 832 3170 887 ad
3191 833 3448 886 Marcum
3472 831 3842 884 Antoninum

2195 923 2432 990 Verum,
2459 939 2616 978 anno
2651 923 2890 978 circiter
2919 922 3049 993 ejus
3080 921 3331 993 imperio
3366 923 3451 986 iO,
3482 919 3703 974 Christi
3743 935 3842 974 au-

2194 1013 2310 1064 tem
2333 1027 2437 1081 pro
2461 1027 2580 1066 aera
2602 1011 2824 1084 vulgari
2859 1013 2978 1076 170,
3014 1010 3234 1072 oblata.
3267 1013 3335 1065 ut
3359 1009 3552 1081 arguit
3586 1007 3842 1064 Dodwel.

2192 1099 2282 1155 lus
2313 1102 2404 1169 (8).
2439 1105 2491 1155 2.
2527 1103 2801 1157 Adversus
2825 1109 3011 1171 gentes
3040 1100 3176 1155 libri
3208 1101 3496 1171 quinque.
3519 1101 3574 1154 3.
3593 1099 3669 1154 De
3700 1102 3840 1154 veri-

2190 1196 2300 1244 tate
2332 1189 2466 1244 libri
2509 1189 2643 1245 duo.
2694 1193 2749 1245 4.
2804 1191 2927 1246 Duo
2982 1190 3128 1248 item
3178 1191 3434 1245 adversus
3491 1190 3734 1244 Iudaeos.
3789 1191 3838 1242 5.

2189 1279 2254 1333 Et
2287 1277 2408 1346 alii,
2441 1295 2590 1350 quos
2621 1279 3000 1350 postmodum
3046 1278 3306 1334 exaravit
3343 1277 3629 1333 adversus
3679 1277 3838 1332 Cata-

2189 1367 2466 1440 phrygas,
2502 1373 2639 1423 tunc
2670 1369 2929 1438 primum
2963 1374 3198 1422 exertos
3224 1384 3236 1434 ;
3271 1366 3344 1422 de
3367 1365 3588 1437 quibus
3614 1372 3840 1438 postre-

2189 1457 2302 1511 mis
2336 1457 2502 1511 libris
2534 1457 2740 1511 eodem
2777 1455 3291 1512 secundolabente
3316 1456 3535 1510 saeculo
3558 1457 3840 1528 Serapion

2192 1545 2593 1600 Antiochenus
2625 1545 2936 1616 episcopus
2976 1545 3049 1600 ad
3094 1545 3364 1600 Caricum
3417 1549 3476 1598 et
3530 1543 3839 1598 Ponticum

2189 1633 2475 1699 scribens,
2509 1634 2666 1706 apud
2696 1633 3018 1690 Eusebium
3049 1635 3174 1688 haec
3205 1633 3424 1690 habet:
3460 1655 3488 1682 «
3511 1631 3841 1688 Beatissimi

2188 1724 2416 1779 Claudii
2438 1724 2928 1795 Apollinaris,qui
2953 1724 3415 1795 Hierapolitanm
3436 1723 3608 1778 urbis
3630 1723 3690 1777 in
3712 1721 3841 1777 Asia

430 1817 591 1870 nitus
621 1815 984 1885 ignoramus.
1021 1813 1232 1866 Verum
1292 1810 1586 1871 encomia,
1637 1809 1853 1880 quibus
1882 1826 1916 1864 a
1943 1809 2088 1864 viris
2114 1799 2164 1866 Β
2193 1813 2504 1884 episcopus
2533 1811 2666 1878 fuit,
2700 1812 2920 1882 scripta
2950 1813 3070 1867 sive
3121 1811 3305 1867 libros
3357 1810 3430 1866 ad
3469 1827 3570 1866 vos
3626 1809 3777 1864 misi.
3813 1831 3838 1858 »

431 1903 797 1958 doctissimis
821 1907 996 1972 atque
1021 1899 1412 1956 sanctissimis
1435 1897 2080 1970 commendabatur.ju-

433 1991 672 2047 dicandi
691 1990 861 2046 nobis
888 1990 1117 2060 copiam
1135 1987 1792 2058 faciunt,Apollinarem
1811 1992 2082 2043 nostrum

436 2081 613 2136 vitam
649 2096 965 2150 moresque
996 2095 1134 2133 suos
1165 2077 1716 2147 adamussimjuxta
1735 2077 2079 2147 praecellen-

436 2174 556 2224 tem
586 2169 937 2240 episc0palis
962 2167 1261 2240 dignitatis
1279 2165 1525 2238 gradum
1546 2165 1875 2220 instituisse
1904 2173 2081 2236 atque

433 2259 858 2318 conformasse,
893 2273 1085 2326 neque
1117 2272 1252 2310 eum
1284 2254 1557 2309 minusin
1580 2254 2082 2326 charitate,quam

437 2349 501 2404 in
533 2348 801 2404 scientiis
836 2346 1209 2402 excelluisse.
1242 2345 1468 2401 Floruit
1495 2349 1692 2400 autem
1715 2344 1887 2416 juxta
1909 2347 2086 2400 Euse-

431 2437 599 2492 bium
621 2441 721 2504 (5),
753 2437 1171 2506 Hieronymum
1195 2436 1270 2504 (6)
1291 2439 1468 2505 atque
1489 2433 1785 2499 Photium,
1811 2435 1882 2488 Μ.
1907 2438 2084 2490 Aure-

429 2526 510 2582 lio
543 2525 840 2580 Antonino
896 2525 1249 2596 imperante.
1304 2525 1502 2594 Neque
1551 2523 1709 2577 hunc
1761 2523 2083 2594 supervixit

434 2615 785 2687 principem.
819 2615 990 2668 Forte
1039 2613 1100 2666 in
1151 2613 1493 2684 episcopatu
1543 2611 1984 2684 Hierapolitano
2024 2613 2080 2669 S.

429 2703 678 2760 Abercio
708 2702 800 2759 vel
830 2702 1026 2774 Papizn
1057 2701 1344 2757 successit
1372 2702 1470 2773 (7).

503 2863 581 2937 (l)
611 2863 822 2937 Euseb.
854 2865 926 2918 H.
960 2865 1026 2918 E.
1057 2879 1110 2937 _c.
1155 2866 1239 2926 19,
1272 2861 1376 2917 lib.
1407 2878 1461 2937 v.

503 2934 576 3008 (2)
607 2935 820 3008 Euseb.
855 2937 926 2990 Η.
959 2937 1024 2989 Ε.
1057 2934 1098 2988 1.
1135 2950 1345 3008 v,7cap.
1382 2936 1466 3000 l6,
1506 2939 1568 3008 _et
1616 2935 1874 2991 adversus
1922 2940 2083 2992 Cata-

425 3005 770 3080 phrygarum
794 3007 1066 3060 haresim.
1101 3048 1131 3080 _._
1151 3045 1174 3080 ._
1197 3007 1351 3060 Ueus
1377 3005 1782 3080 Apollinarem
1807 3008 2084 3080 Hierapo-

430 3075 678 3134 litanum
710 3085 994 3148 tanquam
1025 3075 1285 3131 validum
1332 3075 1510 3146 atque
1560 3077 1844 3134 invictum
1895 3075 2079 3136 telum

429 3149 720 3205 excitavit.

501 3222 576 3291 (3)
607 3220 694 3275 Ad
725 3219 883 3274 diem
915 3223 944 3272 7
977 3219 1299 3291 Februarii.

498 3290 574 3363 (4)
611 3297 872 3347 Ilaaretzc.
898 3292 1074 3358 fabul.
1110 3290 1211 3344 lib.
1247 3307 1331 3353 ιιι,
1358 3307 1488 3360 cap.
1518 3293 1554 3344 2
1583 3292 1729 3362 Opp.
1784 3298 1926 3347 tom.
1977 3295 2074 3359 IV,

472 3380 563 3429 ag.
596 3366 722 3415 227.

434 3382 563 3434 pag.
596 3382 722 3415 zzi.

505 3437 580 3504 (5)
614 3432 824 3488 Euseb.
857 3435 926 3488 ΙΙ.
961 3434 1020 3487 Ε.
1054 3433 1094 3488 ι.
1129 3449 1201 3493 ιν,
1235 3449 1362 3504 cap.
1396 3435 1462 3486 26
1499 3438 1556 3487 et
1594 3436 1682 3488 27.

502 3507 577 3573 (ύ)
610 3505 674 3558 ln
707 3505 968 3572 Catulogo
998 3507 1102 3559 vir.
1131 3505 1360 3572 illuslr.,
1393 3521 1520 3574 cap.
1554 3507 1642 3558 26.

501 3578 588 3650 (7)
620 3575 933 3650 'l‘illemont
965 3616 980 3642 ,
1015 3581 1171 3650 torno
1203 3576 1252 3630 ll
1282 3576 1688 3650 desiillcmoires
1714 3593 1844 3650 pag.
1878 3581 2002 3634 207.

504 3646 582 3720 (8)
617 3649 903 3720 Disserlas.
939 3649 1201 3720 Cyprian.
1237 3650 1290 3706 2.
1323 3650 1350 3716 ς
1381 3649 1468 3709 39,
1505 3663 1632 3717 pag.
1683 3646 1894 3702 26i'et
1946 3650 2075 3704 Dis-

434 3719 637 3774 sertat.
669 3719 908 3782 tired,
953 3719 1016 3788 ξάῇ
1063 3719 1133 3772 34
1185 3723 1243 3772 et
1291 3720 1378 3783 39,
1435 3735 1489 3788 p.
1553 3720 1654 3772 3:59
1711 3725 1772 3774 et
1823 3723 1946 3774 372.
2008 3723 2073 3775 D.

434 3791 826 3862 Hieronymus
857 3806 916 3842 in
949 3791 1210 3862 Calalogo
1240 3789 1485 3862 virorum
1509 3790 1810 3862 illustrium
1867 3793 2078 3862 Apolo-

431 3861 582 3931 giam
620 3863 773 3916 hanc
804 3868 970 3915 vocat
997 3861 1269 3914 volumen
1313 3861 1564 3931 insigne,
1615 3861 1773 3930 quod
1821 3861 1928 3931 pro
1962 3863 2075 3918 fide

431 3932 901 3987 Christianorum
921 3931 1082 3986 dedit
1107 3931 1622 4002 Apollinaris.cap.
1648 3936 1735 3986 26.
1757 3931 2078 3989 Tillemon-

435 4004 537 4068 tio,
570 4005 851 4058 Me’moires
881 4005 946 4057 de
973 4003 1176 4075 l'Hisl.,
1213 4010 1250 4056 ι.
1284 4005 1529 4074 ll,’pag.
1562 4007 1686 4071 207,
1740 4011 1916 4075 atque
1966 4009 2078 4060 lie-

436 4076 616 4146 migio
637 4073 1096 4130 CeillierioJllsl.
1128 4079 1306 4147 gener.
1328 4081 1366 4128 t.
1399 4073 1635 4147 ll.p.83.
1656 4079 1779 4129 hinc
1798 4073 2079 4147 Apologia

438 4145 694 4218 primum
734 4163 891 4218 anno
921 4163 1060 4218 mra),
1087 4145 1338 4209 vulgaris
1366 4147 1413 4199 .l.
1449 4146 1548 4199 Ch.
1579 4150 1685 4218 7175
1718 4148 1804 4201 vel
1854 4145 1954 4202 176
1995 4145 2076 4202 ab

433 4217 772 4298 Apollinari
790 4217 1230 4298 _Hierapolitano
1255 4223 1515 4298 _exarata.
1541 4217 1793 4298 videtun
1818 4220 1975 4298 hisce
2009 4237 2080 4274 ex

432 4287 836 4344 fundamentis
861 4306 874 4342 :
908 4287 1098 4359 primo
1129 4287 1392 4358 quidem,
1420 4289 1559 4358 quia
1585 4289 1870 4344 Eusebius
1887 4292 2078 4346 Cassa-

431 4361 669 4423 riensis.
702 4361 857 4414 facta
889 4360 1192 4415 mentione
1252 4360 1604 4428 Apologelici
1649 4360 1712 4414 υ.
1759 4362 2076 4427 Melitonis,

433 4433 634 4486 statim
665 4433 855 4500 capite
889 4435 952 4484 27
985 4433 1383 4501 subsequente
1407 4431 1736 4486 orationem
1754 4433 2081 4502 apologati-

2102 3169 2148 3234 ε
2190 3164 2402 3234 praeter
2431 3175 2456 3234 s

2194 1903 2406 1956 Verum
2435 1900 2826 1972 hazcaliaque
2868 1901 3295 1972 Hierapolitani
3345 1900 3524 1969 hujus
3577 1898 3838 1972 episcopi

2190 1989 2365 2044 modo
2387 1995 2715 2044 memorata
2732 1989 2906 2044 hodie
2925 1989 3698 2058 desiderantur,eorumque
3722 1992 3840 2042 tan-

2190 2084 2314 2133 tum
2349 2078 2773 2149 inscriptiones
2804 2077 2877 2134 ad
2909 2095 3018 2133 nos
3043 2083 3461 2150 pervenerunt.

2259 2169 2482 2221 Prazter
2511 2167 2798 2222 hactenus
2831 2175 3158 2222 memorata
3189 2183 3388 2238 opera,
3418 2183 3550 2237 quin
3603 2165 3836 2236 penitus

2191 2254 2864 2324 interciderunt,librum
2883 2272 3117 2327 quoque
3141 2258 3216 2310 De
3249 2256 3510 2310 Paschate
3529 2255 3836 2326 scripsisse

2189 2343 2553 2415 comperitur
2585 2344 2974 2416 Apollinaris,
2999 2345 3170 2416 cujus
3200 2345 3530 2418 fragmenta
3553 2343 3674 2400 duo
3688 2341 3837 2415 apud

2189 2438 2492 2489 auctorem
2519 2432 2776 2488 Chronici
2807 2434 3088 2490 Paschalis
3135 2435 3306 2506 vulgo
3339 2433 3718 2490 Alexandrini
3746 2449 3834 2488 su-

2189 2523 2543 2595 persunt.De
2562 2523 2775 2578 horum
2797 2527 2993 2578 autem
3012 2523 3474 2594 fragmentorum
3489 2521 3833 2576 auctoritate

2188 2611 2460 2666 nonnulli
2485 2612 2852 2668 reeentiores
2873 2611 3175 2667 dubitasse
3199 2616 3561 2680 noscuntur;
3588 2627 3739 2682 quos
3755 2610 3835 2665 in-

2189 2707 2280 2757 ter
2311 2700 2536 2758 eminet
2563 2701 2974 2757 Tillemontius
3006 2701 3104 2774 (9),
3138 2717 3207 2757 eo
3237 2701 3524 2757 nimirum
3572 2701 3830 2768 nomine,

2187 2877 2324 2928 rant
2353 2889 2366 2926 :
2403 2872 2542 2928 hinc
2571 2872 2810 2944 quidem
2841 2872 3158 2927 fulminum
3185 2872 3403 2943 jactus,
3459 2871 3684 2944 quibus
3731 2870 3830 2925 bo-

2189 2945 2367 2999 stium
2401 2943 2671 3015 copiae’in
2703 2946 2910 3016 fugam
2929 2961 3107 3000 versaa
3125 2951 3300 3015 atque
3329 2943 3639 3016 exstincta;
3663 2947 3829 3005 sunt;

2189 3016 2355 3070 illinc
2386 3033 2520 3071 vero
2555 3015 2832 3070 imbrium
2865 3015 3002 3079 vim,
3027 3017 3244 3086 quibus
3274 3015 3574 3070 exercitus
3608 3028 3826 3078 eorum,

2187 3088 2287 3157 qui
2320 3088 2505 3142 Deum
2538 3087 2760 3158 precati
2792 3089 3046 3156 fuerant,
3072 3087 3323 3158 jamjam
3357 3086 3454 3140 siti
3514 3087 3832 3156 periturus,-

2505 3174 2595 3212 em
2627 3164 2927 3212 recreatus
2976 3165 3085 3213 est.
3143 3162 3334 3228 Atque
3384 3173 3455 3211 ea
3501 3173 3600 3211 res
3649 3163 3770 3210 tum
3800 3170 3830 3208 θ.

2466 3175 2575 3283 bus
2603 3246 2638 3283 a
2669 3230 2782 3283 fide
2815 3235 3019 3283 nostra
3048 3231 3283 3283 nenitus
3327 3228 3562 3283 alienis.
3622 3227 3828 3283 quibus

2187 3227 2575 3300 scriptoribus
2603 3246 2638 3284 a
2669 3230 2782 3283 fide
2815 3235 3019 3284 nostra
3047 3227 3283 3300 penitus
3327 3228 3562 3291 alienis,
3622 3227 3828 3300 quibus

2187 3298 2342 3355 curm
2363 3301 2472 3355 fuit
2493 3318 2588 3372 res,
2611 3317 2681 3354 eo
2703 3306 2972 3372 tempore
2994 3298 3188 3371 gestas
3211 3316 3402 3354 memo
3414 3300 3514 3353 rim
3530 3298 3828 3372 mandare,

2186 3378 2310 3449 tum
2343 3389 2377 3426 a
2406 3371 2628 3449 nostris
2660 3371 2848 3426 etiam,
2883 3372 3224 3449 hominibus
3240 3372 3531 3449 refertur._
3549 3371 3666 3426 Sed
3685 3385 3830 3449 gen-

2187 3443 2382 3515 tilium
2415 3443 2754 3515 scriptores,
2789 3449 2992 3515 utpote
3023 3460 3057 3497 a
3087 3443 3373 3515 religione
3405 3447 3613 3496 nostra
3667 3439 3830 3494 dissi-

2185 3514 2415 3572 dentes.
2451 3514 2560 3568 hoc
2591 3513 2832 3582 quidem
2861 3513 3226 3569 miraculum
3247 3516 3828 3574 commemorarunt;

2187 3602 2308 3640 non
2341 3593 2535 3639 tamen
2557 3585 2614 3639 id
2638 3592 2980 3640 nostrorum
3006 3587 3283 3656 precibus
3310 3585 3529 3656 factum
3554 3600 3688 3638 esse
3701 3598 3834 3656 con-

2183 3657 2322 3711 fessi
2341 3657 2702 3728 sunt.Nostri
2725 3672 2862 3711 vero
2884 3653 3085 3728 utpote
3118 3657 3378 3711 veritatis
3399 3654 3662 3728 cultores
3686 3653 3829 3728 sim—

2185 3728 2419 3799 pliciter
2448 3733 2626 3798 atque
2656 3727 2913 3796 ingenue
2949 3723 3072 3782 rem
3102 3729 3290 3799 ipsam
3324 3727 3534 3780 litteris
3569 3723 3828 3799 tradide-

2184 3796 2342 3854 runt.
2376 3801 2457 3853 Ex
2484 3796 2576 3870 his
2606 3804 2695 3852 est
2725 3799 3105 3870 Apollinaris,
3125 3796 3240 3869 qui
3290 3799 3588 3868 legionem
3641 3796 3823 3856 illam,

2185 3872 2354 3939 cujus
2385 3869 2660 3940 precibus
2692 3869 2752 3924 id
2781 3869 3137 3942 miraculum
3170 3873 3824 3942 perpetratumest,ex-

2187 3942 2324 3995 inde
2353 3957 2613 4010 congruo
2649 3942 2732 3995 rei
2763 3941 3046 3996 vocabulo
3077 3940 3448 3996 Fulmineam
3475 3940 3548 3994 ab
3581 3941 3824 4010 impera-

2189 4019 2312 4066 tore
2335 4012 2811 4082 coguominatam
2835 4029 2964 4066 esse
2995 4013 3218 4067 scribit.
3255 4035 3281 4060 ››
3307 4013 3393 4066 Ita
3424 4011 3732 4082 Eusebius.
3766 4010 3822 4060 lu

2187 4100 2363 4154 quem
2399 4081 2592 4138 locum
2627 4101 2676 4135 v.
2709 4084 2782 4136 cl.
2823 4083 3084 4138 Valesius
3115 4085 3404 4146 observat,
3447 4084 3576 4152 jam
3609 4081 3822 4136 dudum

2190 4155 2492 4209 monuisse
2521 4155 2883 4223 Scaligerum
2922 4156 2982 4209 in
3021 4154 3641 4209 animadversionibus
3667 4155 3824 4223 Euse-

2189 4226 2402 4288 bianis,
2438 4221 2750 4297 Legionem
2781 4225 3240 4280 fulminatricem
3271 4226 3344 4280 ab
3385 4227 3496 4280 hoc
3547 4221 3821 4297 miraculo

2193 4296 2668 4366 cognominatam
2696 4313 2813 4350 non
2848 4297 3050 4365 fuisse,
3101 4299 3319 4368 quippe
3367 4313 3500 4366 quas
3549 4296 3658 4368 diu
3700 4298 3822 4368 ante

2197 4363 2463 4437 tempora
2494 4369 2563 4421 Μ.
2626 4368 2850 4422 Aurelii
2906 4363 3326 4422 Anteni'ni'ita
3382 4363 3588 4421 vocata
3639 4363 3820 4437 fuerit.

2193 4435 2374 4494 Docet
2396 4438 2452 4493 id
2482 4439 2792 4493 manifeste
2816 4438 2919 4493 Dio
2939 4441 3176 4494 Cassius
3197 4439 3257 4493 in
3290 4439 3438 4494 libro
3466 4455 3552 4502 Lv,
3607 4437 3704 4492 ubi
3749 4435 3822 4488 le-

435 4519 564 4585 cam
597 4503 1246 4596 Appllinarisslubjicit.
1269 4503 1394 4596 JJam
1422 4519 1556 4556 vero
1581 4503 2079 4596 h'lel‘i‘thni‘sjl'pola-
2112 4531 2156 4596 υ
2187 4511 2392 4596 aiax-195
2423 4516 2982 4596 omnes‘enum‘omt.
3013 4513 3184 4564 Vetus
3209 4508 3821 4596 quoqueninscriplioa

435 4577 605 4643 giam.
643 4579 704 4626 ut
733 4591 912 4644 supra
939 4575 1208 4640 vidimus,
1242 4573 1316 4628 ad
1343 4589 1567 4627 annum
1596 4576 1644 4628 .l.
1680 4574 1782 4628 Ch.
1837 4578 1937 4628 1τὸ
1990 4593 2080 4630 re-

438 4647 655 4698 ferunt.
691 4644 960 4717 Secundo
1005 4645 1196 4717 aiunt
1231 4661 1360 4698 eam
1391 4645 1743 4717 _Apoloyium
1801 4647 2082 4717 scriptam

437 4717 622 4770 fuisse
649 4722 783 4785 post
814 4715 1116 4769 victoriam
1141 4716 1303 4769 illam
1324 4715 1738 4771 miraculosam
1761 4718 1831 4771 Μ.
1858 4715 2081 4772 Aurelii

437 4788 509 4842 de
545 4787 974 4858 Marcomannis
1005 4793 1063 4840 et
1090 4786 1306 4841 Guadis
1355 4796 1736 4858 reportatam,
1787 4789 2083 4858 siquidem

438 4861 494 4914 S.
531 4857 892 4928 Apollinaris
944 4858 1124 4926 hujus
1174 4857 1438 4912 victoriis
1479 4859 1534 4912 in
1581 4876 1686 4914 suo
1736 4857 2083 4929 Apologelico

437 4929 805 4985 mentionem
838 4929 996 4996 facit,
1022 4935 1198 4999 atque
1231 4929 1340 4984 hoc
1363 4946 1431 4983 ex
1457 4930 1615 4984 fonte
1639 4931 1925 4985 Eusebius
1949 4932 2088 4986 hau-

439 5001 536 5068 sit,
569 5000 832 5071 quidque
863 5000 935 5073 de
965 5001 1198 5073 legione
1232 5000 1508 5073 Melitina.
1531 5001 1946 5068 fulminea,seu
1972 5003 2082 5056 ful-

439 5073 750 5127 minatrice
783 5071 1232 5142 posthac—dicta.
1254 5071 1510 5126 disserit.
1535 5075 1618 5127 En
1638 5073 1826 5144 ipsius
1855 5073 2085 5128 Eusebii

438 5144 634 5209 verba,
662 5146 730 5198 H.
765 5145 825 5197 Ε.
861 5144 900 5196 1.
935 5161 984 5202 v.
1021 5162 1148 5213 cap.
1182 5147 1252 5197 5:
1289 5144 1482 5198 «Cum
1514 5144 1795 5199 adversus
1844 5147 2085 5200 Germa-

436 5232 547 5270 nos
579 5224 638 5269 et
669 5215 964 5270 Sarmatas
995 5220 1360 5285 pugnaturus
1414 5215 1604 5270 aciem
1637 5217 1979 5277 instrueret.
2028 5221 2088 5271 et

439 5288 733 5360 exercitus
765 5287 948 5360 ipsius
981 5288 1077 5341 siti
1112 5291 1502 5356 premeretur,
1533 5304 1682 5358 pene
1715 5289 1789 5342 ad
1819 5288 2084 5360 inopiam

437 5357 671 5413 consilii
709 5357 1011 5412 redactum
1045 5373 1195 5424 esse,
1231 5357 1582 5412 memorant.
1615 5361 1759 5413 Tum
1807 5357 1943 5414 vero
1974 5357 2085 5412 mi-

437 5429 572 5483 llic.)
605 5429 850 5498 legionis
874 5429 1168 5492 Melitinam
1193 5446 1324 5498 quin
1350 5429 1484 5482 fidei
1509 5432 1721 5485 merito
1736 5431 1911 5486 etiam
1929 5447 2087 5485 nunc

439 5506 658 5561 manet,
694 5499 831 5553 dum
862 5501 1018 5552 acies
1049 5498 1329 5554 adversus
1353 5501 1550 5555 hostes
1573 5502 1898 5568 ordinatur,
1919 5503 2088 5557 flexis

435 5569 494 5620 in
534 5575 748 5639 terram
785 5570 1054 5636 genibus,
1077 5577 1154 5639 ut
1185 5571 1403 5624 nostris
1461 5573 1768 5626 orantibus
1817 5589 1944 5626 mos
1975 5579 2086 5639 est,

437 5651 645 5712 preces
675 5637 746 5712 ad
773 5639 954 5712 Deum
987 5638 1206 5712 (odisse
1229 5641 1644 5712 perhibentur.
1663 5643 1841 5712 Cujus
1859 5637 2086 5712 specta;

443 5702 562 5781 puli
595 5704 856 5781 novitate.
883 5705 1150 5781 hostibus
1181 5702 1544 5781 stupefactis,
1595 5702 1762 5766 aliud.
1803 5702 2088 5780 quiddam

445 5769 618 5836 longe
651 5771 860 5837 majori
891 5771 1134 5840 dignum
1167 5769 1558 5832 admiratione
1616 5769 1901 5836 accidisse
1947 5797 2092 5836 nar-

2194 4581 2487 4646 Scaligero
2519 4581 2748 4650 prolata
2779 4581 3034 4650 idipsum
3067 4583 3399 4636 confirmat.
3441 4581 3821 4650 Quamobrem

2193 4653 2264 4706 de
2291 4654 2416 4722 ipso
2443 4649 2682 4721 quidem
2704 4649 2992 4706 mirariulo
3018 4653 3226 4721 pluviae
3244 4652 3646 4707 aCiiristianis
3678 4649 3818 4722 mih-

2196 4721 2350 4777 tibu’s
2383 4724 2706 4792 imperata),
2739 4730 2797 4777 et
2827 4724 3151 4793 Apollinari
3187 4731 3243 4777 et
3267 4723 3630 4778 Tertulliano
3655 4721 3824 4773 etEu-

2195 4795 2357 4848 sebio
2389 4794 2764 4855 testantibus,
2801 4795 2970 4848 facile
3011 4795 3330 4861 credimus,
3366 4794 3678 4861 Legionem
3709 4804 3823 4861 vero

2193 4866 2514 4920 Melitinam
2547 4864 2620 4918 ob
2655 4865 2709 4920 id
2751 4865 3209 4920 fulminatricem
3257 4860 3472 4920 dictam
3526 4882 3656 4918 esse
3687 4880 3717 4916 a
3762 4860 3822 4912 Μ.

2195 4936 2494 5010 Antonino
2522 4936 2876 5010 imperatore
2901 4938 3166 4992 nondum
3190 4937 3333 5010 mihi
3355 4936 3651 5007 persuasit
3671 4929 3826 5010 Apol-

2194 5007 2422 5073 linaris,
2457 5023 2594 5061 nam
2641 5007 2844 5078 judice
2905 5025 3136 5063 summo
3191 5008 3394 5062 critico
3443 5010 3616 5062 Patre
3664 5007 3823 5078 Pugio

2194 5079 2267 5134 ad
2297 5093 2521 5133 annum
2551 5079 2599 5132 .l.
2633 5077 2734 5132 (:11.
2779 5080 2902 5140 1⁸74,
2935 5095 3054 5133 ιιοη
3086 5079 3449 5136 dubitamus.
3483 5079 3630 5148 quin
3657 5077 3826 5149 multa

2195 5151 2342 5205 lalsa
2373 5150 2524 5203 veris
2555 5149 2810 5204 admista
2839 5150 3078 5205 fuerint.
3117 5151 3368 5204 Consule
3420 5146 3598 5204 etiam
3651 5146 3824 5198 Witsii

2195 5221 2490 5276 diatriben
2541 5220 2614 5274 de
2657 5221 2904 5289 Legione
2951 5221 3348 5276 fulminatrice
3374 5221 3823 5292 Christianorum

2195 5293 2303 5348 sub
2327 5293 2683 5366 imperatore
2709 5288 2779 5366 bl.
2803 5293 3044 5366 Aurelio
3065 5293 3388 5366 Antonino,
3414 5288 3825 5366 Amstelodami

2201 5367 2332 5418 1683
2353 5365 2726 5434 impressam.
2752 5364 3018 5430 Donique
3043 5364 3284 5418 observa
3312 5379 3445 5417 cum
3469 5363 3827 5434 Tillemontio

2196 5431 2628 5508 adAApologignn
2657 5435 3014 5508 Apollinaris
3043 5451 3055 5488 :
3090 5453 3161 5489 ex
3192 5452 3283 5508 eo,
3330 5434 3488 5508 quod
3521 5431 3828 5508 antiquitas

2197 5504 2368 5560 nobis
2401 5505 2550 5560 nihil
2582 5505 2652 5560 de
2683 5504 2794 5560 hac
2824 5507 3090 5560 oratione
3119 5505 3482 5576 apologotica
3513 5504 3827 5576 reliquerit.

2191 5577 2462 5648 judicatu
2493 5577 2733 5631 difﬁcile
2765 5583 2872 5643 est,
2931 5573 3202 5646 quaenam
3260 5577 3320 5630 in
3369 5577 3565 5648 specie
3615 5573 3830 5645 objecta

2199 5647 2303 5701 illa
2332 5648 2609 5719 attigerit.
2641 5648 3076 5717 'l‘illemontius,
3111 5649 3222 5702 loc.
3255 5648 3354 5702 cit.

2271 5719 2348 5793 (9)
2380 5716 2562 5793 Lffttl'e
2591 5735 2662 5772 au
2695 5722 2758 5793 li.
2793 5722 2854 5773 P.
2889 5722 3080 5790 Lamy,
3114 5719 3143 5793 ἒ
3172 5722 3261 5784 72,
3295 5723 3328 5774 ὲ
3360 5718 3418 5776 la
3450 5719 3531 5774 fin
3572 5716 3653 5772 du
3701 5719 3826 5769 tom.

2198 5785 2247 5842 II
2277 5786 2382 5843 des
2406 5791 2561 5843 Mém.
2596 5788 2732 5844 eccl.
