4110 6150
350 321 503 385 1293

1800 324 2297 386 FRAGMENTA.

3608 336 3767 396 1294

346 455 544 513 enasci
574 454 781 527 erepit;
816 453 1102 509 nimirum
1133 453 1291 509 circa
1319 453 1533 510 Christi
1592 471 1817 511 annum
1868 457 1991 525 171,
2021 461 2077 529 Α
2107 460 2248 513 tunc
2276 457 2473 529 fuerit,
2495 458 2595 530 qui
2624 459 2899 534 episcopo
2928 478 3033 518 suo
3054 464 3441 537 praecipiente
3462 469 3748 526 sectarios

348 564 461 619 quo
485 546 663 619 igitur
680 549 945 615 tempore
971 542 1270 598 scribebat
1295 543 1997 616 Apollinaris,Montanus

340 653 472 693 cum
505 635 665 691 falsis
696 634 924 691 vatibus
957 633 1080 689 suis
1112 633 1409 689 haereseos
1439 651 1560 689 sum
1605 634 1996 692 fundamenta

334 727 631 800 jaciebat;
665 742 795 797 quae
827 722 1067 795 quidem
1099 740 1220 779 non
1250 724 1423 797 longe
1454 729 1659 797 postea
1703 725 1994 781 maximos

341 816 630 873 tumultus
653 814 943 870 excitavit.
976 815 1211 881 Verum,
1234 818 1441 870 auctor
1461 814 1865 871 inuomiuatus
1887 818 1995 871 Eu-

343 905 637 967 sebianus,
673 902 744 959 de
777 919 893 974 quo
925 902 1174 975 agimus,
1218 908 1352 974 post
1416 903 1674 958 Montani
1727 903 1988 973 demum,

344 994 678 1052 Maximilla:
701 1010 769 1049 ac
797 991 1082 1047 Theodoti
1106 992 1444 1061 mortem,id
1468 998 1557 1048 est
1574 1010 1693 1048 non
1716 998 1852 1049 ante
1883 1010 1993 1049 an-

342 1085 621 1149 num2l2,
646 1083 832 1138 libros
854 1098 993 1136 suos
1006 1081 1358 1148 exaravit,ut
1379 1099 1450 1137 ex
1464 1099 1671 1138 eorum
1690 1082 1954 1154 fragmen
1968 1113 1989 1124 -

344 1176 416 1230 tis
447 1175 520 1230 ab
544 1172 796 1228 Eusebio
830 1171 1076 1226 servatis
1107 1175 1478 1241 compertum
1508 1170 1592 1224 fit.
1622 1172 1992 1243 Quapropter

341 1266 585 1335 insuper
604 1260 879 1318 habenda
909 1276 1043 1315 cum
1067 1259 1358 1315 Dodwello
1381 1261 1488 1331 (44)
1532 1259 1754 1315 Rufﬁni
1786 1265 1988 1316 aucto-

340 1355 483 1410 ritas
505 1349 878 1408 licentissimi
911 1348 1193 1404 nimirum
1224 1349 1607 1420 interpretis;
1644 1365 1839 1420 neque
1872 1365 1990 1405 ma-

341 1442 427 1512 gis
458 1438 727 1496 ducenda
757 1438 1049 1509 sequioris
1079 1438 1187 1493 aavi
1219 1439 1577 1509 scriptorum
1609 1438 1984 1505 assertio,Ni-

240 1586 243 1587 ν
342 1529 600 1600 cephori,
627 1527 871 1595 Callisti,
904 1526 1204 1598 libellique
1227 1526 1494 1597 Synodici
1523 1527 1804 1595 auctoris,
1837 1544 1987 1597 quo-

338 1634 469 1673 rum
499 1617 595 1672 hic
626 1617 843 1672 smculo
874 1633 955 1679 1x,
990 1616 1091 1671 ille
1121 1632 1256 1670 vero
1316 1632 1429 1681 xlv,
1460 1615 1734 1671 ﬂoruisse
1787 1617 1987 1688 perhi-

338 1709 512 1764 betur
535 1725 548 1775 ;
572 1709 631 1762 hi
664 1707 958 1779 siquidem
982 1707 1219 1761 Eusebii
1238 1713 1499 1762 mentem
1528 1707 1687 1762 haud
1709 1707 1987 1775 assecuti,

341 1798 469 1869 ejus
500 1798 901 1854 narrationem
925 1814 1032 1869 pro
1063 1796 1715 1869 arbitriointerpolasse
1738 1813 1986 1851 noscun-

342 1894 453 1943 tur.
480 1888 626 1943 Huic
652 1887 892 1943 demum
915 1887 1228 1943 sententia:
1252 1886 1324 1942 de
1338 1886 1685 1958 fragmentis
1707 1886 1779 1942 ab
1802 1888 1980 1940 Euse-

339 1979 435 2034 bio
464 1977 748 2043 recitatis,
781 1977 1022 2033 Claudio
1047 1977 1376 2048 Apollinari
1405 1975 1770 2032 ascribendis
1792 1992 1983 2047 nuper

340 2085 514 2141 quam
567 2067 836 2138 proxime
880 2066 1130 2122 accessit
1177 2065 1261 2120 Cl.
1309 2066 1664 2137 Lequienius
1716 2064 1849 2138 (45).
1900 2066 1983 2119 Ex

338 2158 593 2230 quadam
626 2157 785 2211 enim
812 2157 941 2211 Vita
961 2158 1018 2213 S.
1047 2155 1276 2211 Ahercii
1303 2155 1707 2227 llierapolisin
1729 2154 1983 2227 Phrygia

334 2248 615 2322 episc0pi,
648 2264 826 2319 quam
845 2264 916 2301 ex
949 2248 1342 2318 Metaphraste
1361 2247 1566 2303 Latine
1588 2246 1848 2318 primum
1860 2246 1982 2300 vul-

333 2344 545 2413 garunt
574 2338 928 2409 Lipomanus
959 2339 1069 2408 (46)
1103 2342 1159 2390 et
1188 2337 1392 2391 Surius
1425 2337 1554 2409 (47),
1616 2338 1811 2391 Graece
1842 2352 1978 2390 vero

336 2428 661 2484 Halloixius
691 2428 820 2497 (48),
853 2426 1097 2497 conjicit
1126 2426 1212 2479 vir
1240 2426 1509 2480 eruditus
1576 2426 1734 2480 hunc
1784 2425 1978 2496 ipsum

337 2535 464 2573 esse
495 2517 831 2584 Abercium,
854 2515 946 2570 cui
968 2514 1322 2585 Apollinaris
1340 2514 1815 2585 Hierapolitanus
1832 2530 1979 2584 Opus

336 2611 541 2664 contra
558 2606 954 2677 Cataphrygas
978 2603 1373 2675 nuncupavit;
1402 2609 1468 2658 ut
1488 2602 1739 2674 proinde
1761 2602 1981 2673 Apolli-

336 2697 495 2754 naris
525 2694 803 2751 Ecclesiaa
835 2692 1291 2765 Hierapolitanaa
1341 2692 1649 2765 presbyter
1692 2691 1981 2746 duntaxat

2017 1844 2065 1909 Β

2102 547 2235 603 illos
2266 548 2607 604 confutavit.
2644 550 2938 607 Hactenus
2969 552 3088 607 ille.
3125 555 3341 609 Verum
3378 561 3441 610 ut
3486 574 3555 612 ea
3602 576 3759 629 prai-

2103 640 2423 706 tereamus,
2443 655 2574 709 quae
2600 639 2774 695 modo
2799 641 3246 709 edisseruimus,
3283 660 3461 714 quam
3484 646 3649 702 ﬂuxa
3682 651 3761 704 sit

2102 726 2436 782 istiusmodi
2468 728 2610 782 Vitaa
2645 729 2697 783 S.
2734 729 2960 785 Abercii
2996 731 3161 794 ﬁdes,
3197 733 3290 787 cui
3320 735 3423 788 uni
3448 735 3757 806 Lequienii

2099 815 2445 886 conjectura
2473 816 2770 884 innititur,
2803 818 3077 889 pluribus
3108 825 3242 891 post
3286 822 3605 878 Baronium
3640 825 3753 899 (49)

2098 903 2358 957 ostendit
2386 903 2798 960 Tillemontius
2831 905 2964 978 (50).

2169 994 2389 1048 Auctor
2417 992 2602 1047 libelli
2632 994 2897 1063 Synodici
2926 1001 3128 1050 narrat
3159 1001 3423 1053 sanctam
3460 1000 3753 1071 synodum

2098 1081 2400 1153 Hierapoli
2430 1083 2584 1137 Asiae
2616 1083 2849 1139 civitate
2877 1084 3233 1141 celebratam
3263 1086 3334 1141 ab
3375 1089 3746 1159 Apollinario

2095 1172 2259 1227 urbis
2300 1171 2461 1227 illius
2485 1173 2788 1245 episcopo,
2822 1174 3074 1245 aliisque
3098 1176 3301 1248 viginti
3332 1194 3432 1232 sex
3456 1179 3753 1251 epiSCOpis

2095 1261 2365 1333 ejusdem
2397 1263 2714 1333 provinciae
2747 1263 3054 1319 abdicasse
3078 1270 3134 1319 et
3165 1266 3488 1337 extirpasse
3519 1269 3748 1325 Monta-

2092 1369 2237 1408 num
2271 1359 2330 1408 et
2381 1354 2762 1412 Maximillam
2810 1355 3378 1427 pseudOprophetas,
3444 1358 3749 1429 simulque

2091 1459 2225 1497 cum
2256 1443 2371 1498 illis
2403 1443 2770 1499 damnavisse
2801 1444 3167 1499 Theodotum
3224 1446 3552 1501 Coriarium
3603 1450 3745 1520 (51).

2090 1533 2430 1603 Opportune
2462 1532 2557 1586 hic
2586 1533 2840 1588 advertit
2869 1534 2954 1588 vir
2984 1533 3364 1589 doctissimus
3403 1537 3465 1589 D.
3500 1538 3745 1607 Antine,

2088 1621 2200 1676 hoc
2232 1621 2553 1676 concilium
2584 1622 2656 1678 ab
2689 1622 2936 1678 eruditis
2968 1625 3191 1696 passim
3222 1630 3290 1680 ut
3319 1625 3629 1682 indubium
3649 1644 3738 1682 re-

2086 1710 2204 1782 cipi
2239 1711 2375 1781 (52).

2166 1799 2813 1856 CommendatPhotius
2834 1802 3241 1872 Apollinarem
3266 1808 3537 1859 nostrum
3556 1821 3591 1860 a
3608 1822 3752 1876 prae-

2096 1892 2316 1945 stantia
2345 1891 2565 1962 ingenii
2599 1897 2775 1962 atque
2809 1891 2942 1964 styli
2995 1892 3289 1964 elegantia
3340 1894 3468 1963 (53).
3520 1894 3609 1948 Ad
3657 1911 3751 1949 su-

2092 1995 2265 2049 peros
2296 1980 2513 2034 abiisse
2571 1986 2707 2035 ante
2761 1997 2983 2036 annum
3042 1982 3166 2052 180,
3224 1982 3747 2039 verosimillimum

2091 2072 2260 2140 putat
2279 2068 2687 2124 Tillemontius
2706 2070 2836 2141 (54),
2862 2086 2930 2125 eo
2954 2071 3109 2141 quod
3128 2071 3256 2142 ejus
3279 2077 3486 2126 contra
3511 2076 3746 2127 enatam

2091 2173 2248 2212 anno
2283 2161 2377 2213 171
2415 2159 2904 2213 Montanistarum
2935 2159 3207 2213 haeresim
3240 2160 3461 2229 scripta
3501 2161 3623 2213 sint
3652 2160 3744 2214 ul-

2093 2247 2303 2303 timum
2334 2248 2523 2319 ipsius
2556 2264 2723 2319 opus.
2785 2248 3024 2301 Diversa
3072 2247 3487 2319 Martyrologia
3536 2248 3744 2304 Latina

2090 2337 2343 2408 septima
2356 2336 2658 2391 Februarii
2674 2335 2835 2390 illius
2849 2336 3475 2391 commemorationem
3490 2336 3736 2391 faciunt.

2090 2426 2376 2481 Baronius
2406 2441 2541 2479 vero
2581 2425 2643 2478 in
2676 2424 3087 2496 Martyrologio
3118 2426 3381 2479 Romano
3413 2431 3616 2480 octava
3642 2427 3739 2480 Ja-

2090 2513 2283 2569 nuarii
2315 2514 2577 2567 natalem
2598 2512 2727 2583 ejus
2747 2513 3055 2584 consignat
3072 2515 3200 2583 (55).
3224 2514 3291 2569 In
3319 2515 3533 2569 Grmcis
3552 2531 3582 2569 e
3602 2531 3739 2570 con-

2090 2608 2182 2658 tra
2218 2602 2455 2658 Maeneis
2485 2601 2730 2656 omnino
2763 2600 2929 2656 nulla
2959 2601 3183 2656 mentio
3215 2600 3287 2656 de
3317 2601 3371 2655 S.
3416 2602 3739 2674 Apollinari

2095 2696 2244 2748 teste
2278 2690 2565 2747 Bollando
2594 2690 2871 2747 occurrit.

333 2851 2569 2879 Μ

949 3008 1077 3128 s.
1179 3000 1861 3126 CLAUDII
1952 2960 3104 3124 APOLLINARIS

1610 3263 2446 3360 FRAGMENTA-

1282 3485 1519 3554 (Rouru,
1553 3481 1819 3551 Reliquiae
1856 3495 2045 3548 sacrm,
2079 3480 2313 3548 Oxonii,
2345 3483 2503 3549 1814,
2538 3481 2579 3550 l,
2616 3481 2763 3554 149.)

1773 3579 1858 3633 Ea:
1887 3577 2027 3633 libro
2055 3579 2280 3634 incerto.

397 3793 587 3858 Atque
620 3801 689 3841 ea
706 3800 802 3839 res
824 3786 951 3837 tum
972 3797 1007 3836 a
1029 3776 1417 3850 scriptoribus
1444 3792 1478 3832 a
1494 3775 1610 3830 fide
1641 3778 1844 3830 nostra
1871 3791 1970 3847 pe-
2010 3775 2053 3843 α

2152 3770 2284 3830 Ἣδε
2313 3771 2530 3850 ἱστορία
2560 3775 2781 3847 (inquit
2809 3775 3098 3832 Eusebius
3127 3776 3234 3833 lib.
3268 3795 3301 3828 ν
3332 3779 3468 3833 Hist.
3519 3794 3645 3849 cap.
3680 3777 3733 3850 5)

323 3880 487 3936 nitus
517 3874 747 3941 alienis,
802 3872 1019 3944 quibus
1077 3886 1234 3925 curaa
1279 3868 1391 3924 fuit
1435 3884 1529 3922 res
1574 3884 1643 3922 eo
1702 3871 1971 3937 tempore
2082 3861 2296 3943 φέρεται
2333 3884 2427 3936 μεν
2451 3864 2849 3934 (historiaest,
2870 3865 2942 3920 de
2964 3865 3064 3920 illo
3090 3866 3278 3921 imbre
3306 3866 3380 3921 ad
3411 3865 3733 3921 sedandam

322 3973 519 4042 gestas
542 3963 843 4021 memoriae
863 3960 1172 4029 mandare,
1191 3963 1316 4013 tum
1346 3974 1381 4012 a
1405 3957 1625 4012 nostris
1659 3956 1838 4012 etiam
1868 3955 1974 4009 ho-

2087 3954 2342 4009 militum
2376 3954 2536 4008 sitim
2565 3955 2636 4008 M.
2669 3954 2953 4009 Antonini
2987 3954 3131 4026 imp.
3189 3956 3473 4011 exercitui
3527 3956 3733 4023 misso,

321 4056 588 4114 minibus
610 4052 885 4108 refertur.
907 4048 1020 4105 Sed
1039 4048 1350 4122 gentilium
1366 4046 1685 4117 scriptores
1710 4049 1911 4116 utpote
1944 4060 1979 4099 a
2086 4044 2228 4099 dum
2258 4043 2577 4099 fulminum
2603 4044 2769 4116 jactu
2800 4044 3165 4101 vexabantur
3192 4045 3416 4116 hostes)
3446 4044 3536 4098 καί
3587 4042 3734 4117 παρὰ

321 4146 609 4219 religione
624 4148 825 4197 nostra
845 4139 1223 4206 dissidentes,
1248 4138 1358 4192 hoc
1372 4135 1604 4207 quidem
1622 4134 1978 4190 miraculum

2106 4137 2202 4194 τοῖς
2234 4129 2425 4206 πόρῤω
2454 4135 2550 4187 τοῦ
2580 4132 2699 4195 καθ’
2752 4135 2901 4207 ἡμᾶς
2950 4131 3122 4209 λόγου
3178 4132 3594 4209 συγγραφεύσιν,
3646 4132 3732 4191 οἷς

324 4249 617 4290 commem
627 4236 899 4287 orarunt:
927 4246 1045 4285 non
1064 4234 1261 4284 tamen
1274 4226 1334 4282 id
1353 4229 1691 4281 nostrorum
1705 4224 1979 4296 precibus

325 4325 537 4381 factum
551 4337 678 4377 esse
693 4320 946 4376 confessi
961 4323 1121 4374 sunt.
1138 4316 1334 4372 Nostri
1350 4331 1487 4370 vero
1501 4318 1703 4386 utpote
1721 4313 1982 4368 veritatis

372 4475 591 4549 rimum
621 4472 819 4549 enasci
848 4474 1127 4549 coeperat,
1156 4472 1435 4549 Mcntang
1465 4464 1815 4549 cum_fal.sis_
1845 4463 1985 4549 vati-
2016 4484 2060 4549 ι)

372 4492 591 4530 rlmum
621 4492 819 4529 enasc1
848 4492 1127 4543 cmperau,
1158 4492 1435 4524 montano
1465 4492 1601 4522 cum
1634 4492 1798 4521 unum
1850 4492 1981 4519 vuu-

327 4492 442 4603 gus
473 4548 595 4602 suis
626 4545 821 4600 adhuc
867 4543 1084 4598 erroris
1140 4542 1230 4596 sui
1278 4539 1668 4596 fundamenta
1698 4536 1981 4607 jaciente.

329 4618 545 4675 Euseb.
580 4620 649 4673 H.
682 4616 931 4689 E.l'1v.
963 4631 1014 4689 c.
1045 4616 1136 4667 2’7.
1189 4686 1207 4689 _
1244 4683 1301 4689 μ
1529 4682 1625 4689 ____
1718 4680 1817 4689 ,Ν

401 4690 513 4761 (44)
547 4690 851 4761 Dissertat.
880 4688 949 4761 4.4
972 4687 1153 4751 lren.,
1185 4683 1329 4761 _§‘38,
1361 4696 1496 4753 pag.
1528 4682 1652 4751 369,
1677 4684 1735 4734 et
1755 4681 1988 4735 Disser-

334 4756 438 4817 tat.
471 4756 505 4815 4
536 4759 841 4832 Cyprian.,_
870 4759 982 4832 §_4,
1013 4772 1145 4828 pag.
1180 4756 1274 4818 40,

426 4832 514 4904 45)
550 4823 749 4904 Oriens
774 4823 1145 4904 Christianus,
1179 4832 1303 4880 tom
1351 4825 1395 4890 Ι,
1431 4823 1543 4878 col.
1577 4823 1700 4877 833.

427 4902 515 4971 46)
552 4905 693 4959 Vita
721 4902 841 4965 SS.,
878 4905 921 4953 t.
958 4902 1043 4953 Vl.
1108 4968 1123 4974 _
1175 4967 1212 4974 __
1351 4968 1410 4974 μ
1455 4967 1482 4974 Α
1537 4970 1544 4974 _
1593 4964 1608 4974 _
1669 4964 1679 4974 '

407 4964 518 5037 (47';
559 4976 680 5029 Vita
708 4964 1024 5027 sanctorum
1054 4968 1128 5025 ad
1158 4967 1319 5023 diem
1347 4968 1417 5020 22
1447 4964 1737 5022 Octobris.

340 5046 518 5172 12(648)
550 5046 760 5101 Itlustr.
790 5043 991 5100 Eccles.
1026 5043 1235 5097 Orient.
1267 5037 1486 5108 script,
1536 5042 1680 5091 tom.
1732 5036 1804 5103 ll,
1857 5051 1988 5108 pag.

411 5189 522 5259 (49)
557 5190 746 5244 Baron
802 5187 876 5243 ad
911 5201 1137 5242 annum
1170 5183 1295 5259 163,
1326 5181 1474 5259 £45.

413 5251 523 5329 (50)
554 5260 785 5314 Tillem.
845 5259 1128 5315 Hémoires
1185 5251 1511 5310 ecctftom.
1562 5251 1633 5319 ΙΙ,
1691 5265 1824 5321 pag.
1866 5251 1995 5315 299,

342 5334 632 5529 fztiglnilgl;
655 5402 877 5460 Collect.
910 5400 1104 5457 concil.
1137 5396 1295 5470 apud
1336 5395 1545 5462 Mansi,
1595 5396 1740 5448 tom.
1784 5391 1855 5459 Il,
1905 5406 1998 5446 co-

374 5491 495 5529 um.
603 5491 652 5528 ·.

374 5491 495 5538 um,
529 5491 652 5529 ουκ.

419 5537 531 5615 (52)
563 5548 714 5601 L’art
745 5547 811 5600 de
837 5547 1051 5612 veri/ter
1080 5543 1154 5597 les
1180 5541 1354 5607 dates,
1384 5552 1514 5615 pag.
1553 5537 1672 5615 174..
1745 5605 1779 5615 η

413 5609 528 5687 (53)
559 5619 657 5672 Vir
687 5633 829 5672 sane
863 5609 1171 5687 praestans,
1206 5617 1265 5667 et
1295 5609 1447 5680 stylo
1478 5609 1783 5678 praestanti
1828 5620 1995 5661 usus.

344 5689 519 5748 Phot.
552 5690 757 5746 codice
792 5690 877 5742 14.

2093 4221 2257 4295 μὲλον
2291 4220 2484 4296 γέγονε
2510 4228 2611 4290 τῆς
2639 4224 2776 4275 κατὰ
2832 4222 2962 4286 τοὺς
3010 4219 3382 4294 δηλουμένους
3431 4223 3543 4294 (56)
3594 4240 3734 4294 γρα-

2090 4314 2220 4386 φῆς·
2265 4307 2576 4381 δεδήλωται
2630 4307 2688 4365 δὲ
2751 4311 2843 4365 καὶ
2898 4311 3034 4385 πρὸς
3089 4315 3196 4365 τῶν
3255 4312 3539 4386 ἡμετέρων
3599 4311 3737 4385 (57),

2163 4463 2273 4533 (54)
2306 4464 2585 4535 Mémm'res
2609 4463 2676 4517 de
2707 4462 2997 4535 t’histoire,
3030 4468 3173 4519 tom.
3209 4466 3278 4527 ΙΙ,
3312 4481 3441 4535 pag.
3473 4466 3576 4518 208

2165 4536 2275 4607 (55)
2313 4534 2450 4589 Vide
2480 4533 2875 4589 Bollandistas
2905 4534 2978 4588 ad
3009 4535 3167 4589 diem
3199 4538 3228 4587 7
3256 4533 3582 4603 Februarii,
3605 4550 3740 4606 pag.

2097 4612 2121 4661 1
2167 4612 2226 4662 et
2254 4623 2378 4662 seu.

2169 4623 2459 4748 ῗὲὃῗθὲέιτᾶ
2495 4675 2621 4735 τοὺς
2681 4671 3075 4746 δηλουμένους.
3122 4678 3516 4748 Imperatores
3572 4677 3743 4748 Pium

2095 4746 2544 4819 Aureliumque.
2578 4750 2691 4803 Res
2720 4752 2918 4803 autem
2950 4746 3313 4819 contigit,_ut
3351 4750 3413 4803 in
3461 4748 3620 4803 notis
3668 4746 3745 4802 ad

2098 4820 2309 4876 Euseb.
2345 4819 2608 4874 Valesius
2639 4819 2917 4885 ostendit,
2937 4821 3009 4873 Μ.
3032 4820 3268 4874 Aurelio
3294 4821 3591 4874 Antonino
3620 4819 3744 4873 solo

2097 4890 2614 4964 regnante,gvitarn
2629 4891 2758 4964 jam
2790 4891 2991 4964 functo
3041 4898 3208 4961 patre
3241 4891 3391 4964 _Pio,
3443 4894 3562 4964 imo
3612 4894 3748 4964 post

2099 4959 2353 5018 mortem
2388 4962 2518 5016 Veri
2553 4959 2769 5017 fratris.
2802 4959 3091 5017 Caeterum
3138 4960 3316 5016 verba
3362 4959 3749 5032 Apollinaris,

2102 5052 2231 5106 quae
2265 5038 2624 5106 sequuntur,
2650 5048 2721 5106 ex
2751 5034 3020 5106 Apotogia
3042 5032 3171 5103 ejus
3202 5033 3277 5106 ad
3310 5031 3586 5106 eumdem
3611 5031 3753 5106 hlar-

2102 5099 2260 5172 cum,
2293 5099 2464 5175 cujus
2514 5099 2717 5174 scripti
2779 5099 3157 5175 mentionem,
3197 5103 3420 5158 fecerat
3461 5099 3755 5175 Eusebius

2104 5194 2229 5248 cap.
2266 5179 2332 5230 26
2366 5173 2424 5230 et
2450 5175 2543 5243 2‘7,
2594 5173 2784 5246 ejusd.
2848 5175 2950 5230 lib.
3012 5192 3082 5242 ιν,
3136 5174 3385 5229 fortasse
3443 5173 3758 5243 desumpta

2105 5252 2262 5304 sunt.

2176 5322 2290 5390 (57)
2323 5312 2730 5391 AsSvﬁijcatBé
2756 5316 2845 5391 καὶ
2880 5315 3014 5391 πρὸς
3043 5319 3150 5370 τῶν
3187 5313 3613 5391 ἡμετέρῳν.-Αὰ
3641 5315 3754 5369 hoc

2106 5388 2460 5447 miraculum
2494 5388 2707 5444 alludit
2737 5388 3082 5460 Cyprianus,
3118 5406 3249 5444 cum
3278 5388 3369 5444 ait
3399 5388 3460 5442 in
3493 5389 3757 5460 Tractatu

2107 5463 2179 5517 ad
2198 5463 2592 5516 Demetriadem
2616 5477 2634 5513 :
2649 5483 2675 5509 «
2697 5459 3064 5515 Christianos
3078 5477 3183 5531 pro
3202 5460 3471 5515 arcendis
3488 5459 3759 5531 hostibus

2108 5540 2167 5588 et
2183 5533 2470 5588 imbribus
2490 5532 2881 5602 impetrandis
2902 5530 3107 5599 rogare
3131 5537 3189 5586 et
3210 5549 3413 5603 preces
3435 5530 3706 5603 fundere.
3731 5549 3760 5577 »

2107 5608 2169 5660 Ρ.
2206 5608 2327 5669 193,
2361 5604 2453 5660 ed.
2487 5601 2673 5658 Oxon.
2707 5604 2792 5657 W.
2846 5604 3037 5657 Lowth
3070 5603 3131 5656 in
3176 5601 3410 5657 Eusebii
3467 5601 3559 5656 ed.
3617 5605 3758 5657 Rea-

2109 5676 2269 5747 ding.
2301 5674 2463 5731 Adde
2494 5674 2769 5747 Cypriani
2798 5675 3147 5748 magistrum
3177 5673 3630 5740 Tertullianum,
3657 5672 3762 5744 qui
