4110 6150
330 355 491 414 1309

1496 355 1558 416 S.
1604 353 2024 420 BEGESIPPI‘
2064 356 2579 420 FRAGMENTA.

3596 359 3752 425 1310

329 485 480 541 ναόν·
516 481 804 559 ηὑρίσκετὸ
835 504 894 538 τε
922 483 1173 558 κείμενος
1205 483 1293 540 Eni
1350 491 1467 552 τοῖς
1512 487 1720 564 γόνασι,
1770 487 1862 544 καὶ
1904 489 1984 543 αἱ-

2099 491 2216 563 jus,
2249 491 2712 564 facultatemque
2740 491 3016 550 habebat.
3049 494 3249 564 Neque
3307 494 3469 549 enim
3516 491 3754 562 lanicio,

331 572 594 647 τούμενος
639 573 768 646 ὑπὲρ
829 578 923 627 τοῦ
984 572 1122 628 λαοῦ
1181 574 1391 653 ἄφεσιν·
1454 577 1530 638 ὡς
1588 575 1988 649 ἀπεπληκὲναι

328 665 396 719 τὰ
426 665 626 738 γόνατα
660 663 822 717 αὐτοῦ
857 660 1010 734 δίκην
1041 663 1324 738 καμήλου,
1359 662 1450 720 διὰ
1478 667 1540 722 τὸ
1585 666 1667 721 ἀεὶ
1719 667 1988 741 κάμπτειν

331 752 417 808 ἐπὶ
450 751 579 828 γόνυ
792 757 1200 828 προσκυνοῦντα
1247 760 1324 826 τῷ
1384 759 1518 826 Θεῷ,
1577 756 1666 811 καὶ
1727 755 1990 812 αἶτεῖσθαι

330 840 516 920 ἄφεσιν
549 846 625 914 τῖ)
657 841 796 915 λαῷ.
835 843 930 897 Διά
960 845 1018 920 γὲ
1049 865 1134 899 τοι
1166 845 1262 914 τήν
1300 841 1614 921 ὑπερϐολὴν
1645 853 1744 916 τῆς
1778 844 1986 902 δικαιο-

334 931 494 1002 σύνης
554 932 718 986 αὐτοῦ
778 931 1024 988 ἐκαλεῖτο
1083 933 1298 997 Δίκαιος
1354 935 1444 990 καὶ
1499 931 1725 998 Ὣϐλίας
1786 939 1924 1012 (30)’
1962 935 1993 991 6'

334 1021 474 1078 ἐστιν
509 1021 792 1093 ἑλληνιστὶ
827 1025 1064 1099 περιοχῖ⁸
1097 1030 1194 1080 τοῦ
1225 1022 1360 1080 λαοῦ
1392 1026 1481 1080 καὶ
1533 1023 1878 1098 δικαιοσύνη,
1916 1027 1990 1089 ὡς

331 1113 384 1165 οἳ
414 1117 690 1187 προφῆται
724 1109 957 1183 δηλοῦσι
990 1113 1114 1188 περὶ
1148 1112 1336 1170 αὐτού.
1369 1113 1517 1176 Τινὶς
1547 1116 1636 1170 οὗν
1695 1120 1804 1170 τῶν
1854 1116 1993 1170 ξπτᾶ

327 1201 580 1275 αἱρέσεων
607 1205 712 1255 τῶν
739 1200 789 1255 ἐν
815 1205 894 1274 τῷ
918 1200 1060 1274 λαῷ,
1084 1206 1192 1256 τῶν
1215 1203 1726 1279 προγεγραμμένων
1761 1226 1853 1278 μοι
1879 1206 1991 1279 (31)

331 1287 384 1342 ἐν
418 1293 534 1351 τοῖς
572 1290 989 1362 ὑπομνήμασιν,
1021 1289 1383 1355 ἐπυνθάνοντο
1435 1291 1622 1362 αὐτοῦ,
1668 1293 1748 1356 τίς
1790 1296 1824 1364 ἡ
1859 1293 1993 1369 θύρα

332 1379 429 1432 τοι]
461 1379 645 1448 Ἰησοῦ
677 1382 808 1452 (31).
845 1381 939 1434 Καὶ
977 1378 1134 1456 ἔλεγε
1165 1385 1355 1437 τοῦτον
1389 1382 1529 1436 εἶναι
1587 1385 1680 1438 τὸν
1733 1390 1988 1460 Σωτῆρα.

332 1469 422 1539 Ἐξ
455 1471 528 1524 ὦν
551 1491 690 1533 τινες
714 1469 1051 1544 ἐπίστευσαν,
1085 1471 1166 1528 ὅτι
1225 1474 1436 1545 Ἰησοῦς
1485 1473 1626 1529 ἐστιν
1661 1477 1688 1529 6
1721 1477 1989 1550 Χριστός.

337 1561 408 1614 Αἱ
441 1557 500 1613 δὲ
527 1561 760 1637 αἱρέσεις
826 1563 881 1615 αἱ
914 1564 1331 1638 προειρημέναι,
1393 1563 1490 1619 ούκ
1543 1563 1819 1620 ἐπίστευον
1871 1565 1994 1622 οὕτε

335 1648 622 1704 ἀνάστασιν
679 1651 812 1724 (33),
883 1649 1004 1706 οὔτε
1062 1651 1365 1727 ἐρχόμενον
1427 1650 1722 1709 ἀποδοῦναι
1783 1655 1992 1728 ἑκάστῳ

333 1739 472 1794 κατὰ
510 1740 575 1794 τὶ
626 1733 760 1814 ἔργα
789 1739 976 1798 αὐτοῦ.
1036 1744 1195 1798 ’Όσοι
1263 1740 1320 1798 δὲ
1384 1744 1473 1798 καὶ
1532 1744 1869 1814 ἐπίστευσαν,
1904 1743 1994 1799 διὰ

2101 573 2206 636 sed
2235 581 2392 637 linea
2421 587 2652 637 tantum
2683 587 2840 636 veste
2863 582 3156 638 utebatur.
3191 582 3255 637 1n
3280 583 3567 654 templum
3591 585 3754 639 solus

2100 670 2344 739 intrare,
2375 677 2550 741 atque
2584 671 2665 725 ibi
2686 672 2936 743 genibus
2962 672 3130 727 flexis
3147 689 3252 744 pro
3275 673 3532 742 peccatis
3550 673 3753 744 populi

2101 760 2349 830 Supplex
2379 761 2563 815 Deum
2597 777 2765 816 orare
2795 767 3226 829 consueverat;
3259 761 3406 817 adeo
3449 767 3515 816 ut
3564 779 3757 833 genua

2101 849 2288 921 ipsius
2307 850 2497 905 instar
2518 850 2732 906 cameli
2745 852 3301 921 occalluerint,dum
3318 852 3555 907 assidue
3569 857 3755 906 Deum

2100 956 2410 1010 venerans,
2444 947 2502 996 et
2530 959 2634 1013 pro
2667 942 2856 998 salute
2887 943 3094 1015 populi
3128 949 3262 999 vota
3308 943 3534 999 faciens
3584 943 3755 998 humi

2104 1035 2489 1088 sterneretur.
2513 1032 2616 1087 Hic
2646 1049 2783 1106 ergo
2815 1033 2888 1088 ob
2921 1033 3281 1106 singularem
3304 1033 3602 1106 justitiam
3643 1049 3748 1088 co-

2102 1121 2480 1193 gnominatus
2502 1124 2634 1177 estJ
2644 1129 2830 1190 ustus,
2867 1128 2926 1178 et
2947 1123 3144 1178 Oblias
3162 1142 3176 1192 ;
3197 1123 3354 1195 quod
3386 1124 3586 1178 Latine
3617 1139 3752 1178 mu-

2102 1210 2437 1266 nimentum
2468 1212 2694 1283 populi,
2729 1219 2786 1266 et
2807 1213 3104 1284 justitiam
3134 1213 3756 1285 signiﬁcat,quemad-

2102 1300 2347 1356 modum
2373 1302 2552 1356 etiam
2571 1303 2873 1374 propheta:
2888 1303 2958 1358 de
2981 1320 3050 1358 eo
3068 1302 3750 1374 praedixeruntQuidam

2105 1395 2306 1446 autem
2339 1407 2409 1445 ex
2440 1396 2666 1463 septem
2694 1392 2890 1460 sectis,
2925 1409 3056 1463 quas
3086 1392 3243 1464 apud
3278 1393 3510 1449 Judaaos
3559 1397 3750 1459 erant,

2105 1479 2177 1535 de
2208 1480 2424 1551 quibus
2456 1481 2518 1535 in
2547 1481 2955 1552 superioribus
2986 1482 3154 1537 libris
3185 1482 3494 1554 scripsisse
3540 1482 3751 1537 memi-

2103 1569 2324 1636 nimus,
2356 1569 2799 1641 interrogarun't
2827 1588 2983 1641 eum,
3017 1572 3315 1642 quodnam
3344 1576 3501 1627 esset
3535 1571 3750 1626 ostium

2101 1658 2258 1714 Jesu.
2278 1658 2500 1723 Quibus
2522 1659 2837 1715 illeJesum
2860 1677 2988 1716 esse
3023 1661 3391 1716 Servatorem
3422 1660 3750 1732 respondit.

2105 1747 2204 1802 His
2225 1749 2462 1815 auditis;
2483 1750 2756 1804 nonnulli
2781 1767 2988 1805 eorum
3005 1752 3204 1805 Jesum
3225 1766 3426 1804 revera
3454 1751 3751 1804 Christum

331 1814 588 1884 Ἰάκωϐον
621 1832 750 1903 (34).
787 1827 1020 1885 Πολλῶν
1055 1833 1146 1886 οὖν
1183 1833 1273 1887 καὶ
1313 1837 1420 1887 τῶν
1456 1834 1742 1909 ἀρχόντων
1767 1855 1984 1889 πιστευ-

2106 1853 2233 1891 esse
2265 1837 2667 1893 crediderunt.
2709 1839 3135 1910 Suprascriptse
3164 1855 3299 1893 vero
3333 1844 3505 1894 secta:
3528 1856 3638 1893 nec
3667 1855 3756 1892 re-

333 1919 625 1988 όντων,ἧν
660 1917 891 1994 θόρυϐος
956 1925 1064 1975 τῶν
1129 1920 1411 1978 Ἰουδαίων
1477 1923 1566 1977 καὶ
1618 1925 1987 1997 Γραμματέων

329 2008 418 2063 καὶ
455 2009 768 2082 Φαρισαίων
802 2008 1102 2086 λεγόντων,
1149 2011 1230 2066 ὅτι
1286 2009 1584 2069 κινδυνεύει
1625 2018 1727 2076 πᾶς
1779 2015 1806 2068 6
1856 2013 1988 2076 λαὸς

329 2098 543 2167 Ἰησοῦν
578 2100 662 2154 τὸν
693 2101 919 2174 Χριστὸν
979 2098 1313 2175 προσδοκᾷν.
1360 2101 1592 2179 Ἔλεγον
1639 2104 1731 2158 οὖν
1792 2102 1983 2158 συνελ-

333 2187 514 2251 θόντες
543 2193 621 2260 τῷ
651 2184 917 2262 Ἰακώϐῳ·
950 2214 977 2242 ‹‹
1013 2190 1444 2265 Παρακαλοῦμεν
1477 2213 1554 2247 σε·
1615 2191 1840 2268 ἐπίσχες
1895 2193 1987 2248 τὸν

337 2275 488 2345 λαὸν,
524 2274 636 2332 ἐπεὶ
673 2276 957 2348 ἐπλανήθη
991 2279 1064 2340 εἰς
1097 2281 1326 2351 Ἰησοῦν,
1361 2281 1435 2345 ὡς
1463 2283 1632 2337 αὐτοῦ
1688 2279 1842 2344 ὄντος
1890 2287 1988 2337 τοῦ

334 2370 594 2440 Χριστοῦ.
647 2366 1075 2443 Παρακαλοῦμεν
1135 2390 1193 2423 σε
1245 2375 1425 2425 πεῖσαι
1485 2370 1686 2433 πάντας
1735 2370 1862 2433 τοὺς
1897 2371 1988 2426 ἐλ-

333 2454 523 2516 θόντας
565 2456 636 2518 εἷς,
669 2459 768 2526 τήν
803 2455 1012 2531 ἡμέραν
1067 2462 1162 2512 τοῦ
1214 2459 1411 2534 Πάσχα
1452 2460 1576 2530 περὶ
1632 2462 1835 2530 Ἰησοῦ.
1891 2459 1987 2514 Σοὶ

334 2544 443 2618 γὰρ
474 2546 665 2606 πάντες
721 2548 1044 2618 πειθόμεθα·
1112 2550 1274 2620 ἡμεῖς
1329 2550 1433 2624 γὰρ
1494 2547 1870 2626 μαᾳυροῦμέν
1905 2571 1988 2603 σοι

333 2633 422 2687 καὶ
453 2640 553 2696 πᾶς
585 2636 611 2689 6
646 2634 798 2703 λαὸς,
833 2633 916 2691 ὅτι
949 2633 1157 2696 δίκαιος
1190 2636 1255 2704 εἶ,
1308 2638 1398 2691 καὶ
1448 2637 1533 2693 ὅτι
1585 2639 1878 2714 πρόσωπον
1927 2637 1989 2692 οὐ

339 2720 662 2796 λαμϐάνεις.
700 2729 890 2781 ῐιεῖσον
923 2726 1012 2781 οὗν
1044 2725 1106 2780 σὺ
1136 2727 1226 2781 τὸν
1269 2725 1442 2801 ὄχλον
1498 2727 1621 2802 περὶ
1676 2730 1858 2799 Ἰησοῦ
1912 2731 1988 2800 μή

332 2812 657 2868 πλανᾶσθαι·
709 2817 801 2869 καὶ
859 2816 963 2892 γὰρ
1019 2820 1121 2877 πᾶς
1164 2818 1191 2870 6
1224 2815 1356 2878 λαὸς
1413 2816 1502 2872 καῖ
1559 2816 1746 2879 πάντες
1806 2817 1986 2873 πειθό-

336 2904 471 2976 μεθπὶ
503 2925 609 2962 σοι.
646 2908 814 2974 Στῆθι
849 2904 940 2960 οὖν
968 2905 1055 2960 ἐπὶ
1085 2907 1147 2960 τὸ
1179 2906 1466 2982 πτερύγιον
1529 2912 1624 2961 τοῦ
1678 2908 1852 2982 ἱεροῦ,
1901 2907 1992 2962 ’ἱνα

333 2989 536 3055 ἄνωθεν
567 2994 632 3063 ᾖς
663 2993 950 3070 ἐπιφανὴς,
982 2995 1071 3049 καὶ
1103 2994 1139 3069 ᾖ
1174 2994 1267 3048 εύά
1282 2999 1480 3050 κουστοὶ
1509 3017 1604 3050 σου
1654 2997 1720 3052 τὰ
1771 2997 1990 3070 ῥήματα

338 3083 494 3135 παντῗ
531 3087 610 3153 τῷ
641 3081 760 3154 λαῷ
817 3080 904 3137 διὰ
935 3085 1038 3160 γὰρ
1065 3084 1127 3138 τὸ
1189 3083 1379 3160 Πάσχα
1430 3083 1828 3155 συνεληλύθασι
1884 3091 1992 3141 πᾶ-

333 3191 419 3224 σαι
453 3172 507 3224 αἱ
539 3169 705 3244 φυλλὶ
737 3174 846 3244 (35)
873 3173 1005 3245 μετᾶ
1036 3175 1124 3228 καὶ
1154 3178 1263 3228 τῶν
1319 3173 1484 3229 ἐθνῶν
1535 3178 1670 3249 (36).
1706 3199 1732 3225 n
1785 3179 1984 3247 ’Έστη-

2101 1927 2554 1995 surrectionem,
2587 1944 2697 1982 nec
2727 1928 2994 1983 futurum
3026 1927 3241 1983 Christi
3301 1927 3639 1992 adventum,
3688 1933 3754 1983 ut

2098 2017 2420 2087 unicuique
2434 2035 2539 2089 pro
2562 2018 2792 2073 meritis
2807 2017 3142 2073 mercedem
3161 2016 3750 2086 tribuat,credebant.

2098 2106 2397 2176 Quotquot
2425 2123 2559 2161 vero
2600 2124 2668 2161 ex
2704 2107 2777 2161 iis
2809 2106 3214 2174 crediderunt,
3244 2106 3443 2162 Jacobi
3474 2121 3655 2176 opera
3683 2122 3753 2161 ac

2098 2195 2430 2252 ministerio
2461 2197 2668 2267 utique
2700 2197 3099 2253 crediderunt.
3133 2198 3276 2251 Cum
3308 2213 3445 2266 ergo
3476 2193 3647 2250 multi
3677 2213 3750 2251 ex

2098 2283 2242 2356 ipsis
2266 2286 2444 2340 etiam
2469 2285 2833 2357 primoribus
2847 2283 3538 2350 crederent,tumultuari
3567 2300 3752 2354 cmpe-

2097 2379 2238 2428 runt
2265 2374 2474 2442 Judaai,
2510 2380 2566 2428 et
2597 2375 2812 2429 Scribaa
2835 2391 2902 2429 ac
2928 2375 3214 2429 Pharisaei
3237 2391 3249 2442 ;
3275 2375 3487 2445 eojam
3507 2379 3746 2428 ventum

2098 2478 2226 2516 esse
2259 2463 2605 2529 clamantes,
2637 2469 2703 2517 ut
2754 2480 2938 2534 prope
2994 2463 3189 2518 omnis
3243 2463 3497 2535 populus
3548 2464 3746 2517 Jesum

2098 2550 2394 2605 Christum
2426 2557 2814 2622 exspectaret.
2850 2552 3104 2607 Proinde
3127 2552 3188 2605 in
3209 2568 3393 2606 unum
3409 2551 3746 2624 congregati

2095 2640 2380 2695 Jacobum
2411 2640 2652 2707 adeunt,
2676 2641 2890 2711 hisque
2924 2658 3059 2696 eum
3091 2639 3284 2696 verbis
3343 2641 3743 2712 compellant:

2098 2751 2127 2781 «
2148 2731 2463 2784 Hortamur
2485 2730 2869 2799 te,inquiunt,
2896 2730 3180 2802 utpopuli
3204 2746 3465 2784 errorem
3493 2729 3743 2800 compri-

2099 2820 2352 2889 mas,qui
2378 2819 2586 2874 falsam
2612 2818 2682 2874 de
2702 2820 2836 2874 Jesu
2861 2819 3469 2890 opinionemimbibit,
3501 2819 3746 2890 perinde

2098 2909 2267 2980 quasi
2300 2908 2568 2963 Christus
2600 2913 2774 2964 esset.
2808 2908 3104 2964 Persuade
3137 2908 3314 2980 igitur
3340 2907 3747 2977 omnibus,qui

2097 2999 2246 3053 festo
2285 2999 2525 3054 Pascha:
2557 2999 2651 3054 die
2677 2999 2792 3054 huc
2822 2999 3200 3065 conveniunt,
3234 3004 3298 3053 ut
3324 2999 3395 3053 de
3424 2999 3560 3053 Jesu
3590 3005 3748 3052 recte

2097 3086 2376 3142 sentiant.
2412 3086 2537 3142 Tibi
2568 3087 2728 3142 enim
2751 3103 2958 3142 omnes
2981 3087 3158 3143 ﬁdem
3183 3087 3472 3142 habemus
3496 3103 3510 3152 ;
3539 3091 3746 3140 etcum

2096 3177 2370 3232 universo
2401 3176 2620 3248 populo
2650 3177 2760 3232 hoc
2780 3177 2886 3231 tibi
2911 3177 3316 3233 testimonium
3340 3176 3748 3247 perhibemus,

336 3282 427 3314 σαν
458 3261 549 3314 οὖν
600 3261 652 3314 οἱ
708 3263 1099 3336 προειρημένοι
1147 3269 1496 3338 Γραμματεῖς
1546 3265 1636 3319 καὶ
1696 3271 1984 3340 Φαρισαῖοι

2099 3267 2496 3338 justissimum
2527 3271 2583 3321 te
2613 3267 2804 3322 virum
2841 3285 2994 3336 esse,
3027 3286 3135 3323 nec
3157 3268 3344 3323 ullum
3369 3266 3525 3338 apud
3555 3271 3606 3321 te
3621 3282 3751 3337 per-

330 3350 419 3404 τὸν
449 3347 706 3404 Ἰάκωϐον
741 3348 828 3404 ἐπὶ
871 3351 933 3405 τὸ
993 3353 1284 3428 πτερύγιον
1344 3375 1442 3409 του
1493 3359 1648 3425 ναοῦ,
1696 3356 1785 3410 καὶ
1835 3353 1987 3430 ἔκραο

407 3517 514 3588 (29)
557 3514 652 3569 Δια
714 3515 776 3569 τὸ
834 3514 914 3593 ᾀεῖ
975 3515 1243 3593 κάμπτειν
1306 3517 1603 3593 ἐπῖᾃγόνυ.
1667 3522 1804 3576 Dum
1879 3539 1985 3593 p0-

337 3595 572 3664 stremm
600 3604 770 3664 voces
802 3589 1017 3664 absunt
1043 3590 1300 3664 a_c_odice
1328 3589 1496 3658 Fuki,
1532 3598 1590 3646 et
1610 3593 1768 3664 apud
1818 3589 1983 3649 Nice-

380 3660 611 3713 horum.
647 3661 861 3713 Verum
897 3661 958 3713 in
999 3661 1199 3715 codice
1233 3664 1369 3717 Μαι.
1404 3679 1472 3716 ac
1507 3660 1665 3717 Med:
1689 3670 1846 3719 totus
1894 3666 1987 3720 hic

336 3730 500 3807 locus
525 3731 615 3807 ita
639 3730 898 3807 legitur:
934 3731 1040 3784 Αιὰ
1067 3731 1130 3785 τὸ
1163 3731 1243 3784 ἀεὶ
1277 3732 1544 3805 κάμπτειν
1577 3739 1988 3807 προσκυνοῦντα

336 3805 414 3870 τῷ
447 3804 561 3871 Θεῷ
598 3800 664 3852 τὰ
695 3800 916 3869 γόνατα.

408 3869 858 3940 (3Ο)ἺἘκαλεῖτο
942 3871 1154 3933 Δίκαιος
1239 3872 1327 3926 καὶ
1407 3869 1650 3935 Ὠϐλίας.
1712 3876 1987 3931 Nicolaus

334 3945 603 3998 Fuilerus
631 3945 690 3998 in
732 3944 832 3999 lib.
867 3960 924 3996 Ill
957 3946 1428 4000 Miscellaneormn
1472 3963 1778 4009 sacrorum,
1829 3949 1986 4002 hunc

335 4016 532 4088 locum
565 4016 650 4088 sic
683 4016 997 4088 emendat:
1030 4015 1313 4069 Ἐκαλεῖτο
1345 4013 1551 4088 Σαθδὶκ
1578 4019 1666 4070 καὶ
1725 4018 1984 4088 Ὡζλιὰμ,

335 4085 364 4139 6'
386 4083 526 4139 ἐστιν
561 4085 787 4149 δίκαιος,
821 4087 909 4138 καὶ
941 4096 1180 4157 περιυχή
1211 4091 1307 4140 τοῦ
1339 4086 1495 4142 λαοῦ.
1529 4092 1715 4153 Quam
1767 4083 1985 4145 doctis;

336 4158 468 4212 simi
499 4159 606 4242 Eiri
631 4158 1385 4242 emendationemlibenter
1409 4161 1985 4242 amplector.Tamen

337 4246 471 4283 cum
499 4230 860 4300 Epiphanius
893 4230 950 4282 in
985 4231 1193 4285 hmresi
1217 4235 1308 4299 78,
1335 4238 1390 4285 et
1413 4230 1609 4287 Jovius
1631 4235 1983 4299 monachus,

333 4316 509 4424 gnem
543 4301 710 4372 vulgo
746 4301 899 4356 male
929 4301 1161 4356 Jobium
1196 4309 1422 4370 vocant,
1448 4305 1729 4358 Jacobum
1753 4304 1982 4359 Obliam

376 4372 555 4424 ictum
581 4389 707 4424 esse
734 4375 1364 4424 testentur.retinenda
1387 4382 1477 4424 est
1497 4376 1752 4424 vulgaris
1775 4375 1980 4424 lectio:

376 4372 555 4448 ictum
581 4389 707 4426 esse
734 4375 1364 4448 testentur,ret_inenda
1387 4382 1477 4429 est
1497 4376 1757 4448 vulgaris
1773 4375 1980 4440 lectio;

335 4444 587 4518 maxime
615 4460 748 4518 cum
769 4443 1017 4518 iOphlias
1051 4445 1331 4500 Hebraice
1364 4463 1558 4501 arcem
1584 4443 1787 4518 populi
1811 4448 1985 4517 signi-

336 4515 486 4590 ticet.
533 4515 646 4570 Sed
679 4521 734 4569 et
766 4515 1010 4569 Rufinus
1042 4522 1217 4586 atque
1268 4515 1633 4588 Nicephorus
1666 4515 1981 4590 uulgatum

336 4585 649 4640 lectionem
683 4592 946 4640 tuentur.

406 4658 512 4731 (31)
551 4659 676 4711 Τῶν
705 4657 860 4731 ἑπτὰ
893 4652 1242 4731 αἱρέσεων...
1299 4662 1406 4712 τῶν
1477 4669 1976 4731 προγεγραμμὲνων

337 4749 455 4803 μοιἸ
490 4730 671 4803 Locus
701 4729 1030 4803 Hegesippi,
1064 4729 1123 4782 in
1151 4747 1266 4798 quo
1287 4731 1356 4784 de
1384 4729 1609 4802 septem
1631 4733 1978 4803 Judaicipo-

333 4801 459 4871 puli
492 4801 669 4853 sectis
700 4817 761 4854 se
791 4801 1101 4870 scripsisse
1132 4806 1403 4868 testatur,
1438 4809 1630 4857 exstat
1660 4805 1720 4858 in
1752 4801 1902 4858 libro
1925 4821 1982 4858 ιν

332 4872 568 4926 Eusebii
597 4872 811 4946 nostri,
845 4888 972 4946 cap.
1003 4874 1090 4924 2'2.
1134 4872 1220 4926 Ad
1253 4890 1430 4941 quem
1462 4874 1682 4942 locum,
1717 4877 1834 4930 Deo
1877 4875 1980 4946 ju-

332 4949 524 5009 vante,
551 4943 725 5015 plura
756 4942 965 5015 dicturi
1003 4959 1208 5015 sumus
1239 4945 1310 4997 de
1342 4951 1568 5015 septem
1602 4946 1720 5000 illis
1779 4942 1975 5001 sectis.

405 4960 524 5009 nte,
599 4960 725 4996 Iura
756 4960 965 4995 moturi
1003 4960 1208 4997 sumus
1239 4960 1310 4997 ue
1342 4960 1568 5015 septem
1602 4960 1720 5000 llllS
1779 4960 1975 5001 sectis.

403 5016 508 5082 (32)
540 4960 635 5073 νΡίς
666 5014 700 5080 ἡ
737 5011 868 5085 θύρα
898 5015 994 5065 τοῦ
1028 5013 1224 5079 Ἰησοῦ.
1269 5017 1495 5070 Ostium
1555 5017 1664 5071 hoc
1714 5017 1846 5072 loco
1892 5025 1979 5073 est

329 5086 714 5146 introductio.
759 5102 862 5138 seu
890 5085 1182 5139 institutio
1214 5093 1391 5156 atque
1422 5088 1697 5144 initiatio.
1751 5090 1977 5144 Ostium

327 5157 505 5227 igitur
535 5157 752 5211 Christi
786 5156 935 5210 nihil
967 5163 1056 5209 est
1093 5157 1273 5223 aliud,
1309 5175 1486 5227 quam
1521 5160 1667 5214 fides
1698 5161 1759 5214 in
1791 5161 1974 5215 Deum

326 5229 582 5295 Patrem,
617 5232 674 5282 et
704 5228 765 5280 in
800 5227 1126 5298 Filium,ac
1158 5228 1439 5298 Spiritum
1463 5232 1842 5285 sanctum.De
1867 5232 1980 5287 hoc

327 5300 475 5352 ostio
502 5299 720 5353 dicitur
745 5299 805 5352 in
835 5297 1119 5353 Psalmis:
1177 5297 1294 5353 Hec
1325 5307 1400 5354 est
1439 5308 1605 5370 porta
1657 5303 1894 5370 Domini,
1927 5310 1980 5357 et

316 5371 462 5438 justi
493 5371 779 5442 intrabunt
803 5387 906 5437 per
936 5371 1419 5442 eam.utexplicat
1439 5372 1714 5427 Clemens
1745 5373 1806 5426 in
1825 5373 1977 5429 libro

324 5454 376 5492 VI
407 5441 806 5514 Στρωματὲων.
841 5441 1146 5514 Εῐῄοδιῇιιω
1165 5442 1405 5510 quidem
1435 5444 1675 5498 Joannis
1704 5445 1976 5514 Baptistae

325 5517 452 5564 erat
482 5511 830 5580 pmnitentia
857 5527 869 5575 ;
900 5512 1115 5565 Christi
1148 5530 1282 5567 vero
1316 5514 1533 5568 ostium
1567 5521 1653 5569 est
1699 5511 1974 5572 remissio

325 5589 726 5669 peccatorum,
759 5597 892 5669 ’quze
925 5582 990 5634 fit
1018 5599 1126 5669 per
1153 5584 1535 5669 baptismum.

401 5655 510 5722 (33)
542 5651 655 5706 Οὐκ
685 5650 964 5704 ἐπίστευον
996 5650 1118 5706 οἶύτε
1151 5650 1457 5710 ἁνᾶστασιν.
1508 5655 1655 5710 Male
1702 5658 1972 5725 Ruﬁnus,

332 5740 585 5798 eumque
663 5729 900 5798 secutus
935 5794 951 5798 _
991 5725 1559 5798 Christ0phorsonus
1617 5728 1806 5795 vertit,
1863 5746 1974 5784 non

331 5792 702 5868 crediderunt,
735 5792 906 5868 quasi
934 5792 1251 5869 legeretur}
1284 5795 1383 5853 οὐκ
1413 5795 1744 5854 ἐπίστευσαν.
1779 5792 1974 5872 Longe

2098 3373 2381 3413 sonarum
2415 3356 2737 3412 discrimen
2761 3357 3236 3413 valere.Proinde
3257 3356 3415 3428 plebi
3433 3354 3745 3428 persuade,

2093 3518 2309 3574 melius
2341 3517 2639 3572 Musculus
2671 3518 2863 3582 vertit,
2895 3534 3007 3572 non
3039 3519 3288 3573 credunt.
3346 3518 3492 3572 Nam
3544 3519 3743 3573 Graaca

2091 3607 2200 3644 vox
2231 3590 2384 3644 hanc
2415 3589 2590 3644 habet
2611 3589 3128 3660 signiﬁcationem.
3153 3589 3386 3644 Falsum
3410 3595 3610 3644 tamen
3633 3595 3742 3657 est,

2093 3677 2194 3716 eas
2254 3667 2444 3716 sectas
2503 3677 2623 3714 non
2681 3660 2941 3715 credisse
3018 3661 3540 3716 resurrectionem.
3597 3661 3741 3714 Nam

2090 3732 2374 3788 Pharisaai
2408 3748 2539 3786 eam
2571 3731 2912 3786 credebant.

2163 3805 2272 3872 (34)
2324 3803 2492 3872 ῨὋσοι
2559 3797 2617 3854 δὲ
2685 3800 2775 3854 καὶ
2845 3800 3184 3868 ἐπίστευσαν,
3279 3798 3368 3856 διὰ
3464 3793 3742 3857 Ἰάκωϐον.

2094 3871 2212 3928 Vox
2247 3871 2559 3945 ἐπίστευσαν
2603 3873 2817 3927 iterum
2843 3873 3164 3945 repetenda
3187 3881 3307 3940 est;
3329 3874 3488 3944 quod
3520 3872 3748 3944 virgula

2092 3947 2216 4012 illa,
2250 3962 2380 4016 qua)
2412 3944 2473 3998 in
2505 3944 2926 4016 manuscriptis
2956 3945 3133 3999 etiam
3159 3945 3462 4000 codicibus
3511 3945 3746 4016 appicta

2093 4023 2200 4083 est,
2225 4017 2366 4071 satis
2389 4015 2670 4070 declarat.
2699 4018 2760 4070 ln
2790 4015 3190 4071 vetustissimo
3230 4017 3431 4071 codice
3457 4015 3744 4071 Mazarine

2093 4095 2224 4160 post
2253 4085 2565 4160 ἐπίστευσαν
2589 4093 2886 4160 punctum
2917 4089 3241 4158 ascriptum
3291 4095 3382 4160 est
3437 4088 3510 4143 ad
3558 4087 3740 4160 pedes

2091 4158 2326 4248 litteras,
2361 4159 2521 4248 quod
2548 4159 2787 4248 virgulaa
2818 4165 3035 4248 nostrae
3065 4158 3384 4248 respondet
3401 4177 3420 4248 ¹;
3454 4165 3512 4214 et
3542 4158 3739 4248 Grlzepe

2092 4230 2332 4302 quidem
2366 4236 2604 4285 vocatur
2634 4229 2976 4304 ὑποστιγμή,
3010 4247 3044 4285 a
3075 4229 3296 4286 Latinis
3319 4237 3517 4285 autem
3542 4229 3741 4284 subdi-

2093 4303 2353 4357 stinctio.

2163 4376 2270 4442 (35)
2303 4377 2473 4425 Πᾶσαι
2505 4369 2771 4444 αἱφολαῐ,
2808 4374 2940 4427 Haec
2999 4374 3140 4428 item
3200 4374 3498 4429 immerito
3552 4374 3742 4444 carpit

2093 4445 2370 4516 Scaliger,
2395 4444 2662 4516 scribens
2689 4465 2716 4492 «
2742 4443 2888 4516 duas
2912 4451 3138 4500 tantum
3166 4451 3303 4501 tunc
3328 4446 3518 4501 tribus
3537 4445 3743 4510 fuisse,

2092 4514 2403 4588 Benjamin
2429 4521 2491 4588 et
2507 4514 2673 4588 Juda.
2701 4535 2729 4564 »
2772 4515 2904 4583 Sed,
2937 4523 3003 4570 ut
3031 4523 3189 4572 recte
3220 4525 3427 4573 monet
3471 4517 3738 4582 Grabius,

2094 4585 2418 4661 quomodo
2451 4585 2834 4657 Hegesippus,
2868 4603 2936 4641 eo
2968 4587 3110 4643 item
3170 4591 3388 4644 Paulus
3436 4587 3741 4661 apostolus

2092 4658 2355 4729 loquitur
2386 4661 2509 4712 Act.
2542 4673 2695 4720 xxvx,
2730 4661 2782 4726 7,
2843 4674 3180 4714 memorans
3229 4658 3514 4716 duodecim
3567 4659 3739 4713 tribus

2090 4737 2247 4785 nocte
2275 4745 2340 4784 ar
2367 4731 2455 4783 die
2483 4729 2840 4801 deservientes
2869 4731 2928 4782 in
2957 4745 3105 4798 spem
3152 4732 3593 4801 repromissionis
3644 4732 3740 4797 fa-

2091 4809 2235 4855 ctam
2265 4818 2298 4854 a
2329 4802 2454 4854 Deo.
2491 4799 2740 4854 Sanctus
2762 4816 2997 4870 quoque
3017 4799 3266 4857 Jacobus
3287 4801 3740 4858 suaminseribit

2091 4871 2416 4953 Epistolam
2433 4871 2726 4953 duodecim
2752 4871 3357 4953 tribubusquwsuptin
3379 4875 3736 4953 dispersione,

2092 4943 2216 5012 1,7l.
2251 4943 2479 4997 Videsis
2511 4943 2570 4995 in
2602 4943 2751 4995 hanc
2785 4943 3163 5010 sententiam,
3194 4943 3738 5000 Calmetidisserta-

2091 5017 2314 5070 tionem
2348 5015 2420 5069 ad
2451 5013 2838 5077 Ezechielem,
2874 5015 2948 5067 De
2975 5013 3156 5068 reditu
3187 5017 3364 5068 decem
3407 5015 3664 5068 tribuum.

2159 5089 2273 5157 (36')
2308 5085 2456 5141 Μετὰ
2485 5085 2712 5157 καὶτῶν
2749 5082 2928 5157 ἐθνῶν.
2980 5086 3183 5140 Merito
3233 5086 3595 5156 Scaligerum
3645 5083 3741 5138 hic

2091 5156 2477 5230 reprehendit
2528 5156 2846 5230 Dionysius
2893 5158 3203 5230 Petavius,
3241 5158 3737 5230 quodinegasset,

2093 5227 2330 5302 lic—uisse
2349 5228 2452 5283 ulli
2471 5227 2675 5302 gentili
2698 5227 2981 5302 interesse
2998 5229 3162 5284 festis
3180 5229 3387 5284 diebus
3402 5227 3740 5302 Judaeorum

2091 5297 2236 5356 Nam
2269 5297 2493 5372 praeter
2512 5299 2710 5372 locum
2741 5297 2934 5364 illum,
2971 5317 3147 5372 quem
3175 5302 3315 5356 citat
3362 5298 3737 5372 Petavius_ex

2090 5368 2404 5444 Evangelio
2432 5371 2676 5444 Joannis
2707 5386 2956 5444 cap.‘_xu.
2989 5368 3248 5443 plurima
3276 5373 3602 5444 suppetunt
3639 5368 3737 5422 Jo-

2096 5441 2272 5514 sephi‘
2300 5443 2657 5515 testimonia,
2694 5458 2724 5515 e
2752 5441 2966 5515 quibus
2994 5441 3304 5509 discimus,
3327 5441 3736 5515 gentilesiazy-

2091 5511 2324 5570 morum
2358 5513 2717 5569 solemnitati
2749 5512 2962 5583 saepius
2994 5511 3532 5571 interfuisse—Certe
3557 5511 3738 5583 Vitel-

2090 5586 2207 5640 lius
2231 5587 2463 5658 legatus
2491 5585 2672 5658 Syriaa
2696 5582 2846 5658 festo
2868 5586 3105 5658 Paschaa
3128 5588 3433 5658 ingressus
3483 5588 3572 5658 est
3602 5582 3738 5658 Hie-

2089 5655 3084 5727 rosolyina.eta]udwishonoriﬁce
3109 5655 3409 5728 exceptus,
3442 5655 3737 5728 utlegitur

2089 5729 2153 5812 inn
2186 5723 2288 5812 lib“
2321 5745 2454 5812 imp
2487 5730 2776 5812 Originum
2803 5728 3183 5812 Iudaicarum,
3217 5723 3438 5812 capre.
3470 5723 3634 5784 Idem
3664 5723 3736 5780 de

2090 5798 2386 5866 Quadrato
2417 5797 2609 5877 legato
2643 5799 2824 5872 Syriae
2853 5799 2917 5858 in
2946 5799 3051 5861 lib.
3082 5797 3410 5861 n'scribit.
