1874 3070
38 190 1679 233 ᾖ

508 301 1226 384 PROLEGOMENA

68 545 380 593 VETERUM
427 547 807 597 TESTIMONIA
844 551 920 595 DE
959 552 1006 596 S.
1047 552 1286 599 IGNATII
1328 555 1643 604 EPISTOLIS

317 711 474 743 ε(ῦθ11ωᾶ.,
489 711 603 737 Veterum
614 712 719 738 Parum
730 711 854 745 Bibliollt.,
870 717 887 738 t.
904 713 923 745 l,
937 713 1050 739 Venetiis
1063 714 1132 746 H65,
1145 716 1170 740 in
1191 716 1234 742 fol.
1246 724 1303 749 pag.
1317 718 1384 750 245.)

847 776 868 804 Ι.

513 842 683 872 Potrcurus
697 843 785 879 Epist.
803 845 837 872 ad
849 844 1045 880 Philippenses,
1066 853 1124 880 cap.
1138 846 1183 875 i5.

152 902 263 931 Yensro
284 902 403 931 Rurm.

50 980 154 1009 litum
173 981 255 1009 vobis
276 986 306 1009 et
327 981 432 1017 lgnatii
448 982 548 1017 episto-

20 1026 67 1062 las,
79 1033 107 1055 et
120 1028 190 1055 alias
212 1028 236 1055 si
254 1035 321 1063 qua!
345 1032 424 1061 sunt,
438 1035 501 1063 quae
514 1028 548 1055 ad

22 1084 67 1104 nos
86 1077 261 1104 transmissae
284 1081 373 1110 sunt;
388 1084 425 1104 ex
446 1077 548 1112 quibus

22 1123 158 1151 utilitatem
170 1124 324 1151 maximam
336 1123 472 1158 capiatis:
483 1131 548 1151 con-

23 1173 102 1198 tinent
121 1171 193 1198 enim
217 1171 253 1199 de
275 1171 336 1198 ﬁde
363 1175 393 1198 et
415 1171 548 1206 patientia

24 1217 219 1245 instructionem
239 1216 405 1252 perfectam
411 1235 420 1250 ,
446 1223 547 1245 secun-

26 1266 81 1291 dum
95 1264 198 1293 Domini
211 1268 408 1301 praeceptum.

589 903 631 932 Ex
663 903 772 932 Eusean
805 904 875 932 llist.
903 903 976 933 Eccl.
999 905 1046 932 tib.
1071 913 1114 938 ιιι,

779 947 838 974 cap.
858 939 902 968 56.

619 987 675 1019 Τὰς
684 988 829 1020 ἐπιστολὰς
841 987 971 1023 Ἰγνατίου
983 988 1033 1019 τὰς
1043 996 1113 1024 πεμη

584 1032 698 1068 φθείσας
715 1034 779 1069 ἡμῖν
793 1034 838 1060 ὑπ’
851 1033 945 1066 αὑτοῦ,
961 1034 1008 1060 καὶ
1026 1033 1110 1066 ἄλλας

583 1079 649 1111 ὅσας
664 1078 773 1114 εἴχομεν
785 1080 849 1114 παρ’
859 1079 934 1114 ἡμῖν,
945 1078 1108 1114 ἐπέμψαμεν

585 1124 659 1160 ὑμῖν,
677 1123 769 1156 καθὼς
788 1123 973 1150 ἐνετείλασοε”
990 1123 1020 1150 αῖ
1036 1131 1109 1156 τινες

584 1169 801 1205 ὑποτεταγμέναι
829 1170 883 1196 εἶσὶ
911 1170 945 1204 τῇ
979 1169 1108 1204 ἐπιστολῇ

583 1215 679 1252 ταύτῃ.
697 1215 742 1248 Ἐξ
756 1213 794 1242 ὦν
811 1215 916 1251 μεγάλα
932 1214 1108 1250 ὠφεληθῆναι

582 1259 743 1295 δυνήσεσθε·
759 1259 918 1296 περιέχουσι
938 1259 994 1295 γὰρ
1016 1259 1108 1286 πίστιν

580 1307 628 1333 καὶ
646 1305 794 1342 ὑπομονὴν,
820 1305 868 1332 καὶ
890 1305 980 1332 πᾶσαν
1002 1304 1105 1332 οἰκοδο-

582 1351 647 1387 μὴν,
663 1351 713 1387 τὴν
727 1352 767 1383 εἰς
776 1350 823 1378 τὸν
832 1350 935 1387 Κύριον
949 1351 1028 1387 ἡμῶν
1039 1351 1107 1386 ἀνή-

581 1406 629 1424 κου
633 1406 681 1424 σαν
685 1418 692 1425 .

1259 907 1362 936 \‘nasro
1382 906 1416 936 H.
1438 908 1558 937 VALE-35H.

1184 987 1320 1024 Epistolas
1335 996 1430 1016 omnes
1443 989 1539 1022 lgnatii
1556 996 1622 1024 quas
1635 990 1668 1016 ad

1146 1042 1190 1062 me
1198 1035 1317 1070 scripsit,
1329 1040 1356 1063 et
1367 1043 1545 1070 quascunque
1557 1035 1667 1063 demum

1144 1079 1215 1114 apud
1225 1087 1274 1107 nos
1283 1080 1402 1115 reperire
1413 1080 1667 1115 potuimus,quem-

1145 1123 1292 1152 admodum
1302 1125 1382 1153 nobis
1392 1125 1554 1159 mandastis,
1564 1125 1597 1153 ad
1617 1134 1667 1153 vos

1144 1171 1290 1205 misimus;
1306 1180 1377 1207 quas
1393 1172 1504 1208 quidem
1526 1173 1591 1200 huic
1609 1173 1667 1207 epi-

1144 1216 1220 1244 stolae
1231 1217 1410 1252 subjecimus.
1427 1218 1466 1246 Ex
1487 1219 1522 1247 iis
1537 1227 1664 1254 magnam

1143 1260 1290 1288 utilitatem
1302 1262 1444 1296 percipere
1457 1263 1535 1290 vobis
1551 1263 1641 1290 licebit
1655 1272 1662 1296 ;

1142 1306 1284 1334 con'.inent
1301 1307 1374 1334 enim
1391 1307 1482 1341 Iidem,
1503 1309 1664 1343 patientiam

1142 1357 1170 1380 ct
1178 1358 1274 1381 caetera
1283 1362 1344 1389 qua:
1352 1355 1385 1382 ad
1392 1356 1546 1391 angcndum
1555 1356 1663 1384 Domini

1143 1399 1233 1428 nostri
1245 1399 1348 1427 cultum
1362 1400 1508 1435 pertinent.

543 1501 665 1530 Ιιιειιεευε
677 1501 723 1530 tib.
739 1511 757 1531 ν
770 1502 874 1531 Contra
888 1503 1018 1535 haereses,
1033 1509 1092 1537 cap.
1103 1501 1150 1530 ξε.

137 1562 225 1592 Verus
242 1563 418 1592 Insanus.

56 1641 285 1675 Quemadmodum
307 1642 428 1678 quidam
442 1641 476 1670 de
490 1649 543 1670 no-
559 1632 562 1635 Δ

581 1561 624 1589 Ex
635 1561 748 1590 EUSEBII
764 1561 919 1626 Hisggiccl.
933 1562 981 1590 lib.
995 1569 1105 1596 ut,cap.

621 1643 666 1675 Ὧς
688 1641 750 1671 εἶπὲ
771 1652 812 1676 τις
828 1643 883 1670 τῶν
902 1642 1044 1680 ἡμετέρων
1060 1642 1104 1669 διὰ

27 1687 81 1713 uris
94 1687 170 1719 dixit,
190 1693 305 1723 propter
324 1687 494 1723 martyrium
512 1687 540 1715 in
577 1689 626 1726 τὴν
640 1690 708 1726 πρὸς
717 1690 767 1717 θεδ

357 1687 494 1723 artyrium
512 1687 540 1715 in
577 1689 626 1726 τὴν
640 1690 708 1726 πρὸς
717 1690 782 1717 Θεὸν
798 1690 948 1726 μαρτυρίαν
967 1697 1097 1724 κατακρι-

28 1730 101 1759 Deum
130 1734 304 1768 adjudicatus
340 1734 378 1761 ad
412 1733 540 1761 bestias:
578 1736 635 1768 θεὶς
655 1736 723 1772 apo;
741 1736 768 1762 θτ

360 1734 378 1761 d
412 1733 516 1761 bestias
532 1743 540 1761 :
578 1736 635 1768 θεὶς
655 1736 723 1772 πρδς
741 1736 832 1771 θηρία·
853 1736 914 1763 Ὅτι
938 1735 1024 1769 σῖτός
1041 1736 1099 1770 ειμι

27 1779 149 1811 Quoniam
159 1782 324 1816 frumentum
345 1789 407 1808 sum
429 1780 539 1814 Christi,

580 1784 664 1816 Θεοῦ,
674 1783 722 1811 καὶ
733 1782 770 1809 δι’
779 1781 910 1809 ὀδόντων
917 1781 1102 1816 θηριων-ἀλή-

27 1833 46 1852 ει
64 1836 106 1861 per
129 1828 212 1856 dentes
233 1828 384 1855 bestiarum
400 1827 496 1861 molar,
512 1833 542 1855 ut
579 1832 680 1865 θομαι,
709 1830 760 1857 ἵνα

361 1836 384 1854 ut
400 1827 496 1861 molor,
512 1833 542 1855 ut
579 1832 680 1865 θομαι,
709 1830 760 1857 ἵνα
785 1828 914 1863 καθαρὸς
937 1828 1026 1863 ἄρτος
1051 1830 1101 1857 εύ-

29 1875 132 1902 mandus
143 1876 217 1910 panis
232 1876 284 1904 Dei
297 1875 434 1904 inveniar.

571 1876 660 1910 ρεθῶ.

820 1981 864 2010 ΙΙΙ.

1250 1559 1354 1588 Vsasm
1371 1558 1405 1587 H.
1429 1558 1550 1587 VALISH.

1175 1641 1413 1676 Quemadmodum
1445 1641 1548 1670 dixisse
1574 1641 1661 1670 fertur

1135 1691 1247 1726 quidam
1262 1699 1277 1719 e
1287 1692 1400 1726 nostris,
1417 1692 1451 1719 ob
1463 1691 1564 1719 Christi
1579 1692 1659 1719 tidem

1136 1739 1283 1767 damnatus
1297 1739 1331 1766 ad
1348 1739 1449 1767 bestias
1461 1747 1468 1765 :
1483 1739 1660 1766 Frumentum

1137 1793 1183 1820 ego
1198 1793 1258 1811 sum
1276 1784 1335 1818 Dei,
1352 1790 1376 1812 et
1392 1785 1512 1820 ferarum
1536 1786 1659 1813 dentibus

1138 1829 1224 1857 motor
1235 1837 1314 1866 atque
1333 1831 1508 1865 comminuor,
1530 1838 1558 1859 ut
1581 1834 1658 1867 panis

1139 1875 1252 1904 mundus
1268 1877 1375 1912 eﬂiciar.
1400 1876 1486 1912 Epist.
1510 1879 1542 1906 ad
1563 1878 1657 1913 Rom.,

1133 1931 1195 1959 cap.
1211 1924 1238 1951 4.

30 2031 188 2060 Τιιεοινιιιιις
200 2032 410 2062 Aariocnnttns,
433 2032 463 2055 ut
480 2028 577 2063 fertur,
599 2027 753 2056 Comment.
775 2028 802 2055 in
815 2035 887 2056 sacr.
900 2033 978 2063 quat.
993 2027 1123 2063 Evangel.
1148 2027 1190 2054 Ex
1207 2027 1272 2054 edit.
1289 2026 1416 2054 Bibtiutli.
1431 2026 1543 2054 Patrum
1564 2028 1653 2055 Paris.

721 2063 801 2096 1644,
817 2070 880 2090 tam.
893 2063 914 2095 l,
933 2071 994 2098 pag.
1006 2063 1074 2095 450,
1085 2063 1119 2091 Α.

58 2127 121 2154 Cum
134 2134 198 2156 met
211 2129 375 2163 despumato
386 2132 476 2154 mater
490 2127 548 2160 ejus
566 2125 666 2152 Maria.
684 2124 776 2158 Quare
791 2132 846 2152 non
861 2132 894 2152 ex
913 2124 1030 2160 simplici
1049 2124 1173 2160 virgine,
1195 2123 1244 2152 sed
1260 2132 1293 2151 ex
1308 2124 1474 2160 desponsata
1499 2124 1654 2158 concipitur

29 2177 162 2206 Christus?
180 2178 287 2212 Primo,
306 2183 338 2206 ut
360 2185 412 2213 per
428 2176 634 2212 generationem
658 2173 761 2210 Joseph
784 2175 862 2210 origo
890 2173 982 2201 Mariae
1004 2179 1226 2208 monstraretur;
1245 2172 1377 2204 secundo,
1395 2179 1429 2198 ne
1454 2171 1623 2205 lapidaretur
1637 2178 1653 2197 a

32 2223 123 2252 ludatis
136 2230 166 2253 ut
179 2226 323 2259 adultera;
341 2225 437 2259 tertio,
453 2228 483 2252 ut
501 2224 528 2251 in
544 2223 694 2258 [Egyptum
708 2222 816 2257 fugiens
829 2222 942 2250 haberet
954 2222 1082 2250 solatium
1103 2222 1171 2255 viri;
1187 2225 1298 2256 quarto,
1320 2224 1350 2247 ut
1364 2224 1460 2254 partus
1473 2219 1533 2253 ejus
1547 2218 1654 2245 falleret

29 2270 167 2304 diabolum,
183 2277 326 2307 putantem
340 2271 437 2300 Jesum
452 2272 485 2299 de
500 2274 627 2304 umrata,
639 2277 695 2298 non
713 2270 748 2297 de
758 2268 869 2304 Virgine
881 2273 986 2296 natum.
999 2269 1087 2304 Epist.
1102 2269 1136 2296 ad
1145 2268 1242 2303 Ephes.
1255 2275 1316 2303 cap.
1331 2268 1374 2295 i9.
1389 2267 1454 2295 Vide
1467 2267 1540 2302 infra
1555 2266 1652 2293 lliero-

29 2318 92 2352 ψιιὶ
104 2319 292 2346 testimonium.

813 2360 858 2388 IV.

106 2411 250 2444 Ostanes,
266 2410 377 2445 Prolog.
395 2409 423 2436 in
436 2409 540 2436 Cantic.
559 2409 693 2437 eanticor.
709 2408 753 2436 Ea:
765 2410 863 2436 novisr.
875 2407 933 2435 ΒΒ.
948 2407 1038 2434 Paris.
1053 2406 1117 2433 edit.
1134 2405 1215 2439 1740,
1232 2411 1294 2433 tam.
1308 2404 1351 2438 Ill,
1363 2413 1424 2440 pag.
1437 2402 1484 2434 50,
1496 2403 1529 2431 D.

58 2471 159 2499 Memini
175 2471 297 2506 aliquem
309 2472 475 2497 sanctorum
489 2467 603 2500 dixisse,
621 2466 758 2502 lgnatium
774 2466 897 2498 nomine,
916 2465 950 2492 de
968 2463 1078 2492 Christo
1095 2471 1101 2489 :
1122 2463 1196 2490 Meus
1218 2468 1307 2490 autent
1327 2469 1404 2488 amor
1423 2461 1567 2495 cruciﬁxus
1591 2466 1648 2492 est,

28 2524 72 2545 nec
82 2517 237 2552 reprehendi
250 2524 316 2544 eum
330 2524 384 2551 pro
395 2517 450 2544 hoc
460 2516 574 2552 dignum
586 2516 690 2551 judico.
708 2515 795 2550 Epist.
808 2515 842 2542 ad
859 2515 946 2547 Rom,
960 2522 1019 2547 cap.
1034 2512 1059 2540 7.

187 2573 265 2605 lusu,
280 2571 377 2599 homit.
392 2570 459 2598 Vtin
473 2569 588 2604 Lucam,
604 2570 682 2604 ibid.,
694 2579 754 2606 pag.
771 2570 841 2606 958,
858 2570 892 2597 A.
910 2569 1002 2596 erca
1015 2576 1049 2595 ex
1063 2568 1164 2596 schedia
1178 2569 1273 2596 Gnann
1296 2567 1439 2602 descripta.

56 2631 145 2666 Καλῶς
159 2636 187 2661 ὲν
205 2635 255 2670 μιᾷ
272 2633 329 2660 τῶν
349 2632 490 2668 μάρτυρός
503 2641 575 2664 τινος
594 2631 743 2659 ἐπιστολῶν
761 2631 806 2666 γέ-

34 2688 135 2714 ίρςιπται
147 2680 204 2717 [τὸν
223 2680 356 2715 Ἰγνάτιον
370 2677 454 2712 λέγω,
473 2677 519 2705 τὺν
534 2677 602 2713 μετὰ
609 2678 655 2704 τὸν
671 2677 804 2713 μακάριον

29 2727 114 2762 Πέτρον
122 2727 171 2762 τῆν⁴
185 2725 353 2762 Ἀντιοχείας
363 2725 492 2760 δεύτερον
502 2724 660 2756 ἐπίσκοπον,
671 2723 716 2750 τὸν
729 2724 758 2749 ὲν
764 2723 804 2758 τῷ

30 2774 122 2809 smpti)
135 2775 162 2800 ὲν
181 2773 277 2809 Ῥώμῃ
286 2771 397 2808 θηρίοις
410 2770 615 2806 μαχησάμενον]
626 2779 632 2785 ·
650 2770 704 2797 Kal
714 2770 804 2797 ἔλαθε

31 2818 72 2845 ter
85 2820 207 2856 ἄρχοντα
222 2819 277 2846 τοῦ
289 2818 402 2851 αἰῶνος
418 2817 527 2845 τούτου
549 2817 568 2852 ἡ
582 2816 726 2851 παρθενία
740 2817 801 2844 Μα-

29 2875 87 2900 ραις-

165 2917 306 2947 Ρλτιιοι..
344 2914 394 2945 Gl
425 2911 463 2941 V.

857 2768 950 2804 gnavit
959 2768 993 2796 ad
1005 2767 1118 2803 bestias)

857 2869 915 2896 cup.
932 2860 975 2888 19.

858 2636 864 2654 ν
894 2629 1039 2666 Eleganter
1056 2629 1083 2656 in
1098 2637 1152 2656 una
1164 2629 1343 2664 epistolarum
1360 2629 1503 2666 cujusdam
1519 2631 1649 2666 martyris

859 2675 1004 2713 (lgnatium
1021 2676 1093 2709 dico,
1106 2676 1258 2703 secundum
1272 2681 1334 2711 post
1344 2676 1453 2704 beatum
1469 2676 1579 2703 Petrum
1592 2677 1648 2703 An~

859 2723 966 2750 tiochiae
981 2722 1151 2757 episcopum,
1164 2722 1211 2756 qui
1230 2722 1258 2749 in
1274 2723 1467 2757 persecutione
1484 2722 1577 2749 Burria:
1593 2730 1644 2756 pu-

1128 2776 1135 2801 ;
1153 2768 1288 2802 scriptum
1304 2773 1346 2796 est
1361 2777 1367 2796 :
1384 2769 1537 2804 Principem
1552 2769 1646 2798 saeculi

857 2815 936 2850 hujus
961 2815 1042 2842 latuit
1069 2813 1165 2842 Maria?
1188 2814 1339 2848 virginitas.
1368 2815 1454 2850 Epist.
1470 2815 1505 2843 ad
1532 2815 1645 2851 Ephes,

1471 2907 1487 2938 1
