1874 3070
234 171 264 212 ιι

379 274 480 301 Vensto
502 274 608 301 llurml.

265 351 316 377 Sed
338 355 365 377 et
390 351 416 377 in
438 355 530 377 nostra
553 357 662 385 quoque
679 354 746 376 tem-

227 402 292 429 pora
325 393 402 420 fama?
435 394 590 420 celebritate
620 393 745 427 vulgatus

226 440 357 475 lgnatius,
383 440 453 475 apud
481 440 654 467 Antiochiam
684 443 745 474 post

226 485 335 511 Petrum
352 485 471 511 secunda
491 483 667 511 successione
683 483 743 518 epi-

225 536 366 566 scopatum
380 531 494 563 sortitus
507 533 558 558 est.
579 529 665 562 Quem
686 537 743 557 ser-

225 585 269 603 mo
293 576 417 607 tradidit,
443 576 476 603 de
505 575 590 611 Syria:
619 576 741 610 partibus

224 624 256 649 ad
279 623 373 650 urbem
401 622 515 649 Romam
533 622 740 654 transmissum,

222 672 247 694 rt
263 675 312 702 pro
327 667 457 702 martyrio
472 666 573 693 Christi
589 666 622 693 ad
639 667 740 694 bestias

221 714 325 740 datum.
353 712 460 748 Quique
485 720 547 740 cum
573 720 623 747 per
646 712 739 739 Asiam

222 759 273 786 sub
292 758 418 786 custodia
439 758 591 792 navigaret,
617 757 740 792 singulas

221 814 344 841 quasque
359 806 516 841 digrediens
533 806 668 838 civitates,
689 805 739 832 Ec-

220 853 311 880 clesim
323 853 439 888 populos
455 852 618 887 evangelicis
638 852 738 879 cohor-

221 902 370 929 tationibus
390 902 520 929 edocebat
544 901 571 928 in
599 900 651 928 tide
675 908 736 935 per-

219 950 326 980 sistere,
343 953 369 975 et
380 948 526 975 observare
538 955 567 975 se
580 947 614 974 ab
632 947 739 974 hteretim

218 1003 313 1023 eorum
325 995 469 1030 contagiis,
483 995 529 1029 qui
542 998 607 1022 tunc
620 994 737 1028 primum

218 1042 357 1077 copiosius
381 1046 521 1076 cmperant
545 1041 690 1076 pullulare,
714 1045 741 1068 et

217 1093 247 1115 ut
261 1088 418 1123 diligentius
439 1095 471 1114 ac
485 1087 608 1114 tenacius
626 1090 740 1121 aposto-

218 1134 307 1161 lorum
333 1133 529 1164 traditiOnibus
553 1132 737 1165 inhzcrerent;

218 1188 287 1215 quas
301 1179 473 1210 traditiones,
483 1178 596 1206 cautelaa
607 1178 703 1213 gratia,
713 1181 740 1205 et

219 1232 252 1251 ne
272 1224 336 1259 quid
351 1224 422 1258 apud
441 1227 566 1258 posteros
584 1227 738 1250 remaneret

219 1264 328 1301 incerti,
349 1270 431 1296 etiam
453 1268 569 1303 scriptas
589 1276 618 1295 se
639 1268 737 1296 asserit

218 1317 373 1351 reliquisse.
390 1316 510 1351 Denique
518 1323 579 1343 cum
591 1316 735 1351 Smyrnam

217 1363 338 1390 venisset
346 1363 393 1390 ubi
404 1362 571 1398 Polycarpus
584 1366 653 1395 erat,
668 1363 736 1390 scri-

218 1409 257 1435 hit
270 1408 332 1435 inde
346 1415 427 1435 unam
441 1407 584 1441 epistolam
595 1408 629 1434 ad
645 1407 735 1443 Ephe—

216 1455 272 1482 sios
296 1461 445 1488 eorumque
468 1457 615 1488 pastorem,
638 1453 665 1480 in
681 1461 735 1488 qua

218 1500 341 1528 meminit
361 1504 389 1527 et
416 1499 540 1527 Onesimi
566 1508 572 1526 :
597 1504 625 1526 et
653 1499 734 1526 aliam

217 1546 362 1581 Magnesia:
377 1545 482 1573 civitati
497 1553 559 1580 quae
575 1553 658 1581 supra
670 1544 734 1573 Mae-

215 1593 331 1619 andrum
344 1592 427 1626 jacet,
444 1591 471 1618 in
495 1599 549 1626 qua
569 1596 595 1618 et
614 1591 734 1626 episcopi

216 1638 338 1665 Dammei
354 1637 520 1665 mentionem
538 1637 613 1665 facit.
640 1637 692 1665 Sed
707 1642 734 1665 et

215 1684 337 1712 ccclesisc
347 1691 408 1718 quze
420 1688 462 1711 est
473 1683 500 1710 in
516 1682 615 1710 Trallis
627 1683 733 1716 scribit,

215 1730 294 1764 cujus
315 1729 466 1764 principem
486 1733 552 1757 tunc
572 1736 634 1756 esse
654 1727 735 1764 Poly-

215 1777 291 1803 hium
304 1775 468 1810 designavit.
481 1774 509 1802 ln
525 1782 557 1802 ea
570 1781 636 1801 vero
650 1781 733 1808 quam

215 1822 247 1848 ad
276 1821 427 1848 Romanam
451 1821 600 1849 Ecclesiam
627 1819 732 1852 scribit,

213 1867 377 1902 drprecatur
405 1874 453 1894 eos
480 1873 513 1894 ne
539 1874 580 1899 se,
603 1870 733 1900 tanquam

214 1913 356 1947 suppliciis
385 1913 443 1940 suis
469 1917 623 1947 parcentes,
651 1912 734 1939 velint

213 1965 261 1992 spe
283 1958 384 1992 privari
403 1957 544 1993 martyrii;
562 1962 588 1984 et
609 1957 651 1985 his
671 1961 733 1992 post

212 2003 351 2038 aliquanta
378 2003 465 2030 utitur
479 2003 568 2030 verbis
583 2011 589 2029 :
603 2003 622 2028 A
641 2001 732 2037 Syria,

212 2049 312 2084 inquit,
337 2048 448 2075 Romam
465 2056 545 2083 usque
567 2055 626 2074 cum
643 2047 732 2074 bestiis

213 2100 284 2122 terra
296 2095 415 2129 marique
428 2094 557 2128 depugno,
568 2097 620 2120 etc.
629 2091 692 2120 Haec
705 2097 732 2120 et

214 2140 298 2167 multa
313 2139 365 2166 alia
381 2139 425 2166 his
447 2138 547 2166 similia
562 2138 594 2165 ad
609 2138 732 2165 diversas

209 2185 340 2213 ecclesias
361 2184 466 2212 scribit.
484 2184 537 2211 Sed
558 2189 584 2212 et
600 2183 633 2211 ad
648 2183 730 2219 Poly-

210 2239 334 2266 carpum.
354 2231 428 2257 velut
441 2229 623 2264 apostolicum
639 2229 729 2256 virum

209 2276 281 2303 datis
303 2275 409 2307 litteris,
430 2274 629 2302 Antiochenam
643 2274 729 2302 eiEc-

209 2322 319 2348 rlcsiam
334 2321 469 2356 praecipue
484 2319 668 2347 commendat.
690 2318 729 2346 Ad

210 2367 366 2402 Stnyrmcos
392 2373 460 2393 sane
481 2364 616 2397 scribens,
644 2364 730 2391 utitur

209 2411 484 2445 \‘crhisquibusdam,
498 2410 568 2437 unde
581 2409 730 2444 assumptis

210 2459 360 2491 nescimus,
380 2458 480 2492 quibus
502 2457 559 2484 haec
577 2457 610 2484 de
632 2456 728 2484 Salva-

210 2506 268 2528 turc
281 2501 452 2536 proloquitur
469 2510 475 2527 :
490 2500 545 2534 Ego
568 2505 654 2526 autem
671 2505 729 2534 post

210 2547 426 2573 resurrectionem
438 2554 539 2581 quoque
546 2546 572 2572 ἱιι
580 2554 659 2572 carne
669 2553 729 2572 eum

208 2591 263 2617 ιιι-ἑο
278 2590 370 2624 fuisse,
393 2595 417 2616 ct
445 2590 531 2616 credo.
546 2589 617 2616 Nam
632 2594 655 2616 et
669 2597 729 2616 cum

208 2637 318 2663 uenisset
336 2635 370 2661 ad
387 2634 494 2661 Petrum
508 2640 675 2669 umerosque,
689 2635 726 2661 ait

207 2691 262 2710 ns:
275 2681 411 2713 Accedite,
428 2686 453 2707 et
472 2681 567 2714 videte,
589 2682 653 2716 quia
673 2689 725 2708 non

207 2738 265 2757 sum
281 2729 442 2756 dwmonium
459 2729 649 2763 incorporeum.
672 2729 724 2762 Qui

207 2782 230 2803 τι
250 2776 429 2810 contingentes
450 2783 525 2808 eum,
546 2775 722 2803 crediderunt.

209 2822 266 2848 Scit
280 2826 369 2848 autem
385 2828 411 2848 ct
426 2821 542 2848 Ircnacus
562 2822 722 2857 martyrium

208 2867 280 2901 ('jus,
298 2874 348 2893 nec
363 2875 417 2894 non
441 2872 466 2894 et
479 2866 644 2893 mentionem
661 2866 725 2894 facit

208 2914 371 2948 :triptorum
380 2914 450 2950 ejus.
460 2913 512 2941 Sed
525 2917 549 2940 et
561 2912 725 2949 l‘olycarpus

765 169 792 197 S.
814 169 985 197 IGNATIUS.
1005 184 1040 189 -
1060 170 1322 198 PROLEGOMENA.

1031 231 1052 259 ν

785 271 926 304 Eussmus,
946 271 1012 299 llist.
1028 271 1099 300 Eccl.
1122 272 1166 298 lib.
1189 279 1229 304 Ill,
1245 279 1302 305 cap.

1017 308 1061 334 '56.

818 353 850 378 Ὅ
867 361 897 379 τε
919 353 994 389 παρὰ
1010 354 1145 384 πλείστοις
1160 353 1243 379 είσέτι
1258 352 1305 378 νῦν

780 397 921 434 διαϐόητος
943 400 1083 433 Ἰγνάτιος,
1097 400 1146 434 τῆς
1162 399 1222 426 κατ’
1243 399 1303 425 Ἀν-

779 444 897 479 τιόχειαν
912 445 1018 481 Πέτρου
1043 445 1166 480 διαδοχῆς
1179 444 1304 479 δεύτερος

777 490 825 525 τὴν
834 491 985 526 ἐπισκοπὴν
994 491 1077 527 κεκλη
1082 491 1211 527 ρωμένος.
1219 490 1303 525 Λόγος

776 536 865 571 δ’ἐχει
884 535 978 563 τοῦτον
997 538 1051 564 ἀπὸ
1075 537 1174 573 Συρίας
1191 537 1236 563 ἐπὶ
1253 536 1302 571 τὴν

782 581 925 616 Ῥωμαίων
937 582 1014 608 πόλιν
1023 582 1244 617 ἀναπεμφθέντα,
1258 581 1302 616 θη-

777 629 840 664 ρίων
857 629 983 662 γενέσθαι
997 628 1089 664 βορὰν,
1102 628 1152 663 τῆς
1171 628 1211 660 είς
1231 629 1299 663 Χρι-

776 674 838 700 στὸν
855 674 1007 710 μαρτυρίας
1023 674 1125 701 ἕνεκεν.
1140 674 1195 700 Καὶ
1209 673 1241 709 δὴ
1252 673 1300 709 τὴν

773 717 806 744 δι’
830 719 921 750 Ἀσίας
937 718 1103 754 ἀνακομιδὴν
1126 720 1183 753 μετ’
1201 719 1299 753 ἐπιμε-

774 764 907 799 λεστάτης
927 764 1051 800 φρουρῶν
1070 764 1191 799 φυλακῆς
1209 763 1299 790 ποιού-

775 819 864 846 μενος,
880 810 930 842 τὰς
944 809 1012 836 κατὰ
1027 809 1103 836 πόλιν
1114 806 1157 841 αἷς
1167 809 1300 844 ἐπεδήμει

774 857 933 892 παροικίας,
952 858 1012 887 ταῖς
1026 855 1069 882 διὰ
1084 856 1169 890 λόγων
1182 855 1300 890 ὁμιλίαις

773 911 802 929 τε
821 903 867 929 καὶ
887 903 1055 938 προτροπαῐς
1072 903 1251 938 ἐπιρρωννὺς,
1271 903 1299 929 ἐν

775 949 893 985 πρώτοις
924 948 1041 984 μάλιστα
1064 949 1299 983 προφυλάττεσθαι

773 995 893 1031 αἱρέσεις
905 996 966 1031 ἄρτι
977 995 1037 1021 τότε
1051 995 1157 1030 πρῶτον
1172 995 1300 1029 ἀναφυεὶ-

775 1050 824 1073 σας
848 1042 895 1068 καὶ
922 1040 1140 1073 ἐπιπολαζούσας
1165 1040 1295 1076 παρῄνει·

775 1083 929 1119 προῦτρεπὲ
955 1093 985 1110 τε
1010 1084 1094 1120 ἀπρὶξ
1116 1084 1224 1119 ἔχεσθαι
1248 1085 1297 1120 τῆς

772 1128 826 1154 τῶν
855 1128 1009 1155 ἀποστόλων
1042 1128 1233 1164 παραδόσεως,
1264 1129 1297 1164 ἢν

773 1172 844 1208 ὑπὲρ
853 1172 1012 1207 ἀσφαλείας,
1022 1172 1068 1198 καὶ
1078 1172 1233 1207 ἐγγράφως,
1246 1172 1295 1208 ἤδη

774 1217 978 1253 μαρτυρόμενος
996 1216 1192 1243 διατυποῦσθαι
1212 1218 1296 1251 ἀναγ-

772 1264 848 1289 καῖον
863 1264 965 1298 ἡγεῖτο.
982 1262 1060 1289 Οὕτω
1069 1263 1136 1298 δῆτα
1145 1264 1173 1290 ἐν
1186 1263 1297 1300 Σμύρνῃ

770 1308 923 1344 γενόμενος,
941 1308 1004 1335 ἔνθα
1018 1311 1032 1335 ὁ
1048 1309 1225 1345 Πολύκαρπος
1245 1308 1294 1345 ἦν,

772 1357 836 1392 μίαν
864 1358 914 1393 μὲν
934 1357 1077 1394 ἐπιστολὴν
1099 1359 1132 1394 τῇ
1153 1358 1224 1384 κατὰ
1245 1358 1294 1394 τὴν

772 1403 887 1438 Ἔφεσον
906 1403 1055 1438 Ἐκκλησία
1071 1404 1183 1440 γράφει,
1198 1404 1295 1439 ποιμέ-

770 1459 813 1483 νος
830 1451 916 1485 αὺτῆς
931 1451 1107 1487 μνημονεύων
1130 1452 1290 1487 Ὀνησιμου·

769 1497 865 1532 ἑτέραν
874 1496 902 1523 δὲ
915 1498 948 1532 τῇ
968 1498 997 1524 ὲν
1013 1497 1158 1532 Μαγνησίᾳ
1174 1499 1208 1533 τῇ
1226 1497 1294 1532 πρὸς

768 1542 926 1578 Μαιάνδρῳ,
947 1541 1012 1569 ἔνθα
1029 1542 1110 1569 πάλιν
1144 1542 1293 1569 ἐπισκόπου

768 1589 847 1624 Δάμα
870 1590 979 1625 μνήμην
993 1589 1149 1625 πεποίηται·
1164 1590 1211 1616 καὶ
1222 1590 1254 1625 τῇ
1265 1590 1294 1616 ἐν

769 1634 901 1670 Τράλλεσι
917 1634 945 1660 δὲ
960 1634 1053 1670 ἄλλην,
1073 1632 1106 1670 ἧς
1122 1635 1239 1670 ἄρχοντα
1252 1635 1294 1661 τό-

767 1687 797 1704 τε
811 1679 874 1706 ὄντα
881 1677 1012 1705 Πολύϐιον
1028 1679 1137 1714 ἱστορεῖ.
1151 1678 1221 1712 Πρὸς
1231 1678 1294 1704 ταύ-

768 1733 827 1755 ταις
847 1725 894 1751 καὶ
913 1725 947 1760 τῇ
977 1724 1120 1759 Ῥωμαίων
1146 1724 1293 1759 Ἐκκλησία

768 1770 867 1805 γράφει
877 1779 883 1785 '
935 1771 982 1797 καὶ
999 1770 1171 1806 παράκλησιν
1185 1770 1292 1806 προτεί-

768 1824 822 1846 νει,
855 1815 892 1847 ὡς
919 1816 956 1851 μὴ
984 1815 1217 1851 παραιτησάμενοι
1243 1815 1291 1841 τοῦ

769 1861 930 1896 μαρτυρίου,
950 1861 1000 1896 τῆς
1020 1860 1191 1896 ποθουμένης
1211 1861 1291 1887 αὐτὸν

767 1907 985 1942 ἀποστερήσαιεν
1001 1906 1121 1938 ἐλπίδος·
1141 1905 1171 1938 ἐξ
1186 1903 1223 1933 ὧν
1245 1908 1292 1933 καὶ

767 1950 922 1986 βραχύτατα
939 1951 978 1982 είς
999 1949 1127 1982 ἐπίδειξιν
1145 1950 1199 1976 τῶν
1214 1951 1290 1986 εἰρη-

768 1996 855 2032 μένων
866 1995 1036 2031 παραθέσθαι
1046 1995 1130 2029 ἄξιον.
1144 1996 1245 2032 Γράφει
1259 1997 1290 2031 δὴ

766 2040 812 2068 οὖν
828 2042 897 2068 κατὰ
909 2041 980 2074 λέξιν
989 2050 995 2057 ·
1043 2042 1109 2068 Ἀπὸ
1120 2043 1230 2076 Σιφίας
1242 2042 1291 2076 μέ-

765 2097 814 2123 χρι
837 2087 950 2121 Ῥώμης
973 2089 1142 2124 θηριομαχῶ
1164 2089 1213 2116 διὰ
1235 2089 1291 2124 γῆς

765 2134 814 2161 καὶ
821 2134 989 2168 θαλάσσης,
996 2134 1105 2168 νυκτὸς
1110 2135 1157 2162 καὶ
1166 2135 1288 2170 ἡμέρας,

765 2191 792 2210 κ.
811 2192 836 2209 τ.
854 2182 879 2209 λ.
924 2183 979 2209 Καὶ
994 2182 1079 2209 ταῦτα
1097 2182 1146 2217 μὲν
1166 2183 1220 2209 ἀπὸ
1238 2183 1290 2217 τῆς

764 2231 929 2267 δηλωθείσης
938 2231 1040 2263 πόλεως
1047 2232 1287 2268 ταῖςκαταλεχθεί-

764 2284 825 2308 σαις
840 2276 998 2312 ἐκκλησίαις
1008 2276 1201 2305 διετυπώσατο.
1218 2277 1286 2313 Ἤδη

762 2320 784 2346 δ’
797 2321 923 2347 ἐπέκεινα
933 2321 982 2356 τῆς
994 2321 1121 2357 Σμύρνης
1132 2323 1286 2357 γενόμενος,

763 2367 816 2393 ἀπὸ
830 2367 955 2403 Τρωάδος
964 2369 1057 2399 τοῖςτε
1069 2368 1098 2394 ὲν
1111 2367 1288 2404 Φιλαδελφείᾳ

763 2411 840 2444 αὖθις
859 2413 903 2439 διὰ
919 2414 1027 2449 γραφῆς
1053 2414 1151 2449 ὁμιλεῖ,
1181 2415 1228 2440 καὶ
1253 2417 1286 2450 τῇ

763 2461 923 2496 Σμυρναίων
939 2461 1096 2497 Ἐκκλησία,
1111 2461 1184 2494 ἰδίως
1206 2471 1235 2488 τε
1247 2462 1286 2494 τῷ

762 2505 862 2541 ταύτης
868 2515 987 2541 προηγου
992 2507 1063 2542 μένῳ
1071 2507 1251 2544 Πολυκάρπῳο
1257 2508 1286 2535 ὃν

761 2548 804 2577 οἶα
819 2551 850 2587 δὴ
868 2552 1043 2579 ἁποστολικὸν
1067 2552 1150 2588 ἄνδρα
1167 2551 1196 2579 εὖ
1216 2553 1286 2588 μάλα

762 2597 911 2632 γνωρίζων,
923 2598 972 2633 τὴν
985 2599 1045 2625 κατ’
1063 2599 1225 2634 Ἀντιόχειαν
1237 2600 1286 2626 αὑ-

764 2642 802 2677 τῷ
816 2645 943 2678 ποίμνην,
952 2643 990 2674 ὡς
999 2643 1030 2670 ἂν
1041 2644 1150 2679 γνήσιος
1164 2645 1210 2671 καὶ
1221 2645 1285 2679 ἀγα-

764 2687 808 2720 θὸς
828 2689 928 2724 ποιμὴν
942 2689 1129 2725 παρατίθεται,
1147 2690 1196 2726 τὴν
1221 2691 1284 2727 περὶ

761 2733 844 2768 αὐτῆς
867 2733 993 2768 φροντίδα
1015 2733 1058 2760 διὰ
1080 2735 1196 2770 σπουδῆς
1212 2735 1285 2771 ἔχειν

761 2777 840 2804 αὑτὸν
857 2778 949 2810 ἀξιῶν.
963 2778 991 2804 '0
1000 2778 1108 2810 δἀὐτὸς
1122 2779 1283 2815 Σμυρναίοις

760 2823 887 2858 γράφων,
908 2823 958 2849 οὐκ
984 2821 1041 2849 οἷὸα
1069 2823 1165 2850 ὁπόθεν
1192 2826 1283 2860 ῥητοῖς

763 2869 956 2904 συγκέχρηται,
970 2868 1080 2895 τοιαῦτα
1087 2877 1144 2896 τινα
1162 2871 1224 2905 περὶ
1234 2870 1281 2897 τοῦ

762 2913 879 2950 Χριστοῦ
888 2914 1001 2946 διεξιών·
1020 2915 1091 2950 Ἐγὼ
1101 2915 1134 2942 δὲ
1151 2916 1197 2942 καὶ
1208 2916 1282 2951 μετὰ

1452 274 1553 304 Vaasm
1569 275 1601 303 ll.
1623 275 1749 304 VALESII.

1375 353 1494 388 lgnatius
1501 357 1632 388 praeterea
1641 354 1799 382 multorum
1818 362 1857 381 sm

1339 398 1466 425 monibus
1481 402 1574 426 nostra
1590 399 1673 426 etiam
1695 404 1780 427 aetate
1799 400 1857 427 celc‘

1338 446 1444 478 brutus,
1457 447 1594 474 secundus
1605 452 1667 482 post
1680 447 1800 475 Petrum
1819 448 1857 474 Ar

1338 491 1505 519 tiochensem
1516 491 1667 520 Ecelesiam
1681 493 1806 521 sortitus
1821 500 1857 520 cs

1338 537 1387 565 llic
1411 538 1447 565 ob
1466 537 1547 565 ﬁdem
1570 538 1672 566 Christi
1693 547 1709 566 e
1725 539 1816 575 Syria
1842 546 1857 564 τι

1337 583 1433 610 urbem
1448 583 1564 610 Romam
1581 583 1740 618 perductus,
1767 585 1857 612 bestii

1336 629 1458 663 objectus
1475 636 1537 656 esse
1550 628 1661 656 dicitur.
1679 628 1712 656 Et
1726 637 1797 657 cum
1810 630 1857 665 "pe

1335 674 1428 701 Asiam
1449 675 1502 702 sub
1524 676 1731 704 accuratissima
1752 679 1857 705 satelli

1335 725 1393 747 tum
1408 721 1534 748 custodia
1545 721 1716 754 ductaretur,
1730 724 1853 759 singula

1335 774 1396 793 rum
1413 767 1593 795 nihilominus
1618 768 1761 796 civitatum
1794 779 1853 805 qua

1335 809 1525 845 ingrederetur
1536 811 1667 839 ecclesias
1682 814 1857 841 sermonibu.

1333 859 1360 882 et
1369 856 1606 884 cohortationibus
1614 858 1857 886 stlisconﬁrmans

1334 899 1464 927 monebat
1477 901 1505 927 in
1520 901 1618 936 primis
1632 907 1661 930 ut
1671 903 1722 930 sibi
1737 911 1754 931 a
1766 906 1857 939 pravi:

1335 944 1526 973 haereticorum
1534 947 1709 982 opinionibus
1715 956 1853 977 caverent

1333 995 1394 1022 qua:
1409 993 1473 1017 tunc
1487 990 1605 1024 primum
1624 992 1650 1019 in
1667 992 1756 1020 lucem
1769 1002 1857 1021 emer-

1333 1041 1394 1069 gere
1401 1042 1463 1062 cum
1476 1036 1634 1070 cmpissent,
1646 1038 1792 1072 copiosius
1801 1040 1857 1074 pul-

1331 1078 1463 1107 lulabant.
1474 1078 1656 1115 Hortatusque
1663 1087 1704 1110 est
1713 1089 1740 1110 ut
1748 1090 1857 1119 aposto

1331 1125 1420 1152 lorum
1430 1126 1620 1155 traditionibus
1629 1129 1765 1157 tenaciter
1773 1131 1857 1158 inhze

1331 1177 1438 1206 rerent;
1455 1181 1524 1208 quas
1532 1175 1642 1210 quidem
1657 1177 1690 1204 ad
1707 1179 1857 1206 certiorem

1330 1219 1501 1253 posteritatis
1531 1221 1655 1248 notitiam
1693 1224 1857 1252 testimonio

1330 1273 1381 1292 suo
1397 1266 1573 1294 conﬁrmatas
1589 1268 1698 1303 scriptis
1718 1271 1857 1297 mandare

1330 1312 1515 1339 necessarium
1541 1312 1628 1340 duxit.
1660 1314 1756 1350 Itaque
1792 1324 1857 1344 cum

1330 1357 1475 1393 Smyrnam
1490 1358 1610 1387 venisset
1619 1359 1645 1387 in
1655 1368 1708 1395 qua
1724 1366 1783 1388 tum
1795 1368 1857 1389 erat

1328 1403 1506 1441 Polycarpus,
1523 1414 1606 1434 unam
1624 1408 1733 1442 quidem
1750 1409 1857 1443 epistm

1328 1451 1382 1479 lam
1392 1452 1500 1487 scripsit
1509 1453 1542 1480 ad
1555 1453 1706 1481 Ecelesiam
1719 1454 1857 1490 Ephesio—

1327 1503 1399 1528 rum,
1415 1496 1442 1523 in
1459 1505 1514 1531 qua
1527 1496 1649 1525 Onesimi
1663 1499 1788 1533 ipsorum
1802 1508 1855 1535 pa-

1328 1542 1410 1569 storis
1439 1542 1606 1570 mentionem
1629 1543 1703 1572 facit.
1728 1545 1857 1572 Alteram

1327 1592 1436 1620 quoque
1447 1586 1522 1613 dedit
1534 1587 1566 1614 ad
1580 1586 1729 1616 Ecclesiam
1740 1588 1857 1625 Magne-

1328 1629 1375 1658 siae
1402 1631 1520 1659 civitatis
1547 1641 1608 1668 qua:
1629 1634 1662 1661 ad
1683 1634 1855 1662 Mazandrum

1328 1675 1381 1702 sita
1402 1681 1460 1710 est,
1489 1677 1515 1704 in
1542 1686 1596 1712 qua
1623 1679 1704 1706 etiam
1733 1679 1854 1708 Damam

1326 1721 1484 1756 episcopum
1509 1723 1643 1751 nominat.
1668 1724 1757 1752 Aliam
1787 1726 1854 1752 item

1327 1765 1360 1791 ad
1374 1765 1523 1793 Ecelesiam
1537 1766 1751 1801 Trallianorum,
1771 1770 1854 1805 cujus

1327 1812 1476 1839 antistitem
1504 1817 1569 1842 tunc
1603 1814 1690 1842 fuisse
1715 1822 1854 1843 memorat

1327 1856 1479 1893 Polybium.
1501 1858 1602 1888 Praeter
1621 1861 1671 1888 has
1687 1867 1729 1889 est
1751 1866 1781 1889 et
1799 1863 1852 1889 alia

1326 1903 1386 1938 ejus
1408 1904 1523 1939 epistola
1542 1906 1576 1933 ad
1599 1907 1749 1934 Ecclesiam
1773 1909 1852 1935 urbis

1326 1947 1430 1982 Romai,
1444 1949 1470 1975 in
1482 1957 1536 1984 qua
1553 1955 1613 1978 orat
1625 1957 1707 1986 atque
1720 1952 1852 1980 hortatur

1326 1993 1476 2029 Romanos,
1493 2003 1526 2023 ne
1541 1997 1703 2033 martyrium
1719 2005 1735 2024 a
1747 2006 1779 2025 se
1799 1999 1851 2026 de-

1324 2039 1455 2072 pellentes
1482 2047 1514 2068 ac
1536 2041 1727 2076 deprecantes,
1749 2050 1801 2076 spe
1817 2050 1851 2070 ac

1323 2089 1388 2112 voto
1405 2094 1434 2113 se
1449 2086 1577 2114 fraudare
1588 2088 1682 2116 velint.
1692 2087 1743 2115 Sed
1757 2096 1850 2124 operm

1324 2132 1440 2165 pretium
1463 2131 1546 2160 fuerit
1558 2133 1592 2160 ad
1607 2134 1849 2162 confirmationem

1323 2183 1418 2204 eorum
1427 2185 1488 2212 qua:
1497 2178 1761 2212 diximus,nonnnlla
1769 2188 1803 2208 ex
1816 2182 1850 2208 iis

1323 2221 1420 2249 litteris
1433 2223 1477 2250 hic
1490 2223 1636 2251 ascribere.
1652 2223 1754 2252 Scribit
1764 2225 1850 2260 igitur

1322 2267 1351 2294 in
1366 2268 1439 2296 hunc
1449 2269 1560 2296 modum
1580 2279 1586 2296 :
1603 2269 1625 2295 Α
1639 2269 1719 2305 Syria
1731 2270 1848 2298 Romam

1322 2322 1467 2349 usquecum
1476 2316 1565 2343 bestiis
1571 2317 1778 2353 depugno,terra
1788 2327 1848 2346 ma-

1321 2362 1405 2396 rique,
1415 2367 1493 2389 noctu
1503 2368 1527 2390 et
1536 2363 1724 2396 interdiu,etc.
1738 2363 1772 2391 Et
1789 2366 1846 2392 haec

1321 2408 1429 2443 quidem
1455 2409 1499 2436 ille
1521 2417 1556 2437 ex
1577 2411 1643 2438 Asia
1663 2411 1696 2438 ad
1712 2411 1846 2439 ecclesias

1322 2455 1450 2489 superius
1475 2461 1642 2484 memoratas
1668 2457 1842 2493 perscripsit_

1321 2500 1419 2528 Postea
1448 2509 1513 2528 vero
1541 2510 1556 2529 a
1585 2502 1701 2537 Smyrna
1726 2503 1844 2530 ulterius

1320 2554 1492 2582 progressus.
1516 2556 1577 2575 cum
1599 2547 1733 2575 Troadem
1750 2550 1844 2576 venis-

1321 2598 1374 2627 set,
1387 2595 1450 2622 inde
1464 2594 1497 2621 ad
1511 2594 1755 2629 Philadelphenses
1769 2596 1843 2623 litte-

1322 2646 1366 2666 ras
1381 2638 1455 2666 dedit
1471 2643 1498 2665 et
1511 2638 1544 2665 ad
1565 2637 1770 2674 Smyrnzeorum
1791 2642 1843 2669 Ec—

1321 2684 1443 2717 clesiam,
1460 2683 1641 2719 privatimque
1662 2685 1696 2711 ad
1711 2685 1842 2720 Polycar-

1320 2735 1384 2762 pum
1398 2735 1492 2754 eorum
1501 2728 1667 2764 episcopum.
1678 2729 1764 2763 Quem
1777 2738 1840 2758 cum

1319 2773 1499 2808 apostolicum
1521 2775 1609 2802 virum
1625 2783 1685 2803 esse
1701 2776 1781 2811 plane
1794 2785 1840 2803 co.

1319 2825 1471 2856 gnosceret,
1489 2821 1540 2856 ipsi
1560 2826 1689 2857 tanquam
1705 2823 1794 2851 bonus
1807 2832 1839 2851 ac

1318 2867 1404 2895 lidelis
1417 2873 1518 2902 pastor,
1534 2876 1641 2903 gregem
1659 2869 1837 2897 Antiochcnm

1313 2915 1439 2945 Ecclesiae
1451 2915 1662 2951 commendavit,
1680 2924 1791 2952 rogans.
1807 2922 1836 2944 ιιι
