1874 3070
238 182 270 210 lii

763 185 792 213 S.
813 184 984 213 lCN'ATlUS.
1003 198 1034 202 —
1054 181 1319 210 PROLECOMENA.

1837 180 1863 207 14

1027 240 1069 267 Vl.

305 302 487 334 Arnuasms,
503 299 589 334 Epist.
601 297 633 326 de
649 296 766 333 Synodis
778 297 894 324 Arimini
907 302 932 324 ut
948 297 1000 359 ῗοιι

903 341 953 359 nar
968 354 974 359 .
997 341 1000 359 1

1083 318 1090 328 ,
1109 304 1181 357 ηθιὲςν
1199 295 1243 322 47.
1266 295 1308 322 Ea:
1323 294 1388 321 edit.
1404 293 1461 322 ΒΒ.
1484 293 1574 321 Paris.
1591 293 1672 327 1698,
1686 297 1753 320 tam.
1768 291 1789 325 Ι,

1083 341 1104 359 α.
1179 351 1185 358 .

903 341 974 367 part.
997 341 1026 364 ιι,
1042 341 1104 367 pag.
1128 341 1185 358 tm.

268 393 388 426 lgnatius
407 398 481 420 certe
495 400 541 427 qni
557 396 619 426 post
638 395 734 426 apostn
745 398 777 418 os
796 391 946 418 Antiochiae
960 391 1017 426 epi-
1032 394 1055 422 Α

233 446 335 473 acopus
347 438 513 467 constitutus
524 441 575 470 est,
591 437 704 471 ipseque
719 441 824 471 martyr
841 435 943 463 Christi
955 435 1017 468 fuit.

231 485 265 512 de
278 484 394 511 Domino
402 476 528 511 'scrihens
537 483 621 509 dixit:
640 481 713 509 Unus
723 483 838 509 medicus
850 487 887 509 est
903 482 1019 509 carnalis

230 535 255 557 η
268 529 430 565 spiritualis,
442 529 528 563 factus
540 534 565 555 et
582 536 633 555 non
653 528 752 562 factus,
769 528 795 554 in
811 528 916 554 homine
936 527 1018 560 Deus,

231 577 260 602 in
276 581 359 602 morte
369 575 422 602 vita
433 583 504 607 vera,
517 579 541 600 et
556 582 588 600 ea:
602 573 690 600 Maria
701 578 726 600 et
737 581 770 600 ea:
782 573 882 600 Deo....
899 573 977 606 Quod
993 575 1015 601 si

231 621 308 655 gnari
322 627 417 647 eorum
431 619 457 646 in
472 618 584 646 Christo
601 618 673 650 lidci,
698 625 861 653 persuasum
883 619 1016 646 habemus

231 666 340 693 beatum
363 666 444 692 etiam
457 665 590 699 Ignatium
603 669 675 692 recte
691 664 843 699 Scripsisse,
859 673 922 691 cum
937 665 1013 692 illum

231 713 321 739 carnis
332 719 414 739 causa
428 710 528 738 factum
542 710 610 737 dixit
619 710 756 745 (Christus
766 710 839 737 enim
847 717 911 737 caro
928 709 1016 737 factus

230 758 292 794 est),
308 762 400 785 etnon
422 758 533 789 factum,
550 756 615 791 quia
633 764 687 783 non
707 764 738 784 ex
753 756 871 790 opiﬁciis
892 760 920 782 et
933 757 1015 783 rebus

230 804 330 836 iactus,
353 803 399 831 sed
421 803 508 831 Eilius
519 811 552 830 ex
570 801 660 834 Patre,
676 806 728 829 etc.
747 801 833 836 Epist.
855 801 890 827 ad
904 800 1015 834 Ephrem,

230 858 287 884 cap.
301 849 327 876 7.

1113 388 1240 423 Ἰγνάτιος
1261 386 1325 420 οὖν,
1351 390 1364 415 ὁ
1385 388 1455 424 μετὰ
1475 389 1538 421 τοὺς
1557 390 1724 422 ἀποστόλους
1748 391 1778 416 ὲν
1817 389 1863 416 Ἀν

1069 435 1173 470 τιοχείᾳ
1188 434 1367 466 κατασταθεὶς
1378 435 1526 467 ἐπίσκοπος
1541 436 1589 462 καὶ
1613 436 1720 471 μάρτυς
1735 435 1785 462 τοῦ
1805 436 1863 470 Χρι

1071 481 1134 508 στοῦ
1149 481 1305 516 γενόμενος,
1319 480 1432 516 γράφων
1447 481 1510 516 περὶ
1523 480 1571 507 τοῦ
1587 481 1691 517 Κυρίου
1702 501 1710 513 ,
1734 481 1859 517 εἴρηκεν

1070 528 1122 560 Εἷς
1142 527 1241 561 ἰατρός
1250 526 1315 553 ἐστι
1331 526 1475 560 σαρκικὸς
1489 527 1537 553 καὶ
1554 527 1768 562 πνευματικὸς,
1783 535 1863 562 νενη

1070 573 1120 605 τὸς
1137 573 1184 599 καὶ
1202 571 1356 607 ἀγένητος,
1376 573 1411 598 ὲν
1423 572 1567 606 ἀνθρώπῳ
1591 573 1672 606 Θεὸς,
1698 573 1734 600 ἐν
1749 573 1863 604 omnin,

1069 618 1125 653 ζωὴ
1141 616 1283 653 ἀλὴθινὴ,
1300 619 1349 646 καὶ
1366 619 1401 645 ἐκ
1416 620 1532 653 Μαρίας
1543 620 1590 646 καὶ
1602 619 1636 646 ἐκ
1651 619 1778 646 Θεοῦ....
1798 619 1834 645 Ei
1847 619 1863 644 δη

1068 665 1117 700 τὴν
1127 666 1156 691 ὲν
1163 665 1275 701 Χριστῷ
1286 665 1375 691 πίστιν
1383 665 1472 691 αὐτῶν
1480 665 1668 700 γινώσκοντες,
1678 664 1863 700 πεπεῖσμξθα

1069 712 1110 738 ὅτι
1126 712 1174 739 καὶ
1188 713 1202 738 ὁ
1215 712 1349 747 μακάριος
1371 711 1499 746 Ἰγνάτιος
1528 712 1616 747 ὀρθῶς
1640 712 1758 748 ἔγραψε,
1783 721 1863 746 γενηη

1069 757 1114 784 τὸν
1131 757 1211 784 αὐτὸν
1224 757 1311 792 λέγων
1331 757 1373 783 διὰ
1387 757 1437 792 τὴν
1454 757 1552 792 σάρκα·
1565 758 1579 784 ὁ
1596 757 1651 793 γὰρ
1663 758 1788 794 Χριστὸς
1802 758 1863 793 sip)

1069 803 1187 838 ἐγένετο·
1205 803 1336 839 ἀγένητον
1354 803 1393 835 δὲ,
1405 803 1446 829 ὅτι
1462 804 1499 839 μὴ
1514 803 1568 829 τῶν
1579 804 1741 839 ποιημάτων
1757 804 1810 830 καὶ
1825 812 1856 837 γε

1069 850 1157 885 νητῶν
1170 851 1254 883 ἐστιν,
1271 849 1326 876 ἀλλ’
1337 849 1397 881 Υἱὸς
1413 850 1444 875 ὲκ
1459 849 1575 884 Πατρδς,
1589 858 1614 875 κ.
1628 858 1652 876 τ,
1668 849 1691 876 λ.

1020 911 1073 939 Vl].

475 969 658 1000 matronatus,
675 967 722 994 lib.
738 967 775 995 De
790 967 856 995 viris
870 967 1011 1003 illustrih.,
1025 977 1084 1004 cap.
1099 969 1143 1002 16,
1161 978 1220 997 cum
1237 975 1320 998 vetere
1331 969 1501 999 iNTHRPRETE
1514 971 1624 999 Cnseo.

264 1042 383 1078 lgnatius
396 1042 572 1069 Antiochense
579 1041 706 1069 Ecclesia:
723 1040 818 1068 tertius
830 1045 892 1075 post
905 1040 1014 1068 Petrum
1031 1035 1052 1062 Β

227 1089 382 1124 apostolum
402 1088 564 1122 episcopus,
592 1091 782 1115 commovente
796 1086 1013 1121 persecutionem

227 1135 356 1170 Trojano,
368 1137 514 1162 damnatus
528 1134 561 1161 ad
577 1134 688 1165 bestias,
699 1132 818 1160 "Romam
832 1133 941 1160 vinctus
955 1133 1015 1160 mit-

226 1182 434 1216 titur.Cumque
449 1180 582 1215 navigans
598 1179 741 1215 Smyrnam
756 1179 886 1211 venisset,
898 1179 943 1205 ubi
961 1178 1000 1206 Po

226 1229 354 1263 lycarpus
384 1226 494 1254 auditor
507 1225 621 1253 Joannis
638 1224 783 1259 episcopus
808 1229 877 1256 erat,
903 1223 1014 1259 scripsit

226 1281 311 1301 unam
332 1273 476 1308 epistolam
493 1272 527 1299 ad
543 1270 688 1306 Ephesios,
716 1271 830 1298 alteram
847 1270 880 1298 ad
903 1269 1013 1305 Magne-

226 1321 331 1354 sianos,
344 1319 453 1346 tertiam
470 1318 503 1346 ad
520 1317 688 1348 Trallenses,
704 1321 829 1351 quartam
855 1316 888 1343 ad
914 1315 1012 1343 Roma-

224 1376 277 1396 ros
293 1377 299 1394 :
313 1371 341 1394 ct
355 1367 417 1394 inde
426 1365 568 1401 egrediens
585 1364 694 1399 scripsit
713 1363 746 1390 ad
758 1362 967 1398 Pbiladelpheos
985 1366 1012 1390 et

225 1413 259 1441 ad
276 1412 442 1448 Smyrnazos,
457 1416 484 1438 et
497 1410 604 1446 proprie
619 1410 653 1437 ad
664 1409 855 1444 Polycarpum,
871 1416 1012 1435 commen-

224 1460 292 1487 dans
310 1459 347 1486 illi
371 1457 582 1485 Antiochensem
603 1455 748 1483 Ecclesiam
772 1463 778 1481 :
798 1455 825 1481 in
847 1462 902 1490 qua
924 1458 951 1482 et
977 1454 1011 1482 de

223 1504 370 1540 Evangelio
388 1503 461 1539 quod
487 1509 601 1538 nupera
615 1509 659 1529 me
671 1501 832 1528 translatum
851 1504 904 1533 cst,
927 1508 1011 1535 super

223 1559 339 1587 persona
368 1549 473 1577 Christi
499 1549 578 1584 ponit
605 1548 802 1580 testimonium,
835 1546 932 1574 dicens
963 1547 1010 1582 (ad

224 1598 334 1633 Smyrn.
350 1603 409 1631 cap.
428 1595 456 1632 '5)
472 1605 479 1622 :
491 1604 500 1620 ι
520 1594 576 1630 Ego
587 1602 651 1622 vero
663 1599 690 1621 et
704 1599 767 1629 post
780 1593 1009 1621 resurrectionem

224 1645 250 1670 in
272 1650 354 1670 carne
366 1649 429 1669 eum
445 1641 511 1673 vidi,
530 1645 557 1668 et
581 1640 663 1667 credo
683 1639 749 1674 quia
766 1640 812 1667 sit.
841 1639 874 1667 Et
899 1640 1010 1674 quando

223 1689 299 1716 venit
306 1689 340 1716 ad
346 1688 501 1720 Petrum,et
508 1687 542 1714 ad
551 1694 597 1714 eos
612 1686 659 1721 qui
672 1694 734 1714 cum
743 1685 828 1713 Petro
834 1691 922 1718 erant,
941 1686 1008 1714 dixit

224 1735 264 1762 eis
278 1755 284 1762 .
303 1734 374 1761 Ecce
385 1733 492 1769 palpate
504 1740 547 1759 me
561 1736 588 1759 et
603 1732 702 1765 videte.
717 1732 781 1766 quia
797 1739 851 1758 non
873 1739 933 1760 sum
953 1732 1009 1759 da:-

225 1781 346 1808 mmtinm
369 1779 551 1814 incorporale.
566 1778 599 1806 Et
613 1778 704 1805 statim
729 1778 875 1812 tetigerunt
889 1785 964 1810 eum,
982 1781 1009 1805 et

223 1826 407 1854 crediderunt.
425 1834 434 1851 I
449 1824 566 1860 Dignum
590 1828 682 1850 autem
708 1823 825 1854 videtur,
851 1822 915 1857 quia
942 1823 1008 1849 tanti

223 1875 275 1902 viri
289 1874 403 1901 fecimus
418 1872 595 1901 mentionem.
620 1875 648 1898 et
664 1871 698 1898 de
718 1870 833 1905 epistola
854 1870 913 1904 ejus
926 1877 1008 1904 quam

224 1921 257 1948 ad
272 1920 413 1947 Romanos
427 1918 498 1953 (cap.
508 1918 536 1952 5)
551 1916 646 1944 scribit
660 1915 708 1951 (at.
725 1915 848 1950 scripsit)
863 1923 950 1950 pauca
957 1923 1008 1951 po-

223 1974 288 1994 nere
303 1975 310 1992 :
335 1965 371 1991 De
382 1964 460 1998 Syria
476 1971 556 1998 usque
567 1962 601 1989 ad
617 1961 727 1988 Romam
742 1969 828 1996 pugno
842 1961 876 1988 ad
891 1961 986 1989 bestias
996 1982 1005 1994 ,

223 2014 250 2039 in
264 2012 332 2039 mari
346 2015 369 2037 et
378 2011 406 2037 in
419 2015 500 2042 terra,
508 2014 561 2037 etc.
574 2007 699 2042 Cumque
711 2007 767 2042 jam
779 2007 924 2034 damnatus
936 2012 1008 2035 esset

221 2059 257 2086 ad
274 2058 385 2090 bestias,
412 2057 510 2084 ardore
520 2054 651 2090 patiendi,
668 2061 731 2081 cum
746 2053 886 2088 rugientes
901 2054 1008 2081 audiret

223 2106 326 2137 leones,
354 2104 413 2131 ait:
428 2102 602 2129 Frumentum
624 2099 725 2128 Christi
744 2107 813 2131 sum,
830 2099 950 2126 dentibus
965 2099 1008 2126 bc-

220 2151 333 2178 stiarum
347 2149 442 2178 molar.
454 2152 482 2175 ut
493 2148 569 2183 panis
582 2147 695 2174 mundus
714 2145 841 2172 inveniar.
856 2144 958 2173 Passus
968 2150 1010 2173 est

221 2205 293 2225 anno
311 2196 455 2224 undecimo
466 2193 585 2229 Trajani.

1021 1710 1042 1739 C

1109 1042 1236 1077 Ἰγνάτιος
1251 1043 1300 1078 τῆς
1311 1044 1339 1070 ἐν
1363 1044 1511 1080 Ἀντιοχείᾳ
1529 1045 1692 1082 Ἑκκλησίας
1706 1047 1805 1081 τρίτος
1824 1056 1863 1082 με

1065 1089 1100 1116 τὰ
1117 1089 1220 1125 Πέτρον
1234 1089 1281 1116 τὸν
1297 1090 1446 1117 ἀπόστολον
1457 1091 1617 1124 ἐπίσκοπος,
1636 1093 1757 1128 διωγμὸν
1790 1095 1863 1127 κινή

1065 1140 1159 1164 σαντος
1174 1133 1319 1168 Τραϊανοῦ,
1338 1133 1539 1170 θηριομχῆσαι
1551 1136 1714 1170 κελευσθεὶς,
1730 1139 1776 1170 εἰς
1797 1139 1863 1165 Ῥώ‹

1065 1187 1118 1214 μην
1139 1179 1274 1206 στέλλεται
1296 1179 1419 1215 δέσμιος.
1442 1182 1535 1208 Πλέων
1560 1182 1600 1215 δὲ,
1625 1183 1672 1209 καὶ
1692 1184 1816 1216 ἐπιστὰς
1836 1187 1863 1221 τῇ

1063 1224 1185 1260 Σμύρνῃ,
1209 1226 1238 1251 ὲν
1305 1225 1483 1262 Πολύκαρπος
1498 1228 1636 1263 ἀκροατὴς
1658 1228 1785 1256 Ἰωάννου
1804 1232 1863 1256 ἐπί-

1063 1279 1162 1303 σκοπος
1176 1269 1219 1307 ἦν,
1238 1271 1340 1308 ἔγραψε
1361 1273 1430 1309 πρὸς
1447 1273 1589 1308 Ἐφεσίους
1613 1275 1762 1311 ἐπιστολὴν
1782 1277 1856 1312 μίαν

1061 1317 1143 1352 ἄλλην
1161 1318 1228 1353 πρὸς
1237 1319 1457 1354 Μαγνησιανοὺς,
1465 1321 1560 1356 τρίτην
1575 1321 1644 1356 πρὸς
1660 1321 1863 1356 Τραλλιανοίδςη

1061 1364 1196 1399 τετάρτην
1217 1364 1286 1400 πρὸς
1307 1365 1473 1400 Ῥωμαίους·
1496 1366 1625 1393 κάκεῖθεν
1650 1366 1729 1400 ἐξιὼν
1756 1368 1863 1404 ἔγραψε

1061 1408 1262 1443 Φιλαδελφεῑωι,
1274 1410 1321 1436 καὶ
1333 1410 1505 1445 Σμυρναίοις,
1527 1412 1574 1438 καὶ
1591 1411 1681 1444 ίδικῶς
1689 1412 1761 1447 πρὸς
1777 1414 1863 1440 Πολὺ-

1061 1462 1178 1489 καρπον,
1195 1454 1413 1490 παρατιθέμενος
1428 1456 1504 1491 αὐτῷ
1520 1457 1571 1492 τὴν
1591 1457 1621 1483 ὲν
1643 1457 1799 1494 Ἀντιοχείᾳ
1811 1459 1863 1485 Ἐκ

1061 1499 1189 1534 κλησίαν·
1215 1500 1245 1526 ἐν
1294 1501 1341 1527 καὶ
1358 1502 1421 1536 περὶ
1437 1502 1483 1528 τοῦ
1501 1502 1666 1537 Εὐαγγελίου
1688 1503 1735 1529 τοῦ
1760 1506 1863 1541 πρὼηη

1063 1546 1297 1581 μεταφρασοέντος
1303 1547 1388 1582 (deest
1400 1548 1445 1574 ὑπ’
1457 1548 1548 1583 ἐμοῦ),
1559 1549 1591 1575 ἐκ
1603 1549 1747 1584 προσώπου
1771 1551 1863 1586 Ἰησοῐ

1060 1592 1179 1628 Χριστοῦ
1192 1592 1301 1628 μνήμην
1316 1594 1442 1625 ποιεῖται,
1459 1593 1554 1628 λέγων’
1567 1604 1576 1620 ‹
1595 1595 1665 1629 Ἐγὼ
1679 1595 1706 1621 δὲ
1722 1597 1773 1622 καὶ
1791 1599 1863 1632 μετ-ἆ

1061 1638 1111 1673 τὴν
1118 1637 1266 1665 ἀνάστασιν
1277 1639 1306 1664 ἐν
1318 1639 1423 1674 σώματι
1442 1639 1522 1666 αὑτὸν
1533 1638 1612 1673 εἶδον,
1622 1641 1669 1668 καὶ
1680 1644 1807 1670 πιστεύω
1824 1644 1863 1671 ὅτι

1061 1685 1128 1712 ἐστί.
1143 1685 1198 1712 Καὶ
1216 1685 1261 1712 ὅτε
1273 1683 1354 1722 ἦλθεν
1369 1687 1437 1722 πρὸς
1450 1687 1565 1723 Πέτρον,
1577 1689 1624 1714 καὶ
1637 1689 1700 1720 τοὺς
1715 1689 1767 1716 σὺν
1783 1691 1863 1726 αὐτῷ

1059 1731 1148 1763 ὄντας,
1158 1730 1235 1759 εἶπεν
1243 1733 1345 1764 αὐτοῖς·
1357 1733 1544 1769 Ψηλαῳήσατὲ
1560 1743 1593 1769 με
1608 1735 1750 1770 (ᾱοοειιιαὶ
1765 1737 1863 1769 ἴδετε),

1059 1778 1100 1804 ὅτι
1106 1777 1154 1804 οὔκ
1162 1779 1221 1813 εἶμι
1227 1778 1362 1814 δαιμόνων
1370 1780 1525 1814 σωματικόν
1533 1781 1614 1815 (male
1620 1781 1682 1817 legit
1694 1784 1863 1818 corporale).

1058 1824 1116 1850 Kal.
1131 1823 1232 1856 εὐθέως
1253 1824 1372 1859 ἅψαντες
1388 1825 1469 1851 αὐτοῦ
1479 1846 1485 1857 ,
1508 1827 1672 1853 ἐπίστευσαν
1689 1826 1736 1863 (al.
1751 1828 1863 1863 ἥψαντο

1060 1869 1154 1903 αὑτοῦ,
1170 1871 1238 1904 καί).
1260 1880 1269 1896 ι
1290 1870 1379 1904 ’Ἄξιον
1393 1871 1420 1897 δὲ
1450 1872 1584 1905 φαίνεται,
1602 1873 1717 1908 ἐπείπερ
1731 1875 1863 1902 τοιούτου

1060 1916 1156 1952 ἀνδρὸς
1172 1917 1344 1952 πεποιήμεθα
1359 1918 1478 1953 μνήμην,
1493 1919 1526 1944 ὲκ
1542 1919 1592 1954 τῆς
1610 1919 1757 1954 ἐπιστολῆς
1772 1921 1863 1948 αὑτοῦ

1059 1962 1109 1997 τῆς
1119 1962 1188 1998 πρὸς
1204 1963 1354 1998 Ῥωμαίους
1365 1964 1516 2000 γραφείσης
1538 1964 1617 1998 ὀλίγα
1632 1965 1772 1992 ἐκθέσθαι.
1789 1966 1863 1993 Ἁπὸ

1061 2009 1170 2042 Σιψίας
1186 2008 1254 2043 ἄχρι
1279 2008 1391 2043 Ῥώμης
1407 2009 1575 2044 θηριομαχῶ
1592 2009 1628 2037 ἐν
1639 2011 1785 2046 θαλάσσῃ
1810 2014 1863 2039 καὶ

1064 2053 1099 2079 ἐν
1115 2053 1163 2088 ni,
1190 2062 1217 2080 κ.
1235 2062 1259 2080 τ.
1277 2053 1301 2080 λ.
1318 2054 1503 2090 Κατακριθεὶς
1517 2054 1608 2082 τοίνυν
1634 2055 1863 2092 θηριομχῆσαι,

1060 2100 1106 2126 καὶ
1118 2099 1193 2134 πόθῳ
1207 2099 1254 2125 τοῦ
1264 2098 1371 2131 παθεῖν,
1386 2099 1504 2131 ἀκούσας
1513 2100 1560 2126 τοῦ
1575 2100 1697 2136 βρυγμοῦ
1710 2101 1767 2128 τῶν
1782 2103 1863 2130 λεόν-

1060 2153 1124 2177 των,
1142 2144 1299 2180 ἔφη-Σῖτος
1314 2145 1416 2179 Ἰησοῦ
1431 2146 1560 2179 Ιιᾷιιστοῦ
1576 2148 1644 2181 ειμι.
1661 2147 1709 2174 καὶ
1727 2148 1863 2184 εὔχομαι

1060 2190 1122 2222 τοῖς
1132 2190 1236 2217 ὀδοῦσι
1253 2191 1311 2217 τῶν
1321 2191 1430 2224 θηρίων
1441 2191 1622 2225 ἀληεγθῆναι,
1636 2192 1686 2219 ἵνα
1697 2193 1792 2227 ἄρτος
1806 2204 1863 2221 κα-

1027 2243 1049 2271 ι)
1062 2236 1151 2270 θαρὸς
1164 2235 1282 2270 εὑρεθῶ.
1295 2236 1398 2262 Ἔπαθε
1409 2236 1514 2271 δεκάτῳ
1528 2237 1582 2263 ἔτει
1597 2237 1743 2272 Τραϊανοῦ.

274 2305 341 2340 Lege
365 2304 545 2331 FRECULPIIUI
561 2305 627 2327 tam.
648 2299 670 2327 ll
681 2321 689 2333 ,
707 2300 753 2327 lib.
769 2308 800 2333 ιι,
819 2309 877 2336 cap.
894 2301 938 2334 M,
954 2306 979 2328 et

970 2345 1000 2363 ια

1083 2310 1146 2330 ιιιυιι
1167 2303 1462 2337 Αυουετουυυιιιιεειικ
1481 2303 1518 2332 De
1533 2306 1663 2334 luminar.
1689 2305 1800 2335 Ecctcs.

970 2345 1028 2372 cap.
1048 2345 1093 2365 τυ.

436 2413 513 2445 lusu,
529 2411 576 2438 lib.
593 2410 732 2438 Adversus
749 2411 998 2446 Helvidium,num.
1011 2413 1055 2440 l7.
1072 2413 1115 2440 Ex
1125 2414 1188 2440 edit.
1207 2413 1301 2440 Veron.
1319 2418 1382 2440 tam.
1397 2412 1429 2446 ll,
1448 2417 1509 2447 pag.
1523 2410 1588 2442 925,
1600 2411 1632 2437 C.

256 2468 384 2504 Nunquid
405 2477 460 2496 non
473 2477 586 2504 possum
607 2469 654 2496 tibi
675 2473 759 2496 totam
774 2474 896 2497 veterum
919 2471 1086 2506 scriptorum
1104 2472 1203 2499 seriem
1217 2477 1410 2498 commovere:
1427 2468 1572 2504 lgnatium,
1585 2466 1783 2502 Polycarpum,
1804 2467 1863 2494 Iri--

219 2524 320 2549 meum.
336 2515 474 2543 Justinum
493 2521 652 2551 martyrem,
670 2515 828 2550 multosque
854 2515 925 2544 alios
946 2516 1114 2551 apostolicos
1128 2521 1155 2544 et
1166 2517 1326 2552 eloquentes
1340 2517 1425 2548 viros,
1440 2515 1487 2550 qui
1513 2514 1644 2542 adversus
1668 2513 1812 2541 Ebionem
1840 2521 1863 2542 (ι

219 2561 391 2589 Theodotum
406 2561 568 2597 Byzantium
579 2567 606 2590 et
618 2562 804 2597 Valentinum,
817 2564 874 2591 liter:
887 2564 981 2592 eadem
996 2565 1144 2593 sentientes
1161 2566 1241 2601 plena
1256 2565 1396 2600 sapientia:
1413 2563 1554 2592 volumina
1566 2560 1804 2596 conscripserunt
1814 2563 1828 2588 ?

718 2633 795 2666 low,
814 2634 861 2660 lib.
881 2643 889 2661 1
905 2634 1091 2663 Conimcntar.
1108 2637 1135 2664 in
1152 2637 1246 2664 Matth.
1264 2645 1284 2670 ι,
1298 2636 1342 2664 l8.

254 2701 355 2737 Martyr
374 2700 496 2736 lgnatius
512 2702 594 2728 ctiam
608 2706 734 2737 quartam
753 2703 856 2730 addidit
868 2711 990 2737 causam,
1008 2713 1057 2732 cur
1071 2713 1086 2732 a
1101 2705 1265 2740 desponsata
1281 2709 1430 2740 conceptus
1446 2701 1656 2737 sit(Christus)
1671 2710 1677 2727 :
1691 2705 1722 2728 ut
1740 2707 1860 2736 partus.

220 2747 356 2782 Inquiens,
374 2746 436 2781 ejus
453 2745 587 2774 celaretur
604 2746 731 2780 diabolo;
745 2747 811 2774 dum
829 2755 891 2775 eum
908 2753 995 2783 putat,
1014 2757 1069 2776 non
1092 2750 1126 2776 de
1143 2750 1266 2785 virgine,
1281 2750 1328 2777 sed
1351 2750 1386 2777 de
1403 2755 1489 2777 uxore
1506 2754 1676 2785 generatum.
1698 2750 1787 2785 Epist.
1822 2754 1859 2778 ad

223 2796 317 2830 Eii/tu.
334 2803 394 2830 cap.
413 2795 456 2822 19.

255 2853 321 2880 \‘ide
346 2853 468 2888 ejusdem
493 2852 649 2888 Hieronymi
671 2852 856 2880 testimonium
879 2853 912 2880 de
929 2853 1060 2882 Barnabze
1083 2855 1208 2890 cpistola.
1234 2855 1340 2885 Videsis
1363 2865 1471 2893 quoque
1494 2856 1677 2892 Freculphum
1702 2858 1729 2886 in
1749 2858 1857 2887 Claro».

219 2899 267 2928 lib.
285 2907 317 2934 ιι,
331 2907 390 2937 cap.
410 2900 454 2933 ll,
469 2898 627 2934 Hieronymi
644 2897 736 2931 verba,
754 2898 837 2927 tacito
850 2898 910 2935 ejus
926 2899 1048 2934 nomine,

1065 2900 1275 2929 exscribenth
