1874 3070
363 265 464 292 Vmsro
487 264 592 290 llurlsl.

250 341 301 368 Sed
322 345 349 367 et
374 341 400 367 in
423 345 515 367 nostra
537 347 647 374 quoque
664 344 732 366 tem-

211 393 277 420 pora
309 384 387 411 fama:
420 384 575 410 celebritate
605 383 730 417 vulgatus

211 431 342 466 lgnatius,
367 430 438 465 apud
467 430 639 457 Antiochiam
669 434 730 464 post

210 475 320 502 l’t-trum
337 475 456 501 secunda
477 473 652 502 successione
669 473 729 508 epi-

211 527 351 556 scopatum
365 521 479 554 sortitus
493 523 544 548 cst.
565 519 650 552 Quem
672 527 729 547 ser-

210 575 254 594 mo
278 567 403 597 tradidit.
429 567 462 594 de
491 566 576 602 Syria:
604 566 726 601 partibus

210 615 242 640 ad
264 613 358 640 urbem
387 613 501 639 Romam
519 612 726 645 transmissum,

207 662 233 684 et
249 665 298 693 pro
312 657 443 692 martyrio
458 657 559 684 Christi
575 656 608 684 ad
625 656 727 684 bestias

207 705 312 731 datum.
339 703 446 738 Quique
472 710 534 730 eum
558 710 609 737 per
632 702 725 729 Asiam

208 750 260 776 sub
279 749 404 776 custodia
426 748 577 783 navigaret,
603 748 726 782 singulas

206 804 331 832 quasque
346 796 502 831 digrediens
520 796 655 828 civitates,
676 795 726 822 Ec-

206 843 297 871 clesia:
310 843 426 878 populos
441 843 605 877 evangelicis
624 842 725 869 cohor-

207 893 356 920 tationibus
376 892 507 920 edocebat
531 892 558 918 in
586 891 638 918 title
661 898 723 926 per-

205 941 313 971 sistere,
329 943 355 966 ct
367 939 513 966 observare
525 946 554 966 se
567 938 601 965 ab
619 938 726 965 lucreti-

205 994 300 1014 eorum
312 986 456 1021 contagiis,
470 986 516 1020 qui
530 989 594 1012 tunc
607 985 724 1019 prinmm

205 1033 344 1068 copiosius
368 1037 508 1067 cmperant
531 1031 676 1066 pullulare,
701 1035 727 1058 et

204 1084 235 1106 ut
248 1079 405 1114 diligentius
426 1086 457 1105 ac
471 1077 595 1104 tenacius
612 1081 726 1111 aposto-

204 1125 294 1152 lorum
319 1123 516 1156 traditionibus
540 1122 724 1155 inhaererent;

205 1179 274 1206 quas
288 1170 460 1200 traditiones.
470 1168 583 1196 cautelae
594 1167 690 1203 gratia,
699 1172 726 1195 et

206 1223 239 1242 nc
259 1215 323 1249 quid
338 1214 408 1249 apud
428 1218 553 1248 posteros
571 1217 725 1239 remaneret

206 1255 315 1292 incerti,
336 1260 418 1286 etiam
439 1258 556 1293 scriptas
576 1265 605 1285 se
625 1258 724 1286 asserit

205 1307 360 1342 reliquisse.
377 1306 497 1341 Denique
505 1314 567 1334 cum
578 1306 722 1341 Smyrnam

205 1353 324 1380 venisset
334 1353 380 1380 ubi
391 1352 558 1388 Polycarpus
572 1357 640 1386 erat,
655 1353 724 1380 scri-

206 1399 244 1426 bit
258 1399 320 1426 inde
333 1405 414 1425 unam
429 1397 571 1432 epistolam
583 1397 616 1425 ad
633 1397 722 1433 Ephe-

204 1446 260 1473 sios
284 1451 434 1479 eorumque
457 1448 603 1478 pastorem,
625 1443 723 1478 inqua

206 1491 329 1519 meminit
350 1496 378 1517 et
405 1489 528 1517 Onesimi
554 1499 560 1516 :
586 1493 613 1517 et
641 1489 722 1516 aliam

205 1537 351 1572 Magnesia.
365 1536 471 1563 civitati
486 1543 547 1570 quae
564 1543 646 1570 supra
659 1534 722 1563 Mte-

204 1584 320 1610 audrum
333 1583 416 1617 jacet,
434 1582 460 1609 in
484 1589 537 1616 qua
557 1586 584 1609 et
602 1581 722 1616 episcopi

205 1630 328 1656 Dammei
343 1627 508 1656 mentionem
527 1627 601 1655 facit.
628 1627 680 1654 Sed
696 1632 723 1654 et

203 1675 325 1703 ecclesia:
336 1681 397 1709 quae
409 1678 451 1702 est
461 1674 488 1701 in
505 1673 603 1700 Trallis
616 1673 722 1706 scribit,

203 1721 282 1755 cujus
304 1719 454 1755 principem
475 1723 541 1747 tunc
561 1726 622 1746 esse
642 1717 723 1754 Poly-

203 1768 279 1794 hium
292 1765 457 1801 designavit.
469 1764 497 1792 In
513 1772 545 1793 ea
559 1771 624 1792 vero
638 1771 722 1799 quam

203 1813 236 1839 ad
264 1812 416 1839 Romanam
440 1811 589 1840 Eeclesiam
616 1810 721 1842 scribit,

202 1859 227 1885 (Ιι
238 1863 366 1893 precatur
394 1864 442 1885 eos
468 1864 501 1884 ne
528 1864 568 1890 se,
591 1860 722 1890 tanquam

203 1903 344 1938 suppliciis
373 1903 432 1931 suis
458 1908 611 1937 parcentes.
640 1902 723 1929 velint

202 1956 251 1983 spe
272 1949 373 1983 privari
392 1948 533 1983 martyrii;
551 1952 577 1975 et
598 1947 640 1975 his
659 1951 722 1982 post

202 1995 340 2029 aliquanta
367 1993 454 2021 utitur
469 1993 558 2021 verbis
572 2002 578 2019 ε
591 1994 611 2019 Λ
630 1991 721 2027 Syria,

201 2040 301 2075 inquit,
326 2039 437 2066 Romam
454 2046 534 2073 usque
556 2046 615 2064 cum
632 2037 721 2064 bestiis

203 2092 273 2113 terra
286 2085 404 2120 marique
417 2084 547 2118 depugno,
557 2087 610 2110 etc.
618 2082 681 2110 Haec
695 2087 722 2110 et

203 2131 288 2158 multa
303 2130 355 2157 alia
371 2130 415 2156 his
436 2128 537 2155 similia
552 2129 585 2155 ad
599 2127 721 2155 diversas

200 2176 330 2203 ecclesias
352 2174 456 2203 scribit.
473 2174 527 2201 Sed
548 2179 575 2201 et
590 2174 623 2200 ad
638 2173 720 2208 Poly-

201 2230 325 2257 carpum,
345 2221 418 2248 velut
432 2219 613 2254 apostolicum
629 2218 719 2245 virum

199 2268 272 2294 datis
293 2266 400 2298 litteris,
420 2264 619 2292 Antiochenam
634 2263 720 2291 eiEc-

199 2313 310 2339 elesiam
325 2311 459 2346 prazcipue
475 2308 658 2336 commendat.
679 2307 719 2335 Ad

201 2358 357 2393 Smyrnmos
383 2364 450 2383 sane
472 2354 606 2386 scribens,
634 2353 720 2380 utitur

200 2401 475 2436 verbisquilmsdam,
489 2400 559 2426 unde
572 2398 720 2433 assuutptis

201 2449 350 2481 nescimus,
370 2448 471 2482 quibus
492 2447 550 2474 haec
568 2446 601 2473 de
623 2445 718 2473 Salva-

200 2497 259 2519 ture
270 2492 443 2526 proloquitur
460 2499 466 2517 :
481 2490 536 2524 Ego
558 2494 645 2516 autem
662 2495 719 2524 past

200 2538 417 2565 resurrectionem
429 2544 530 2571 quoque
537 2536 563 2562 in
571 2543 649 2562 carne
660 2543 719 2561 eum

199 2583 254 2609 scio
269 2582 361 2616 fuisse,
384 2585 408 2607 at
436 2581 522 2606 credo.
538 2579 608 2606 Nam
623 2584 646 2606 et
659 2586 720 2605 cum

198 2629 308 2655 venisset
327 2627 361 2653 ad
377 2625 484 2652 Petrum
499 2630 666 2660 cwterosque,
679 2625 717 2651 ait

198 2683 254 2701 eis:
266 2672 402 2704 Accedite,
419 2677 444 2698 et
463 2672 558 2704 videte,
580 2672 644 2706 quia
664 2679 716 2698 non

198 2730 256 2749 sum
273 2721 433 2748 dwmonium
449 2720 640 2754 incorporeum.
664 2719 715 2752 Qui

198 2775 222 2795 rt
242 2768 420 2802 contingentes
441 2774 516 2798 cum,
537 2766 713 2793 crediderunt.

200 2814 258 2841 Scit
272 2818 360 2840 autem
377 2819 402 2839 et
417 2812 533 2839 Irenaeus
552 2812 713 2847 martyrium

199 2860 271 2894 ejus,
290 2866 339 2885 nec
355 2866 408 2885 non
432 2863 458 2885 et
470 2857 636 2884 mentionem
652 2857 716 2885 facit

199 2907 363 2940 :criptorum
371 2905 442 2941 ejus.
452 2903 504 2932 Sed
516 2908 540 2932 et
552 2903 717 2939 l’olycarpus

749 159 777 186 S.
798 158 970 187 ICNATIUS.
989 174 1024 179 ——
1044 159 1306 187 PROLEGOMENA.

1016 220 1048 248 ν.

769 261 911 294 Eussmus,
931 261 997 289 Hist.
1013 261 1084 289 Eccl.
1107 261 1151 287 lib.
1173 268 1214 293 Ill,
1230 267 1287 294 mp.

1002 298 1046 324 56.

803 343 836 368 ⁸0
852 351 882 369 τε
904 343 978 379 παρὰ
995 343 1130 374 πλείστοις
1145 342 1228 368 εἰσέτι
1243 341 1290 368 νῦν

765 387 906 424 διαϐόητος
928 389 1068 423 Ἰγνάτιος,
1082 389 1131 424 τῆς
1147 389 1207 415 κατ’
1229 388 1289 414 Ἀν-

764 434 883 469 τιόχειαν
898 435 1003 470 Πέτρου
1028 434 1152 469 διαδοχῆς
1165 433 1289 468 δεύτερος

763 481 810 515 τὴν
820 481 971 516 ἐπισκοπὴν
979 481 1062 516 κεκλη
1067 480 1196 516 ρωμένος.
1205 479 1289 514 Λόγος

762 526 851 561 δ’ἕχει
870 525 964 553 τοῦτον
983 527 1037 553 ἀπὸ
1061 527 1159 562 Συρίας
1177 526 1222 552 ἐπὶ
1238 526 1287 560 τὴν

768 571 911 606 Ῥωμαίων
923 571 999 597 πόλιν
1008 571 1230 606 ἀναπεμφθέντα,
1243 570 1288 606 οη-

763 619 827 653 ρίων
844 618 969 652 γενέσθαι
983 617 1075 653 βορὰν,
1088 617 1138 652 τῆς
1157 618 1197 649 εἰς
1217 618 1285 652 Χρι-

762 664 824 690 στὸν
842 664 993 699 μαρτυρίας
1009 663 1111 689 ἕνεκεν.
1126 663 1181 689 Καὶ
1195 662 1227 698 δὴ
1238 662 1286 697 τὴν

759 708 792 734 δι’
816 709 908 740 Ἀσίας
923 707 1089 743 ἀνακομιδὴν
1112 709 1169 742 μετ’
1187 708 1285 742 ἐπιμε-

760 755 893 789 λεστάτης
913 754 1037 790 φρουρῶν
1056 753 1178 789 φυλακῆς
1195 752 1285 779 ποιού-

762 809 851 835 μενος,
867 799 916 832 τὰς
930 799 999 826 κατὰ
1013 799 1090 825 πόλιν
1100 795 1144 830 αἷς
1154 798 1286 834 ἐπεδήμει

760 847 920 882 παροικίας,
939 847 998 877 ταῖς
1013 845 1055 871 διὰ
1071 845 1156 879 λόγων
1169 844 1286 879 ὁμιλίαις

759 902 788 919 τε
808 893 854 919 καὶ
873 893 1042 928 πριγτροπαίς
1059 891 1237 926 ὲπιρῥωννὺς,
1258 892 1286 917 ὲν

761 939 880 976 πρώτοις
911 938 1028 974 μάλιστα
1051 937 1285 972 προφυλάττεσθαι

760 985 879 1021 αἱρέσεις
892 985 953 1020 ἄρτι
964 985 1024 1011 τότε
1038 984 1144 1020 πρῶτον
1159 983 1286 1018 ἀναφυεί-

762 1040 811 1062 σας
835 1031 882 1057 καὶ
909 1030 1126 1062 ἐπιπολαζούσας
1151 1028 1282 1065 παρῄνει·

762 1073 916 1109 προῦτρεπέ
943 1082 972 1099 τε
997 1073 1081 1108 ἀπρὶξ
1103 1073 1211 1108 ἔχεσθαι
1235 1073 1284 1108 τῆς

759 1117 813 1144 τῶν
841 1117 996 1144 ἀποστόλων
1029 1117 1220 1153 παραδόσεως,
1251 1118 1284 1153 ἢν

760 1162 830 1197 ὑπὲρ
840 1161 999 1196 ἀσφαλείας,
1009 1161 1055 1187 καὶ
1065 1161 1220 1196 ἐγγράφως,
1233 1161 1282 1196 ἤδη

761 1206 964 1242 μαρτυρόμενος
983 1205 1179 1232 διατυποῦσοαι
1199 1207 1283 1240 ἀναγ-

758 1254 835 1279 καῖον
850 1254 952 1287 ἡγεῖτο.
970 1251 1048 1279 0"u'tto
1056 1252 1123 1287 δῆτα
1132 1253 1160 1279 ἐν
1173 1252 1285 1289 Σμύρνῃ

757 1298 910 1333 γενόμενος,
928 1298 991 1325 ἔνθα
1006 1299 1019 1324 ὁ
1035 1298 1212 1334 Πολύκαρπος
1232 1296 1281 1334 ἦν,

759 1347 824 1382 μίαν
851 1347 901 1382 μὲν
921 1347 1064 1383 ἐπιστολὴν
1087 1348 1120 1382 τῇ
1141 1347 1211 1374 κατὰ
1232 1347 1281 1382 τὴν

760 1393 875 1428 Ἔφεσον
894 1392 1043 1428 Ἐκκλησία
1058 1393 1170 1430 γράφει,
1186 1392 1282 1428 ποιμέ-

757 1449 801 1473 νος
818 1441 903 1475 αὐτῆς
918 1440 1095 1476 μνημονεύων
1117 1441 1278 1476 Ὀνησίμου·

756 1487 852 1522 ἑτέραν
861 1487 890 1513 δὲ
903 1488 935 1522 τῇ
956 1487 984 1513 ὲν
1001 1486 1146 1522 Μαγνησίᾳ.
1162 1488 1195 1522 τῇ
1213 1485 1282 1521 πρὸς

757 1532 914 1567 Μαιάνδρῳ,
935 1531 1000 1558 ἔνθα
1017 1531 1097 1558 πάλιν
1132 1531 1281 1558 ἐπισκόπου

756 1579 835 1614 Δὰμα
858 1579 967 1614 μνήμην
981 1578 1137 1614 πεποίηται·
1152 1579 1199 1605 καὶ
1210 1579 1242 1613 τῇ
1254 1579 1282 1604 ἐν

757 1624 889 1659 Τράλλεσι
905 1623 933 1650 δὲ
948 1624 1041 1659 ἄλλην,
1061 1621 1094 1659 ἧς
1110 1624 1228 1658 ἄρχοντα
1240 1623 1282 1649 τό-

756 1676 785 1694 τε
799 1668 862 1695 ὂντα
870 1667 1001 1694 Πολύὸιον
1016 1668 1125 1703 ἱστορεῖ.
1139 1666 1210 1701 Πρὸς
1219 1666 1282 1692 ταύ-

757 1723 815 1745 ταις
835 1714 882 1741 καὶ
901 1715 935 1749 τῇ
965 1713 1108 1749 Ῥωμαίων
1134 1712 1281 1748 Ἐκκλησία

757 1760 871 1795 γράψει’
923 1760 970 1786 καὶ
987 1759 1160 1795 παράκλησιν
1174 1759 1281 1794 προτεί-

757 1814 810 1836 νει,
843 1804 881 1836 ὡς
908 1806 945 1840 μὴ
973 1804 1206 1840 παραιτησάμενοι
1232 1803 1279 1829 τοῦ

757 1850 918 1886 μαρτυρίου,
939 1850 989 1885 τῆς
1009 1849 1180 1885 ποθουμένης
1199 1849 1280 1875 αὑτὸν

755 1896 973 1931 ἀποστερήσαιεν
990 1894 1110 1926 ἐλπίδος·
1130 1894 1160 1927 ἐξ
1175 1891 1212 1921 ὦν
1234 1896 1281 1922 καὶ

756 1940 911 1976 βραχύτατα
927 1940 967 1970 εἰς
988 1938 1116 1970 ἐπίδειξιν
1133 1938 1188 1964 τῶν
1203 1939 1279 1974 εἰρη-

757 1986 844 2021 μένων
855 1984 1025 2020 παραθέσθαι
1036 1984 1119 2017 ἄξιον.
1133 1984 1234 2020 Γράφει
1248 1985 1279 2019 δὴ

755 2029 801 2058 οὖν
817 2031 887 2058 κατὰ
898 2030 969 2063 λέξιν
978 2038 984 2045 ·
1032 2030 1099 2057 Ἀπὸ
1111 2031 1219 2064 Evplac
1231 2030 1280 2064 μέ-

755 2086 804 2113 χρι
827 2076 939 2110 Ῥώμης
962 2077 1132 2112 θηριομαχῶ
1154 2077 1203 2104 διὰ
1224 2077 1280 2112 γῆς

755 2124 803 2150 καὶ
811 2123 979 2156 θαλάσσης,
986 2123 1095 2156 νυκτὸς
1100 2123 1147 2150 καὶ
1156 2123 1278 2158 ἡμέραςν

755 2181 782 2199 κ.
801 2181 826 2198 τ.
844 2171 868 2198 λ.
914 2172 969 2198 Καὶ
984 2170 1069 2197 ταῦτα
1087 2171 1136 2206 μὲν
1156 2171 1209 2197 ἀπὸ
1228 2170 1279 2205 τῆς

754 2220 919 2257 δηλωθείσης
928 2220 1030 2252 πόλεως
1038 2221 1097 2252 ταῖς
1103 2220 1277 2256 καταλεχθεί-

754 2273 815 2297 σαις
830 2265 987 2301 ἐκκλησίαις
998 2264 1191 2293 διετυπώσατο.
1208 2265 1276 2301 ’Ἤδη

753 2309 774 2336 δ’
788 2310 914 2336 ἐπέκεινα
923 2310 972 2345 τῆς
985 2309 1111 2346 Σμύρνης
1122 2310 1276 2345 γενόμενος,

753 2356 807 2382 ἀπὸ
821 2356 945 2392 Τρωάδος
955 2357 1011 2388 τοῖς
1017 2365 1047 2382 τε
1058 2357 1088 2382 ὲν
1101 2356 1278 2392 Φιλαδελφείᾳ

754 2400 831 2433 αὖθις
850 2402 893 2428 διὰ
909 2403 1017 2437 γραφῆς
1043 2402 1142 2437 ὁμιλεῖ,
1171 2403 1218 2429 καὶ
1243 2405 1276 2438 τῇ

754 2450 914 2485 Σμυρναίων
930 2449 1087 2485 Ἐκκλησία,
1102 2450 1174 2482 ἰδίως
1196 2459 1225 2476 τε
1237 2450 1277 2483 τῷ

752 2495 853 2530 ταύτης
859 2504 978 2530 προηγου
983 2495 1054 2530 μένῳ
1061 2495 1241 2532 Πολυκάρπῳ·
1248 2496 1277 2522 ὃν

753 2538 795 2567 οἷα
810 2541 841 2576 δὴ
859 2541 1034 2567 ἁποστολικὺν
1058 2541 1141 2577 ἄνδρα
1158 2539 1187 2568 εὖ
1206 2541 1277 2577 μάλα

753 2587 902 2622 γνωρίζων,
914 2587 963 2622 τὴν
976 2588 1036 2613 κατ’
1054 2588 1216 2623 Ἀντιόχειαν
1229 2589 1277 2614 αὺ-

755 2632 793 2667 τῴ
807 2634 934 2667 ποίμνην,
943 2632 981 2664 ὼς
989 2632 1022 2659 ἇν
1032 2634 1141 2668 γνήσιος
1155 2633 1201 2660 καὶ
1211 2634 1276 2668 ἀγα-

755 2677 799 2710 θὸς
819 2678 920 2714 ποιμὴν
933 2679 1120 2714 παρατίθεται,
1138 2679 1187 2715 τὴν
1211 2679 1274 2715 περὶ

752 2723 835 2758 αὐτῆς
859 2723 984 2758 φροντίδα
1007 2723 1050 2749 διὰ
1072 2724 1187 2759 σπουδῆς
1203 2723 1275 2759 ἔχειν

752 2767 831 2794 αὐτὸν
848 2767 940 2800 ἀξιῶν.
955 2768 982 2794 '0
992 2767 1100 2800 δἀὐτὸς
1113 2768 1274 2804 Σμυρναίοις

752 2813 879 2848 γράφων,
900 2813 950 2839 οὐκ
975 2810 1033 2838 οἶδα
1061 2812 1157 2839 ὁπόθεν
1183 2815 1274 2848 ῥητοῖς

754 2858 947 2894 συγκέχρηται,
961 2858 1072 2884 τοιαῦτά
1079 2867 1136 2885 τινα
1154 2858 1273 2894 περὶτοῦ

1820 166 1856 193 ἐξ

1436 263 1538 292 Vensro
1553 263 1587 292 Η.
1609 263 1732 292 VALESH.

1360 342 1479 376 Ignatius
1487 346 1617 377 praeterea
1626 342 1778 370 multorum
1793 350 1858 369 ser-

1325 387 1452 414 monibus
1466 391 1560 414 nostra
1576 387 1658 415 etiam
1681 392 1761 415 aetate
1777 388 1857 414 cele-

1324 434 1429 467 bratus,
1442 435 1580 462 secundus
1591 440 1653 470 post
1666 435 1778 463 Petrum
1793 436 1857 462 An-

1324 479 1491 508 tiochensem
1502 480 1653 508 Ecclesiam
1668 481 1783 508 sortitus
1796 486 1855 508 est.

1324 526 1373 554 llic
1397 527 1432 554 ob
1452 526 1533 554 ﬁdem
1556 526 1658 554 Christi
1679 535 1694 554 c
1711 527 1791 562 Syria
1817 525 1856 552 ad

1323 572 1419 599 urbem
1434 571 1550 599 Romam
1567 571 1726 607 perductas,
1748 572 1856 600 bestiis

1322 617 1444 652 objectus
1461 625 1523 645 esse
1536 617 1647 644 dicitur.
1664 616 1698 644 Et
1713 618 1854 652 cum'per

1321 663 1414 690 Asiam
1435 663 1487 691 sub
1511 664 1718 691 accuratissima
1737 666 1851 692 satelli-

1321 713 1379 736 tum
1394 710 1521 737 custodia
1531 709 1702 742 ductaretur,
1717 711 1850 747 singula-

1321 763 1381 782 rum
1399 755 1579 783 nihilominus
1604 756 1745 784 civitatum
1775 766 1853 792 qnas

1322 798 1511 833 ingrederetur
1522 799 1653 827 ecclesias
1668 801 1855 828 sermonibus

1320 848 1347 870 et
1356 844 1592 872 cohortationibus
1600 845 1851 878 ﬂiisconﬂrmans.

1321 888 1450 916 ntonebat
1464 889 1491 916 in
1507 890 1604 924 primis
1618 891 1709 918 utsibi
1724 899 1739 918 a
1750 893 1852 927 pravis

1321 933 1513 961 haereticorum
1521 935 1696 970 opinionibus
1703 943 1848 969 caverent,

1319 983 1381 1010 qua:
1396 981 1460 1005 tunc
1473 978 1591 1013 primum
1611 980 1638 1006 in
1654 980 1742 1008 lucem
1753 989 1851 1009 enter-

1320 1030 1381 1057 gere
1388 1030 1450 1049 eum
1462 1024 1621 1058 cmpissent,
1633 1025 1776 1060 copiosius
1784 1027 1854 1061 pul-

1317 1067 1450 1096 lulabant.
1461 1067 1644 1104 Hortatusque
1650 1074 1692 1097 est
1700 1076 1847 1106 utaposto-

1318 1113 1407 1140 lorum
1417 1114 1608 1143 traditionibus
1617 1116 1750 1145 tenaciter
1758 1118 1843 1146 inhae-

1318 1165 1425 1195 rerent;
1442 1169 1511 1196 quas
1519 1163 1629 1198 quidem
1645 1164 1678 1192 ad
1695 1166 1847 1194 certiorem

1317 1207 1488 1241 posteritatis
1518 1209 1643 1236 notitiam
1682 1212 1850 1239 testimonio

1317 1261 1368 1280 suo
1384 1254 1560 1282 conﬁrmatas
1576 1256 1686 1290 scriptis
1706 1258 1848 1285 mandare

1317 1300 1502 1327 necessarium
1529 1300 1616 1328 duxit.
1648 1302 1743 1338 Itaque
1777 1311 1847 1331 cum

1318 1346 1463 1382 ﬁmyrnam
1477 1346 1597 1375 venisset
1606 1347 1633 1374 in
1642 1356 1697 1383 qua
1711 1353 1768 1376 tum
1781 1356 1849 1376 erat

1316 1392 1494 1429 Polycarpus,
1510 1402 1594 1422 unam
1611 1396 1721 1430 quidem
1737 1397 1849 1431 episto-

1316 1440 1369 1467 lam
1379 1441 1529 1476 scripsitad
1542 1441 1694 1469 Ecclesiam
1707 1441 1849 1477 Ephesio-

1315 1492 1387 1517 ram,
1403 1485 1430 1512 in
1447 1493 1501 1520 qua
1515 1484 1637 1514 Onesimi
1650 1487 1774 1521 ipsorum
1788 1496 1845 1523 pa—

1316 1530 1398 1557 storis
1427 1531 1593 1558 mentionem
1617 1531 1691 1559 l‘acit.
1715 1533 1847 1561 Alteram

1316 1581 1424 1608 quoque
1435 1574 1509 1602 dedit
1522 1575 1555 1602 ad
1567 1574 1717 1604 Ecclesiam
1728 1576 1849 1612 Magne-

1316 1618 1363 1646 siae
1390 1619 1509 1648 civitatis
1535 1629 1596 1655 qua:
1617 1622 1650 1649 ad
1671 1621 1846 1650 Mmandrum

1316 1664 1369 1691 sita
1390 1669 1449 1698 est,
1477 1666 1503 1692 in
1531 1674 1585 1700 qua
1611 1667 1693 1694 etiam
1721 1667 1845 1695 Damam

1315 1710 1472 1745 episcopum
1498 1712 1631 1739 nominat.
1657 1713 1744 1740 Aliam
1772 1713 1845 1740 item

1315 1753 1349 1780 ad
1362 1753 1511 1782 Ecclesiam
1525 1755 1739 1789 Trallianorum,
1758 1757 1846 1792 cujus

1315 1800 1464 1828 antistitem
1493 1805 1558 1830 tunc
1592 1802 1678 1830 fuisse
1704 1809 1845 1830 memorat

1315 1844 1468 1881 Polybium.
1489 1847 1591 1876 Praner
1610 1849 1660 1876 has
1676 1855 1718 1877 est
1740 1853 1767 1877 et
1785 1850 1844 1877 alia

1315 1891 1374 1926 ejus
1396 1892 1511 1926 epistola
1530 1893 1564 1921 ad
1588 1895 1738 1922 Ecclesiam
1760 1896 1844 1923 urbis

1315 1935 1419 1970 Romat,
1433 1937 1459 1963 in
1471 1945 1526 1972 qua
1542 1942 1602 1965 orat
1613 1944 1696 1973 atque
1709 1940 1843 1967 hortatur

1315 1981 1465 2016 Romanos,
1481 1991 1515 2010 ne
1530 1985 1692 2019 martyrium
1708 1993 1724 2012 a
1737 1993 1766 2012 se
1787 1987 1824 2014 de
1835 2002 1842 2007 -

1313 2027 1445 2060 pellentes
1471 2035 1503 2055 ac
1525 2027 1716 2062 deprecantes,
1739 2036 1788 2063 spe
1804 2038 1841 2057 ac

1312 2077 1377 2099 voto
1394 2081 1423 2100 se
1439 2073 1566 2100 fraudare
1578 2074 1672 2102 velint.
1681 2073 1733 2101 Sed
1746 2083 1842 2110 operae

1313 2119 1430 2153 pretium
1453 2118 1535 2146 fuerit
1547 2119 1581 2146 ad
1596 2119 1838 2149 conﬁrmationem

1313 2171 1408 2191 eorum
1416 2172 1478 2199 qua:
1487 2165 1750 2198 diximus,nonnulla
1757 2174 1790 2194 ex
1803 2168 1840 2194 iis

1312 2208 1410 2236 litteris
1423 2209 1467 2236 hic
1480 2210 1626 2237 ascribere.
1642 2210 1744 2239 Scribit
1753 2212 1839 2247 igitur

1312 2255 1341 2282 in
1356 2255 1430 2283 hunc
1439 2256 1550 2283 modum
1570 2266 1576 2283 :
1593 2255 1615 2282 Α
1629 2256 1708 2292 Syria
1723 2257 1837 2284 Romam

1312 2309 1458 2337 usquecum
1466 2303 1555 2330 bestiis
1561 2304 1766 2339 depugno,terra
1775 2313 1837 2332 ma—

1311 2350 1395 2384 rique,
1405 2355 1484 2376 noctu
1494 2355 1517 2377 et
1526 2351 1654 2383 interdiu,
1663 2355 1715 2378 etc.
1728 2350 1761 2378 Et
1776 2351 1836 2378 haec

1311 2396 1419 2431 quidem
1445 2396 1490 2424 ille
1512 2404 1546 2424 ex
1568 2398 1633 2425 Asia
1653 2398 1686 2425 ad
1702 2398 1836 2425 ecclesias

1313 2442 1440 2477 superius
1466 2448 1632 2470 memoratas
1658 2443 1832 2480 perscripsit_

1312 2488 1410 2516 Postea
1437 2496 1504 2516 vero
1531 2497 1547 2516 a
1576 2488 1692 2523 Smyrna
1716 2489 1834 2516 ulterius

1311 2542 1483 2570 progressus,
1507 2542 1568 2562 cum
1590 2533 1723 2560 Troadem
1740 2536 1833 2562 venis-

1312 2586 1365 2615 set,
1378 2582 1441 2610 inde
1454 2581 1488 2608 ad
1502 2579 1745 2615 Philadelphenses
1759 2582 1832 2609 litte-

1312 2634 1357 2654 ras
1372 2626 1447 2654 dedit
1463 2630 1489 2652 et
1502 2625 1535 2652 ad
1556 2624 1761 2661 Smyrmeorum
1782 2628 1832 2655 Ec-

1312 2671 1434 2704 clesiam,
1451 2670 1632 2705 privatimque
1654 2671 1687 2698 ad
1702 2671 1830 2706 Polycar—

1311 2723 1375 2750 pum
1389 2722 1484 2742 eorum
1492 2715 1658 2750 episcopum.
1670 2715 1755 2749 Quem
1767 2724 1829 2743 cum

1311 2760 1490 2796 apostolicum
1512 2762 1600 2788 virum
1617 2769 1677 2789 esse
1692 2762 1771 2796 plane
1785 2770 1829 2789 co-

1311 2812 1463 2844 gnosceret,
1481 2809 1532 2843 ipsi
1551 2813 1680 2844 tanquam
1696 2809 1784 2837 bonus
1798 2817 1829 2837 ac

1310 2855 1396 2882 tidelis
1409 2860 1510 2889 pastor,
1527 2863 1634 2890 gregem
1652 2855 1827 2882 Antiochcnzn

754 2904 775 2931 Χ
780 2903 871 2940 ρίττοῦ
880 2903 993 2936 διεξιών·
1012 2904 1082 2939 Ἐγὼ
1093 2905 1126 2931 δὲ
1142 2905 1188 2932 καὶ
1200 2904 1274 2940 μετὰ
1305 2903 1430 2933 Ecclesice
1443 2911 1494 2932 con

1093 2905 1126 2931 δὲ
1142 2905 1188 2932 καὶ
1200 2904 1274 2940 μετὰ
1305 2903 1430 2933 Ecclesice
1443 2902 1654 2937 commendavit,
1672 2910 1781 2938 rogans.
1798 2907 1825 2929 ut
