1874 3070
24 181 45 206 l5

139 234 239 261 \‘ensro
260 234 375 261 Runm.

22 284 96 309 horum
104 281 260 308 memoriam
278 279 348 307 facit
364 278 518 313 inEpistola

21 336 82 362 quam
101 327 131 354 ad
151 326 344 360 Plrilippenses
363 325 459 353 scribit
472 332 519 359 per

20 375 78 400 haec:
95 383 103 399 ι
126 373 270 406 Deprecor.
297 372 402 406 inquit,
424 378 518 398 omnes

20 427 55 446 ros
75 418 231 446 obedientia:
254 425 376 452 operam
396 417 471 448 dare,
493 420 520 443 et

20 467 122 494 meditari
137 467 297 501 patientiam
311 473 399 500 quam
412 465 519 492 vidistis

19 514 40 540 in
49 513 146 548 lgnatio,
159 517 185 540 et
194 511 276 543 llul‘o,
291 516 319 538 et
328 511 444 538 Zosimo
457 511 521 537 bea-

21 562 46 588 tis
57 562 124 593 viris,
136 560 270 595 praecipue
283 564 380 586 autem
396 559 423 585 in
434 557 520 585 Paulo

21 607 147 634 etcmteris
170 606 314 640 apostolis,
338 605 387 640 qui
411 604 521 632 fuerunt

21 657 69 678 ante
85 659 140 683 ros;
153 651 270 678 scientes
287 650 366 685 quod
382 650 408 676 hi
424 657 520 676 omnes

22 704 63 723 non
77 696 100 722 in
117 702 227 722 vacuum
238 715 245 726 ,
264 694 313 722 sed
333 702 384 729 per
400 694 478 721 [idem
494 698 521 720 et

20 741 130 775 justitiam
152 744 351 772 cucurrerunt,
378 746 521 774 usquequo

22 777 171 821 pervenirent
194 785 227 812 ad
249 785 348 812 locum
364 784 415 812 sibi
436 792 451 811 a
465 783 521 811 Do-

23 832 82 859 mino
98 835 294 866 praeparatum;
308 830 443 865 quoniam
460 830 523 865 qui-

22 876 70 903 dem
82 875 228 910 passionum
239 875 301 909 ejus
314 874 465 909 participes
476 881 523 900 ex-

23 922 140 954 stiterunt,
155 928 203 948 nec
226 921 389 948 dilexerunt
402 927 523 954 praesens

23 968 142 1000 szeculum,
160 968 206 995 sed
222 975 287 995 cum
306 967 400 994 solum
413 966 459 1001 qui
473 973 523 1000 pro

24 1014 77 1048 ipsis
89 1019 112 1041 et
129 1022 174 1049 pro
191 1014 271 1041 nobis
287 1018 420 1040 mortuus
441 1017 483 1039 est
497 1016 524 1039 et

24 1061 160 1088 resurrexit.
179 1070 188 1086 ›
206 1059 238 1087 Et
263 1065 332 1095 post
356 1066 441 1095 pauca
459 1059 525 1086 sub-

24 1106 116 1141 jungit?
132 1116 141 1132 ι
157 1105 315 1142 Seripsistis
341 1105 410 1132 mihi
429 1109 456 1132 et
477 1112 525 1132 vos

26 1159 46 1181 et
61 1153 182 1189 lguatius,
210 1159 240 1181 ut
261 1153 285 1181 si
305 1153 373 1188 quis
396 1152 468 1179 vadit
493 1152 526 1179 ad

28 1205 101 1234 partes
109 1199 186 1236 Syria:
192 1199 414 1227 deleratlitteras
423 1200 455 1225 ad
467 1205 526 1231 vos;

29 1247 86 1280 quod
99 1246 198 1279 faciam,
211 1255 275 1274 cum
291 1252 404 1280 tempus
419 1245 529 1272 invene-

30 1299 79 1319 ro.»
94 1291 152 1328 Lege
164 1292 298 1328 Haymon.
313 1291 362 1318 lib.
374 1298 413 1324 1v,
430 1298 490 1326 cap.
501 1290 528 1318 6.

588 167 755 197 VETERUM
769 164 987 194 TESTIMONIA.

550 271 607 304 τὴν
623 269 794 297 ἀνάστασιν
815 267 849 293 ἐν
866 267 955 300 σαρκὶ
981 266 1073 291 αὑτῶ·

550 317 625 348 οἶδα,
645 316 693 343 καὶ
712 314 841 341 πιστεύω
854 313 937 338 ὅντα,
955 310 1008 338 Καὶ
1026 310 1074 335 ὅτε

550 363 625 397 πρὸς
635 361 706 394 τοὺς
716 360 781 394 περὶ
792 358 906 392 Πέτρον
915 356 1073 389 ἐλήλυθεν,

550 410 608 443 ἔφη
620 407 732 440 αὐτοῖς’
742 405 861 436 Λάϐετε,
873 400 1076 438 ψηλαφήσατέ

549 463 601 489 με,
620 454 668 481 καὶ
687 452 764 480 ἴδετε
780 450 889 478 ὅτιούκ
903 450 960 484 εἰμι
976 447 1076 481 δαιμό-

552 509 618 527 νιον
632 498 800 533 ἀσώματον.
813 497 865 524 Καὶ
878 495 969 527 εὐθὺς
983 492 1077 520 αὑτοῦ

554 548 685 582 ἥψαντο,
711 545 760 572 καὶ
786 544 982 570 ἐπίστευσαν.
1016 538 1077 566 Οἵδε

552 594 580 620 δὲ
597 591 679 620 αὑτοῦ
692 593 722 618 τὺ
741 590 889 627 μαρτύριον
901 589 948 615 καὶ
961 587 975 612 ὁ
993 587 1077 621 Εἰρη-

553 641 640 671 ναῖος,
670 638 716 665 καὶ
738 637 792 664 τῶν
824 633 972 662 ἐπιστολῶν
995 630 1077 658 αὑτοῦ

555 685 727 721 μνημονεύει.
745 683 800 710 Καὶ
825 683 839 708 ὁ
853 680 1031 714 Πολύκαρπος
1050 677 1078 704 δὲ

552 731 654 758 τούτων
675 729 764 757 αὐτῶν
781 729 918 764 μέμνηται
935 728 962 752 ὲν
976 726 1009 760 τῇ
1030 732 1078 758 φε-

555 777 656 814 ρομένῃ
680 774 763 803 αὐτοῦ
788 774 856 809 πρὸς
881 771 1079 807 Φιλιππησίους

555 823 694 858 ἐπιστολῇ⁷
718 822 830 856 φάσκων
850 819 943 852 αὐτοῖς
958 818 1076 855 ῥήμασι·

559 881 567 897 ι
584 869 740 906 Παρακαλῶ
756 866 803 895 οὖν
815 868 919 899 πάντας
934 867 1006 902 ὑμᾶς
1022 875 1081 892 πει-

556 917 665 952 θαρχεῖν
685 916 732 943 καὶ
754 915 848 942 ἀσκεῖν
871 914 960 940 πᾶσαν
980 913 1082 948 ὑπομο-

556 964 615 999 νὴν,
636 963 669 998 ἢν
691 962 776 989 εἴδετε
802 961 862 987 κατ’
875 959 1032 995 ὀφθαλμοὺς
1051 958 1081 984 οὐ

559 1011 637 1046 μόνον
645 1011 672 1037 ὲν
679 1011 735 1041 τοῖς
748 1008 894 1045 μακαρίοις
906 1007 1027 1041 Ίγνατίῳ
1036 1006 1083 1032 καὶ

564 1056 670 1091 Ῥούφῳ
690 1056 737 1081 καὶ
760 1054 887 1088 Ζωσίμῳ,
909 1052 976 1079 ἀλλὰ
991 1051 1038 1079 καὶ
1054 1051 1083 1078 ὲν

559 1102 651 1133 ἄλλοις
674 1102 730 1131 τοῖς
751 1099 781 1131 ἐξ
800 1098 887 1134 ὑμῶν·
904 1098 951 1124 καὶ
967 1097 995 1123 ἐν
1010 1095 1085 1131 αὐτῷ

559 1147 658 1183 Παύλῳ
673 1148 720 1173 καὶ
731 1147 787 1177 τοῖς
801 1145 905 1176 λοιποῖς
915 1143 1083 1174 ἀποστόλοις·

561 1193 761 1228 πεπεισμένους
777 1192 818 1218 ὅτι
832 1187 902 1218 οὗτοι
921 1189 1021 1220 πάντες
1036 1189 1087 1215 οὐκ

561 1242 600 1273 εἰς
624 1239 701 1266 κενὸν
724 1238 852 1274 ἔδραμον,
874 1236 974 1263 ἀλλ’ὲν
997 1235 1086 1261 πίστει

562 1288 608 1316 καὶ
624 1286 790 1321 δικαιοσύνῃ·
800 1285 846 1312 καὶ
854 1285 894 1311 ὅτι
909 1285 948 1315 εἰς
959 1284 1005 1310 τὸν
1018 1283 1088 1317 ὀφει-

561 1332 674 1368 λόμενον
700 1331 792 1362 αὐτοῖς
816 1329 898 1356 τόπον
930 1328 982 1354 εἱσι
1013 1327 1088 1362 παρὰ

563 1377 667 1413 Κυρίῳ,
689 1372 712 1410 ᾧ
729 1375 776 1402 καὶ
800 1373 961 1401 συνέπειθον.
982 1372 1019 1398 Οὐ
1035 1371 1089 1406 γὰρ

564 1419 609 1451 τδν
620 1422 667 1450 νῦν
680 1422 828 1458 ἠγάπησαν
849 1419 948 1450 αἰῶνα,
965 1418 1032 1445 ἀλλὰ
1043 1417 1089 1458 τὸν

565 1469 635 1505 ὑπὲρ
662 1469 741 1504 ἡμῶν
766 1465 953 1497 ἀποθανόντα,
982 1463 1029 1490 καὶ
1055 1457 1089 1489 δι’

565 1515 638 1551 ἡμᾶς
653 1512 760 1540 habeo?)
770 1510 838 1538 Θεοῦ
850 1509 1004 1537 ἀναστάντα
1022 1507 1090 1535 »Καὶ

567 1559 630 1594 ἑξῆς
645 1557 777 1592 ἐπιφέρει·
795 1565 804 1581 ι
822 1553 974 1591 Ἑγράψατέ
990 1561 1033 1588 μοι
1045 1551 1091 1578 καὶ

567 1605 645 1641 ὑμεῖς
670 1604 716 1631 καὶ
739 1602 877 1637 Ἰγνάτιος,
910 1600 953 1627 ἴνα
979 1599 1026 1626 ἐάν
1049 1607 1091 1630 τις

567 1652 719 1687 ἀπέρχηται
735 1650 775 1681 εἰς
792 1649 902 1684 Συρίαν,
920 1646 1011 1673 καὶτὰ
1029 1646 1091 1680 παρ’

569 1697 644 1733 ὑμῶν
659 1693 817 1730 ἀποκομίσῃ
832 1693 993 1728 γράμματα.
1006 1691 1093 1726 Ὅπερ

570 1743 684 1779 ποιήσω,
700 1741 748 1767 ἑὰν
765 1739 840 1766 λάϐω
861 1737 954 1772 καιρὸν
975 1735 1092 1766 εὔθετον,

571 1788 626 1814 εἴτε
649 1785 714 1821 ἐγὼ,
736 1784 790 1811 εἴτε
802 1783 831 1809 ὃν
845 1782 944 1817 πέμψω
962 1779 1096 1816 7.956656-

575 1841 655 1860 σοντα
674 1829 794 1865 καὶπερὶ
809 1827 895 1864 ὑμῶν.
911 1838 920 1853 ι
939 1826 1004 1862 Lege
1013 1825 1096 1852 NICE-

575 1884 681 1906 ruonuu
696 1877 743 1904 lib.
764 1883 805 1907 Ill,
820 1883 879 1909 cap.
896 1874 939 1901 l9.

1595 166 1627 193 Μ

1227 222 1328 249 \‘tznsto
1344 221 1376 248 ll.
1396 221 1512 249 Vates".

1110 277 1183 303 omni
1200 285 1265 304 cura
1286 284 1318 303 ac
1330 276 1469 311 diligentia
1490 265 1566 303 illum
1587 277 1628 304 [u-

1111 329 1173 348 vcre
1190 322 1277 349 relict.
1304 321 1375 348 ldcm
1402 322 1428 348 in
1450 321 1564 356 cpistola
1596 322 1627 347 al

1112 366 1267 402 Smyrnzeos
1294 366 1327 392 de
1359 366 1502 393 Servatore
1533 371 1629 392 nestru

1112 411 1225 445 loquens
1236 411 1360 446 quaedam
1382 411 1442 445 ejus
1455 410 1536 437 verba
1558 410 1630 437 reci—-

1112 461 1160 489 tal,
1183 464 1243 491 qua:
1267 456 1337 483 unde
1362 456 1499 490 acceperit
1521 456 1627 491 ignoro.

1113 501 1168 537 Ego
1180 511 1248 534 vero,
1264 502 1362 537 inquit,
1376 507 1435 537 post
1455 503 1629 530 resurrrtlio-

1112 557 1169 575 nem
1188 548 1328 575 Dominum
1342 549 1426 583 ipsum
1446 549 1472 575 in
1489 557 1566 574 carne
1582 557 1630 582 ap-

1112 592 1232 627 paruisse
1246 593 1302 618 scio
1315 597 1338 618 et
1351 593 1436 619 credo.
1452 592 1504 625 Qui
1515 601 1574 619 tum
1595 592 1632 618 tu!

1113 638 1222 665 Petrum
1251 644 1276 664 et
1311 643 1419 665 αιτιοι-οε
1443 639 1500 673 ejus
1522 639 1629 665 comites

1113 683 1274 714 accessisset,
1299 683 1367 711 dixit
1387 684 1441 710 illis
1459 685 1631 719 :Apprelien-

1113 728 1178 760 dite,
1197 733 1355 754 contrectare
1366 736 1416 760 me,
1429 733 1454 754 et
1470 729 1551 755 vidule
1562 729 1630 760 quod

1116 781 1166 799 non
1181 781 1239 800 sum
1254 773 1420 807 incorporeus
1438 775 1556 808 spiritus.
1571 773 1633 800 Sla—

1117 819 1214 852 timque
1225 826 1283 845 eum
1302 823 1493 847 contrectantes
1514 820 1632 846 credide-

1117 869 1188 891 runt.
1213 863 1300 899 Hujus
1309 872 1390 899 porro
1406 864 1500 900 lgnatii
1516 871 1543 893 et
1559 873 1632 892 mar-

1117 908 1217 942 tyrium
1239 912 1267 935 et
1287 908 1418 943 epistolas
1437 915 1634 937 commemorat

1117 953 1245 981 lrenaeus.
1261 954 1313 982 Sed
1326 958 1352 981 et
1367 954 1568 990 Polyearpusin
1585 963 1634 983 sua

1118 1000 1151 1027 ad
1162 999 1348 1035 Philippenscs
1355 1001 1467 1035 epistola
1477 1002 1634 1029 earumdem

1119 1046 1431 1081 meminitcpistolarum
1449 1055 1456 1072 -.
1477 1057 1486 1073 ι
1501 1047 1634 1080 Obsecro,

1119 1092 1273 1127 inquit,vos
1281 1100 1386 1125 omnes,
1401 1097 1430 1120 ut
1442 1094 1560 1128 parcatis
1571 1102 1636 1129 prie-

1118 1135 1214 1170 positis
1225 1136 1333 1167 vestris,
1350 1143 1513 1171 omnemque
1528 1137 1635 1171 patien-

1119 1182 1184 1209 tiam
1209 1182 1371 1214 exerceatis,
1393 1190 1475 1217 quam
1492 1183 1636 1217 spectastis

1120 1235 1174 1254 non
1200 1229 1287 1255 solum
1314 1228 1342 1254 in
1364 1228 1483 1263 lgnatio,
1511 1227 1581 1255 Rufo
1606 1236 1638 1255 ac

1121 1273 1229 1300 Zosimo
1236 1274 1303 1300 viris
1311 1274 1487 1305 beatissimis,
1497 1274 1543 1301 sed
1556 1274 1637 1301 etiam

1121 1319 1148 1346 in
1171 1319 1232 1346 aliis
1256 1319 1360 1356 civibus
1387 1326 1469 1354 atque
1496 1320 1640 1354 inquilinis

1122 1366 1228 1398 vestris,
1246 1370 1273 1392 et
1292 1366 1318 1392 in
1334 1366 1394 1400 ipso
1408 1366 1543 1401 praecipue
1555 1366 1640 1394 Paulo

1122 1411 1282 1446 exterisque
1291 1411 1422 1445 apostolis
1432 1421 1438 1437 :
1452 1411 1501 1445 pro
1510 1417 1584 1439 certo
1591 1413 1642 1440 lia-

1123 1455 1227 1490 bentes,
1244 1457 1316 1492 quod
1328 1457 1354 1484 hi
1367 1465 1462 1485 omnes
1474 1465 1527 1484 non
1539 1458 1640 1486 frustra

1123 1506 1319 1534 cucurrerunt,
1327 1502 1372 1529 sed
1385 1502 1410 1528 in
1421 1501 1473 1528 lide
1487 1510 1520 1529 ac
1537 1502 1642 1535 iustitia

1124 1548 1252 1585 ingressi,
1271 1549 1305 1575 ad
1322 1548 1411 1574 locum
1426 1547 1477 1574 sibi
1494 1556 1508 1573 a
1525 1547 1579 1574 Deo
1594 1548 1642 1574 dc—

1123 1597 1212 1624 bitum
1221 1598 1413 1630 pervenerunt,
1423 1593 1643 1629 quandoquidem

1125 1643 1152 1667 et
1166 1639 1323 1676 passionum
1336 1638 1396 1673 ejus
1406 1637 1551 1672 participes
1561 1637 1646 1664 exsti-

1127 1692 1228 1715 terunt.
1254 1685 1347 1720 Neque
1363 1685 1436 1713 enim
1459 1693 1577 1720 prmsens
1593 1692 1644 1711 sae-

1127 1733 1230 1765 culum,
1257 1730 1304 1759 sed
1335 1739 1397 1758 eum
1425 1731 1471 1766 qui
1494 1738 1544 1765 pro
1564 1730 1644 1756 nobis

1128 1787 1226 1815 passus
1235 1782 1262 1806 et
1275 1786 1290 1805 a
1302 1777 1356 1805 Deo
1369 1779 1518 1806 suscitatus
1531 1781 1583 1810 est,
1596 1776 1646 1803 ad-

1129 1825 1266 1851 amarunt.
1287 1831 1297 1847 i
1315 1821 1348 1848 Et
1368 1822 1449 1856 paulo
1465 1827 1526 1855 post
1546 1821 1620 1848 addit
1638 1827 1645 1834 ’

1134 1881 1143 1896 ι
1163 1869 1318 1904 Scripsistis
1333 1869 1365 1896 ad
1378 1877 1421 1897 me
1431 1874 1457 1897 et
1471 1877 1519 1896 vos
1533 1875 1558 1897 et
1569 1869 1648 1905 lgna-

36 1937 91 1968 tius,
110 1941 137 1964 ut
158 1937 180 1964 si
198 1935 261 1971 quis
276 1933 351 1961 forte
376 1930 404 1958 in
429 1929 536 1964 Syriam
555 1924 789 1961 proﬁcisceretur,
806 1924 912 1948 vestras
928 1919 1032 1946 litteras
1046 1926 1078 1946 eo
1093 1917 1222 1946 deferret.
1236 1915 1315 1948 Quod
1335 1916 1443 1950 quidem
1460 1916 1608 1950 perﬁciam,
1626 1915 1650 1943 si

38 1992 126 2020 Iempus
138 1989 322 2020 opportunum
331 1983 429 2007 nactus

445 1962 533 2007 fuero;
542 1973 585 2001 vel
591 1980 640 2008 ego
653 1973 710 2007 ipse
716 1970 759 1997 vel
769 1976 817 2004 per
824 1968 908 1995 alium
922 1966 1089 2002 quempiam,
1104 1965 1147 1992 cui
1163 1964 1189 1991 id
1196 1971 1298 1990 munus
1307 1967 1396 1989 vestra
1403 1969 1485 1990 causa
1493 1962 1630 1996 delegabo.
1637 1971 1647 1986 ι

38 2008 400 2069 Eii-igtflmrtztﬁiiradiculam,
411 2031 486 2058 capp.
496 2022 512 2048 4
522 2026 545 2048 et
557 2020 589 2053 5;
603 2017 731 2054 Epist.ad
741 2015 860 2050 Smyrn.,
874 2022 932 2048 cap.
949 2013 981 2045 ὃς
995 2011 1080 2047 Epist.
1094 2009 1237 2045 Polycarpt'
1254 2008 1288 2036 ad
1300 2008 1430 2042 Pllilipp.,
1446 2015 1521 2042 capp.
1536 2009 1552 2035 9
1567 2014 1592 2035 ει
1606 2009 1649 2035 15,

67 2135 155 2163 Verum
168 2129 191 2168 ξ’
207 2132 343 2169 quoniam
371 2125 540 2162 impossibile

38 2182 104 2209 nobis
118 2186 154 2208 est
164 2179 289 2215 singulos
305 2180 478 2204 enumerare,
495 2170 542 2204 qui

38 2232 91 2262 post
107 2226 292 2261 apostolorum
309 2221 413 2256 primas
429 2223 542 2245 succes-

40 2261 118 2300 siones
130 2272 155 2298 in
168 2269 296 2299 ecclesiis
308 2273 370 2302 quae
388 2271 436 2299 per
450 2261 543 2289 orbem

40 2324 107 2345 terrze
113 2316 234 2350 sunt,vel
245 2313 397 2350 principes,
410 2308 452 2335 vel
463 2315 545 2335 evan—

40 2363 127 2398 gelista:
139 2363 262 2394 fuerunt.
277 2359 321 2387 vel
333 2360 475 2392 pastores;
485 2352 546 2398 illos

41 2409 213 2436 tantummodo
231 2408 467 2435 commemorasse
488 2397 547 2426 suf-

42 2455 113 2488 liciat,
121 2462 234 2490 quorum
247 2450 326 2479 libris
338 2449 441 2476 inserta
451 2444 486 2472 ad
498 2451 548 2490 nos

43 2509 116 2537 usque
128 2488 184 2529 iidei
198 2504 227 2527 et
237 2492 444 2534 prazdicationis
460 2488 549 2517 monia

44 2555 122 2577 menta
145 2555 261 2579 venere;
285 2549 317 2572 ut
346 2539 495 2570 Clementis
523 2541 551 2564 et

44 2595 127 2630 lgnalii
140 2596 368 2624 caeterorumque,
377 2592 495 2621 quorum
504 2591 550 2610 διι-

45 2642 125 2676 penus
138 2641 253 2670 fecimus
266 2635 448 2665 mentionem.

79 2782 165 2811 lustiui
195 2787 309 2818 quoque
341 2774 491 2809 martyris,
528 2773 554 2796 et

48 2828 129 2862 lgnalii
144 2828 312 2856 mentionem
326 2822 393 2850 facit
402 2818 554 2854 (lrcnscus),

47 2881 69 2900 ιιι
83 2882 111 2900 ea
121 2882 177 2908 qum
193 2872 368 2907 scripserunt
387 2863 510 2901 producit
528 2863 554 2890 in

48 2921 163 2948 medium.

632 2076 708 2108 IDEM,
733 2074 811 2107 ibid.,
823 2081 898 2108 capp.
915 2071 959 2103 ’57,
975 2070 1020 2097 58.

611 2122 756 2148 Ἀδυνάτου
772 2120 793 2146 δ“
806 2120 884 2150 ὖντος
899 2119 963 2153 ἡμῖν
980 2116 1102 2146 ἅπαντας

576 2169 606 2200 ἐξ
634 2168 766 2203 ὀνόματος
794 2162 1017 2200 ἁπαριΟμεῐσοαι,
1046 2162 1102 2187 ὅσοι

578 2215 643 2242 ποτὲ
654 2214 724 2241 κατὰ
739 2213 789 2248 τὴν
802 2211 912 2247 πρώτην
925 2209 978 2235 τῶν
991 2207 1104 2235 ἀποστό-

577 2262 630 2288 λων
657 2259 781 2294 διαδοχὴν
808 2259 836 2283 ὲν
860 2257 921 2287 ταῖς
951 2253 1022 2281 κατὰ
1053 2253 1102 2287 τὴν

579 2308 652 2333 οἰκου
658 2306 740 2342 μένην
749 2302 906 2338 ἐκκλησίαις
913 2299 1039 2335 γεγόνασι
1045 2306 1104 2324 ποι-

582 2353 661 2389 μένες
676 2351 693 2387 ἢ
711 2351 759 2376 καὶ
778 2346 982 2382 εὐαγγελισταὶ,
1002 2343 1103 2370 τούτων

581 2398 694 2428 εἰκότως
715 2396 744 2429 ἐξ
761 2395 892 2430 ὀνόματος
907 2392 1000 2427 γραφῇ
1018 2390 1104 2424 μόνων

582 2443 629 2478 τὴν
648 2443 758 2478 μνήμην
778 2436 1005 2472 κατατεθείμεθα,
1018 2431 1054 2460 ὧν
1065 2433 1105 2459 ἔτι

584 2489 629 2516 καὶ
644 2488 691 2515 νῦν
705 2488 745 2518 εἰς
764 2486 839 2522 ἡμᾶς
852 2485 884 2510 δι’
902 2479 1106 2517 ὑπομνημάτων

584 2536 634 2570 τῆς
644 2531 824 2566 ἀποστολικῆς
838 2526 1007 2557 διδασκαλίας
1019 2526 1036 2560 ἡ
1055 2530 1108 2550 ιτα-

587 2569 693 2616 ρέιδοσις
705 2578 824 2613 φέρεται·
849 2575 942 2608 ὥσπερ
956 2569 1001 2598 οὖν
1013 2569 1108 2605 ἀμέλει

587 2625 634 2654 τοῦ
656 2624 785 2658 Ίγνατίου
807 2623 835 2648 ὲν
859 2617 901 2651 αἷς
926 2616 1107 2651 κατελέξαμεν

591 2671 754 2701 ἐπιστολαῖς.

655 2718 730 2750 lusu,
745 2715 821 2746 ibid.,
833 2713 879 2740 lib.
889 2720 915 2744 v,
929 2720 985 2746 cap.
1001 2710 1026 2737 8.

630 2765 691 2789 Ἔτι
711 2762 757 2788 καὶ
781 2759 923 2786 Ἰουστίνου
942 2756 989 2783 τοῦ
1011 2754 1112 2790 μάρτυ-

595 2819 639 2846 ρος
647 2810 693 2836 καὶ
704 2806 830 2841 Ἰγνατὶου
841 2805 949 2839 μνήμην
956 2801 1111 2835 πεποίηται,

595 2857 755 2896 μαρτυρίαις
767 2852 843 2884 αὖθις
858 2851 905 2878 καὶ
918 2851 972 2877 ἀπὸ
985 2849 1038 2876 τῶν
1052 2849 1113 2874 τού-

593 2914 647 2937 τοις
658 2902 814 2939 γραφέντων
832 2896 1008 2934 κεχρημένος.

1172 2115 1304 2142 Caeterum
1323 2122 1383 2141 cum
1405 2113 1463 2140 fleri
1487 2114 1561 2140 nullo
1573 2113 1652 2140 modo

1136 2161 1233 2196 possit,
1249 2165 1278 2187 ut
1292 2160 1416 2195 singulos
1427 2159 1589 2186 nominatim
1607 2167 1652 2185 re-

1137 2214 1307 2240 censeamus,
1324 2210 1459 2241 quotquot
1482 2206 1578 2240 primis
1601 2206 1654 2232 illis

1136 2250 1292 2285 apostolica}.
1315 2248 1499 2277 successionis
1523 2249 1655 2282 tempori-

1137 2297 1188 2324 bus
1219 2304 1268 2331 per
1291 2302 1387 2323 omnes
1417 2294 1492 2322 orbis
1521 2298 1655 2320 terrarum

1137 2339 1268 2367 ecclesias
1281 2339 1417 2366 antistites
1429 2341 1476 2364 aut
1486 2337 1658 2371 evangelista:

1139 2387 1250 2415 fuerunt
1266 2397 1272 2414 :
1290 2393 1386 2414 eorum
1402 2385 1534 2412 duntaxat
1547 2384 1656 2411 nomina

1140 2434 1184 2461 llic
1222 2439 1441 2461 commemorare
1486 2430 1657 2461 statuimus,

1141 2486 1260 2513 quorum
1285 2481 1462 2505 monumenta
1482 2476 1658 2511 apostolicam

1143 2523 1251 2550 illorum
1267 2523 1419 2550 doctrinam
1432 2521 1596 2549 continentia
1612 2523 1660 2547 ad-

1144 2569 1197 2596 huc
1217 2571 1374 2602 supersunt,
1387 2566 1461 2593 verbi
1475 2566 1571 2601 gratia,
1584 2566 1661 2600 lgna-

1143 2614 1186 2648 tii,
1202 2621 1272 2648 quas
1288 2613 1476 2640 recensuimus
1495 2611 1626 2646 epistolae.

1183 2751 1317 2778 Praeterea
1351 2749 1450 2777 Justini
1481 2745 1606 2782 martyris
1638 2749 1664 2771 et

1149 2797 1241 2833 lgnatii
1254 2797 1417 2824 mentionem
1433 2794 1507 2823 facit,
1523 2801 1554 2819 ex
1571 2799 1664 2818 eorum

1151 2845 1259 2879 scriptis
1276 2842 1431 2871 testimonia
1444 2839 1584 2875 proferens
