1874 3070
232 179 266 206 15
759 183 787 210 s.
808 181 979 210 lGNATlUS.
998 195 1029 200 ρ
1050 179 1314 208 PROLEGOMENA.
1825 179 1854 205 us

1023 238 1064 264 Vl.

300 298 481 330 ATHANASIUS,
497 296 583 331 Epist.
595 294 628 323 de
644 293 761 330 Synodis
773 294 890 322 Arimini
902 300 928 322 el
943 295 994 357 ῗθὶι

898 339 948 357 var
963 351 969 357 .
992 339 994 357 ι

1078 315 1085 326 ,
1195 293 1238 320 47.
1261 292 1303 319 Ea:
1319 292 1383 319 edit.
1399 291 1457 320 BB.
1480 291 1569 319 Paris.
1586 291 1666 325 1698,
1681 296 1745 319 tam.
1759 290 1780 324 1,

1077 338 1099 357 a.
1174 349 1180 356 .

898 338 969 365 part.
992 339 1021 362 ιι,
1037 338 1099 365 pag.
1123 338 1180 356 IU‘I.

262 389 383 423 lgnatius
402 395 476 416 certe
490 397 536 424 qut
552 393 614 423 post
633 392 728 423 aposto
740 395 772 416 os
791 388 941 415 Antiochize
955 388 1012 424 epi-
1028 392 1050 419 Α

227 442 329 470 acopus
341 435 508 463 constitutus
518 438 570 466 est,
586 434 699 469 ipseque
715 438 820 469 martyr
836 433 939 461 Christi
950 433 1012 465 fuit,

226 482 260 509 de
273 481 388 508 Domino
397 473 523 508 scribens
532 479 616 507 dixit:
635 479 708 506 Unus
718 480 833 506 medicus
845 485 882 506 est
898 480 1014 507 carnalis

225 532 250 554 et
263 526 424 561 spiritualis,
437 526 523 560 factus
535 531 559 552 et
576 533 628 552 non
648 525 747 559 factus,
764 525 790 552 in
807 525 910 552 homine
931 525 1013 558 Deus,

226 573 256 599 in
271 577 353 599 morte
364 573 417 599 vita
428 580 499 604 vero,
512 576 536 598 et
552 579 584 597 ex
597 570 685 597 Maria
696 575 721 597 et
732 579 765 597 ea:
777 571 877 598 Deam.
894 570 972 604 Quod
988 572 1010 599 si

227 617 303 652 gnari
317 625 412 644 eorum
426 617 452 643 in
468 615 578 643 Christo
595 615 669 647 lidci,
693 623 856 650 persuasum
878 617 1011 644 habemus

226 663 335 690 beatum
358 663 440 689 etiam
452 661 585 697 lgnatium
598 667 670 689 recte
686 661 838 697 scripsisse,
855 670 917 689 cum
932 663 1008 690 illum

225 709 316 736 carnis
327 716 409 736 causa
424 707 523 735 factum
537 707 605 734 dixit
614 707 751 742 (Christus
762 708 834 734 enim
842 715 905 734 caro
923 707 1011 735 factus

224 755 287 790 est),
303 759 396 782 etnon
417 755 528 786 factum,
545 753 610 789 quia
628 762 682 781 non
702 762 734 781 ex
748 754 865 788 opiﬁciis
887 758 914 780 et
928 754 1010 781 rebus

224 801 324 833 iactus,
348 801 394 828 sed
418 800 503 828 Eilius
513 808 547 827 ex
565 798 655 832 Patre,
671 803 723 826 etc.
741 798 828 833 Epist.
850 799 884 825 ad
900 798 1010 831 Ephes.,

225 855 282 881 cap.
296 846 322 874 7.

1108 386 1235 421 Ἰγνάτιος
1256 384 1320 418 οὖν,
1346 387 1360 413 ὁ
1380 386 1450 422 μετὰ
1471 387 1534 420 τοὺς
1553 388 1718 420 ἀποστόλους
1740 389 1770 415 ὲν
1807 388 1864 415 Ἂν»

1065 433 1169 468 τιοχεῐᾳ.
1184 432 1363 463 κατασταθεὶς
1374 433 1522 465 ἐπίσκοπος
1536 434 1584 460 καὶ
1608 434 1714 470 μάρτυς
1728 433 1777 460 τοῦ
1793 435 1863 469 Χρι⁴

1067 479 1129 505 στοῦ
1145 478 1300 513 γενόμενος,
1314 478 1427 513 γράφων
1442 479 1505 514 περὶ
1518 479 1566 505 τοῦ
1582 479 1704 516 Κυρίου,
1728 480 1857 515 εῖρηκεν’

1065 525 1117 558 Εἷς
1138 525 1236 558 ἱατρός
1245 524 1310 551 ἐστι
1326 524 1470 558 σαρκικὸς
1485 525 1532 552 καὶ
1549 525 1759 560 πνευματιχὺς,
1773 534 1855 560 γενη-

1065 571 1115 603 τὸς
1132 570 1179 597 καὶ
1197 569 1352 605 ἀγένητος,
1371 570 1407 596 ἐν
1418 570 1562 605 ἀνθρώπῳ
1585 571 1667 604 Θεὸς,
1692 571 1728 598 ἐν
1740 571 1857 602 θανάτῳ

1064 616 1120 650 ζωὴ
1136 613 1278 650 ἀληθινὴ,
1296 617 1344 644 καὶ
1361 617 1396 643 ἐκ
1411 617 1528 651 Μαρίας
1537 618 1585 644 καὶ
1596 618 1631 644 ἐκ
1645 617 1768 645 6606....
1787 618 1823 643 Εἰ
1834 617 1856 643 δὲ

1063 663 1112 698 τὴν
1122 662 1270 699 ὲνΧριστῷ
1281 663 1371 689 πίστιν
1379 663 1467 689 αὐτῶν
1475 663 1663 698 γινώσκοντες,
1673 663 1856 698 πεπείσμεθα,

1064 710 1104 736 ὅτι
1121 710 1169 737 καὶ
1183 710 1344 745 ὁμακάριος
1366 709 1494 744 Ἰγνάτιος
1523 710 1611 745 ὀρθῶς
1634 710 1750 746 ἔγραψε,
1773 719 1854 745 γενη-

1064 755 1109 782 τὸν
1125 756 1206 782 αὐτὸν
1218 756 1306 789 λέγων
1325 755 1369 781 διὰ
1382 755 1432 790 τὴν
1449 755 1546 790 σάρκα·
1560 757 1574 782 ὁ
1591 755 1645 791 γὰρ
1658 757 1778 792 Χριστὸς
1791 756 1857 791 σὰρξ

1064 801 1182 836 ἐγένετο·
1200 801 1331 837 ἀγένητον
1349 801 1388 834 δὲ,
1400 802 1441 827 ὅτι
1458 801 1494 837 μὴ
1509 801 1562 827 τῶν
1574 802 1734 837 ποιημάτων
1749 803 1800 828 καὶ
1813 811 1854 835 γεΔ

1064 847 1152 883 νητῶν
1165 848 1249 880 ἐστιν,
1266 847 1321 874 ἀλλ’
1332 847 1392 879 Υἱὸς
1408 847 1439 873 ὲκ
1454 847 1570 882 Πατρὺς,
1584 856 1609 873 κ.
1622 856 1646 874 τ.
1662 847 1686 874 λ.

1015 909 1068 937 νιι.

470 967 653 998 “lenonius,
669 965 717 992 lib.
731 964 770 992 De
785 965 851 992 viris
864 965 1006 1000 illustrih.,
1020 975 1078 1002 cap.
1094 967 1138 999 16,
1156 976 1215 994 cum
1232 973 1315 995 vetere
1326 968 1496 997 Immone":
1508 969 1618 998 Cnmco.

259 1039 378 1075 lgnatius
390 1039 567 1066 Antiochense
574 1038 700 1066 Ecclesiae
717 1038 813 1065 tertius
825 1042 886 1073 post
899 1038 1009 1065 Petrum
1025 1033 1047 1059 Β

222 1086 377 1121 apostolum
398 1085 559 1120 episcopus,
587 1088 777 1112 commovente
790 1084 1008 1118 persecutionem

222 1132 350 1167 'l'rajano,
363 1133 508 1159 damnatus
523 1131 556 1158 ad
572 1131 683 1162 bestias,
693 1129 813 1158 Romam
826 1130 936 1158 vinctus
949 1130 1009 1158 mit-

221 1178 428 1213 titur.Cumque
445 1177 576 1212 navigans
593 1176 736 1213 Smyrnam
751 1176 880 1208 venisset,
893 1176 938 1203 ubi
956 1175 994 1203 Po

221 1225 349 1260 lyearpus
379 1224 488 1251 auditor
502 1223 615 1250 Joannis
633 1222 777 1257 episcopus
803 1226 871 1254 erat,
897 1221 1008 1256 scripsit

221 1278 305 1298 unam
327 1269 470 1305 epistolam
489 1269 521 1296 ad
538 1268 683 1303 Ephesios,
711 1268 825 1295 alteram
841 1268 874 1295 ad
897 1267 1007 1303 Magne-

221 1318 325 1350 sianos,
339 1317 447 1344 tertiam
465 1315 498 1343 ad
515 1314 683 1346 Trallenses,
698 1318 823 1349 quartam
848 1313 883 1340 ad
908 1313 1006 1340 Roma-

219 1373 272 1393 nos
287 1374 293 1391 ε
308 1368 335 1391 et
349 1364 411 1391 inde
421 1362 562 1398 egrediens
579 1361 688 1396 scripsit
708 1360 741 1387 ad
752 1360 961 1395 Philadelpheos
979 1364 1006 1387 et

219 1411 254 1438 ad
270 1410 436 1445 Smyrnaeos,
451 1413 479 1436 et
491 1408 598 1443 proprie
613 1407 647 1434 ad
658 1407 850 1442 Polycarpum,
865 1413 1006 1433 common--

219 1457 286 1484 dans
304 1455 342 1483 illi
365 1454 576 1482 Antiochensem
597 1453 742 1481 Ecclesiam
766 1461 772 1478 :
792 1452 820 1479 in
841 1460 896 1487 qua
918 1456 946 1479 et
971 1452 1005 1480 de

217 1501 364 1536 Evangelia
382 1501 455 1536 quod
481 1507 596 1535 nupera
609 1507 653 1526 me
665 1499 827 1526 translatum
845 1502 897 1530 est,
922 1505 1005 1533 super

217 1556 334 1584 persona
363 1546 467 1574 Christi
494 1546 572 1581 ponit
599 1545 797 1577 testimonium,
829 1544 925 1572 dicens
957 1545 1004 1580 (ad

219 1595 328 1630 Smyrn.
343 1601 403 1628 cap.
422 1592 450 1629 5)
466 1601 494 1619 ει
514 1591 570 1627 Ego
582 1599 645 1620 vero
657 1596 684 1618 et
698 1595 761 1626 post
775 1591 1003 1618 resurrectionem

218 1641 245 1668 in
266 1647 348 1667 carne
361 1647 423 1666 eum
439 1638 505 1670 vidi,
524 1642 552 1665 et
575 1637 657 1664 credo
678 1636 743 1671 quia
761 1637 806 1664 sit.
835 1636 868 1664 Et
893 1638 1004 1672 quando

217 1687 293 1713 venit
301 1686 334 1712 ad
341 1685 495 1716 Pctrum,et
503 1684 536 1711 ad
545 1691 591 1711 eos
607 1683 653 1718 qui
666 1691 729 1711 cum
738 1682 822 1710 Petro
829 1688 916 1716 erant,
935 1684 1002 1711 dixit

218 1733 258 1760 cis
272 1753 278 1759 .
298 1731 368 1758 Ecce
380 1730 486 1765 palpate
498 1737 541 1756 me
555 1733 583 1756 et
597 1729 696 1762 videte,
711 1729 775 1763 quia
791 1736 845 1756 non
867 1737 927 1757 sum
948 1729 1004 1756 daa-

219 1778 340 1805 mmiium
363 1776 545 1811 incorporale.
560 1775 593 1803 Et
607 1775 698 1802 statim
723 1775 870 1809 tetigerunt
883 1783 958 1808 eum,
976 1779 1003 1802 ct

218 1823 402 1851 crediderunt.
418 1821 560 1856 tDignum
585 1825 676 1847 autem
702 1820 820 1851 videtur,
845 1820 909 1855 quia
936 1820 1002 1847 tanti

217 1871 269 1898 viri
283 1871 397 1898 fecimus
411 1869 589 1898 mentionem,
614 1872 642 1895 et
659 1868 692 1895 de
713 1867 827 1902 epistola
848 1867 908 1902 ejus
920 1875 1002 1902 quam

218 1918 251 1945 ad
267 1916 407 1944 Romanos
422 1915 492 1950 (cap.
502 1915 530 1949 5)
545 1913 640 1941 scribit
655 1912 702 1948 (al.
719 1912 843 1947 scripsit)
857 1920 944 1948 pauca
951 1920 1002 1948 po-

217 1970 282 1990 nere
298 1971 304 1989 :
330 1961 365 1988 De
377 1960 455 1996 Syria
470 1967 550 1995 usque
561 1959 594 1986 ad
611 1959 721 1986 Romam
736 1967 822 1993 pugno
836 1958 870 1985 ad
886 1959 981 1986 bestia:
991 1979 999 1992 ,

217 2010 245 2036 in
259 2008 327 2035 mari
340 2012 364 2034 et
373 2007 400 2034 in
413 2012 494 2039 terra,
502 2011 556 2033 etc.
569 2004 693 2040 Cumque
704 2004 761 2039 jam
773 2004 919 2031 damnatus
930 2009 1002 2032 esset

216 2055 251 2083 ad
268 2055 380 2087 bestias,
406 2053 504 2081 ardore
515 2051 646 2087 patiendi,
663 2058 725 2078 cum
741 2050 880 2085 rugientes
895 2051 1002 2078 audiret

218 2103 321 2134 leones,
349 2100 407 2128 ait:
423 2098 597 2126 Frumentum
618 2097 720 2124 Christi
738 2104 808 2128 sum,
824 2096 944 2123 dentibus
960 2097 1002 2123 bc-

215 2148 328 2175 stt'arum
342 2146 437 2175 molar.
449 2149 477 2172 ut
488 2145 564 2180 ponis
577 2143 689 2170 mundus
709 2143 835 2169 inveniar.
850 2141 952 2170 Passus
963 2147 1004 2170 est

216 2202 288 2221 anno
306 2192 450 2221 undecimo
461 2190 580 2226 Trajani.

1104 1040 1231 1076 Ἰγνάτιος
1245 1041 1295 1076 τῆς
1306 1042 1334 1068 ἐν
1358 1042 1506 1078 Ἀντιοχείᾳ
1524 1043 1687 1079 Ἐκκλησίας
1700 1045 1796 1080 τρίτος
1813 1055 1854 1081 με-

1060 1086 1094 1113 τὰ
1112 1087 1215 1123 Πέτρον
1229 1087 1276 1114 τὸν
1293 1088 1440 1115 ἀπόστολον
1452 1090 1611 1122 ἐπίσκοπος,
1630 1091 1750 1126 διωγμὸν
1781 1094 1855 1127 κινή-

1059 1138 1154 1161 σαντος
1169 1130 1314 1166 Τραϊανοῦ,
1333 1131 1533 1168 θηριομαχῆσαι
1545 1134 1709 1168 κελευσθεὶς,
1725 1138 1768 1168 εἰς
1789 1137 1854 1163 Ῥὠη

1060 1185 1112 1212 μην
1133 1177 1269 1204 στέλλεται
1291 1177 1414 1213 δέσμιος.
1436 1180 1530 1206 Πλέων
1555 1180 1594 1212 δὲ,
1620 1181 1666 1208 καὶ
1686 1182 1806 1215 ἐπιστὰς
1823 1185 1855 1218 τῇ

1058 1222 1179 1258 Σμύρνῃ,
1204 1224 1232 1249 ἐν
1299 1223 1478 1260 Πολύκαρπος
1493 1225 1630 1261 ἀκροατὴς
1652 1227 1778 1254 Ἰωάννου
1796 1230 1854 1255 ἐπί-

1058 1277 1157 1301 σκοπος
1171 1267 1214 1305 ἦν,
1232 1269 1335 1305 ἔγραψε
1356 1271 1424 1307 πρὸς
1442 1271 1583 1306 Ἐφεσίους
1608 1274 1755 1309 ἐπιστολὴν
1774 1276 1854 1310 μίαν.

1055 1315 1138 1350 ἄλλην
1155 1316 1223 1351 πρὸς
1231 1317 1554 1354 Μαγνησιανοὺς,τρίτην
1569 1319 1638 1354 πρὸς
1654 1320 1853 1355 Τραλλιανοίλς,

1056 1361 1190 1397 τετάρτην
1212 1362 1281 1398 πρὸς
1301 1363 1468 1398 Ῥωμαίουςο
1490 1364 1619 1391 κάκεῖθεν
1645 1365 1723 1398 ἐξιὼν
1749 1366 1854 1402 ἔγραψε

1055 1406 1256 1441 Φιλαδελφεῦσι,
1269 1408 1316 1434 καὶ
1327 1408 1500 1443 Σμυρναίοις,
1521 1410 1568 1437 καὶ
1585 1410 1675 1442 ἰδικῶς
1683 1411 1754 1446 πρὸς
1769 1412 1854 1438 Πολύ-

1055 1460 1172 1488 καρπον,
1189 1452 1407 1488 παρατιθέμενος
1423 1454 1499 1489 αὐτῷ
1515 1455 1565 1490 τὴν
1586 1456 1615 1482 ὲν
1637 1455 1791 1493 Ἀντιοχείᾳ
1802 1457 1860 1484 Ἐκ-

1055 1497 1167 1532 κλησίαν
1177 1506 1184 1512 '
1210 1499 1240 1524 ἐν
1288 1499 1336 1525 καὶ
1352 1500 1416 1535 περὶ
1431 1499 1478 1526 τοῦ
1496 1500 1660 1534 Εὑαγγελιου
1683 1502 1730 1528 τοῦ
1753 1505 1854 1539 πρώην

1057 1544 1290 1579 μεταφρασθέντος
1297 1545 1382 1580 (deest
1394 1546 1440 1572 ὑπ’
1452 1547 1464 1572 ὲ
1468 1546 1542 1582 μοῦ),
1554 1547 1586 1573 ἐκ
1596 1548 1741 1583 προσώπου
1764 1550 1855 1584 Ἰησοῦ

1054 1590 1173 1626 Χριστοῦ
1186 1590 1296 1626 μνήμην
1310 1593 1436 1623 ποιεῖται,
1453 1592 1548 1626 λέγων’
1562 1603 1571 1618 ι
1590 1593 1659 1628 Ἐγὼ
1673 1594 1700 1620 δὲ
1716 1595 1765 1621 καὶ
1783 1597 1854 1630 μετά

1055 1635 1105 1670 τὴν
1112 1635 1261 1663 ἀνάστασιν
1272 1637 1300 1663 ὲν
1313 1637 1417 1673 σώματι
1436 1638 1516 1664 αὑτὸν
1527 1637 1607 1671 εἶδον,
1616 1639 1663 1666 καὶ
1674 1642 1798 1668 πιστεύω
1813 1643 1856 1670 ἂιιι

1055 1683 1123 1709 ὲστί.
1138 1683 1192 1709 Καὶ
1211 1683 1255 1710 ὅτε
1268 1681 1348 1719 ἦλθεν
1362 1685 1432 1721 πρὸς
1445 1686 1559 1722 Πέτρον,
1571 1687 1618 1713 καὶ
1631 1687 1694 1718 τοὺς
1710 1688 1759 1714 σὺν
1774 1689 1854 1725 αὐτῷ

1053 1729 1142 1762 ὄντας,
1153 1727 1229 1757 εἶπεν
1237 1731 1340 1762 αὐτοῖς’
1352 1731 1539 1767 Ψηλαφήσατέ
1554 1741 1587 1768 με
1602 1733 1689 1768 (deest
1696 1734 1743 1761 καὶ
1757 1735 1853 1766 [oeten

1053 1775 1094 1802 ὅτι.
1100 1775 1149 1802 οὒκ
1156 1777 1214 1811 εἰμι
1221 1777 1357 1812 δαιμόνων
1365 1779 1519 1812 σωματικόν
1527 1779 1608 1813 (male
1614 1780 1676 1815 legit
1688 1782 1852 1817 corporale).

1055 1821 1110 1848 Καὶ
1125 1821 1227 1854 εὐθέως
1247 1822 1366 1857 ἅψαντες
1382 1823 1480 1856 αὑτοῦ,
1502 1825 1666 1852 ἐπίστευσαν
1683 1825 1729 1861 (al.
1744 1827 1853 1861 ἥψαντο

1055 1867 1148 1900 αὑτοῦ,
1164 1869 1232 1902 καί).
1254 1878 1263 1894 ι
1284 1869 1374 1902 ’Ἄξιον
1387 1869 1415 1895 δὲ
1444 1870 1579 1904 φαίνεται,
1596 1871 1711 1907 ἐπείπερ
1724 1873 1852 1900 τοιούτου

1054 1913 1151 1949 ἀνδρὸς
1167 1915 1338 1950 πεποιήμεθα
1353 1917 1472 1951 μνήμην,
1487 1917 1520 1943 ἐκ
1537 1917 1586 1952 τῆς
1604 1917 1749 1953 ἐπιστολῆς
1763 1920 1851 1946 αὐτοῦ

1053 1960 1103 1995 τῆς
1113 1960 1182 1996 πρὸς
1199 1961 1348 1996 Ῥωμαίους
1360 1962 1510 1998 γραφείσης
1532 1962 1610 1997 ὀλίγα
1626 1963 1763 1990 ἐκθέσθαι.
1780 1964 1852 1992 Ἀπὸ

1055 2006 1164 2039 Σηρίας
1180 2006 1248 2040 ἄχρι
1273 2006 1385 2041 Ῥώμης
1401 2007 1568 2042 θηριομαχῶ
1586 2008 1622 2035 ἐν
1633 2009 1775 2044 θαλάσσῃ
1799 2012 1850 2038 καὶ

1058 2051 1093 2077 ἐν
1109 2051 1157 2086 γῇ,
1184 2060 1211 2078 κ.
1228 2060 1253 2078 τ.
1270 2051 1296 2078 λ.
1312 2052 1496 2088 Κατακριθεὶς
1511 2053 1601 2079 τοίνυν
1627 2053 1850 2091 θηριομαχῆσαι,

1054 2098 1100 2123 καὶ
1111 2097 1187 2132 πόθῳ
1201 2097 1248 2123 τοῦ
1258 2097 1365 2129 παθεῖν,
1380 2098 1498 2130 ἀκούσας
1507 2098 1554 2124 τοῦ
1568 2098 1690 2134 βρυγμοῦ
1703 2099 1758 2126 τῶν
1773 2101 1852 2129 λεόν-

1054 2151 1118 2175 των,
1136 2142 1293 2178 ἔφηιΣῑτος
1308 2144 1410 2178 Ἰησοῦ
1425 2144 1553 2177 Χριστοῦ
1569 2146 1637 2179 εἰμι.
1654 2146 1702 2172 καὶ
1719 2147 1851 2182 εὔχομαι

1053 2188 1116 2220 τοῖς
1125 2188 1230 2215 ὀδοῦσι
1246 2189 1305 2216 τῶν
1315 2190 1424 2223 θηρίων
1435 2189 1615 2223 ἀλησθῆναι,
1628 2190 1678 2217 ἵνα
1690 2191 1782 2225 ἄρτος
1796 2202 1851 2220 κα-

1021 2241 1043 2268 ι)
1055 2234 1144 2268 θιιρός
1158 2233 1276 2269 εὑρεθῶ.
1288 2235 1392 2261 ’Ἐπαοε
1403 2234 1508 2270 δεκάτῳ
1522 2235 1576 2261 ἔτει
1590 2235 1735 2271 Τραϊανοῦ.

269 2302 337 2337 Lege
360 2300 540 2328 FRECULI‘IIUI
557 2301 621 2324 tom.
643 2296 683 2329 ll,
702 2296 748 2323 tib.
763 2305 794 2329 ιι,
813 2305 871 2332 cap.
888 2298 932 2331 Η,
948 2303 974 2325 ct

964 2342 994 2360 cu

1077 2308 1140 2328 ιιιυιι
1161 2301 1430 2330 Aucusroouuauseu
1441 2323 1456 2336 ,,
1474 2302 1512 2331 De
1527 2304 1656 2332 luminar.
1682 2304 1790 2333 Ecctcs.

964 2342 1023 2369 cup.
1042 2342 1086 2363 tu.

431 2408 508 2440 lusu,
524 2407 571 2434 lib.
588 2407 726 2436 Adversus
743 2407 991 2443 llelvidium,num.
1005 2411 1049 2438 l7.
1066 2411 1108 2438 Ea:
1119 2412 1181 2438 edit.
1200 2411 1295 2439 Veron.
1313 2417 1375 2438 tam.
1390 2411 1422 2444 ll,
1442 2416 1502 2446 pag!
1517 2409 1581 2442 225,
1594 2409 1625 2436 C.

249 2465 379 2501 Nunquid
400 2472 454 2492 non
468 2473 581 2500 possum
600 2465 648 2493 tibi
668 2470 752 2494 totam
767 2472 890 2495 veterum
913 2469 1079 2504 scriptorum
1097 2470 1196 2497 seriem
1210 2476 1384 2497 commovere
1398 2478 1404 2495 :
1421 2467 1566 2503 lgnatium,
1579 2465 1772 2501 Polycarpum,
1793 2466 1851 2493 Ιι-ιι-

213 2520 315 2546 meum,
330 2511 468 2540 Justinum
488 2517 646 2548 martyrem,
664 2513 821 2548 multosque
847 2513 918 2541 alios
939 2515 1107 2550 apostolicos
1121 2520 1148 2543 ct
1159 2515 1319 2550 eloquentes
1333 2515 1419 2547 viros,
1433 2514 1480 2549 qui
1506 2513 1638 2540 adversus
1661 2511 1800 2539 Ebionem
1827 2520 1850 2541 rt

213 2558 385 2586 Theodotum
401 2558 561 2594 Byzantium
573 2564 600 2587 et
610 2559 798 2595 Valentinum,
810 2562 868 2589 haec.
880 2563 974 2590 eadem
989 2564 1138 2591 sentientes
1154 2565 1234 2599 plena
1249 2563 1390 2599 sapientiae
1407 2561 1547 2590 volumina
1560 2559 1815 2595 conscripserunt?

711 2631 788 2664 ΙυΕιι,
807 2632 854 2659 lib.
874 2641 882 2660 1
898 2633 1084 2662 Conimentar.
1102 2636 1128 2662 in
1145 2635 1240 2663 Matth.
1258 2644 1277 2669 ι,
1291 2635 1335 2662 l8.

249 2698 349 2734 Mul'lyl'
368 2697 489 2733 lgnatius
505 2699 586 2726 etiam
601 2704 726 2734 quartam
746 2702 849 2729 addidit
861 2710 983 2736 causam,
1001 2711 1050 2730 cur
1065 2712 1079 2731 a
1094 2704 1258 2739 desponsata
1274 2708 1424 2739 conceptus
1440 2699 1649 2736 sit(Christus)
1664 2708 1670 2726 τ
1684 2703 1714 2726 ut
1731 2705 1845 2733 partus.

214 2744 351 2778 Inquiens,
368 2743 429 2778 ejus
446 2743 580 2771 celaretur
597 2744 723 2779 diabolo;
738 2746 804 2773 dum
821 2753 884 2774 eum
901 2751 988 2782 putat,
1008 2756 1062 2775 non
1085 2748 1120 2775 de
1136 2749 1241 2783 virgine
1252 2769 1259 2782 ,
1274 2749 1321 2776 sed
1345 2748 1379 2776 de
1396 2754 1482 2776 uxore
1499 2752 1668 2784 generatum.
1690 2749 1775 2783 Epist.
1810 2752 1845 2777 ad

217 2792 310 2826 Eplies.
329 2800 388 2827 cap.
407 2792 449 2819 l9.

250 2849 315 2877 Vide
340 2850 462 2885 ejusdem
486 2850 642 2886 Hieronymi
663 2851 849 2878 testimonium
872 2851 905 2879 de
922 2851 1053 2880 Barnaba:
1077 2853 1202 2888 epistola.
1227 2854 1334 2884 Vidcsis
1356 2864 1465 2892 quoque
1488 2855 1670 2892 Freculphum
1694 2856 1720 2884 in
1739 2855 1842 2887 Chron.

213 2896 260 2924 lib.
279 2904 311 2931 ιι,
324 2904 384 2934 cap.
404 2897 447 2930 ll,
462 2895 620 2931 Hieronymi
636 2896 728 2930 verba,
747 2896 830 2925 tacito
843 2897 903 2933 ejus
919 2898 1041 2932 nomine,
1057 2899 1268 2928 exscribentem.
