1874 3070
199 145 229 172 l9
708 139 736 166 S.
762 136 937 166 lGNATlUS.
957 151 991 156 —
1012 132 1277 162 PROLEGOMENA.

1803 127 1844 154 20

196 207 257 226 rum
277 199 399 235 plerique
413 206 466 232 non
481 199 563 233 modo
578 199 648 226 inter
662 198 805 233 pontiﬁces
821 197 981 233 prmlueent,
998 197 1020 225 Δ
1033 203 1038 211 ‘

1075 203 1088 224 ς,
1105 189 1142 219 ὧν
1156 193 1179 218 οἱ
1197 191 1305 221 πλείους
1327 189 1377 216 οὑκ
1396 187 1546 224 ἀρχιερέων
1567 185 1767 222 προλάμπουσι
1790 184 1844 218 μὸ-

197 244 244 271 sed
264 249 413 280 martyrum
430 244 512 272 etiam
529 244 643 272 chorum
656 247 799 270 exornant.

1037 248 1091 271 νον,
1110 237 1176 265 ἀλλὰ
1191 237 1238 264 καὶ
1251 236 1306 263 τῶν
1322 235 1466 271 μαρτύρων
1477 232 1654 268 διακοσμοῦσι
1670 230 1772 267 χορόν.

623 297 698 330 lout,
715 297 781 325 dial.
797 297 941 325 lmmutab.
956 306 974 324 ι.
989 296 1073 328 Ibid.,
1089 299 1150 321 tont.
1167 292 1212 325 lV,
1222 301 1282 328 pag.
1297 291 1341 324 55,
1357 291 1388 317 Α.

237 355 384 384 Ostendam
401 359 491 382 autem
512 355 561 382 tibi
576 353 783 382 celeberrimum
800 353 929 381 Ecclesiae
942 353 988 380 do-

202 406 316 434 ctorem,
329 405 355 428 et
369 400 442 428 illius
457 400 491 428 de
506 400 597 427 divina
612 399 802 426 lncarnatione
812 394 985 430 sententiam,

203 451 233 473 nt
244 453 394 480 cognoscas
409 446 442 472 de
457 449 582 479 suscepta
602 448 699 471 natura
711 443 775 479 quid
791 443 917 471 senserit.
933 442 986 468 Au-

203 493 296 520 divisti
315 493 387 519 enim
407 499 520 527 prorsus
537 491 671 527 lgnatium
687 491 776 524 illum,
791 490 838 525 qui
861 489 894 516 de
915 489 986 516 Petri

203 540 313 567 dextera
328 538 502 573 pontificatus
514 538 629 573 gratiam
641 536 770 572 suscepit,
784 540 811 563 et
822 539 884 570 post
898 534 986 562 admi—

204 582 345 608 nistratam
355 581 500 610 Ecclesium
509 581 707 609 Antiochenam
722 580 845 615 martyrii
858 587 986 607 coronam

205 619 318 662 adeptus
331 632 418 654 est....
436 628 505 654 Audi
519 635 584 663 ergo
599 619 674 654 viros
693 627 871 661 apostolicam
887 625 988 653 doclri-

207 671 267 700 nam
284 677 424 701 sonantes.
523 666 526 667 ν

242 764 333 791 Sancti
353 763 454 798 Ignatit'
469 764 584 798 episcopi
602 762 756 789 Antiocheni
766 765 792 788 et
805 762 930 794 martyris
942 769 974 788 ex

426 798 546 833 Epistola
559 799 593 825 ad
609 798 767 832 Smyrmeos.

241 855 325 882 Plane
338 855 527 889 cumulateque
543 862 690 889 persuasus
704 855 737 882 de
755 853 870 881 Domino
884 857 989 885 nostro,

207 901 253 936 qui
268 905 350 928 estex
365 908 462 935 genere
473 900 557 927 David
568 900 718 927 secundum
732 907 852 932 carnem,
867 904 895 926 et
906 897 992 925 Filius

209 947 253 974 Dei
267 947 414 974 secundum
438 947 607 976 divinitatem
628 950 655 973 et
671 946 820 980 potentiam
836 955 841 972 :
860 946 906 980 qui
930 952 992 971 vere

208 999 288 1021 natus
300 997 385 1020 estex
397 993 525 1028 Virgine:
542 993 694 1027 baptizatus
707 1001 721 1019 a
735 991 850 1024 Joanne,
862 996 892 1019 ut
904 991 993 1018 omnis

208 1039 242 1066 ab
254 1039 312 1073 ipso
323 1039 429 1074 justitia
445 1039 604 1073 impleretur
621 1048 627 1065 :
643 1046 706 1065 vere
724 1038 775 1065 sub
790 1037 889 1065 Pontio
905 1036 993 1064 Pilato

208 1091 235 1112 et
249 1084 355 1112 Herode
367 1085 511 1117 tetrarcha,
526 1092 576 1119 pro
594 1085 674 1112 nobis
691 1085 718 1111 in
740 1091 822 1111 carne
836 1083 993 1110 crucilivus.

212 1130 295 1165 Epist.
311 1130 345 1157 ad
361 1130 520 1165 Smyrna-os,
538 1139 595 1165 cap.
610 1131 635 1157 1.

385 1198 513 1235 Ejusdem
533 1206 565 1224 ex
577 1198 668 1224 eadem
684 1197 817 1232 Epistola.

245 1257 316 1290 Quid
332 1256 404 1283 enitn
426 1257 547 1291 prodest,
560 1256 583 1283 si
596 1256 658 1291 quis
673 1264 716 1283 me
732 1255 834 1287 laudet,
851 1255 995 1282 Dominum

210 1307 299 1329 autem
311 1310 401 1330 meum
412 1302 591 1337 hlasphemet,
603 1310 657 1329 non
669 1302 802 1329 conﬁtens
812 1309 873 1329 eum
885 1308 995 1330 carnem

210 1349 338 1383 gestare?
351 1348 430 1381 Quod
443 1349 489 1383 qui
505 1356 559 1375 non
575 1348 728 1380 conﬁtetur,
746 1349 827 1383 plane
843 1348 931 1382 ipsum
946 1355 995 1374 ne-

210 1400 265 1430 gat,
280 1399 309 1422 ut
326 1395 440 1429 cadaver
454 1395 698 1422 circumferentem.
713 1394 796 1427 Ibid.,
810 1403 870 1429 cap.
883 1395 908 1421 5.

388 1452 514 1487 Ejusdem
533 1460 565 1479 ex
579 1452 670 1480 eadem
689 1452 820 1487 Epistola.

1081 349 1221 381 Ἐπιδείξω
1236 349 1265 375 δέ
1287 356 1327 374 σοι
1343 347 1388 373 τὸν
1410 345 1584 381 πανεύφημον
1595 344 1645 380 τῆς
1662 342 1843 382 Ἐκκλησίας

1037 396 1205 427 διδάσκαλον,
1216 395 1263 421 καὶ
1278 394 1309 420 τὸ
1319 393 1423 420 ἐκείνου
1440 392 1504 427 περὶ
1522 392 1571 427 τῆς
1588 390 1663 421 θείας
1674 389 1842 424 Ἐνανθρωο
1859 395 1862 403 ·

1039 444 1146 478 πήσεως
1160 442 1295 477 φρόνημα,
1312 439 1355 466 ἵνα
1372 438 1443 474 γνῷς
1460 438 1520 464 τίνα
1536 437 1599 472 περὶ
1614 436 1664 471 τῆς
1679 433 1843 470 ληφθείσης

1036 488 1147 522 ἐδόξασε
1163 487 1279 522 φύσεως.
1302 485 1436 520 Ἀκήκοας
1446 483 1474 510 δὲ
1488 483 1597 514 πάντως
1614 481 1700 515 Ἰγνάτ
1706 489 1746 506 ιον
1760 480 1842 506 ἐκεί-

1040 545 1094 567 νον,
1105 535 1135 566 ὃς
1149 533 1193 560 διὰ
1209 534 1258 569 τῆς
1267 533 1314 559 τοῦ
1327 531 1445 567 μεγάλου
1458 530 1561 564 Πέτρου
1575 527 1664 560 δεξιᾶς
1675 526 1726 561 τῆς
1736 526 1842 561 ἀρχιε-

1043 579 1165 616 ρωσύνης
1186 578 1235 614 τὴν
1259 578 1339 613 χάριν
1369 575 1496 608 ἐδέξατο,
1523 575 1570 601 καὶ
1596 573 1644 608 τὴν
1666 571 1844 606 Ἐκκλησίαν

1046 626 1202 660 Ἀντιοχέων
1221 623 1311 655 ίθύνας
1330 623 1375 649 τὸν
1393 622 1440 648 τοῦ
1457 619 1604 656 μαρτυρίου
1619 618 1753 653 στέφανον
1775 617 1845 643 ἀνε-

1040 662 1184 706 ἃήσατυφ.
1208 669 1340 695 Ἀκουσον
1364 666 1419 693 τῶν
1446 665 1550 701 ἀνδρῶν
1572 664 1621 700 τὴν
1649 662 1844 697 άποστολικὴν

1040 716 1232 753 προφερόντων
1244 713 1425 741 διδασκαλίαν.

1044 763 1100 791 Τοῦ
1120 762 1206 797 ἁγίου
1231 761 1376 797 Ἰγνατῌίου
1395 759 1564 797 ἐπισκόποο
1583 756 1767 797 Ἀνςιοχείιξς
1788 756 1843 781 καὶ

1075 791 1235 833 μὰρὲυρος,
1248 791 1283 822 ἑκ
1298 794 1353 827 τῆς
1363 794 1443 833 Ῑῑρός
1457 793 1618 827 Ῥωμαίους
1635 791 1715 827 {lege},
1733 792 1843 825 Σμυρ-

1008 829 1029 856 B
1075 829 1192 868 ῖναίουςῖ]
1214 829 1404 864 Ἐπιστολῆς.

1079 877 1378 914 Πεπληροφορημένους
1392 875 1499 911 ἀληθῶς
1513 876 1553 906 είς
1565 874 1610 901 τὸν
1628 873 1730 909 Κύριον
1743 873 1762 907 ὴ
1767 871 1842 907 μῶν,

1044 926 1107 952 ὅντα
1130 926 1162 951 ὲκ
1177 924 1272 958 γένους
1287 922 1368 949 Δαϐὶδ
1385 921 1457 948 κατὰ
1477 920 1565 956 σάρκα
1577 940 1584 952 ,
1596 919 1660 946 Υίὸν
1675 918 1743 945 Θεοῦ
1767 918 1844 944 κατὰ

1045 971 1159 1006 θεότητα
1174 970 1219 996 καὶ
1235 969 1361 1004 δύναμιν,
1375 967 1556 1002 γεγενημένον
1567 965 1674 1001 ἀληθῶς
1687 966 1719 991 ὲκ
1731 963 1844 999 Παρθέ-

1045 1024 1102 1048 νου,
1113 1015 1329 1051 βεϐαπτισμένον
1343 1013 1396 1040 ὑπὸ
1409 1012 1542 1044 Ἰωάννου,
1555 1011 1598 1037 ἵνα
1615 1009 1746 1046 πληρωθῇ
1763 1009 1844 1035 πᾶσα

1045 1061 1201 1096 δικαιοσύνη
1218 1060 1264 1087 ὑπ’
1280 1059 1373 1091 αὑτοῦ,
1390 1057 1497 1088 άληθῶς
1517 1057 1562 1083 ἐπὶ
1577 1056 1690 1082 Ποντίου
1715 1054 1842 1081 Πιλάτου

1046 1109 1094 1136 καὶ
1118 1107 1236 1144 Ἡρώδου
1260 1106 1421 1142 τετράρχου,
1448 1103 1639 1139 καθηλωμένον
1662 1101 1733 1137 ὑπὲρ
1759 1101 1842 1136 ἡμῶν

1050 1155 1139 1191 σαρκί.

1137 1200 1193 1228 Τοῦ
1214 1199 1306 1227 αὐτοῦ
1321 1198 1355 1224 ἐκ
1373 1196 1426 1231 τῆς
1440 1195 1535 1230 αὐτῆς
1555 1193 1745 1228 Ἐπιστολῆς.

1082 1256 1115 1282 Τί
1131 1256 1185 1291 γὰρ
1201 1255 1310 1290 ὠφελεῖ,
1319 1254 1398 1290 εἴπερ
1414 1262 1447 1289 με
1457 1254 1562 1279 ἐπαινεῖ
1577 1261 1628 1284 τις,
1639 1251 1683 1277 τὸν
1695 1250 1724 1276 δὲ
1734 1250 1842 1285 Κύριον

1049 1311 1099 1338 μου
1123 1302 1294 1337 βλασφημεῖ,
1321 1299 1358 1336 μὴ
1379 1298 1518 1334 ὁμολογῶν
1542 1297 1623 1324 αὐτὸν
1647 1296 1840 1332 σαρκοφόρονι

1046 1349 1060 1374 ὁ
1078 1348 1106 1374 δὲ
1122 1348 1201 1374 τοῦτο
1219 1347 1256 1382 μὴ
1272 1346 1373 1381 λέγων,
1390 1345 1500 1376 τελείως
1516 1344 1596 1371 αὐτὸν
1618 1343 1786 1379 ἁπήρνηται,
1802 1342 1843 1372 ὡς

1047 1393 1223 1429 νεκροφόρον,

1139 1449 1194 1476 Τοῦ
1211 1449 1304 1476 αὑτοῦ
1320 1449 1353 1475 ἐκ
1369 1448 1424 1483 τῆς
1439 1447 1534 1482 αὐτῆς
1559 1445 1750 1479 Ἐπιστολῆς.

247 1510 275 1536 Si
287 1510 359 1537 enim
374 1509 502 1544 opinione
529 1513 635 1537 tantum
652 1510 709 1536 hmo
733 1517 748 1535 a
769 1508 885 1536 Domino
905 1513 998 1536 nostro
1013 1507 1034 1535 C

1085 1508 1117 1534 Et
1132 1507 1186 1542 γὰρ
1201 1506 1240 1541 τῷ
1253 1507 1341 1533 δοκεῖν
1357 1505 1444 1532 ταῦτα
1461 1503 1584 1540 ἐπράχθη
1603 1503 1655 1529 ὑπὸ
1670 1502 1717 1529 τοῦ
1735 1502 1841 1537 Κυρίου

211 1561 287 1592 gesta
303 1561 375 1589 sunt,
391 1563 443 1592 ego
459 1563 569 1590 quoque
580 1555 710 1590 opinione
732 1556 841 1582 vinctus
859 1562 931 1581 sum.
944 1555 999 1581 Cur

212 1599 302 1630 autem
322 1607 348 1629 et
363 1602 497 1636 meipsum
511 1601 592 1628 morti
607 1600 715 1632 tradidi,
735 1601 768 1626 ad
780 1600 881 1637 ignem,
893 1600 926 1627 ad
940 1600 998 1635 gla—

211 1649 297 1680 dium,
309 1648 341 1675 ad
356 1648 456 1675 bestias
465 1642 481 1673 7'
489 1646 587 1674 Verum
601 1646 649 1681 qui
661 1645 768 1673 vicinus
780 1645 881 1681 gladio,
892 1645 999 1673 vicinus

213 1693 279 1722 Deo.
293 1694 386 1721 Solum
405 1693 431 1720 in
452 1693 563 1720 nomine
581 1692 645 1720 Jesu
663 1692 775 1726 Christi,
793 1697 823 1719 ut
839 1692 999 1727 passionum

213 1741 273 1775 ejus
289 1741 380 1768 socius
394 1741 468 1773 liam,
481 1740 574 1767 omnia
590 1739 723 1772 sustineo,
733 1739 793 1774 ipso
807 1747 850 1766 me
868 1738 1000 1766 corrobo-

213 1792 291 1814 rante
307 1787 416 1814 homine
431 1786 662 1821 perfecto,'quem
678 1785 760 1820 aliqui
776 1785 932 1820 ignorantes
954 1792 1001 1812 ne-

214 1838 289 1868 gant.
303 1832 385 1864 Ibid.,
398 1840 456 1866 cap.
471 1833 498 1859 4.

351 1891 477 1926 Ejusdem
490 1898 522 1917 ea;
541 1889 662 1925 Epistula
677 1889 711 1916 ad
724 1888 860 1924 Ephesios.

251 1949 322 1977 Deus
343 1949 415 1977 enim
433 1953 526 1976 noster
550 1947 630 1975 Jesus
642 1946 770 1975 Christus
788 1948 816 1974 in
837 1946 928 1975 Mariae
943 1951 1002 1974 ute-

215 2005 247 2024 ro
267 2000 387 2030 gestatus
402 2000 444 2023 est
469 1994 619 2023 secundum
636 1994 684 2021 Dei
707 1993 954 2028 dispensationem,
968 2001 1002 2021 ex

215 2043 320 2076 semine
335 2041 445 2076 quidem
465 2041 560 2073 David,
583 2040 630 2068 sed
650 2048 683 2067 ex
703 2039 807 2074 Spiritu
825 2044 938 2067 sancto:
955 2040 1003 2074 qui

215 2095 297 2117 natus
313 2093 355 2116 est
372 2092 398 2115 et
412 2087 575 2122 baptizatus,
589 2087 784 2114 utmortalitas
796 2090 889 2114 nostra
904 2093 1002 2121 purga-

217 2140 301 2164 retur.
320 2134 362 2161 Ea;
374 2134 463 2175 Epist.
479 2134 512 2160 ad
527 2133 636 2168 Ephes.,
649 2141 707 2168 cap.
725 2133 768 2160 18.

401 2191 529 2226 Ejusdem
541 2198 572 2224 ea:
587 2190 678 2218 eadem
691 2189 824 2225 Epistolu.

253 2251 395 2286 Siquidem
412 2249 510 2284 singuli
525 2256 621 2276 omnes
644 2249 773 2276 universe
799 2249 826 2275 in
846 2249 934 2284 gratia
952 2256 1003 2276 no—

217 2299 342 2326 minatim
355 2296 506 2325 convenitis
519 2296 546 2322 in
562 2303 617 2323 una
632 2295 684 2323 lide
694 2299 721 2323 et
734 2295 760 2322 in
773 2303 828 2324 uno
841 2295 906 2323 Jesu
924 2295 1004 2322 Chri-

219 2350 275 2376 sto,
305 2343 455 2373 secundum
474 2350 584 2370 carnem
606 2350 639 2369 ex
654 2350 752 2377 genere
773 2341 870 2375 David,
883 2342 938 2369 ﬁlio
953 2342 1004 2369 ho-

219 2392 312 2424 minis,
331 2395 358 2418 et
372 2390 441 2417 Filio
456 2388 514 2416 Dei.
530 2388 615 2421 lbid.,
631 2397 688 2422 cap.
704 2388 749 2416 20.

396 2445 524 2480 Ejusdem
543 2453 575 2472 ex
589 2445 679 2472 eadem
696 2444 826 2480 Epistula.

256 2506 332 2533 Unus
349 2510 390 2533 cst
417 2504 539 2532 medicus
559 2504 677 2531 carnalis
688 2509 714 2531 et
737 2503 868 2538 spiritalis
879 2524 887 2536 ,
899 2503 1005 2536 genitus

220 2561 253 2580 ex
267 2552 398 2587 ingenito,
412 2551 439 2578 in
464 2550 575 2578 homine
600 2549 682 2583 Deus,
709 2549 737 2576 in
758 2553 846 2576 morte
862 2549 916 2576 vita
930 2555 1003 2580 vera,

220 2604 247 2626 et
263 2606 298 2625 ex
323 2597 407 2626 Maria
419 2601 446 2624 et
464 2604 497 2624 ex
517 2596 580 2629 Deo,
602 2597 721 2631 pritnum
746 2595 868 2631 patibilis
890 2599 918 2622 et
939 2598 1006 2622 tunc

222 2644 391 2679 impatihilis,
408 2642 488 2671 Jesus
505 2643 631 2670 (Ihristus
649 2642 781 2670 Dominus
793 2645 897 2668 noster.
920 2640 1004 2672 Ibid.,

221 2699 278 2726 cap.
293 2691 317 2717 7.

346 2760 472 2796 Ejusdem
485 2769 517 2788 ex
530 2759 651 2795 Epistola
665 2760 699 2786 ad
720 2758 880 2786 Trallianos.

257 2818 388 2846 Obturate
406 2826 486 2846 aures
506 2822 611 2845 vestras
625 2837 632 2850 ,
650 2817 760 2852 quando
777 2817 913 2851 quispiam
930 2817 1006 2844 vobis

224 2865 343 2902 loquitur
362 2864 420 2893 sine
432 2863 496 2892 Jesu
515 2863 626 2892 Christo
641 2873 646 2897 ;
660 2863 705 2898 qui
732 2868 772 2891 cst
794 2871 826 2891 ex
843 2870 940 2899 genere
957 2863 1006 2890 Da-

1048 1552 1138 1589 ἡμῶν,
1154 1551 1232 1586 κάγὼ
1256 1551 1294 1586 τῷ
1307 1550 1394 1577 δοκεῖν
1413 1550 1532 1585 δέδεμαι.
1555 1548 1588 1574 Τί
1612 1548 1640 1573 δὲ
1657 1548 1703 1573 καὶ
1721 1546 1841 1581 ἐμαυτὸν

1049 1598 1155 1624 ἔκδοτον
1172 1597 1274 1624 δέδωκα
1289 1596 1327 1632 τῷ
1350 1595 1472 1630 θανάτῳ,
1491 1593 1558 1630 πρὸς
1571 1592 1642 1628 πῦρ,
1655 1592 1723 1628 πρὸς
1739 1591 1840 1627 μάχαι-

1051 1652 1119 1679 ραν,
1145 1643 1212 1679 πρὸς
1233 1642 1331 1677 (inpia;
1354 1640 1411 1667 ἀλλ’
1431 1641 1445 1666 ὁ
1471 1640 1554 1674 ἐγγὺς
1578 1638 1732 1674 μαχαίρας,
1758 1637 1841 1670 ἐγγὺς

1050 1689 1127 1716 Θεοῦ.
1140 1689 1227 1715 Μόνον
1254 1690 1281 1714 ὲν
1297 1687 1337 1723 τῷ
1354 1687 1466 1722 ὀνόματι
1487 1685 1574 1722 Ἰησοῦ
1590 1683 1709 1720 Χριστοῦ
1723 1703 1729 1714 ,
1753 1683 1793 1714 εἰς
1810 1682 1841 1708 τὸ

1051 1735 1203 1770 συμπαθεῖν
1219 1734 1293 1770 αὐτῷ
1306 1734 1395 1761 πάντα
1419 1731 1556 1767 ὑπομένω,
1574 1730 1655 1758 αὑτοῦ
1677 1738 1710 1765 με
1731 1729 1836 1756 ἐνδυνα-

1053 1781 1165 1817 μοῦντος
1182 1781 1228 1808 τοῦ
1244 1780 1348 1807 τελείου
1370 1779 1529 1815 ἀνθρώπου,
1546 1778 1575 1804 ὃν
1593 1785 1663 1808 τινες
1682 1775 1840 1810 ἀγνοοῦντες

1051 1826 1205 1862 ἀρνοῦνται.

1072 1883 1126 1910 Τοῦ
1139 1883 1233 1910 αὑτοῦ
1243 1883 1277 1909 ἐκ
1292 1882 1347 1917 τῆς
1361 1882 1436 1916 πρὸς
1456 1881 1614 1917 Ἐφεσίους
1629 1878 1820 1913 Ἐπιστολῆς.

1093 1939 1121 1966 ’0
1137 1940 1191 1975 γὰρ
1208 1939 1274 1971 Θεὸς
1304 1938 1382 1974 ἡμῶν
1408 1938 1512 1974 Ἰησοῦς
1533 1937 1651 1974 Χριστὸς
1669 1935 1840 1971 ἐκυοφορήθη

1053 1986 1105 2012 ὑπὸ
1128 1985 1238 2020 Μαρίας
1264 1986 1324 2012 κατ’
1346 1985 1500 2021 οἰκονομίαν
1523 1984 1591 2011 Θεοῦ
1605 2003 1612 2015 ,
1636 1984 1668 2009 ὲκ
1686 1982 1840 2018 σπέρματος

1054 2033 1103 2068 μὲν
1118 2031 1217 2065 Δαϐὶδ,
1243 2033 1275 2059 ὲκ
1296 2032 1454 2068 Πνεῦματος
1477 2031 1506 2058 δὲ
1528 2030 1621 2065 ἁγίου·
1646 2029 1676 2061 ὃς
1698 2028 1840 2064 ἐγεννήθη,

1053 2079 1100 2104 καὶ¹
1112 2077 1274 2113 ἐϐαπτίσθη,
1293 2077 1336 2104 ἵνα
1351 2077 1381 2104 τὸ
1392 2077 1488 2113 θνητὸν
1505 2076 1583 2112 ἡμῶν
1596 2074 1757 2110 καθαρισθῇ.

1161 2181 1215 2208 Τοῦ
1228 2180 1321 2207 αὑτοῦ
1337 2180 1372 2207 ἐκ
1383 2179 1437 2214 τῆς
1448 2178 1543 2213 αὐτῆς
1556 2177 1747 2211 Ἐπιστολῆς.

1089 2236 1123 2264 Εἴ
1137 2237 1198 2263 τιοί
1214 2237 1273 2263 κατ’
1290 2236 1375 2272 ἄνδρα
1390 2237 1465 2271 κοινῇ
1482 2234 1581 2266 πάντες
1598 2235 1626 2261 ὲν
1648 2235 1682 2269 τῇ
1705 2233 1792 2269 χάριτι
1809 2235 1839 2267 ἐξ

1054 2283 1186 2319 ὀνόματος
1213 2281 1374 2318 συνέρχεσθε
1403 2282 1432 2308 ὲν
1463 2281 1512 2316 μιᾷ
1523 2280 1624 2312 πίστει,
1639 2281 1685 2319 καὶ
1701 2280 1740 2306 ἑνὶ
1753 2281 1839 2315 Ἰησοῦ

1054 2317 1178 2366 Χριστῷ,
1200 2329 1273 2357 κατὰ
1299 2329 1387 2365 σάρκα
1403 2329 1436 2355 ὲκ
1457 2328 1552 2362 γένους
1568 2317 1660 2358 Δαϐὶδ,
1677 2326 1716 2361 τῷ
1731 2325 1780 2361 υἱῷ
1792 2326 1838 2352 τοῦ

1054 2377 1208 2413 ἀνθρώπου,
1223 2378 1270 2404 καὶ
1286 2376 1343 2411 Υἱῷ
1359 2375 1406 2402 τοῦ
1423 2374 1500 2401 Θεοῦ.

1145 2433 1200 2460 Τοῦ
1215 2432 1307 2459 αὑτοῦ
1323 2432 1358 2458 ἐκ
1369 2430 1424 2465 τῆς
1436 2429 1532 2465 αὐτῆς
1545 2428 1735 2463 Ἐπιστολῆς.

1087 2489 1148 2519 Ὅτι
1169 2490 1259 2526 ἰατρός
1283 2490 1341 2515 ἐστι
1358 2488 1487 2524 σαρκικὸς
1503 2487 1551 2514 καὶ
1569 2486 1758 2522 πνευματικὸς,
1776 2495 1836 2520 γεν-

1056 2537 1134 2573 νητὸς
1149 2535 1179 2568 ἐξ
1194 2536 1355 2571 άγεννήτου,
1382 2535 1411 2561 ὲν
1434 2533 1569 2570 ἀνθρώπῳ
1586 2532 1665 2564 Θεὸς,
1685 2533 1713 2558 ὲν
1734 2532 1837 2567 θανάτῳ

1056 2583 1112 2618 ζωὴ
1128 2583 1251 2618 ἀληθινὴ,
1279 2581 1326 2608 καὶ
1351 2582 1384 2607 ἐκ
1400 2581 1510 2616 Μαρίας
1525 2580 1573 2606 καὶ¹
1596 2579 1628 2605 ὲκ
1657 2577 1734 2609 Θεοῦ,
1766 2578 1836 2614 πρῶ.

1055 2638 1100 2656 τον
1117 2629 1237 2663 παθητὸς
1252 2629 1299 2655 καὶ
1307 2628 1368 2654 τότε
1379 2627 1498 2662 ἀπαθὴς,
1512 2625 1617 2661 Ἰησοῦς
1628 2624 1741 2660 Χριστὸς
1756 2625 1769 2650 ὀ
1781 2623 1836 2650 Κύ-

1059 2685 1114 2712 ριος
1126 2675 1214 2712 ἡμῶν.

1077 2733 1132 2759 Τοῦ
1147 2732 1239 2759 αὐτοῦ
1259 2732 1292 2758 ἐκ
1307 2731 1362 2766 τῆς
1382 2731 1458 2792 stng
1474 2729 1674 2764 Τραλλιανοὺς
1690 2729 1815 2755 Ἐπιστο-

1439 2775 1484 2792 'nc.

1439 2775 1484 2800 ης.

1093 2813 1249 2848 Κωφώθητε
1276 2810 1332 2845 οὖν,
1350 2813 1414 2839 ὅταν
1430 2813 1514 2848 χωρὶς
1531 2810 1618 2846 Ἰησοῦ
1638 2809 1753 2846 Χριστοῦ
1773 2811 1831 2845 ὐμῖιι

1057 2862 1124 2897 λαλῇ
1139 2870 1190 2894 τις,
1211 2860 1257 2888 τοῦ
1279 2861 1311 2887 ὲκ
1326 2859 1420 2895 γένους
1430 2858 1520 2891 Δαίῆδ,
1543 2858 1589 2884 τοῦ
1607 2858 1638 2884 ἐκ
1667 2856 1784 2893 Μαρίας,
1805 2857 1833 2889 ὃς
