1874 3070
206 149 241 178 25
751 148 780 176 S.
802 147 974 176 lGNATIUS.
995 164 1009 170 ο

1065 146 1312 175 ‘ROLEGOMENA.
1819 144 1863 172 24

208 213 232 235 et
253 206 368 232 inuitabo
385 205 419 231 ad
434 204 627 232 devorationem
645 204 710 234 mei,
724 207 749 229 et
772 203 946 237 deprecabor,
967 211 998 229 ne
1014 202 1093 237 forte,
1110 207 1140 229 ut
1155 202 1289 229 nonnullis
1305 202 1441 236 fecerunt,
1456 202 1566 229 timeant
1585 201 1717 237 attingere
1744 210 1859 236 corpus

209 263 294 282 meum
305 262 314 285 ;
328 253 456 288 quinimo,
471 253 494 279 si
508 251 710 283 cunctabantur,
722 259 768 286 ego
775 251 826 278 vim
837 251 946 285 faciam,
958 259 1005 285 ego
1021 258 1060 277 me
1075 250 1202 285 ingeram.
1218 250 1296 283 Date,
1310 258 1409 285 quceso,
1421 251 1533 282 veniam;
1547 258 1593 285 ego
1606 251 1666 277 noui
1680 250 1749 285 quid
1764 258 1857 284 erpe-

209 301 265 328 diat
279 300 360 331 milii;
373 307 441 325 nunc
459 298 556 332 incipio
572 305 627 324 esse
639 296 741 324 Chriin
753 295 912 330 discipulus.
929 295 1055 323 Facessat
1069 295 1170 322 invidia
1185 295 1224 322 vel
1234 295 1344 322 humani
1355 295 1477 330 a/fectus,
1488 295 1528 323 vel
1539 296 1663 330 nequitia:
1673 297 1855 330 spiritualis,

209 351 238 373 ut
254 345 346 373 Jesum
359 344 494 371 Christum
509 351 611 370 merear
631 343 757 377 adipisci.
779 342 875 378 Ignes,
899 350 1006 376 cruces,
1023 341 1128 374 bestiw,
1153 341 1329 376 dispersiones
1353 342 1468 375 ossium,
1489 341 1729 376 discerptionesque
1756 350 1854 369 mem-

210 394 327 425 brorum,
344 401 375 418 ac
392 392 473 418 totius
486 391 602 425 corporis
617 397 709 424 poeme,
728 395 752 416 et
767 390 856 416 omnia
869 390 898 416 in
914 398 954 416 me
971 397 1052 415 unum
1066 388 1198 424 supplicia
1218 388 1319 416 diaboli
1341 394 1397 416 arte
1414 390 1526 424 qumsita
1544 389 1739 424 compleantur,
1761 389 1853 416 dum-

210 438 287 464 modo
302 437 392 464 Jesum
407 436 540 463 Christum
554 443 656 462 merear
667 435 827 470 adipisci....
839 435 1013 462 Christianus
1025 442 1080 461 non
1099 434 1247 462 mediocris
1261 435 1308 462 sed
1321 434 1468 469 perfectus,
1485 435 1613 463 sacerdos
1635 443 1692 463 non
1709 435 1775 462 vilis
1791 436 1848 462 sed

209 483 372 518 prmcipuus,
388 482 472 510 dicit:
491 481 569 510 Nunc
587 481 685 516 incipio
699 489 755 508 esse
771 481 872 509 Christi
891 480 1047 515 discipulus.
1066 479 1154 516 Epist.
1171 479 1204 507 ad
1217 479 1308 513 Rom.,
1325 488 1385 515 cap.
1399 480 1424 507 5.
1440 479 1480 507 Ex
1506 480 1615 514 Ruﬁno,
1634 480 1708 508 Hist.
1729 480 1835 508 eccles.

209 528 258 555 lib.
275 536 317 561 ιιι,
334 535 393 562 cap.
409 527 454 555 56.

998 571 1068 600 XVI.

592 627 693 656 Auctor
707 628 838 655 CHRONlCl
854 627 1012 663 PASCHALIS,
1028 637 1089 665 pag.
1103 629 1167 663 221,
1183 629 1246 657 edit.
1261 629 1352 658 Paris.
1370 629 1448 657 l688.

243 688 320 721 Quod
336 691 426 714 autem
444 686 589 719 Dominus,
605 686 752 721 [medicato
769 693 817 720 per
832 690 888 713 tres
902 692 991 713 annos
1007 716 1009 720 ι

1081 687 1141 713 ’Ότι
1157 687 1186 714 δὲ
1201 688 1274 722 τρεῖς
1290 687 1429 718 ἐνιαυτοὺς
1451 687 1574 722 κηρύξας
1596 687 1626 713 τὸ
1639 687 1812 722 Εὑαγγέλιον
1831 688 1847 713 ὁ

208 734 365 769 Evnngelio,
378 733 412 761 ad
431 733 613 761 voluntariam
626 737 654 760 et
669 731 806 759 viviﬁcam
824 739 934 760 crucem
949 739 995 759 ve-

1065 733 1149 769 Ltiptoq
1168 734 1214 760 ἐπὶ
1230 734 1275 760 τὸν
1286 733 1410 760 ἑκούσιον
1424 733 1470 760 καὶ
1485 733 1615 765 ζωοποιὺν
1629 731 1693 769 ἦλθε
1711 735 1845 769 σταυρὸν,

206 781 296 812 nerit,
319 780 399 807 docet
422 779 543 815 lgnatius
563 779 609 806 ille
634 777 724 805 Deil'er
745 781 772 805 et
796 783 918 814 martyr,
948 779 995 813 qui

206 825 320 853 Joannis
333 825 450 860 theologi
463 825 598 860 genuinus
612 823 762 858 discipulus
775 822 837 861 fuit,
855 823 996 851 sanctissi-

208 879 312 906 mzeque
327 871 503 899 Antiochense
511 869 638 898 Ecclesiae
651 870 799 905 episcopus
817 869 851 897 ab
864 869 995 904 apostolis

207 919 382 945 constitutus.
399 917 424 944 Is
442 917 544 952 quippe
557 916 584 943 in
602 915 724 950 Epistola
741 915 774 943 ad
788 914 943 945 Trallianos
956 915 996 943 sic

206 964 290 991 verbo
314 971 394 991 tenus
419 963 550 998 scripsit:
573 962 636 989 Vere
662 963 757 989 etenim
782 962 882 997 peperit
906 960 995 987 Maria

206 1019 311 1045 corpus,
331 1010 384 1036 Deo
400 1010 428 1036 in
440 1018 470 1036 ea
484 1009 630 1041 habitante,
648 1013 672 1035 et
687 1014 745 1034 vere
765 1012 844 1043 natus
865 1011 905 1034 est
925 1006 995 1033 Deus

212 1055 324 1082 Verbum
337 1063 369 1082 es:
388 1055 506 1090 Virgine,
523 1062 616 1089 corpus
637 1053 763 1080 similiter
781 1053 856 1080 nobis
871 1052 997 1087 passibile

206 1102 262 1128 sine
281 1104 387 1135 peccato
407 1100 530 1127 induens.
561 1098 625 1126 Vere
648 1102 789 1133 conceptus
810 1102 848 1125 est
862 1098 890 1124 in
911 1102 995 1131 utero,

207 1147 264 1182 (qui
276 1154 364 1174 omnes
380 1146 497 1173 homines
515 1146 542 1172 in
563 1145 640 1172 vulva
661 1145 764 1180 fingit),
776 1145 894 1177 formans
909 1148 934 1171 et
954 1144 997 1179 fa-

207 1193 279 1220 ciens
294 1193 344 1220 sibi
362 1200 457 1226 corpus
476 1200 508 1219 ea:
525 1191 640 1226 Virgine,
658 1191 714 1218 sine
736 1190 834 1217 semine
851 1190 952 1217 scilicet
972 1193 997 1216 et

208 1238 398 1274 consuetudine
412 1238 480 1270 oiri;
495 1242 668 1272 portatusque
683 1237 710 1263 in
724 1242 809 1270 utero,
822 1237 892 1263 sicut
910 1240 936 1263 et
951 1244 997 1263 nos

208 1290 326 1318 tempore
341 1284 438 1319 portati
453 1289 563 1310 sumus:
575 1287 600 1310 et
615 1290 672 1309 vere
683 1281 799 1309 iactatus
817 1287 857 1309 est
873 1286 898 1308 et
912 1282 998 1308 nutri-

209 1335 252 1356 tus
265 1330 333 1357 sicut
347 1337 412 1362 nos;
429 1333 453 1357 et
469 1329 526 1356 cibo
539 1333 564 1356 et
575 1333 638 1364 potu
656 1328 737 1355 sicuti
751 1331 776 1355 et
793 1336 840 1355 nos
857 1336 919 1355 usus
937 1332 998 1360 est;

209 1381 234 1403 et
249 1376 361 1410 triginta
377 1383 459 1402 armos
480 1383 559 1410 agens
575 1374 726 1408 baptizatus
740 1377 778 1400 est
797 1382 814 1400 a
833 1373 954 1405 Joanne,
968 1374 997 1401 in

208 1422 318 1449 ueritate
335 1426 359 1448 et
370 1429 421 1448 non
436 1422 463 1447 in
475 1421 670 1455 phantasmate.
689 1419 723 1446 Et
740 1419 822 1447 tribus
836 1419 913 1446 annis
927 1427 996 1453 prat-

209 1468 306 1494 dicavit
323 1467 506 1502 Evangelium,
519 1472 543 1493 et
562 1466 624 1501 fecit
639 1466 715 1501 signa
728 1471 753 1493 et
769 1465 892 1500 prodigia
905 1472 996 1491 coram

210 1513 287 1548 falsis
302 1513 424 1546 Iudicis;
438 1518 463 1540 et
475 1512 521 1540 sub
537 1511 998 1547 Pilatopra'sideludtewjudicatus

209 1566 270 1592 est;
289 1560 440 1595 ﬂagellatus
461 1563 519 1592 est,
535 1558 653 1594 colaphis
676 1566 758 1585 cwsus
773 1562 830 1591 est,
853 1561 998 1592 computus

208 1611 259 1638 est,
273 1607 390 1640 spineam
405 1613 530 1632 coronam
544 1611 754 1640 purpureamque
770 1607 863 1630 uestem
874 1598 999 1636 portavit,

210 1651 399 1678 condemnatus
409 1656 459 1685 est,
472 1651 615 1685 cruciﬁxus
625 1655 661 1677 est
674 1658 743 1682 vere,
755 1657 807 1675 non
818 1648 999 1683 pltantastice;

211 1705 292 1732 neque
308 1697 444 1732 fallaciter
459 1701 577 1723 mortuus
593 1701 642 1730 est,
661 1695 707 1723 sed
728 1703 800 1726 vere;
817 1694 933 1729 sepultus
949 1698 999 1726 est,

210 1749 235 1771 et
249 1743 392 1770 resurrexit
407 1752 423 1769 α
437 1742 557 1769 mortuis.
573 1741 643 1770 Ecce
658 1745 751 1776 aperte
767 1741 880 1768 omnino
895 1741 956 1767 talis
969 1748 1001 1768 ac

212 1793 304 1816 tantus
316 1788 446 1816 Ecclesia:
463 1788 559 1815 doctor
573 1787 691 1815 triennio
708 1795 723 1813 a
744 1785 890 1813 Servatore
903 1785 1001 1820 praedi-

212 1839 303 1861 catum
329 1834 503 1869 evangelium
533 1834 610 1861 dicit.
634 1833 676 1860 Ea:
697 1833 772 1868 epist.
793 1832 827 1859 ad
849 1830 1000 1858 Trallianos

213 1881 347 1915 interpol.,
364 1889 421 1915 cap.
439 1880 482 1907 lO.

1045 778 1164 805 διδάσκει
1193 779 1240 805 καὶ
1265 779 1395 813 Ἰγνάτιος
1416 779 1431 805 ὁ
1450 778 1585 815 Θεοφὸρος
1609 780 1655 806 καὶ
1681 779 1808 815 μάρτυς,
1831 781 1847 806 ὸ

1046 824 1169 850 Ἰωάννου
1182 824 1229 850 τοῦ
1244 824 1374 858 Θεολόγου
1387 825 1497 860 γνήσιος
1511 824 1634 860 μαθητὴς
1643 824 1774 859 γεγονὼς,
1790 825 1845 859 τῆς

1045 869 1074 896 δὲ
1093 869 1121 896 ὲν
1134 870 1283 905 Ἀντιοχείᾳ
1294 870 1447 906 ἁγιωτάτης
1460 870 1622 906 Ἐκκλησίας
1633 870 1781 902 ἐπίσκοπος
1788 871 1846 897 ὑπὸ

1046 916 1100 943 τῶν
1115 916 1272 943 ἀποστόλων
1295 917 1481 949 κατασταθείς.
1498 917 1544 943 Ἐν
1564 919 1597 952 τῇ
1618 917 1686 952 πρὸς
1704 917 1846 952 Τραλλια-

1046 962 1108 993 νοὺς
1126 962 1216 989 τοίνυν
1230 961 1375 998 Ἐπιστολῇ
1396 962 1533 998 γέγραφεν
1555 963 1602 989 ἐπὶ
1619 962 1718 994 λέξεως
1734 961 1844 994 οὕτως·

1053 1007 1185 1042 Ἀληθῶς
1209 1008 1312 1034 τοίνυν
1340 1007 1486 1042 ἐγέννησε
1511 1007 1609 1040 Μαρία
1632 1006 1736 1041 σῶμα,
1766 1008 1846 1033 Θεὸν

1046 1053 1120 1088 ἕχον
1134 1053 1268 1085 erctum",
1285 1053 1334 1080 καὶ
1353 1052 1472 1087 ἀληθῶς
1493 1052 1639 1088 ἐγεννήθη
1653 1054 1669 1079 ό
1691 1053 1787 1087 Λόγος
1806 1052 1845 1078 ἐκ

1046 1098 1102 1133 τῆς
1130 1099 1280 1133 παρθένου
1297 1099 1429 1133 Μαρίας,
1451 1098 1537 1133 σῶμα
1561 1098 1737 1133 ὁμοιοπαθὲς
1768 1098 1845 1132 ἡμῖν

1046 1145 1261 1180 ἠμφιεσμένος.
1284 1144 1416 1179 Ἀληθῶς
1429 1145 1551 1180 γέγονεν
1564 1145 1599 1171 ὲν
1606 1143 1716 1180 μήτρᾳ,
1728 1145 1744 1171 ὸ
1763 1143 1844 1171 πάν-

1048 1200 1101 1224 τας
1114 1190 1290 1225 ἀνθρώπους
1301 1191 1336 1217 ὲν
1345 1190 1444 1225 μήτρᾳ
1459 1189 1662 1217 διαπλάττων·
1675 1189 1724 1216 καὶ
1737 1189 1843 1223 ἐποίη-

1048 1246 1105 1264 σεν
1120 1237 1217 1270 ἑαυτῷ
1238 1236 1324 1272 σῶμα
1341 1237 1376 1263 ἐκ
1395 1235 1454 1262 τῶν
1468 1235 1523 1270 τῆς
1537 1235 1692 1270 Παρθένου
1707 1234 1843 1270 σπερμά-

1049 1292 1118 1315 των,
1137 1282 1221 1317 πλὴν
1243 1282 1318 1310 ὅσον
1339 1282 1458 1317 ὁμιλίας
1473 1282 1584 1316 ἀνδρὸς
1601 1281 1684 1310 ἄνευ.
1709 1282 1847 1316 Ἀληθῶς

1048 1329 1254 1364 ἐκυορορήθη,
1273 1329 1316 1362 ὡς
1341 1329 1390 1356 καὶ
1417 1328 1514 1363 ἡμεῖς,
1536 1329 1653 1364 χρόνων
1674 1328 1843 1363 περιόδοις·

1013 1368 1034 1395 Β
1049 1376 1098 1403 καὶ
1115 1375 1234 1410 ἀληθῶς
1252 1374 1369 1410 ἐτέχθη,
1382 1375 1422 1408 ὼς
1443 1375 1493 1402 καὶ
1512 1375 1614 1410 ἡμεῖς·
1634 1375 1752 1409 ἀληθῶς
1771 1375 1844 1410 ἐτα-

1048 1419 1287 1454 λακτοτροφήθη,
1304 1419 1354 1447 καὶ
1368 1418 1481 1454 τροφῆς
1492 1419 1597 1454 κοινῆς
1605 1420 1654 1447 καί
1667 1419 1759 1447 ποτοῦ
1770 1429 1847 1454 μετ-

1045 1465 1150 1500 ἐσχεν⁷
1164 1465 1205 1497 ὡς
1227 1463 1276 1492 καὶ
1307 1465 1409 1500 ἡμεῖς’
1444 1465 1493 1493 καὶ
1512 1465 1592 1499 τρεῖς
1614 1465 1741 1499 δεκάδας
1764 1465 1845 1493 ἐτῶν

1050 1510 1307 1545 πολιτευσάμενος
1325 1511 1490 1545 ἐϐαπτίσθη
1508 1511 1568 1539 ὑπὸ
1593 1511 1732 1539 Ἰωάννου
1744 1532 1750 1543 ,
1765 1513 1847 1545 ἀλη-

1051 1557 1109 1591 θῶς
1134 1558 1183 1584 καὶ
1203 1558 1239 1584 οὐ
1262 1557 1395 1591 δοκήσει.
1408 1557 1464 1584 Καὶ
1491 1562 1515 1593 7'
1534 1558 1691 1591 ἐνιαυτοὺς
1710 1558 1846 1592 κηρύξας

1053 1603 1085 1630 τὸ
1101 1603 1296 1638 Εὺαηιέλιον,
1321 1603 1370 1630 καὶ
1390 1602 1520 1637 ποιήσας
1541 1603 1650 1638 σημεῖα
1671 1604 1721 1630 καὶ
1736 1603 1846 1638 τέρατα

1052 1649 1112 1676 ὑπὸ
1124 1649 1183 1675 τῶν
1204 1648 1453 1683 ψευδοτουδαίων,
1476 1649 1525 1675 καὶ
1545 1649 1676 1676 Πιλάτου
1697 1649 1845 1684 ἡγεμόνος

1054 1697 1070 1722 ό
1091 1694 1194 1729 κριτὴς
1210 1696 1322 1729 ἐκρίθη,
1346 1694 1531 1730 ἐμαστιγώθη
1546 1716 1553 1727 ,
1577 1695 1637 1722 ὑπὸ
1658 1695 1775 1722 δούλων
1793 1695 1845 1722 ἐπὶ

1054 1740 1146 1775 κόρης
1156 1741 1331 1775 ἑρῤαπίσθη,
1341 1741 1510 1775 crearunt???
1521 1761 1528 1773 ,
1548 1741 1711 1768 ἀκάνθινον
1731 1740 1844 1776 στέφα-

1053 1793 1111 1812 νον
1131 1786 1179 1813 καὶ
1198 1785 1374 1820 πορφυροῦν
1395 1785 1511 1820 ἱμάτιον
1525 1787 1660 1821 ἐφόρεσε,
1675 1787 1844 1820 κατεκρίθη,

1055 1831 1228 1865 ἐσταυρώθη
1253 1831 1382 1865 ἀληθῶς,
1402 1832 1437 1858 οὐ
1461 1831 1604 1864 δοκήσει,
1622 1833 1658 1858 οὐ
1680 1832 1842 1865 φαντασίᾳ,

1056 1878 1112 1904 οὐκ
1128 1877 1236 1911 ἀπάτῃ·
1263 1877 1414 1904 ἀπέθανεν
1432 1876 1562 1910 ἀληθῶς,
1586 1877 1634 1904 καὶ
1657 1876 1767 1911 ἐτάφη,
1792 1878 1844 1904 καὶ

212 1929 322 1964 ἠγέρθη
358 1928 393 1955 ἐκ
431 1927 489 1954 τῶν
505 1926 628 1961 νεκρῶν.
649 1926 713 1952 Ἰδοὺ
731 1926 855 1961 φανερῶς
878 1927 893 1952 ὸ
912 1923 1032 1955 τοιοῦτος
1062 1923 1108 1959 ιιαὶ
1130 1923 1288 1959 τηλικοῦτος
1317 1924 1367 1958 τῆς
1394 1923 1555 1958 Ἐκκλησίας
1587 1923 1746 1955 διδάσκαλος
1770 1925 1844 1958 τρεῖς

218 1975 357 2006 ἐνιαυτοὺς
381 1974 498 2010 κηρύξαι
523 1974 555 2000 τὸ
579 1972 746 2007 Εὑαγγέλιον
766 1974 812 2000 τὸν
829 1974 942 2008 Σωτῆρα
967 1973 1050 2007 λέγει.

249 2053 289 2080 Cl.
307 2052 470 2080 Duiresnius
484 2053 511 2079 in
534 2051 607 2079 notis
626 2051 659 2078 ad
683 2051 757 2078 hunc
771 2051 862 2078 locum
884 2054 978 2077 monet
998 2055 1116 2077 veterem
1133 2049 1301 2085 lgnatianam
1321 2050 1578 2086 interpretationem
1596 2048 1648 2076 sibi
1662 2053 1841 2083 usurpatam,

216 2106 298 2133 quam
314 2105 404 2125 tamen
421 2097 545 2124 nonnihil
560 2097 711 2131 pleniorem
725 2101 752 2124 et
767 2095 869 2123 alicubi
882 2095 988 2123 variam
1000 2095 1066 2123 editi
1079 2095 1218 2123 exhibent.

984 2174 1064 2202 XVII.

264 2235 356 2274 Ionius
381 2235 525 2262 monachus
539 2256 546 2268 ,
562 2236 599 2264 De
619 2237 787 2264 OEconomia
821 2236 972 2274 seu_Verb0
995 2237 1210 2274 incarnatoalib.
1226 2245 1281 2271 vn,
1298 2246 1357 2272 cap.
1372 2237 1416 2264 5|.
1435 2236 1512 2271 Apud
1527 2236 1651 2263 Ριιοτιιιιι
1666 2234 1793 2261 Bibliotb.

861 2271 927 2299 Cod.
945 2280 1048 2305 ccxx",
1063 2280 1125 2308 pag.
1141 2272 1204 2300 622.

253 2328 319 2356 Nam
332 2329 383 2356 tria
396 2329 505 2356 divinus
519 2328 639 2364 lgnatius
651 2330 743 2358 smculi
758 2330 839 2365 hujus
851 2330 1004 2365 principem

1096 2331 1166 2367 Φησὶ
1179 2330 1236 2367 γὰρ
1249 2331 1262 2357 ὁ
1277 2329 1404 2365 Θεοφόρος
1414 2328 1545 2363 Ἰγνάτιος
1556 2327 1619 2362 τρία
1628 2325 1719 2352 λαθεῖν
1734 2324 1780 2351 τὸν
1795 2324 1843 2359 ἄρ-

217 2375 330 2401 lnluisse
360 2379 578 2408 commemorat;
601 2376 785 2411 virginitatem
807 2375 913 2408 Mariae.
938 2384 1004 2404 con-

217 2421 369 2455 ceptionem
397 2421 526 2455 Domini,
554 2426 582 2449 ct
610 2423 827 2449 crucilixionem.
853 2421 939 2457 Epist.
969 2422 1003 2448 ad

219 2466 328 2501 Ephes.,
347 2475 405 2502 cap.
424 2468 467 2496 19.

1061 2385 1141 2412 χοντα
1162 2376 1209 2402 τοῦ
1226 2375 1324 2407 αἰῶνος
1347 2374 1457 2401 τούτου·
1475 2373 1526 2409 τὴν
1554 2371 1702 2407 παρθενίαν
1721 2370 1842 2406 Μαρίας.

1059 2422 1109 2458 τὴν
1129 2421 1260 2456 σύλληψιν
1276 2421 1323 2447 τοῦ
1337 2420 1452 2456 Κυρίου,
1472 2419 1520 2457 καὶ
1532 2418 1581 2453 τὴν
1597 2417 1748 2452 σταύρωσιν

973 2556 1064 2584 XVIII.

356 2617 492 2647 LEONTIUS
505 2619 686 2653 BYZANTINUS,
702 2619 748 2646 lib.
766 2619 802 2646 De
814 2619 908 2653 sectis,
922 2621 982 2646 Act.
998 2627 1040 2652 ιιι,
1057 2619 1100 2647 Επ
1114 2618 1178 2646 bibl.
1199 2617 1260 2646 PP.
1278 2618 1370 2646 Paris.
1385 2622 1450 2644 tom.
1466 2615 1513 2649 XI,
1528 2623 1588 2651 pag.
1610 2613 1673 2646 505,
1691 2612 1723 2641 (Ξ.

255 2675 390 2704 Caeterum
411 2677 580 2711 temporibus
599 2677 664 2710 illis,
675 2684 737 2712 quae
751 2684 766 2704 a
780 2676 883 2705 Christi
910 2678 1009 2705 nativi-

225 2727 274 2752 ,διε
290 2730 378 2757 usque
395 2722 429 2749 ad
449 2722 593 2757 imperium
614 2722 787 2751 Constantini
815 2728 1005 2757 numerantur,

220 2768 250 2795 hi
271 2768 396 2796 doctores
407 2771 434 2796 et
448 2767 543 2796 Patres
564 2769 728 2797 exstiterunt
746 2777 753 2796 :
775 2767 897 2803 lgnatius
918 2769 1007 2797 Theo-

1059 2667 1064 2672 I
1099 2677 1236 2712 Ἐγένοντο
1243 2677 1272 2703 δὲ
1285 2677 1314 2703 ὲν
1327 2677 1383 2707 τοῖς
1390 2674 1496 2711 χρόνοις
1506 2675 1563 2705 τοῖς
1573 2672 1626 2699 ἀπὸ
1637 2672 1688 2707 τῆς
1699 2671 1842 2706 γεννήσεως

1062 2724 1111 2751 τοῦ
1126 2722 1244 2759 Χριστοῦ
1260 2722 1340 2758 μέχρι
1351 2723 1400 2758 τῆς
1417 2720 1553 2757 βασιλείας
1564 2717 1766 2746 Κωνσιαντίνου
1781 2716 1844 2743 διδά-

1065 2769 1158 2796 σκαλοι
1177 2769 1225 2795 καὶ
1240 2768 1358 2804 πατέρες
1373 2765 1602 2801 οἶδε’Ίγνάτιοςὸ
1613 2763 1755 2798 Θεοφόρος,
1764 2763 1842 2798 Είρη-

221 2814 335 2846 phorus,
355 2813 484 2848 lrenmus,
503 2813 638 2848 Justinus,
647 2819 700 2843 etc.
722 2813 777 2843 llos
790 2822 886 2844 omnes
907 2819 1008 2845 seculo:

1065 2816 1148 2847 ναίος,
1165 2815 1322 2846 Ὶουστῖνος,
1336 2822 1363 2841 κ.
1378 2822 1404 2839 τ.
1420 2812 1445 2839 λ.
1465 2805 1583 2842 Τούτουξ
1606 2810 1728 2841 ἅπαντας
1742 2809 1770 2836 αἱ
1787 2807 1841 2844 μετ’

221 2861 347 2896 tlcincops
363 2861 479 2890 haereses
495 2861 642 2897 excipiunt.

1066 2861 1163 2899 αὐτοὺς
1191 2860 1334 2896 γενόμεναι
1359 2858 1478 2895 αἱρέσεις
1499 2857 1633 2897 δέχονταιι
