1874 3070
187 151 221 178 ‘27
733 151 762 179 S.
783 151 957 180 lGNATlUS.
979 167 1012 173 —
1032 151 1300 180 PROLEGOMENA.

986 210 1068 237 XXV.

369 266 493 295 ANDREAS
506 267 668 297 CRETENSIS,
688 267 780 304 homil.
799 276 830 299 ιι,
846 268 872 294 in
888 267 1001 304 Nativit.
1016 268 1045 294 Β.

1074 268 1196 303 Virginis.
1217 268 1258 295 Ex
1274 277 1322 295 ms.
1344 269 1430 296 01'0".
1449 270 1518 304 apud
1531 269 1662 298 ansou.

754 303 780 329 in
796 303 902 330 Vindie.
920 303 1005 338 lguat.
1025 309 1095 338 part.
1118 312 1136 337 ι,
1149 313 1208 338 cap.
1223 304 1250 330 ‘3.

227 357 261 386 Ut
279 360 317 386 ait
330 365 443 388 sanctus
466 361 517 393 vir,
533 360 576 387 cui
599 368 696 387 nomen
713 361 835 395 lgnatius
851 370 857 388 :
875 361 982 388 Princi-
996 366 1018 393 Α

189 413 245 438 pem
269 405 347 439 hujus
374 405 466 432 stt-culi
479 405 558 431 latuit
575 406 713 440 virginitas
728 406 833 438 Mariw,
847 412 871 433 et
886 412 979 441 partus

189 451 256 484 ejus,
269 451 394 478 similiter
404 457 427 478 ct
448 460 518 478 mors
536 452 635 478 Christi
647 460 656 478 .'
671 453 724 478 tria
738 453 872 479 tremenda
886 458 982 488 myste-

190 497 243 528 ria,
257 505 316 531 qua:
326 498 351 524 in
367 498 472 525 silentio
484 498 531 525 Dei
546 498 617 532 facta
632 503 704 525 sunt.
719 498 806 534 Epist.
819 499 852 526 ad
867 499 980 534 Eplies.,

189 551 250 578 cap.
272 544 314 571 19.

1070 363 1118 394 ’Ὡς
1133 363 1198 398 φησί
1212 371 1262 389 που
1289 362 1366 397 ἅγιος
1383 364 1461 398 ἀνὴρ,
1481 363 1611 396 Ἰγνάτιος
1631 362 1714 398 ὃνομα
1736 363 1827 390 αὑτῶ

1031 409 1085 435 Καὶ
1103 409 1192 436 ἔλαθε
1206 408 1260 435 τὸν
1273 409 1405 443 ἀρχοντα
1421 409 1473 436 τοῦ
1489 409 1597 441 αἰῶνος
1613 410 1719 436 ’τούτου
1730 410 1750 443 ἠ
1757 416 1831 443 παρ
1844 422 1852 429 ο

1031 455 1115 481 θενια
1136 455 1261 489 Μαρίας,
1278 456 1327 481 καὶ
1347 457 1362 482 ό
1388 455 1476 488 τόκος
1499 454 1604 488 αὐτῆς,
1616 455 1723 490 ὁμοίως
1749 455 1808 482 καὶ
1828 456 1847 482 ό

1032 500 1159 534 θάνατος
1171 502 1223 528 τοῦ
1231 502 1370 535 Χριστοῦ
1380 502 1447 535 τρία
1455 500 1606 536 μυστήρια
1616 501 1735 536 φρικτὰ,
1742 501 1846 529 (iura

1033 547 1068 573 ἐν
1084 548 1197 582 ἡσυχίᾳ
1213 547 1287 574 Θεοῦ
1299 547 1444 582 ἐπράχθη.

970 604 1064 632 XXVI.

620 651 760 679 Amemus
775 651 904 685 MELISSA,
925 651 990 680 Loc.
1013 660 1125 686 comm.,
1141 653 1188 680 lib.
1205 661 1236 686 ιι,
1251 661 1309 688 cap.
1329 652 1374 680 ιε.

225 706 324 734 Omnes
351 706 429 739 ferto,
445 712 475 734 ut
497 712 523 735 te
547 707 696 739 Dominus;
712 716 808 736 omnes
825 709 930 736 sustine
952 709 979 735 in

191 752 337 786 eliaritate;
351 753 457 787 pustula
467 754 639 788 prudentiam
651 755 782 789 majorem
791 763 823 782 ea
839 763 922 790 quam
931 755 981 781 ba-

192 799 248 825 bes.
263 799 391 826 Omnium
406 801 518 827 morbos
530 805 626 834 porta;
641 801 685 828 ubi
701 801 774 828 enim
790 801 851 836 plus
866 801 982 832 laboris,

192 845 228 872 ibi
243 845 311 872 lucri
330 845 456 874 multum.
471 845 557 881 Epist.
571 847 605 874 ad
622 847 776 882 Polycarp.,
790 856 847 882 cap.
866 848 890 874 ί.

1070 709 1178 741 Πάντας
1195 709 1313 745 βάσταζε
1340 710 1377 742 ὣς
1400 718 1428 736 σε
1445 711 1459 736 ὁ
1477 710 1593 746 Κύριος·
1607 710 1715 737 πάντων
1731 710 1843 744 ἀνέχου

1035 756 1063 781 ὲν
1082 756 1194 792 ἀγάπῃ’
1212 755 1287 782 αἰτοῦ
1308 755 1414 782 σύνεσιν
1431 756 1542 782 πλείονα
1558 753 1591 791 ἦς
1616 756 1697 791 ἔχεις.
1716 756 1843 782 Πάντων

1035 802 1084 834 τὰς
1100 802 1194 835 νόσους
1211 802 1328 838 βάσταζε
1337 811 1343 817 ·
1362 803 1428 829 ὅπου
1440 802 1494 838 γὰρ
1505 802 1604 830 πλείων
1615 803 1710 834 κόπος,
1720 801 1797 830 πολὺ
1811 802 1842 827 τὸ

1035 848 1145 884 κέρδος.

805 907 882 940 lusu,
905 907 983 940 ibirl.,
996 907 1044 934 lib.
1061 915 1090 938 Il,
1103 914 1162 941 cap.
1179 905 1221 933 89.

228 963 305 990 Stalo
327 965 407 999 quasi
431 965 520 997 incus,
540 964 605 993 dum
631 966 761 998 czederis;
792 966 917 1001 generosi
941 971 984 994 est

192 1010 309 1044 athletae,
327 1011 395 1038 ca:di
417 1016 445 1038 et
472 1012 599 1045 vincere;
616 1013 736 1039 maxime
764 1017 874 1047 propter
897 1012 982 1039 Deum

191 1057 283 1084 omnia
299 1058 459 1085 sustinenda
475 1063 550 1090 sunt,
569 1063 599 1085 ut
623 1059 680 1092 ipse
701 1066 812 1093 quoque
831 1066 881 1085 nos
901 1058 984 1085 susti-

193 1107 264 1129 neat.
282 1104 321 1130 Ad
337 1103 493 1138 Polycarp.,
511 1111 569 1138 cap.
583 1104 609 1130 5.

1070 965 1158 1001 Στῆκε
1178 965 1217 997 ὡς
1238 965 1345 1000 ἄκμων,
1362 966 1544 1001 τυπτόμενοςε
1566 964 1684 1000 μεγάλου
1711 963 1838 998 ἀθλητοῦ

1036 1012 1094 1039 ἐστι
1117 1011 1243 1047 δέρεσθαι
1266 1012 1313 1038 καὶ
1338 1012 1434 1047 νικᾷν·
1455 1011 1571 1047 μάλιστα
1593 1010 1622 1037 δὲ
1643 1011 1736 1036 ἕνεκεν
1764 1008 1839 1036 Θεοῦ

1037 1057 1126 1084 πάντα
1140 1058 1214 1093 ἡμᾶς
1231 1058 1376 1094 ὑπομένειν
1392 1058 1445 1089 δεῖ,
1458 1057 1502 1084 ἵνα
1518 1057 1565 1084 καὶ
1578 1057 1659 1088 αὐτὸς
1672 1056 1747 1091 ἡμᾶς
1765 1055 1837 1082 ὑπο-

1039 1113 1118 1140 μένῃ.

793 1160 870 1194 lusu,
886 1160 965 1194 ibid.,
980 1161 1027 1188 lib.
1049 1168 1080 1194 ll,
1099 1169 1157 1196 cap.
1175 1161 1220 1188 25.

230 1216 306 1243 Servi
323 1225 377 1243 non
402 1217 556 1245 desiderem
570 1226 584 1245 a
598 1218 738 1245 communi
750 1218 829 1246 liberi
842 1218 917 1250 ﬁeri;
932 1218 980 1246 sed
1002 1212 1022 1238 Β

1074 1219 1103 1245 Di
1118 1218 1206 1245 δοῦλοι
1222 1222 1259 1254 μὴ
1278 1218 1420 1254 ὲράτωσαν
1435 1218 1490 1245 ἀπὸ
1507 1217 1597 1244 κοινοῦ
1612 1215 1836 1252 ἐλευθεροῦσθαί,

195 1262 222 1288 in
246 1262 358 1296 gloriam
387 1262 433 1290 Dei
453 1263 513 1298 plus
532 1265 664 1297 serviant,
678 1268 709 1291 ut
727 1264 833 1291 meliori
858 1265 983 1292 libertate

194 1315 210 1334 a
225 1307 279 1335 Deo
291 1309 440 1343 potiantur.
461 1310 502 1336 Ad
515 1309 670 1345 Polycarp.,
682 1319 739 1345 cap.
756 1310 782 1338 4.

1035 1263 1091 1290 ἀλλ’
1102 1265 1142 1296 εἰς
1155 1263 1234 1296 δόξαν
1249 1264 1316 1290 Θεοῦ
1331 1264 1411 1290 πλέον
1427 1263 1636 1295 δουλευέτωσαν,
1652 1263 1696 1289 ἴνα
1706 1263 1836 1298 κρείττο-

1036 1319 1080 1342 νος
1095 1309 1253 1346 ἐλευθερίας
1267 1310 1321 1336 ἀπὸ
1335 1309 1402 1337 Θεοῦ
1416 1309 1543 1345 τύχωσιν.

803 1368 880 1400 ῙυΕΜ,
903 1367 980 1398 ibid.,
996 1366 1044 1394 lib.
1062 1375 1152 1402 l,cap.
1174 1366 1217 1394 Η.

231 1413 260 1441 Si
276 1414 337 1448 quis
352 1414 377 1441 in
395 1415 520 1442 castitate
546 1423 657 1442 manere
677 1419 766 1450 potest
789 1416 822 1443 ad
849 1416 982 1443 honorem

194 1461 286 1488 carnis
303 1460 418 1493 Domini,
434 1461 636 1496 sinejactantia
657 1468 779 1496 maneat;
801 1467 829 1489 et
853 1463 875 1490 si
896 1463 983 1490 videri

195 1506 252 1533 vult
267 1506 327 1541 plus
342 1507 481 1542 episcopo,
502 1513 648 1542 corruptus
661 1513 711 1536 est.
731 1508 814 1536 Decet
827 1512 917 1535 autem
932 1509 984 1535 du-

193 1557 288 1581 centes
314 1558 341 1580 et
363 1554 459 1581 ductas
482 1562 545 1581 cum
562 1554 697 1581 sententia
715 1554 835 1589 episcopi
852 1554 982 1582 unionem

195 1599 294 1632 facere,
321 1604 351 1626 ut
375 1601 477 1634 nuptize
505 1600 571 1627 iiant
595 1600 750 1627 sccumlum
774 1599 869 1633 Deum,
885 1605 985 1628 etnon

194 1646 344 1673 secundum
359 1646 546 1681 cupiditatem.
561 1646 603 1673 Αιί
621 1645 779 1680 Polycarp.,
789 1654 847 1680 cap.
869 1646 895 1673 5.

1071 1415 1104 1442 Εἴ
1115 1423 1158 1446 τις
1167 1415 1278 1441 δύναται
1293 1415 1322 1442 ἐν
1337 1414 1434 1449 ἁγνείᾳ
1450 1414 1540 1450 μένειν
1552 1415 1592 1445 εἰς
1608 1414 1689 1449 τιμὴν
1705 1414 1755 1449 τῆς
1769 1423 1838 1450 σαρ-

1035 1461 1083 1493 κὸς
1099 1461 1147 1488 τοῦ
1165 1461 1317 1497 Κυρίου,ὲν
1333 1461 1491 1497 ἀκαυχησίᾳ
1507 1460 1612 1496 μενέτω
1623 1469 1630 1476 ⁸
1648 1461 1696 1487 καὶ
1707 1460 1755 1487 ἐὰν
1765 1469 1839 1495 γνω-

1041 1507 1092 1543 σοῇ
1109 1507 1191 1534 πλέον
1206 1507 1253 1534 τοῦ
1271 1507 1433 1539 ἐπισκόπου,
1449 1507 1593 1543 ἔφθαρται.
1612 1507 1717 1542 Πρέπει
1735 1507 1764 1534 δὲ
1778 1509 1838 1539 τοῖς

1038 1554 1157 1589 γαμοῦσι
1186 1554 1232 1580 καὶ
1257 1555 1317 1585 ταῖς
1344 1554 1543 1589 γαμουμέναις,
1562 1554 1632 1590 μετὰ
1652 1553 1766 1589 γνώμης
1786 1553 1838 1580 τοῦ

1039 1599 1190 1627 ἐπισκόπου
1204 1600 1254 1636 τὴν
1269 1600 1368 1626 ἕνωσιν
1385 1601 1531 1634 ποιεῖσθαι,
1548 1601 1593 1628 ἴνα
1605 1601 1620 1627 ὸ
1634 1601 1722 1636 γάμος
1764 1601 1838 1629 κατά

1041 1645 1118 1678 Θεὸν,
1135 1646 1181 1672 καὶ
1204 1647 1241 1682 μὴ
1265 1647 1325 1673 κατ’
1343 1647 1501 1682 ἐπιθυμίαν.

821 1704 898 1737 lusu,
913 1703 990 1736 ibid.,
1006 1704 1052 1731 lib.
1067 1711 1099 1737 ιι,
1116 1712 1174 1739 cap.
1192 1704 1236 1732 8i.

234 1761 372 1790 Patienter
394 1761 439 1788 alii
460 1761 530 1789 alios
541 1769 602 1789 cum
620 1763 831 1789 mansuetudine
847 1763 984 1796 patimini,

199 1812 228 1834 ut
240 1815 290 1834 nos
302 1815 410 1842 semper
423 1806 504 1835 Deus.
518 1807 558 1834 Ad
574 1808 728 1843 Polycarp.,
742 1817 801 1843 cap.
817 1809 844 1836 0.

1073 1761 1285 1797 Μακροῢυμεῖτε
1311 1762 1368 1797 μετ’
1386 1761 1508 1796 ἀλλήλων
1537 1760 1566 1786 ὲν
1592 1759 1739 1794 πραΰτητι,
1761 1758 1798 1789 ὡς
1822 1760 1836 1784 ο

1041 1808 1106 1840 Θεὸς
1123 1808 1181 1844 μεθ’
1196 1808 1274 1844 ἡμῶν
1290 1807 1334 1834 διὰ
1349 1808 1458 1839 παντός.

825 1866 902 1898 lDEl,
919 1865 997 1898 ibid.,
1011 1864 1058 1892 lib.
1073 1872 1104 1897 ιι,
1118 1873 1176 1900 cap.
1193 1865 1219 1891 5.

237 1925 302 1952 Date
316 1932 427 1960 operam
447 1933 482 1953 ne
497 1925 635 1954 resistatis
648 1926 789 1961 episcopo,
800 1930 829 1953 ut
851 1926 912 1953 sitis
935 1923 990 1953 Deo
1005 1926 1026 1954 C-

1078 1925 1251 1952 Σπουδάσατε
1279 1925 1316 1960 μὴ
1338 1922 1545 1951 ἀντιτάσσεσθαι
1565 1922 1604 1957 τῷ
1623 1920 1775 1955 ὲπισκόπῳ,
1790 1920 1834 1946 ἴνα

201 1969 332 2003 subjecti;
355 1974 383 1996 et
403 1977 458 2004 quo
485 1970 573 2006 magis
598 1971 711 1998 tacitum
736 1971 860 1998 videritis
882 1971 990 2006 episco—

202 2021 277 2048 pum,
298 2022 331 2041 eo
360 2015 446 2050 magis
471 2015 548 2043 illum
569 2017 692 2044 metuite.
707 2017 905 2051 Quemcunque
917 2016 989 2043 enim

203 2061 285 2088 mittit
313 2060 508 2095 paterfamilias
535 2066 566 2089 ut
590 2063 627 2090 rei
656 2063 813 2090 domestica
828 2062 930 2097 przesit,
951 2062 991 2089 sic

202 2107 280 2134 decet
294 2115 345 2135 nos
365 2108 489 2143 excipere
504 2109 578 2136 velut
595 2109 684 2144 ipsum
706 2108 753 2143 qui
768 2109 861 2136 mittit.
878 2108 991 2143 Episco-

203 2161 267 2187 pum
294 2153 375 2188 igitur
398 2158 528 2189 tanquam
556 2153 702 2182 Dominum
731 2155 820 2189 ipsum
849 2155 990 2189 suspicere

202 2205 319 2235 oportet.
335 2200 376 2226 Ad
389 2199 497 2235 Ephes.,
511 2209 586 2235 capp.
600 2201 618 2228 5
636 2205 662 2228 et
681 2199 707 2227 6.

1043 1970 1092 2008 ἦτε
1114 1971 1174 2006 Θεῷ
1191 1971 1404 2006 ὑποτασσόμενοι
1416 1979 1423 1986 ο
1439 1970 1487 1997 καὶ
1508 1970 1569 1996 ὅσον
1586 1967 1699 2003 βλέπετε
1717 1965 1834 2000 σιγῶντα

1042 2018 1087 2044 τδν
1102 2018 1260 2049 ἐπίσκοπον,
1276 2018 1357 2044 πλέον
1373 2017 1454 2044 αὐτὸν
1476 2015 1613 2050 φοϐεῖσθε.
1630 2013 1723 2040 Πάντα
1737 2012 1791 2048 γὰρ
1804 2013 1834 2038 ὃν

1044 2063 1148 2098 πέμπει
1160 2064 1174 2089 ὁ
1187 2062 1377 2097 οἰκοδεσπότης
1389 2063 1428 2093 εἰς
1443 2061 1510 2088 ἰδίαν
1524 2059 1689 2094 οἰκονομίαν,
1698 2057 1784 2089 οὕτως
1794 2057 1834 2084 δεῖ

1044 2110 1118 2144 ἡμᾶς
1139 2109 1221 2135 αὑτὸν
1242 2108 1367 2144 δέχεσθαι
1386 2108 1424 2139 ὡς
1448 2107 1530 2134 αὐτὸν
1544 2106 1590 2132 τὸν
1612 2104 1764 2139 πέμποντα.
1782 2104 1834 2130 Τὸν

1043 2153 1090 2182 οὖν
1118 2155 1266 2182 ἐπίσκοπον
1291 2155 1329 2186 ὡς
1357 2154 1438 2181 αὑτὸν
1464 2153 1509 2180 τὸν
1532 2153 1634 2188 Κύριον
1655 2150 1695 2177 δεῖ
1719 2150 1832 2186 προϐλε-

1046 2210 1118 2228 πειν.

809 2257 886 2290 lusu,
904 2257 980 2290 ibid.,
996 2257 1042 2286 lib.
1063 2266 1093 2289 ιι.
1107 2266 1167 2292 τηρ.
1184 2257 1228 2284 67.

239 2318 310 2346 Nihil
321 2323 438 2354 estpacc
451 2319 565 2351 melius,
587 2327 642 2354 qua
661 2326 743 2346 omne
759 2318 859 2346 bellum
876 2317 988 2344 dirimi-

205 2370 259 2392 tur.
274 2365 314 2392 Αιί
332 2365 438 2400 ΕρΙιεδ..
455 2374 514 2400 cap.
528 2365 571 2392 15.

1081 2318 1164 2344 Οὐδέν
1188 2318 1261 2343 ἐστιν
1279 2316 1390 2351 ἄμεινον
1403 2315 1514 2350 εἰρήνης
1524 2332 1531 2344 ,
1544 2313 1572 2338 ἐν
1628 2311 1680 2342 πᾶς
1693 2311 1707 2336 ὁ
1720 2308 1833 2344 πόλεμος

1047 2363 1217 2389 καταλύεται.

811 2422 888 2456 lusu,
905 2421 984 2453 ibid.,
1000 2420 1046 2447 lib.
1064 2427 1095 2451 ll,
1108 2428 1166 2454 cup.
1186 2419 1229 2446 19.

241 2473 352 2500 Samuel
375 2479 437 2500 cum
460 2472 551 2499 adhuc
573 2479 674 2506 parvus
697 2478 764 2506 puer
785 2474 874 2503 esset,
894 2468 994 2497 Videns
1010 2480 1032 2508 Ι)

206 2525 248 2548 est
260 2525 384 2552 vocatus,
401 2526 433 2546 ac
449 2519 476 2545 in
494 2518 688 2553 prophetarum
703 2524 816 2544 numero
825 2520 867 2543 est
883 2519 994 2550 coopta-

206 2572 260 2593 tus.
273 2565 367 2592 Daniel
381 2565 470 2592 adhuc
480 2564 589 2599 juvenis
601 2570 734 2591 consenes
744 2562 877 2598 quosdam
889 2561 994 2597 judicio

206 2611 357 2642 damnavit,
369 2618 472 2644 eosque
489 2617 544 2637 non
560 2609 694 2641 seniores,
717 2608 763 2636 sed
776 2607 881 2642 perdite
903 2606 994 2634 libidi-

207 2666 290 2686 nosos
303 2665 365 2685 esse
381 2656 588 2684 demonstravit.
606 2655 740 2683 Jeremias
764 2661 826 2681 cum
842 2653 995 2688 iuventutis

208 2713 291 2732 causa
307 2724 315 2735 ,
333 2711 392 2731 eam
417 2711 499 2738 quam
521 2702 592 2730 Deus
616 2701 642 2730 ei
669 2701 794 2729 tradebat
815 2700 996 2735 prophetantli

209 2751 377 2786 provinciam
387 2753 537 2782 recusaret,
548 2756 563 2776 a
574 2749 629 2776 Deo
641 2748 686 2776 illa
701 2747 795 2775 audit:
813 2746 851 2774 Te
859 2746 996 2782 juniorem

209 2805 271 2824 esse
281 2805 315 2824 nc
326 2797 410 2825 (licito
423 2805 430 2823 ;
443 2795 477 2822 ad
493 2802 671 2830 quoscunque
681 2794 753 2821 enim
767 2798 793 2820 te
807 2793 918 2824 misero,
933 2799 998 2826 pro-

211 2842 352 2870 ﬁcisceris.
372 2841 500 2868 Salomon
522 2845 612 2868 autem
638 2840 682 2867 ille
703 2839 831 2874 sapiens,
848 2846 910 2866 eum
927 2838 995 2866 duo-

211 2887 298 2917 decim
312 2890 422 2916 hnberct
434 2895 529 2920 annos,
544 2894 670 2922 magnam
689 2885 867 2922 σμιίυδιὶοιιυιιι
881 2883 913 2912 de
924 2883 997 2919 igno-

1088 2467 1118 2493 Ὀ
1132 2465 1258 2501 Σαμουὴλ
1276 2464 1418 2500 παιδάριον
1436 2462 1484 2494 ὢν,
1501 2462 1516 2489 ὁ
1528 2460 1638 2487 Βλέπων
1653 2458 1769 2494 ἐκλήθη,
1789 2459 1832 2485 καὶ

1046 2512 1084 2548 τῷ
1107 2511 1180 2547 χορῷ
1200 2511 1254 2538 τῶν
1275 2508 1422 2546 προφητῶν
1441 2506 1634 2543 ὲγκατελέχθη.
1661 2504 1758 2540 Δανιὴλ
1775 2505 1832 2536 νέος

1047 2559 1094 2591 ὢν,
1104 2559 1208 2594 ἔκρινεν
1220 2557 1303 2593 ὁμογέ
1308 2555 1402 2592 ροντάς
1411 2563 1497 2586 τινας,
1508 2553 1597 2585 δείξας
1607 2551 1715 2584 ἐξώλεις
1726 2551 1829 2582 αὐτοὺς,

1047 2606 1077 2632 οὺ
1091 2603 1293 2640 πρεσϐυτέρους
1308 2600 1388 2628 εἶναι.
1406 2600 1540 2636 Ἱερεμίας
1554 2599 1599 2625 διὰ
1610 2598 1641 2624 τὸ
1659 2597 1719 2624 νέον
1731 2605 1829 2632 παραι-

1047 2651 1176 2686 τούμενος
1194 2649 1244 2685 τὴν
1265 2646 1488 2684 ἐγχειριζομένην
1515 2645 1590 2680 αὑτῷ
1607 2643 1684 2680 παρὰ
1702 2643 1749 2669 τοῦ
1765 2642 1829 2668 Θεοῦ

1049 2696 1226 2733 προφητείαν,
1239 2695 1347 2722 ἀκούει”
1363 2694 1410 2730 Μὴ
1423 2693 1500 2728 λέγε,
1520 2691 1653 2727 νεώτερος
1677 2689 1748 2725 εἰμι·
1764 2688 1829 2715 διότι

1047 2743 1116 2779 πρὸς
1134 2742 1236 2774 πάντας
1257 2741 1304 2773 οὒς
1321 2741 1369 2768 ὲὰν
1386 2738 1558 2773 ἐξαποστελῶ
1574 2747 1615 2770 σε,
1633 2736 1762 2772 πορεύσῃ.
1777 2735 1827 2761 Σα-

1047 2789 1139 2824 λομῶν
1154 2789 1182 2816 δὲ
1194 2789 1208 2815 ὁ
1223 2788 1304 2823 σοφὸς
1313 2807 1321 2819 ,
1342 2787 1503 2814 δυοκαίδεκα
1518 2784 1660 2819 τυγχάνων
1673 2782 1753 2814 ἐτῶν,
1767 2789 1828 2807 σονς

1047 2837 1097 2872 ἧκε
1120 2835 1150 2862 τδ
1174 2835 1243 2870 μέγα
1268 2835 1316 2869 τῆς
1331 2833 1466 2868 ἀγνωσίας
1481 2832 1535 2858 τῶν
1556 2829 1693 2866 γυναικῶν
1712 2828 1757 2855 ἐπὶ
1776 2828 1827 2860 τοῖς

1049 2881 1187 2918 σφετέροις
1213 2880 1316 2911 τέκνοις
1337 2879 1454 2915 ζήτημα.
1474 2877 1555 2905 Δαϐὶδ
1571 2877 1584 2902 ὁ
1607 2876 1746 2911 προφήτης
1764 2872 1828 2908 ὁμοῦ
