1874 3070
175 150 207 178 5!
714 152 743 180 S.
765 152 939 181 IGNATIUS.
958 169 992 173 —
1010 153 1277 181 PROLEGOMENA.
1771 153 1812 182 32

903 217 979 251 loeti,
1005 218 1069 246 ibid.

211 273 243 301 Et
259 275 326 302 dicit
339 275 420 303 etiam
438 276 581 311 (lgnatius)
595 276 621 302 in
638 275 757 310 Epistola
773 284 821 303 sua
840 276 872 303 ad
886 275 1087 305 Antiochenses
1101 287 1107 304 :
1124 277 1176 309 Qui
1192 277 1275 304 credit
1290 285 1360 303 nunc
1376 277 1403 303 in
1419 276 1541 309 Christo,
1559 282 1584 304 et
1606 286 1658 304 non
1683 278 1711 304 in
1727 278 1807 304 obla-

175 323 244 348 (iane
256 330 305 349 sua
321 323 387 357 (esse
404 327 475 358 eum)
494 323 593 350 Filium
608 323 657 350 Dei
676 323 803 349 creaturis
819 323 920 356 mundi,
940 323 1059 358 dicetque
1073 324 1143 358 quod
1157 328 1195 349 est
1214 323 1270 350 illic
1286 323 1358 358 ﬁlius
1374 324 1454 356 alius,
1470 329 1495 350 et
1506 323 1649 350 substituet
1669 332 1729 350 eum
1745 323 1809 350 loco

173 368 242 402 ejus,
262 369 294 395 de
305 377 356 403 quo
371 370 510 396 vaticinati
523 373 584 395 sunt
598 369 741 403 prophetae,
756 375 883 403 quemque
901 370 1082 403 praedicarunt
1098 369 1234 403 discipuli,
1250 369 1380 404 palatium
1400 374 1439 396 est
1459 370 1570 397 diaboli.
1584 369 1622 396 Ex
1636 369 1721 405 Epist.
1740 378 1806 404 snp-

175 417 256 450 pusit.
272 417 305 443 ad
322 417 496 450 Antiocbett.,
514 424 574 452 cap.

521 598 754 655 lSAACl
799 596 1037 656 VOSSII
1081 598 1461 655 PBfEFATIO

605 718 668 762 IN
705 717 1031 764 EPISTOLAS
1066 718 1114 763 S.
1154 718 1388 762 IGNATII

244 815 316 847 Quas
329 815 429 850 primus
444 816 469 841 in
488 815 572 841 lucem
590 814 686 841 extulit
703 814 905 846 Amstelodami,
924 822 993 842 anno
1014 814 1093 847 1646,
1115 815 1183 847 in-i,
1199 823 1231 841 ιιίτ
1246 815 1334 841 codice
1348 823 1396 841 ms.
1415 815 1576 842 bibliotheca:
1597 815 1732 843 Medicae.

207 893 244 920 lta
259 898 302 920 est
315 915 321 924 .
338 893 424 920 lector
447 893 646 921 humanissime
660 914 666 926 ,
681 893 755 928 quod
776 897 803 920 ct
823 898 850 920 tu
867 899 894 920 et
905 901 947 927 egi

1066 899 1133 925 atnr,
1161 901 1222 920 enm
1246 894 1301 920 ait:
1325 893 1477 929 Ἐγράψατὲ
1498 903 1543 929 μοι
1565 895 1612 920 καὶ
1637 895 1728 930 ὑμεῖς,
1758 896 1806 923 καὶ

173 941 271 975 ςειιρῐυς
297 940 556 972 animadvertimus;
578 939 671 967 omnia
693 940 755 972 illa,
772 948 833 975 quae
852 940 893 968 vel
913 947 964 967 na-

173 991 232 1012 tura
249 985 392 1018 ellinxerit,
415 986 455 1012 vel
477 990 535 1013 arte
558 986 612 1013 sint
632 985 765 1013 fabricata
781 1005 788 1016 ,
815 986 889 1012 illam
911 986 963 1013 ha-

173 1035 237 1059 bent
254 1032 450 1064 conditionem,
471 1037 501 1058 ut
520 1040 581 1067 quae
604 1032 631 1058 in
649 1039 748 1067 genere
763 1039 813 1059 suo
829 1031 884 1058 sint
903 1040 964 1066 per-

173 1078 294 1110 fectiora,
307 1082 410 1112 quanto
428 1077 531 1105 diutius
548 1082 575 1104 et
593 1078 723 1105 attentius
735 1078 962 1113 contemplemur,

174 1129 249 1151 tanto
264 1124 475 1158 pulchramagis
487 1130 514 1151 et
530 1124 862 1157 artiliciosa,intuentium
876 1125 963 1152 oculis

173 1179 234 1199 sese
244 1171 369 1198 olli-rant.
387 1169 483 1198 Simile
497 1170 563 1205 quid
588 1170 655 1197 mihi
677 1171 769 1198 evenit
797 1170 823 1196 in
847 1170 961 1205 lgnatio,

173 1217 253 1252 cujus
269 1224 409 1251 nnnqttam
436 1216 574 1251 Epistolas
589 1216 683 1251 relegi,
697 1217 762 1251 quin
788 1223 895 1251 semper
911 1216 962 1242 ali-

173 1264 237 1298 quid
252 1263 326 1294 nevi,
341 1270 396 1298 quo
413 1263 501 1297 magis
525 1271 585 1290 sese
603 1263 670 1289 mihi
696 1262 859 1297 probarent,
875 1262 901 1288 in
929 1262 962 1289 iis

173 1309 398 1344 deprehenderim
415 1318 422 1336 :
439 1309 546 1344 quoties
560 1330 568 1342 ,
593 1311 705 1343 inquam
720 1328 727 1341 ,
743 1309 803 1336 illas
821 1309 847 1335 in
865 1317 962 1336 manus

174 1356 307 1390 resumpsi
322 1376 330 1389 ,
349 1356 428 1383 toties
444 1355 547 1390 aliquid
564 1355 690 1390 apparuit
703 1375 709 1386 ,
726 1354 798 1381 unde
813 1355 961 1390 genuinum

173 1403 308 1437 potuerim
328 1409 477 1436 agnoscere
492 1402 671 1436 scriptorem;
698 1406 770 1428 nunc
786 1401 896 1435 elegans
916 1401 961 1428 illa

172 1448 346 1482 simplicitas,
359 1452 386 1475 ct
406 1448 507 1476 saeculo
532 1456 587 1483 quo
603 1448 670 1474 vixit
690 1448 960 1481 convenientissima,

173 1503 245 1521 nunc
269 1503 359 1521 rerum
375 1499 402 1522 et
426 1495 572 1522 verborum
600 1496 702 1530 passim
717 1498 743 1522 et
766 1494 868 1529 ubique
894 1502 961 1521 con-

171 1541 295 1576 gruentia
319 1550 350 1568 ac
362 1542 463 1569 veritas
477 1550 484 1575 ;
500 1549 574 1568 nunc
589 1542 664 1568 zelus
680 1545 708 1568 et
727 1540 849 1576 martyrii
860 1540 959 1574 fervor,

170 1587 218 1622 qui
236 1595 297 1614 cum
313 1587 388 1620 alibi,
408 1591 466 1614 tum
488 1588 607 1614 maxime
632 1587 659 1614 in
674 1586 792 1621 Epistola
811 1587 843 1613 ad
860 1586 960 1614 Roma-

172 1641 222 1661 nos
235 1634 341 1666 elucet;
357 1634 449 1660 omnia
472 1633 587 1668 denique
614 1637 753 1660 auctorem
779 1641 858 1660 suum
878 1638 962 1660 testa-

172 1680 281 1707 bantur.
300 1681 360 1712 Quo
376 1680 462 1714 magis
487 1679 572 1705 miror
592 1678 694 1712 fuisse,
708 1678 756 1713 qui
777 1687 831 1705 tton
853 1682 960 1705 tantum

171 1730 302 1761 negarent
311 1725 440 1760 epistolas
450 1725 500 1752 bas
507 1732 567 1752 esse
575 1725 681 1759 lgnatii,
690 1725 736 1751 sed
747 1732 796 1751 nec
804 1725 962 1751 dubitarent

171 1772 306 1798 allirtnare
323 1771 400 1798 illum
413 1771 504 1798 nttllas
517 1771 630 1798 omnino
651 1770 803 1804 scripsisse.
830 1769 889 1797 Non
906 1771 961 1797 alio

172 1818 197 1845 td
207 1822 371 1853 argumento
383 1817 548 1852 persuadere
557 1816 738 1848 conabantur,
748 1824 829 1851 quam
843 1823 876 1843 eo
887 1816 960 1851 quod

171 1865 294 1892 dicerent
309 1864 446 1892 neminem
461 1868 593 1895 veterum,
610 1868 673 1890 ante
688 1862 847 1895 Eusebium,
866 1870 959 1889 carum

172 1911 341 1938 meminisse.
357 1910 427 1938 Nam
452 1910 602 1938 sententias
617 1917 678 1944 qua:
692 1908 763 1944 apud
787 1907 918 1936 lrenaenm
934 1913 961 1935 et

171 1957 315 1992 Origenent
327 1961 476 1990 exstarent,
487 1965 534 1984 eas
549 1965 597 1984 ore
611 1956 805 1991 pronuntiasse
815 1975 822 1988 ,
839 1962 893 1981 non
912 1962 959 1981 au-

171 2009 224 2031 tent
239 2012 272 2031 ex
286 2003 408 2038 epistolis
424 2003 483 2038 ejus
498 2011 558 2031 esse
584 2003 702 2037 petitas:
717 2009 772 2029 non
788 2001 961 2028 attenderunt

171 2054 222 2081 viri
234 2054 387 2081 doctissimi
403 2054 437 2081 ad
461 2061 522 2081 eutn
546 2053 672 2088 Origenis
691 2053 792 2085 locum,
806 2051 853 2087 qni
872 2056 961 2079 exstat

171 2100 268 2128 hotnil.
286 2108 310 2126 \‘l
334 2100 361 2126 in
387 2099 488 2127 Lucam
506 2109 512 2126 :
531 2098 604 2126 Unde
619 2098 752 2134 eleganter
768 2098 796 2124 in
821 2098 961 2132 cujusdam

170 2147 298 2181 martyris
311 2146 423 2181 cpistola
449 2146 542 2180 reperi,
563 2145 700 2181 Igttatium
722 2145 781 2171 dico
810 2145 960 2179 episcopum

171 2193 328 2223 Antiochiu’.
341 2197 398 2227 post
415 2191 524 2219 Petrum
539 2191 694 2223 secundum;
703 2192 748 2226 qui
759 2192 786 2218 in
801 2192 960 2225 persecutio-

1022 940 1159 974 Ἰγνάτιος.
1180 939 1335 974 Superviitit
1350 945 1442 967 autent
1454 939 1557 974 lgnatio
1573 940 1739 975 Polycarpns
1755 950 1810 968 an-

1015 986 1058 1012 nis
1072 986 1133 1020 plus
1150 986 1241 1012 minus
1266 985 1418 1021 sexaginta.
1431 985 1481 1013 llic
1495 986 1562 1020 jam,
1587 994 1664 1021 rogo,
1677 995 1806 1021 quaenam

1013 1031 1070 1058 veri
1091 1036 1133 1058 est
1160 1031 1311 1058 similitudo
1341 1036 1370 1058 ut
1383 1052 1391 1064 ,
1418 1031 1570 1067 Polycarpo
1584 1033 1712 1066 vivente,
1733 1042 1808 1062 verae

1015 1077 1075 1105 ista:
1091 1076 1187 1112 lgnatii
1202 1077 1323 1112 epistolae
1339 1077 1441 1105 fuerint
1457 1086 1620 1112 suppressae,
1633 1084 1659 1106 et
1669 1080 1729 1107 alia:
1739 1088 1809 1115 snp-

1014 1124 1133 1158 positae?
1148 1123 1274 1158 Nunquid
1295 1131 1342 1151 eas
1364 1125 1481 1159 perdidit
1495 1124 1672 1160 Polycarpus,
1690 1131 1720 1153 ut
1734 1134 1807 1161 opus

1013 1170 1097 1197 fuerit
1112 1170 1180 1196 alias
1206 1170 1380 1205 excogitare?
1405 1169 1464 1197 Non
1489 1176 1556 1206 puto
1579 1179 1745 1206 quemquam
1766 1173 1806 1199 ita

1014 1215 1071 1243 fore
1089 1215 1245 1247 ridiculum,
1264 1220 1293 1242 ut
1309 1216 1370 1243 talia
1387 1217 1491 1251 probet.
1512 1216 1572 1244 Iam
1587 1225 1668 1252 pergo
1684 1227 1690 1244 :
1706 1217 1733 1245 Si
1752 1218 1807 1246 Po-

1013 1261 1141 1297 lycarpus
1163 1269 1211 1288 eas
1234 1262 1372 1294 ltabtterit,
1404 1263 1498 1297 utique
1514 1263 1623 1290 easdem
1639 1263 1807 1292 habuitlre-

1013 1316 1098 1341 natus,
1113 1308 1173 1343 ejus
1187 1308 1350 1342 discipulus,
1361 1309 1407 1343 qui
1422 1309 1481 1336 illas
1492 1309 1593 1336 citavit.
1608 1309 1739 1337 Irenaeum
1755 1319 1807 1338 οπο

1013 1355 1079 1389 cipit
1094 1354 1236 1389 Origenes,
1250 1355 1330 1388 cujus
1341 1355 1398 1389 jam
1414 1355 1495 1382 verba
1508 1355 1636 1383 vidimus.
1655 1356 1739 1384 Nemo
1753 1365 1806 1384 au-

1013 1407 1078 1434 tem,
1093 1406 1168 1436 puto,
1182 1402 1228 1432 sit,
1247 1401 1295 1435 qui
1310 1401 1446 1429 existimet
1461 1402 1584 1429 diversas
1600 1402 1685 1430 fuisse
1704 1403 1806 1438 lgttatii

1012 1447 1142 1482 epistolas
1162 1447 1264 1482 quibus
1290 1455 1356 1474 usus
1372 1451 1415 1474 est
1437 1447 1567 1483 Origenes
1582 1469 1589 1480 ,
1606 1449 1641 1476 ab
1665 1449 1718 1476 illis
1731 1459 1806 1485 quas

1013 1493 1078 1520 citat
1101 1492 1247 1520 Eusebius.
1276 1493 1425 1520 Eusebium
1440 1498 1593 1527 sequuntur
1622 1495 1804 1529 Athanasius,

1014 1538 1206 1574 Hieronymus,
1222 1539 1438 1574 Cbrysostomus
1451 1559 1458 1572 ,
1471 1538 1659 1567 Theodore-tus
1671 1562 1678 1573 ,
1702 1541 1805 1568 Antio-

1011 1585 1133 1616 cbenus,
1149 1583 1336 1612 Damascenus
1353 1605 1360 1616 ,
1382 1584 1495 1612 Photius
1509 1607 1516 1618 ,
1533 1590 1559 1613 et
1584 1586 1719 1614 innumeri
1734 1589 1780 1614 alii
1794 1598 1804 1622 ;

1011 1631 1057 1666 qui
1072 1639 1167 1658 ontnes
1184 1631 1226 1658 usi
1242 1634 1307 1658 sunt
1328 1631 1486 1659 testimonio
1510 1631 1622 1666 lgnatii;
1641 1637 1668 1660 et
1683 1634 1719 1661 ita
1739 1635 1805 1669 qui-

1011 1677 1084 1709 dem,
1100 1681 1130 1704 ut
1144 1685 1284 1711 nunquam
1301 1685 1316 1704 a
1339 1686 1479 1712 quoquam
1496 1679 1566 1706 inter
1580 1680 1751 1715 apocrypltos
1767 1682 1805 1708 sit

1011 1724 1128 1756 relatus;
1146 1724 1218 1758 quod
1230 1728 1320 1750 tamen
1341 1732 1375 1751 tte
1392 1727 1453 1751 novi
1474 1725 1583 1759 quidem
1601 1725 1722 1753 FtBtiCl‘lS
1739 1726 1804 1752 libri

1011 1770 1128 1804 eﬂ‘ugerc
1150 1777 1247 1797 omnes
1275 1774 1432 1804 potuerunt.
1455 1771 1524 1798 Cum
1552 1771 1642 1806 itaque
1672 1772 1716 1799 hic
1745 1780 1804 1799 non

1012 1815 1190 1850 interruptam
1228 1815 1377 1843 habeamus
1408 1817 1505 1844 seriem
1535 1818 1718 1852 eorum,qni
1751 1820 1805 1846 has

1011 1862 1141 1896 epistolas
1154 1862 1374 1896 approbaverunt
1387 1871 1394 1888 :
1409 1870 1461 1889 non
1484 1862 1563 1890 video
1577 1871 1632 1898 quo
1652 1872 1804 1898 argumen—

1011 1911 1039 1935 to
1057 1908 1214 1942 opinionem
1238 1915 1314 1935 suain
1339 1909 1502 1936 conlirmare
1527 1911 1642 1944 possint,
1655 1911 1702 1944 qui
1725 1911 1803 1938 aliud

1012 1955 1143 1981 sentiunt.
1155 1953 1242 1981 Lecta:
1252 1959 1316 1981 sntit
1332 1954 1464 1982 hactenus
1479 1955 1575 1990 lgnatii
1590 1957 1722 1990 epistolzc,
1737 1964 1805 1991 pro-

1012 2005 1040 2027 ut
1052 2001 1086 2027 ab
1104 2000 1300 2035 interpolatore
1315 2000 1424 2028 fuerant
1435 2006 1588 2036 corrupth
1604 2007 1630 2029 et
1644 2007 1734 2030 tamen
1744 2011 1803 2031 non

1011 2045 1133 2079 defuere,
1149 2046 1303 2082 quijudicii
1320 2048 1470 2074 acrimonia
1494 2048 1576 2075 etiam
1595 2056 1688 2075 verum
1705 2049 1732 2076 in
1746 2050 1804 2076 illis

1011 2093 1213 2128 depreltendere
1232 2094 1379 2128 potuerint.
1396 2092 1522 2121 Qstcndit
1546 2095 1599 2121 hoc
1618 2094 1686 2122 satis
1700 2103 1803 2130 super-

1011 2147 1064 2174 que
1087 2140 1128 2166 vir
1144 2147 1269 2166 sutnmus
1291 2139 1413 2167 Andreas
1436 2139 1560 2167 Rivetus.
1583 2139 1668 2167 Veras
1680 2141 1736 2175 jam
1753 2149 1804 2168 ex-

1012 2185 1094 2212 hibeo
1106 2190 1132 2212 et
1151 2186 1285 2220 genuinas
1295 2205 1304 2217 ,
1321 2190 1348 2212 et
1363 2186 1529 2213 testimoniis
1549 2187 1724 2221 antiquorum
1739 2188 1803 2214 ubi-

171 2246 202 2265 ηε
225 2239 316 2266 [ianus
333 2238 458 2273 pugnavit
476 2238 510 2264 ad
534 2238 649 2265 bestias:
668 2247 677 2263 ε
698 2237 846 2271 Principem
867 2246 911 2264 δαν

1064 2245 1066 2255 ι
1091 2237 1272 2267 congruentes
1287 2241 1294 2265 ;
1311 2240 1343 2259 eo
1364 2232 1420 2267 jam
1444 2232 1627 2268 confugiunt,
1651 2238 1680 2260 ut
1701 2240 1804 2268 negent

170 2285 248 2319 hujus
273 2284 353 2311 latuit
377 2284 517 2319 virginitas
543 2284 647 2315 Maria,
668 2293 678 2309 ι
693 2287 746 2310 etc.
769 2283 822 2311 Sed
837 2284 871 2311 ad
889 2285 960 2311 anti-

171 2331 268 2365 quiora
283 2331 435 2362 veniamus,
453 2338 507 2364 quo
529 2330 615 2365 magis
627 2334 755 2364 appareat
769 2330 918 2364 antiquitas
933 2336 960 2358 et

171 2377 274 2404 veritas
300 2377 397 2412 lgnatii
410 2377 496 2403 nostri
510 2397 518 2409 ,
531 2380 558 2403 et
572 2384 650 2403 error
664 2384 758 2403 eorum
781 2377 827 2411 qui
848 2381 959 2404 contra-

172 2423 242 2450 riutn
258 2427 393 2450 statuunt.
405 2422 514 2450 Primus
527 2423 619 2457 itaque
629 2423 675 2457 qui
689 2430 784 2451 earum
795 2423 958 2456 meminerit,

173 2470 195 2496 is
210 2473 252 2496 est
265 2468 432 2504 Polycarpns
441 2473 544 2504 martyr
557 2469 582 2495 iit
591 2468 711 2503 Epistula
720 2468 752 2496 ad
763 2469 958 2504 Philippenscs;

171 2515 251 2550 cujus
263 2516 344 2542 verba
361 2515 417 2542 haec
432 2520 514 2542 sunt:
530 2515 585 2546 Τὰς
601 2514 745 2546 ἐπιστολὰς
764 2515 893 2550 Ίγνατίου
910 2515 960 2546 τὰς

170 2560 342 2595 πεμφθείσας
358 2561 423 2595 ἡμῖν
441 2561 486 2587 ὑπ’
503 2560 595 2594 αὑτοῦ,
616 2561 662 2587 καὶ
679 2560 760 2592 ἄλλας
769 2561 833 2592 ὅσας
849 2560 959 2596 εἴχομεν

172 2607 322 2642 παρ’ήμῖν,
339 2606 502 2641 ἐπέμψαμεν
512 2607 586 2642 ὑμῖν,
604 2606 695 2638 καθὼς
711 2606 897 2638 ὲνετείλασϐε,
915 2606 958 2632 αἵ-

171 2660 242 2683 τινες
266 2652 484 2686 ὑποτεταγμέναι
498 2652 550 2678 εἰσὶ
563 2653 596 2687 τῇ
619 2651 744 2687 ἐπιστολῇ
768 2651 863 2687 ταύτῃ,
877 2651 907 2684 ἐξ
922 2648 959 2679 ὧν

173 2698 278 2734 μεγάλα
294 2697 466 2733 ὠφεληθῆναι
482 2698 637 2734 δυνήσεσθε.
661 2698 820 2734 Περιέχουσι
843 2697 898 2733 γὰρ
914 2697 959 2724 πι-

173 2753 231 2771 στιν
247 2745 294 2771 καὶ
308 2743 457 2780 ὑπομονὴν,
474 2745 520 2771 καὶ
537 2745 626 2771 πᾶσαν
640 2744 783 2779 οἰκοδομὴν
795 2743 843 2778 τὴν
859 2743 899 2774 εἰς
915 2742 960 2769 τὸν

174 2789 274 2824 Κύριον
287 2789 365 2824 ἡμῶν
382 2789 544 2825 ἀνήκουσαν.
560 2789 647 2815 Nemo
662 2789 718 2822 jatn
732 2788 819 2822 possit
834 2787 960 2814 dubitare

173 2836 238 2870 quin
257 2835 424 2871 Polycarpus
440 2836 491 2864 iste
503 2836 599 2870 lgnatii
617 2835 742 2862 habuerit
756 2834 895 2869 epistolas,
916 2833 959 2860 cui

173 2884 256 2911 etiam
274 2892 355 2911 unam
371 2893 403 2912 ex
429 2883 481 2911 illis
507 2887 608 2918 septem
637 2882 791 2917 inscripsit,
807 2881 878 2916 quod
903 2881 960 2915 ipse

1011 2282 1158 2313 martyrem
1177 2278 1253 2304 illum
1275 2278 1406 2313 epistolas
1431 2278 1584 2314 scripsisse.
1603 2279 1655 2306 Sed
1674 2279 1805 2307 fruantur

1011 2324 1049 2351 illi
1066 2324 1194 2358 opinione
1207 2332 1273 2356 sua,
1288 2329 1379 2351 certus
1402 2332 1462 2351 sum
1486 2333 1587 2359 paucos
1612 2325 1725 2352 omnino
1741 2326 1806 2354 fore

1010 2371 1057 2406 qui
1074 2379 1135 2398 cum
1151 2363 1218 2405 ipsis
1239 2370 1376 2403 sentiant;
1391 2370 1439 2405 qui
1462 2378 1528 2398 vero
1553 2371 1580 2397 id
1602 2379 1665 2398 cum
1690 2371 1807 2399 ratione

1012 2416 1104 2450 faciat,
1118 2417 1268 2444 neminem.

1045 2463 1125 2496 Quod
1142 2467 1233 2490 autem
1252 2471 1318 2498 pura
1333 2471 1518 2498 germanaque
1530 2464 1586 2498 jam
1604 2465 1694 2498 legere
1710 2466 1805 2499 possis

1010 2510 1111 2544 scripta
1129 2510 1186 2536 bzec
1210 2508 1359 2544 lgnatiana,
1372 2509 1501 2537 benevole
1519 2510 1614 2542 lector,
1630 2510 1805 2539 bibliotheca:

1009 2555 1135 2583 Mediceze
1159 2555 1260 2588 debes;
1284 2556 1367 2583 debes
1393 2556 1570 2583 serenissitno
1597 2556 1711 2591 principi
1735 2556 1806 2584 Fer-

1010 2602 1130 2630 dinando
1142 2601 1162 2628 ll
1174 2623 1181 2635 ,
1194 2610 1293 2637 magno
1316 2602 1430 2629 Etruriae
1447 2602 1527 2635 duci,
1543 2602 1622 2637 cujus
1647 2602 1803 2630 incredibili

1009 2657 1073 2685 erga
1096 2649 1185 2676 studia
1210 2656 1316 2682 amore,
1334 2649 1441 2684 inclyta:
1459 2649 1519 2684 ejus
1535 2649 1707 2676 bibliotheca:
1732 2649 1806 2677 mihi

1010 2695 1126 2729 contigit
1157 2702 1251 2726 usura,
1267 2699 1293 2721 ct
1308 2702 1355 2729 per
1375 2695 1446 2721 hanc
1463 2695 1621 2728 lgnatianus
1639 2695 1684 2722 ille
1696 2715 1702 2726 ,
1718 2703 1805 2729 quem

1010 2743 1118 2775 damus,
1128 2742 1283 2769 thesaurus.
1295 2740 1406 2768 Utinam
1415 2749 1480 2768 vero
1492 2741 1532 2769 sic
1546 2741 1591 2768 alii
1602 2750 1714 2776 quoque
1726 2743 1806 2777 prin-

1012 2788 1085 2822 cipes
1099 2787 1210 2814 animati
1240 2787 1338 2819 forent,
1365 2794 1416 2813 nec
1438 2786 1560 2821 plerique
1583 2787 1658 2813 avari
1675 2787 1744 2814 adeo
1767 2787 1804 2814 iis

1013 2834 1127 2868 pretiutn
1156 2827 1316 2865 statuerent,
1333 2832 1412 2867 quasi
1436 2833 1537 2867 aliquid
1566 2833 1624 2859 suis
1646 2832 1679 2859 de
1701 2833 1803 2867 opibus

1012 2879 1288 2913 dclercretnr,silibri
1299 2879 1404 2914 publice
1419 2879 1508 2915 potius
1519 2879 1596 2907 utiles
1613 2879 1701 2906 forent
1716 2887 1803 2914 quam
