1874 3070
72 181 96 210 53
656 177 676 205 J.
699 178 728 204 Β.
745 176 812 205 COT

971 175 1119 204 UDICIUM.
1677 172 1711 199 Si

74 238 180 265 blattiset
195 237 285 265 tineis
297 237 479 267 absumendi
495 240 729 275 relinquerentur;
747 240 773 266 hi
786 240 870 271 cnim,
888 243 909 270 Α
923 238 1055 272 Paganini
1075 237 1219 264 Gaudentii
1230 257 1237 269 ,
1253 238 1301 272 qui
1326 237 1419 264 favore
1441 243 1508 268 suo,
1523 242 1557 262 eo
1575 242 1617 262 me
1642 235 1713 269 apud

76 292 116 310 non
129 291 182 311 sua:
198 283 366 318 quidquam
382 285 485 318 gloria:
506 285 672 318 adimerent,
691 286 714 312 si
729 286 874 313 serenissi-

75 331 104 357 mi
124 330 256 365 principis
282 331 456 366 exemplum
486 332 690 360 :emularcntur.
714 331 803 366 Atque
829 331 873 358 hic

75 376 208 411 cjusordor
220 377 317 413 magis
331 377 610 413 eluxit,postquam,
625 381 656 405 ut
670 378 738 404 mihi
757 378 872 404 relatum

75 422 324 456 est,Laurentianae
344 431 408 451 suae
429 423 553 459 praefecit
567 424 700 451 Joannem
722 423 871 458 Baptistam

75 468 187 501 Donium,
204 469 301 496 virum
320 470 465 504 nobilem,
480 470 672 506 dignissimum
688 469 761 497 Petri
780 469 871 497 Victo-

74 516 102 543 rii
122 516 326 550 successorem;
342 525 400 545 nec
416 517 508 552 ipsum
531 517 612 544 modo
623 517 870 548 litteratissimum,

73 563 114 590 sed
132 571 161 591 ea
186 564 340 598 praeditum
368 564 535 599 prudentia,
554 568 582 590 ut
598 570 678 590 nemo
690 563 794 598 judicio
812 571 873 590 ma-

70 609 116 643 jori
130 609 162 636 ad
176 618 207 636 ea
218 610 355 637 sacraria
373 611 412 637 sit
428 610 604 637 admissurus
617 617 794 645 quemquam.
809 608 874 636 Post

70 659 165 681 tantum
189 655 304 690 imperii
328 655 405 682 tanti
425 655 577 690 principem
589 675 598 688 ,
616 654 716 689 majori
732 654 814 680 etiam
829 653 872 680 di-

66 700 236 735 gnissimum,
253 706 356 729 tacere
372 708 433 728 non
457 700 546 728 debeo
566 700 695 728 beneﬁcia
712 699 761 727 viri
772 699 873 728 summi

924 285 1075 319 principem
1092 292 1172 311 suum
1188 284 1248 310 loco
1272 283 1427 315 collocavit,
1444 286 1472 309 ut
1491 289 1574 316 quam
1591 281 1716 308 diutissi-

924 337 968 358 me
984 330 1152 357 bibliotheca
1175 329 1226 356 hac
1247 329 1332 362 bono,
1345 333 1373 356 ct
1388 336 1460 359 meo,
1476 332 1502 354 et
1526 327 1646 362 publico.
1661 326 1714 354 frui

923 376 1027 403 liceret.
1045 375 1098 403 Sed
1113 375 1147 402 de
1161 375 1221 410 ejus
1241 383 1306 410 erga
1326 383 1370 402 me
1381 374 1432 401 viri
1456 373 1576 405 meritis,
1594 373 1714 405 dabitur,

923 430 1014 457 spero,
1028 421 1200 449 commodius
1217 422 1331 456 posthac
1349 420 1477 455 loquendi
1496 424 1612 454 tempus.
1637 418 1715 446 Nunc

923 468 981 495 hate
996 467 1129 502 attingere
1151 467 1218 494 satis
1230 467 1321 502 putavi
1331 488 1338 499 ,
1355 472 1396 499 ut,
1413 467 1478 494 licet
1491 473 1535 492 me
1547 466 1647 492 debitis
1659 473 1714 492 ium

924 513 1228 546 absolvam,bencliciis
1255 518 1347 540 tamen
1375 520 1430 540 non
1455 512 1550 540 videar
1574 512 1712 546 indignus.

921 559 977 588 Nec
994 561 1074 588 video
1089 568 1139 588 cur
1152 560 1267 587 ulterius
1282 565 1308 587 te
1321 560 1457 587 detineam
1467 580 1474 592 ,
1489 559 1583 586 lector.
1611 558 1714 585 Occur-

922 611 987 634 runt
1009 607 1102 634 animo
1117 611 1144 633 et
1170 606 1233 638 alia,
1248 614 1298 633 nec
1325 606 1359 633 ab
1390 605 1515 633 instituto
1539 605 1626 632 aliena
1645 614 1651 631 :
1667 605 1713 631 sed

922 652 984 679 aliis
1006 652 1040 679 iis
1063 652 1172 679 dabitur
1197 652 1406 679 convenieiitior
1428 651 1514 678 locus.
1538 651 1602 678 Vale
1621 651 1712 685 igitur,

922 699 1055 734 pluraque
1069 699 1096 726 in
1113 699 1172 727 dies
1186 707 1200 726 a
1213 706 1257 726 me
1270 703 1407 733 exspecta.

595 890 650 947 J.
698 889 763 945 B.
812 886 1197 944 COTELERII

321 1009 626 1058 JUDICIUM
668 1008 742 1052 DE
780 1004 1093 1051 EPISTOLIS
1128 1005 1175 1050 S.
1217 1003 1476 1050 IGNATII.

533 1117 632 1153 (Patres
643 1113 778 1149 apostolici,
795 1113 837 1138 ed.
850 1112 988 1137 Amstelud.
1002 1111 1075 1143 172$,
1090 1114 1107 1136 t.
1123 1113 1154 1143 ll,
1164 1120 1190 1144 p.
1202 1113 1239 1145 9.)

98 1209 157 1237 Nisi
172 1208 258 1236 ofﬁcii
269 1208 330 1235 mei
347 1207 420 1235 ratio
435 1197 574 1242 ﬂagitaret.
583 1207 619 1231 -ιιι
633 1203 660 1230 in
674 1206 802 1234 campum
824 1197 871 1224 de—
888 1198 909 1227 B
924 1197 970 1231 qui
999 1196 1146 1225 Eusebium
1173 1199 1372 1235 transcribunt)
1399 1208 1460 1235 quae
1477 1200 1512 1228 ab
1525 1201 1586 1228 aliis
1610 1209 1716 1230 memo-

68 1256 248 1288 scenderem,
274 1254 404 1281 luiturus
424 1252 467 1280 vel
482 1252 691 1286 impugnatnrus
715 1245 872 1281 lgnatianas

66 1302 204 1338 Epistolas
215 1323 223 1335 ,
238 1302 361 1329 libenter
375 1299 544 1327 abstinerem
567 1303 612 1323 me
630 1294 729 1322 celebri
746 1290 873 1338 belloAlit-

73 1336 185 1381 lcrario,
201 1347 281 1383 quod
299 1347 387 1374 sciam
401 1345 576 1380 proﬂigatum
589 1341 686 1373 fuisse,
698 1339 762 1366 dein
783 1336 872 1364 redin'

80 1399 221 1429 Icgratum,
240 1398 269 1420 et
286 1393 321 1420 ad
337 1391 412 1427 quod
429 1388 629 1418 conﬁciendum
643 1385 733 1413 adhuc
747 1383 873 1416 accinge~

81 1448 104 1467 re
126 1448 156 1468 se
174 1439 262 1466 armis
287 1437 398 1465 audiam
415 1436 486 1464 duos
508 1433 591 1461 fortes
616 1431 772 1460 bellatores,
784 1434 870 1454 unum

81 1486 120 1512 hic
138 1485 167 1511 in
188 1483 290 1516 Gallia,
304 1483 421 1509 alterum
444 1481 472 1508 in
494 1478 560 1507 orbe
573 1477 704 1505 Britanno
717 1495 725 1509 ,
739 1474 871 1501 adversus

81 1537 213 1565 nuperum
240 1530 361 1560 hostem,
373 1531 535 1554 veteranum
558 1524 672 1552 militem
683 1543 690 1554 ,
707 1527 870 1557 pugnacem,

80 1577 163 1604 doctis
182 1575 351 1609 disertisque
373 1572 455 1601 dictis
482 1575 633 1599 certantem
653 1573 681 1596 et
706 1566 870 1597 maledictis,

81 1623 196 1656 peritum
222 1621 258 1648 ad
284 1621 342 1647 haec
369 1618 519 1653 cauponari
536 1617 636 1644 bellum
652 1619 679 1642 et
700 1613 870 1648 belligerare,

80 1669 121 1704 qui
139 1670 194 1696 hoc
209 1671 406 1702 stratagemale
420 1664 554 1692 utendum
576 1662 690 1698 putavit,
707 1665 747 1693 ut,
757 1659 822 1694 quia
842 1658 870 1685 in

80 1723 174 1743 verum
196 1713 334 1749 lgnatium
360 1711 470 1739 abunde
493 1717 548 1737 non
576 1707 756 1744 suppetebant
766 1705 870 1740 jacula,

80 1760 178 1788 falsum
203 1759 301 1795 praelio
316 1757 477 1789 involvercl,
493 1762 548 1790 quo
569 1753 705 1781 imbellem
725 1751 870 1782 vincendo,

80 1807 208 1834 invictum
226 1806 310 1832 etiam
333 1804 432 1831 vicisse
454 1802 603 1829 videretur.
630 1799 683 1827 Sed
700 1799 756 1834 jam
782 1803 873 1833 pugna

75 1853 165 1880 danda
174 1851 304 1880 cstJiem
314 1850 409 1886 paucis
416 1849 520 1881 verbis,
529 1855 583 1875 una
591 1845 799 1875 ratiocinatione
808 1851 874 1872 con—

923 1242 978 1268 rari
1001 1248 1148 1277 poterant,
1177 1249 1205 1271 et
1230 1252 1296 1272 vero
1322 1246 1379 1279 pari
1420 1246 1527 1273 ratione
1555 1247 1715 1274 (ll-hebant?

922 1288 997 1315 Eane
1011 1289 1104 1316 omnia
1121 1291 1296 1324 supposititia
1309 1291 1424 1319 dicent?
1439 1291 1616 1327 Nequaquam
1636 1299 1714 1329 puto.

921 1333 1053 1367 Quaenam
1069 1343 1135 1363 vero
1157 1341 1221 1363 sunt
1237 1345 1297 1371 quae
1311 1343 1453 1372 opponunt
1477 1339 1545 1366 locis
1560 1339 1713 1375 Polycarpi,

921 1379 1015 1406 lrenmi
1029 1384 1056 1407 et
1067 1379 1213 1415 Origcnis?
1225 1381 1295 1410 Ecce
1308 1383 1369 1410 illa:
1381 1383 1546 1418 Nicephorus
1559 1387 1715 1419 patriarcha

921 1425 976 1453 GP.
992 1426 1020 1452 in
1036 1426 1128 1453 Indice
1145 1428 1355 1462 aporryplaorum
1375 1428 1443 1456 Novi
1461 1429 1631 1463 Testamenti,
1646 1433 1716 1458 scri-

921 1475 967 1505 pta
988 1470 1089 1506 lgnatii
1103 1477 1127 1498 et
1144 1471 1286 1507 Polycawi
1301 1474 1451 1508 apocrypha
1461 1474 1579 1508 judicat.
1595 1476 1715 1503 Anasta-

921 1517 977 1543 sius
988 1516 1215 1544 Bibliotlmcarius
1230 1519 1321 1544 eadem
1334 1518 1410 1545 habet
1426 1519 1453 1545 in
1466 1518 1559 1546 Indice
1573 1528 1648 1554 quem
1665 1520 1716 1547 Hi-

921 1564 1012 1590 storia:
1037 1571 1093 1591 sua:
1111 1563 1306 1591 Ecclesiasticw
1331 1564 1457 1599 pne/imit,
1474 1572 1534 1599 qmz
1550 1566 1603 1592 nisi
1620 1567 1714 1593 eadem

921 1618 982 1636 cum
998 1609 1148 1644 Nicephoro
1163 1611 1195 1637 de
1210 1610 1250 1637 his
1264 1610 1382 1645 epistolis
1397 1611 1532 1644 sensisset,
1547 1620 1598 1638 non
1613 1612 1715 1639 ridetur

922 1656 1004 1691 [uisse
1031 1656 1086 1683 sine
1112 1657 1202 1691 aliqua
1226 1665 1338 1683 censura
1360 1657 1400 1684 vel
1426 1657 1658 1684 animadversione
1675 1659 1716 1685 di-

922 1703 1062 1729 missurus.
1079 1701 1178 1729 Verum
1193 1707 1290 1730 auctor
1302 1703 1385 1738 hujus
1403 1703 1528 1731 lntcrculi
1543 1711 1599 1731 non
1617 1712 1714 1731 aman-

923 1749 970 1776 dat
993 1749 1025 1776 ad
1047 1750 1201 1785 apocrypha
1225 1750 1356 1785 epistolas
1386 1749 1483 1785 lgnatii
1506 1755 1533 1778 et
1557 1750 1715 1786 Polycarpi,

924 1795 1053 1822 amandat
1067 1795 1162 1830 lgnatii
1177 1800 1203 1822 et
1213 1795 1355 1831 Polycarpi
1378 1796 1515 1823 nonnihil.
1530 1796 1597 1824 Illud
1624 1802 1715 1824 autem

925 1841 1052 1868 nonnihil
1077 1849 1127 1868 cur
1155 1849 1209 1868 non
1236 1842 1328 1876 potius
1349 1849 1518 1876 exponemus
1540 1842 1574 1869 de
1592 1843 1717 1869 doctrina

75 1900 167 1928 clude.
179 1881 461 1932 Sanctum-lgnatium
471 1894 600 1930 epistolas
613 1892 757 1927 scripsisse
770 1891 873 1918 diserte
885 1881 907 1909 c
924 1887 1021 1923 Ignatii
1041 1892 1068 1915 et
1088 1887 1122 1915 de
1140 1887 1265 1915 doctrina
1286 1887 1447 1923 Polycarpi,
1469 1887 1546 1915 libris
1569 1888 1716 1923 pseudepi-

75 1950 193 1973 testatur
207 1944 270 1979 ejus
285 1942 431 1970 familiaris
446 1941 543 1968 beatus
560 1939 726 1975 Polycarpus
741 1945 746 1961 :
761 1937 811 1964 has
826 1943 873 1963 ve-

75 1999 107 2018 ro
121 1998 193 2026 quas
204 1997 256 2024 per
274 1988 364 2015 virum
379 1986 565 2015 clarissimum
580 1984 705 2012 lsaacum
717 1982 845 2010 Vossium
857 1989 874 2009 c

75 2037 171 2064 codice
184 2034 349 2062 Florentino
370 2033 492 2068 primum
512 2031 599 2059 editas
621 2030 748 2065 legimus,
762 2028 872 2056 easdem

75 2091 136 2110 esse
146 2089 234 2117 puras
260 2085 343 2116 putas
365 2078 463 2114 lgnatii
478 2077 626 2105 ostendunt
649 2076 733 2104 relata
748 2076 774 2102 in
796 2074 873 2101 testi—

75 2129 178 2156 moniis
202 2131 330 2155 veterum
362 2125 423 2153 loca
446 2122 722 2158 lrenazi,'0rigenis,
751 2120 871 2153 Eusebii,

76 2174 234 2206 Athanasii,
250 2171 424 2208 Hieronymi,
440 2169 621 2201 Theodoreti,
638 2173 872 2202 caeterorumque:

75 2227 140 2247 nam
170 2218 349 2253 reperiuntur
375 2217 404 2244 in
431 2216 478 2244 illa
503 2215 630 2244 editione.
646 2214 719 2247 Quid.
749 2212 874 2241 clarius?

77 2265 140 2300 quid
157 2265 262 2294 certius
272 2264 285 2291 2

109 2311 215 2340 Contra
230 2312 291 2338 lucc
313 2315 341 2338 et
358 2314 454 2338 contra
469 2313 594 2336 nostrum
618 2307 753 2343 lgnatium
776 2313 874 2340 excep—

77 2359 165 2386 tiones
182 2356 408 2386 adversariorum
420 2355 515 2382 multaa
536 2358 613 2386 sunt,
627 2353 719 2380 multa:
739 2352 872 2386 objectio-

78 2412 136 2436 nes,
151 2402 298 2438 generales
309 2401 382 2434 alie,
402 2400 463 2427 aliae
484 2399 674 2435 particulares.
692 2397 740 2425 llis
753 2396 788 2424 ad
813 2397 873 2423 loca

77 2450 196 2486 singula,
222 2456 287 2476 cum
312 2455 428 2476 necesse
452 2446 648 2482 judicabimus,
675 2451 871 2472 occurremus:

77 2497 184 2525 illarum
215 2494 370 2531 praecipuas
395 2492 595 2528 expendamus.
620 2492 650 2518 ιιι
675 2491 744 2518 duas
771 2490 873 2517 classes

923 1933 1053 1968 graphis?
1079 1932 1160 1961 Certe
1187 1933 1316 1967 Ἰγνατίου
1338 1934 1447 1969 διδαχὴν
1477 1938 1506 1960 ut
1530 1934 1717 1969 apocrypham

921 1979 1085 2006 rccensitam
1103 1980 1187 2007 habes
1206 1979 1251 2006 illo
1267 1987 1318 2007 ms.
1333 1979 1465 2012 indiculo,
1485 1988 1566 2014 quem
1579 1980 1717 2007 Anastasii

923 2023 1127 2057 Quaestionibus
1151 2025 1328 2060 subjunctum
1353 2025 1419 2052 citat
1437 2025 1615 2053 doctissimus
1640 2024 1718 2052 Ussc-

924 2072 992 2104 rius,
1006 2071 1038 2098 de
1054 2071 1150 2106 lgnatii
1171 2072 1305 2106 epistolis,
1328 2079 1390 2106 cap.
1413 2072 1439 2105 l,
1458 2077 1484 2099 et
1499 2072 1631 2106 Ἱγνατίου
1648 2071 1718 2097 διδα-

928 2119 1041 2146 σκαλίαν
1059 2127 1121 2146 cum
1144 2118 1324 2154 Πολυκάρπου
1341 2118 1515 2155 διδασκαλίᾳ,
1534 2119 1653 2146 indiculo
1668 2119 1701 2145 iis
1712 2134 1718 2139 ~

923 2166 984 2193 dem
1007 2165 1211 2198 Quzestionibus
1238 2164 1388 2199 adjuncto,
1415 2165 1586 2192 bibliothccze
1622 2165 1715 2200 Regia:

923 2211 1062 2239 volumine
1081 2210 1162 2242 1789,
1175 2211 1221 2245 qui
1238 2218 1252 2237 a
1265 2217 1308 2237 me
1322 2218 1404 2245 supra
1420 2211 1525 2245 positus
1537 2210 1588 2238 fuit
1602 2210 1629 2237 in
1648 2212 1718 2238 meis

924 2258 1007 2285 notis.
1027 2257 1125 2293 lgnatii
1138 2265 1202 2284 vero
1225 2256 1424 2292 Polycarpiquc
1440 2257 1571 2291 epistolas
1602 2257 1630 2284 in
1651 2265 1717 2292 apo-

924 2304 1025 2340 crypha
1043 2304 1143 2331 relatas
1157 2303 1253 2331 nullibi
1281 2303 1416 2331 videmus.
1441 2302 1477 2330 Ut
1489 2303 1611 2330 omittam
1626 2302 1716 2330 Litur—

924 2350 996 2384 giam
1021 2349 1128 2384 lgnatii,
1152 2349 1186 2376 de
1217 2356 1273 2384 qua
1297 2348 1393 2375 eodem
1423 2348 1484 2375 loco
1514 2347 1662 2381 Usserius,
1685 2356 1717 2377 ac

924 2394 1048 2429 ejusdem
1082 2394 1211 2430 martyris
1245 2394 1349 2429 aliquid
1369 2394 1403 2421 de
1425 2401 1455 2421 re
1481 2393 1581 2420 ﬁdciet
1604 2394 1718 2420 canoni-

923 2441 994 2472 bus.
1011 2441 1039 2468 in
1064 2441 1188 2476 catalogo
1213 2440 1365 2475 Hebcdjcsu
1381 2461 1390 2474 ,
1419 2448 1498 2467 num.
1529 2440 1562 2467 18
1577 2460 1584 2471 ,
1610 2440 1712 2467 videtut

923 2487 996 2514 enim
1022 2487 1160 2514 diversum
1185 2495 1246 2514 esse
1272 2487 1306 2513 ab
1330 2487 1452 2522 epistolis
1479 2486 1634 2513 Chaldaicis
1660 2486 1718 2513 sive

77 2541 204 2569 distribui
219 2543 340 2575 possunt
356 2548 362 2566 :
378 2543 427 2565 aut
449 2537 521 2564 enim
540 2541 670 2572 petuntur
692 2543 725 2563 ex
745 2536 872 2570 antiquo-
887 2554 912 2582 Β
926 2531 1048 2568 Syriacis
1063 2533 1148 2566 illius,
1163 2533 1197 2560 ab
1214 2532 1326 2560 Usserio
1349 2533 1376 2559 in
1392 2540 1452 2567 cap.
1467 2532 1483 2559 4
1503 2531 1671 2558 memoratis.
1685 2531 1718 2558 Et

77 2596 137 2615 tum
154 2587 278 2620 silentio,
294 2590 369 2612 aute
383 2584 454 2620 stylo
467 2583 657 2617 cpistolarum.
668 2582 752 2610 Aiunt
763 2582 871 2617 itaque:

77 2633 147 2668 Quot
163 2642 178 2661 e
189 2632 290 2668 primis
307 2631 440 2658 Patribus
455 2630 623 2656 mentionem
646 2628 735 2656 facere
748 2632 875 2663 poterant

76 2687 107 2706 ac
121 2680 258 2707 debebant
283 2677 494 2714 lgnatianarum
521 2675 697 2710 epistularum
708 2696 716 2708 ,
736 2682 786 2702 nec
801 2674 874 2702 fece-

76 2730 138 2753 runt
163 2731 227 2752 ante
249 2724 404 2752 Eusebium
415 2724 427 2749 ‘!
442 2721 586 2757 Polycarpi
604 2721 751 2756 siquidem,
767 2720 873 2753 lrenmi,

77 2772 199 2808 Origcms
221 2771 385 2800 testimonia
407 2773 538 2804 suspecta
569 2768 704 2795 habentur
718 2789 725 2801 ,
739 2768 781 2795 vel
806 2767 874 2794 nihil

77 2819 200 2854 probant.
230 2817 393 2851 Retorqueo
421 2822 473 2849 ego
501 2814 534 2841 ad
558 2814 631 2841 hunc
654 2814 766 2841 modum
784 2813 875 2846 :Quot

75 2864 328 2892 ccclesiasticorum
345 2868 463 2896 operum
482 2859 587 2894 primus
603 2867 635 2886 ac
649 2867 719 2894 saepe
730 2867 802 2887 unus
817 2868 874 2886 mc-

76 2911 152 2939 uiinit
175 2911 313 2940 Eusebius
331 2910 436 2944 (neque
455 2906 530 2948 enim
549 2906 576 2933 in
594 2913 738 2935 numerum
762 2906 877 2934 veniunt

924 2587 991 2608 vero
1003 2578 1161 2615 (occasione
1175 2587 1236 2607 sese
1251 2579 1382 2606 ollerente
1391 2578 1510 2606 monebo
1524 2578 1562 2613 id)
1579 2577 1716 2612 objectum

925 2626 1042 2654 indicem
1072 2633 1120 2653 seu
1146 2633 1280 2653 canonem
1304 2625 1522 2660 Scripturarum,
1537 2624 1570 2651 ad
1593 2628 1716 2658 tempora

925 2671 1377 2706 NicephoriConstantinopolitani
1403 2675 1430 2698 et
1452 2669 1591 2698 Anastasii
1616 2669 1718 2697 Biblio-

927 2718 1041 2746 thecarii
1056 2725 1229 2752 nequaquam
1247 2716 1481 2751 pertincchacile
1496 2722 1604 2742 mecum
1619 2714 1718 2741 intelli-

927 2771 980 2801 get,
994 2765 1040 2800 qui
1067 2764 1278 2791 consideraverit
1298 2770 1372 2790 nono
1394 2770 1456 2790 serae
1483 2761 1648 2790 Christianae
1669 2768 1720 2788 sa:-

929 2812 992 2840 culo
1008 2810 1145 2839 Ecclesias
1158 2810 1279 2837 Graecam
1292 2812 1318 2835 el
1331 2808 1484 2836 Romanam
1502 2815 1557 2835 non
1579 2806 1720 2834 dubitasse

929 2857 963 2885 dc
975 2861 1014 2884 tot
1038 2863 1123 2883 sacrae
1151 2855 1299 2889 Scriptura:
1324 2854 1412 2885 libris,
1428 2857 1496 2888 quot
1520 2853 1547 2880 in
1560 2852 1674 2880 dubium
1688 2859 1720 2878 eo

930 2906 958 2933 in
976 2904 1108 2932 laterculo
1134 2907 1309 2930 revocantur.
1327 2901 1417 2934 Quare
1433 2899 1474 2927 vel
1491 2898 1645 2934 Nicephoro
1669 2905 1719 2932 pa—
