1874 3070
729 173 757 200 S.
777 172 951 200 IGNATIUS.
970 187 1005 192 —

185 233 311 261 triarcbaa
325 239 413 260 canon
427 231 612 267 abjudicetur,
622 230 664 257 vel
676 230 780 257 dieatur
791 230 825 256 ab
840 237 873 257 eo
887 229 974 264 magis
989 232 1012 260 Α

185 279 317 306 collectus
331 286 413 313 quam
433 277 619 312 compositus;
636 284 683 311 per
711 275 885 302 Anastasium
911 282 975 301 vero

185 332 335 352 conversus
348 329 453 350 tantum
465 325 742 358 putetur,nonautem
754 321 836 348 etiam
843 320 973 347 creditus.

184 370 274 404 Atque
293 369 358 396 hinc
370 368 509 395 evanescit
521 368 547 394 in
561 374 643 394 auras
658 366 788 401 quidquid
799 373 897 400 magna
913 373 975 392 vcr-

184 415 282 442 borum
295 422 405 449 pompa,
418 414 453 441 ob
465 413 648 447 Nicephorum
661 417 687 439 et
697 412 874 438 Anastasium
886 419 900 438 a
916 411 976 437 viro

184 461 266 487 docto
282 460 360 487 toties
373 459 504 494 iactatur.
519 458 555 485 Ut
566 465 677 485 necesse
688 465 742 484 non
751 457 786 484 sit
799 457 973 491 respondere,

185 514 248 541 quat
272 511 362 533 tamen
378 514 432 533 non
444 505 660 540 improbabiliter
679 504 819 531 dicentur:
831 508 878 530 aut
893 503 974 539 Poly—

185 561 299 588 carpum
327 561 389 580 eum
416 552 519 587 lgnatio
535 551 620 578 fuisse
632 551 827 586 proscriptum,
844 550 879 577 ob
892 550 976 585 syllo-

184 606 235 634 gen
252 599 372 633 epistola:
385 598 585 634 Polycarpianaa
596 601 624 624 ct
633 597 809 632 epistolarum
823 596 976 632 lgnatiana-

183 652 244 671 rum
261 649 314 671 tam
338 645 562 679 interpolatarum
582 651 664 678 quam
690 643 833 675 falsarum,
849 648 895 670 aut
922 644 976 677 epi-

185 690 284 716 stolam
297 689 438 724 Polycarpi
453 694 479 716 et
490 688 619 723 epistolas
631 688 727 723 lgnalii
740 688 976 724 apocryphasesse

184 736 343 771 appellatas,
356 736 441 771 quod,
467 735 531 763 licet
557 735 687 767 innoxiae,
705 743 756 762 nec
780 735 975 770 pseudepigra-

184 782 255 816 phae,
268 786 345 809 extra
360 789 492 809 canoncm
513 782 635 809 omnium
657 781 837 808 ecclesiarum
854 780 976 815 legeren-

184 833 238 855 tur.
249 828 318 861 Quid
330 828 414 860 cnim,
428 835 536 862 quaeso,
552 827 637 860 noxii,
653 827 719 862 quid
744 826 897 861 apostolico
916 825 975 852 viro

184 873 286 909 indigni
308 873 429 900 continet
441 873 644 909 .Polycarpiana
663 873 729 900 illa?
750 873 869 907 Pergunt
880 872 976 899 adver-

184 927 232 947 sus
241 920 384 954 epistolam
397 918 553 954 Polycarpi,
566 924 593 946 et
607 918 809 945 atl‘trmanteam
825 917 972 953 pugnantia

183 966 279 1000 loqui,
305 965 439 1000 lgnatium
464 966 600 992 viventem
617 985 624 997 ,
649 959 783 1000 lgnatium
814 969 971 991 mortuum:

186 1018 283 1045 nempe
294 1010 370 1045 prius
383 1018 429 1045 per
445 1010 503 1038 haac
516 1010 598 1037 verba
609 1017 633 1037 e.
648 1010 697 1036 15:
707 1019 717 1035 ι
730 1009 764 1036 Ει
776 1009 809 1036 de
825 1010 884 1044 ipso
899 1008 974 1044 lgna-

183 1057 233 1088 tio,
246 1061 271 1083 et
284 1057 317 1084 de
333 1056 376 1083 his
391 1056 513 1090 quicum
529 1063 562 1083 eo
578 1060 659 1088 sunt,
675 1055 748 1090 quod
765 1055 866 1083 certius
890 1062 973 1089 agno-

183 1102 277 1129 veritis
289 1102 467 1137 signiﬁcate»
484 1101 624 1129 Posterius
642 1109 689 1137 per
708 1109 739 1129 ea
755 1109 817 1136 qua:
837 1101 974 1128 habentur

183 1148 270 1183 capite
287 1148 314 1181 9,
334 1148 367 1176 de
394 1147 499 1183 lgnatio
523 1148 641 1182 aliisque
665 1148 851 1182 martyribus,
867 1154 972 1174 necnon

183 1194 325 1229 apostolis,
344 1194 417 1229 quod
428 1194 520 1222 cuncti
536 1198 599 1228 post
611 1201 712 1228 agones
722 1201 790 1221 suos
801 1193 827 1219 in
846 1193 905 1220 loco
920 1192 972 1219 sibi

183 1240 275 1267 debito
290 1240 344 1267 sint
360 1240 431 1274 apud
451 1239 546 1267 Deum.
565 1239 633 1266 Mira
645 1240 768 1274 profecto
783 1238 934 1272 ἀντιλογία,
949 1239 971 1266 si

184 1284 296 1312 veritate
314 1284 446 1312 niteretur
465 1293 472 1310 ε
495 1289 524 1311 at
552 1292 583 1312 ea
609 1284 690 1319 plane
710 1283 877 1311 destituitur.
903 1282 971 1310 Nam

183 1335 313 1366 portatur,
327 1330 559 1365 quemadmodum
579 1330 722 1360 sentimus.
735 1329 878 1364 scripsisse
893 1329 972 1364 Poly-

183 1383 296 1410 carpum
327 1380 392 1402 tunc
413 1375 554 1410 temporis,
572 1382 634 1402 cum
666 1374 787 1409 lgnatius
811 1374 971 1409 martyrium

183 1422 302 1450 subiisse
318 1421 491 1455 credebatur,
510 1422 607 1449 incerti
625 1426 714 1448 tamen
732 1422 774 1455 (ut
795 1420 852 1448 fere
871 1420 911 1456 fit)
926 1429 972 1447 ru-

183 1475 274 1495 mores
288 1467 446 1495 ferebantur
460 1468 494 1495 de
509 1468 542 1495 iis
557 1475 618 1503 quae
643 1467 670 1494 in
688 1473 776 1495 morte
791 1468 865 1495 illius
881 1467 972 1495 conti-

182 1519 286 1549 gerant.
306 1513 363 1542 lloc
374 1514 474 1549 posito,
489 1522 581 1542 nonne
596 1514 775 1541 conveniebat
799 1518 829 1540 ut
845 1513 972 1549 Polycar-

181 1568 233 1595 pus
254 1561 355 1589 diceret
378 1560 511 1594 lgnatium
529 1559 600 1595 apud
617 1559 702 1586 Deum
724 1560 813 1586 locum
825 1566 905 1586 suum
923 1559 971 1586 ob-

183 1608 269 1634 tinere
279 1627 287 1640 ,
300 1607 437 1642 simulque
452 1609 555 1641 peteret.
570 1606 678 1633 edoceri
696 1604 761 1641 περὶ
780 1604 909 1639 Ἱγνατίου
926 1605 971 1630 καὶ

181 1654 246 1690 περὶ
270 1653 325 1680 τῶν
351 1653 416 1688 περὶ
444 1652 544 1683 αὐτόν,
573 1651 597 1678 si
626 1651 692 1686 quid
718 1650 906 1685 Philippenses
928 1658 973 1677 ex-

180 1698 280 1760 plplrati
307 1697 502 1732 accepissent?
529 1696 646 1723 Dubium
687 1695 793 1723 nullum
834 1699 892 1727 est,
918 1695 972 1722 nisi

193 1742 207 1760 a
230 1742 270 1760 0r.

193 1742 270 1760 ullOI'.

217 1779 239 1804 Α
254 1777 405 1813 Polycarpo
416 1777 449 1804 ad
465 1777 597 1804 Irenaeum
612 1785 619 1803 :
635 1785 644 1801 ί
661 1775 897 1809 Quemadmodum
910 1775 972 1810 qui-

182 1824 245 1851 dam
259 1823 293 1850 de
306 1824 407 1850 nostris
423 1823 512 1856 dixit,
530 1827 640 1857 propter
664 1822 824 1857 martyrium
841 1822 868 1849 in
885 1821 970 1849 Deum

181 1869 356 1904 adiudicatus
373 1869 407 1896 ad
423 1868 526 1896 bestias
539 1878 546 1896 :
561 1868 691 1902 quoniam
719 1867 885 1894 frumentum
909 1875 970 1895 sum

180 1915 294 1947 Christi,
315 1924 324 1940 ι
346 1920 398 1942 etc.
428 1914 522 1946 Dixit,
548 1919 706 1949 exponunt,
719 1913 823 1940 locutus
844 1918 882 1940 est
897 1934 904 1946 ,
917 1921 970 1940 non

180 1961 298 1996 scripsit.
312 1960 368 1996 Ego
384 1968 460 1992 vero,
478 1968 539 1988 cnm
558 1960 671 1987 verbum
689 1960 756 1986 dixit
769 1959 802 1986 ad
817 1966 971 1986 sermonem

179 2013 207 2034 ut
222 2007 256 2034 ad
274 2007 438 2042 scripturam
458 2006 569 2040 perinde
593 2005 745 2038 referatur,
763 2013 882 2040 cumque
905 2012 972 2032 con-

179 2058 233 2081 stet
247 2062 280 2081 ex
290 2053 366 2081 Actis
379 2058 406 2080 et
419 2052 480 2080 Vita
491 2053 600 2088 Ignatii,
614 2056 696 2086 atque
717 2059 750 2078 ex
767 2050 932 2086 Hieronymo
944 2055 972 2078 et

179 2100 288 2132 Adone,
306 2107 338 2126 ea
368 2100 448 2126 verba
473 2107 489 2126 a
515 2098 666 2125 fortissimo
687 2102 805 2132 martyre
832 2097 861 2123 in
885 2103 971 2131 agone

181 2153 292 2181 quoque
308 2146 368 2180 ipso
384 2144 469 2172 fuisse
486 2144 661 2179 pronuntiata
672 2164 678 2175 ,
694 2151 743 2170 cur
757 2142 827 2177 apud
839 2141 969 2169 Irenaeum

182 2192 326 2227 epistolam
355 2191 447 2226 potius
471 2190 621 2225 intelligam
646 2196 727 2223 quam
755 2195 871 2221 vocem,
888 2195 970 2215 causa

182 2243 224 2266 est
246 2242 303 2265 tum
322 2237 472 2264 auctoritas
490 2235 611 2268 Eusebii,
631 2235 678 2269 qui
703 2235 740 2261 ita
765 2234 887 2269 accepit,
912 2238 970 2260 tum
987 2241 1008 2268 ο

181 2285 254 2321 quod
272 2284 392 2312 lrenazus
410 2291 463 2310 non
485 2283 626 2317 scripserit
643 2281 815 2317 θηριομαχῶν
827 2301 833 2313 ,
853 2289 911 2307 cum
924 2281 968 2307 be-

182 2331 242 2358 uiis
258 2339 388 2366 pugnam,
402 2334 449 2357 aut
461 2329 527 2364 quid
541 2329 640 2360 simile,
651 2328 698 2355 sed
712 2328 886 2362 κατακριθεὶς
900 2327 969 2364 πρὸς

183 2375 275 2411 θηρία,
293 2376 436 2402 damnatus
451 2378 485 2401 ad
503 2374 608 2401 bestias.
623 2373 754 2408 Origenes
768 2375 880 2409 prologo
891 2373 970 2402 Com-

184 2421 375 2447 mentariorum
396 2420 424 2446 in
446 2418 586 2446 Comitum
617 2419 779 2444 canticorum
794 2427 803 2445 :
821 2428 830 2444 ι
848 2417 970 2453 Denique

186 2465 296 2491 memini
309 2465 427 2500 aliquem
440 2469 600 2492 sanctorum
611 2463 723 2495 dixisse,
735 2464 869 2498 lgnatium
883 2463 972 2491 nomi-

187 2518 231 2544 ne,
246 2510 279 2538 de
292 2510 420 2538 Christo:
440 2510 512 2537 Meus
533 2515 621 2536 autem
645 2517 720 2536 amor
739 2509 881 2544 cruciﬁxus
894 2515 943 2538 est.
958 2519 969 2536 ι

184 177 219 203 53

992 903 1012 930 Β

1022 172 1252 200 PROLEGOMEN
1257 171 1288 198 Α.
1780 163 1817 190 56

1026 228 1182 264 Dionysius,
1200 228 1238 255 De
1253 228 1350 255 dit-ini;
1362 228 1525 260 nominibus,
1542 235 1567 255 c.
1586 227 1614 259 4,
1627 235 1656 254 n.
1675 227 1709 254 12
1723 237 1729 254 :
1747 227 1821 262 Γρά-

1027 283 1071 309 φει
1088 274 1116 300 δὲ
1133 274 1181 301 καὶ
1203 275 1217 300 ό
1242 274 1313 306 θεῖος
1336 273 1477 308 Ἰγνάτιος
1502 275 1530 301 Ὁ
1547 273 1612 309 ἐμὸς
1628 273 1699 309 ἔρως
1718 273 1823 300 ἐσταύ-

1027 329 1120 354 ρωται.
1138 319 1247 355 Origeni
1263 321 1349 346 εἰπεῖν
1364 324 1416 352 est,
1431 320 1504 354 quod
1527 319 1661 355 Dionysio
1686 319 1822 354 γράφειν.

1027 366 1091 400 Sed,
1108 367 1246 402 inquiunt,
1261 367 1450 394 commentarii
1467 366 1506 393 illi
1529 374 1583 393 non
1600 370 1666 393 sunt
1677 365 1822 401 Origenis.

1026 411 1047 438 E
1068 413 1201 439 memoria
1231 413 1340 440 illorum
1370 412 1512 440 efﬂuxerat
1537 412 1615 439 citari
1633 419 1683 439 eos
1711 411 1739 438 in
1766 412 1825 438 fine

1025 457 1193 486 Pliilocaliaz.
1209 458 1248 486 Tu
1264 466 1340 490 vero,
1356 466 1390 486 ne
1416 464 1524 493 tempus
1547 463 1634 485 teram
1660 458 1687 485 in
1711 458 1824 493 agenda

1026 513 1055 532 re
1067 512 1136 537 acta,
1152 506 1213 533 vide
1234 513 1295 540 quae
1311 513 1326 532 a
1349 505 1509 532 doctissimo
1523 505 1735 540 clarissimeque
1759 505 1825 531 viro

1026 550 1105 578 Petro
1123 550 1236 578 Daniele
1261 550 1359 578 Huetio
1382 551 1468 579 solide
1491 551 1525 578 de
1555 551 1606 578 hac
1629 551 1825 578 controversia

1026 597 1163 632 disputata
1181 602 1245 625 sunt
1262 597 1490 633 Origenianorum
1506 598 1553 625 lib.
1571 606 1613 631 in,
1626 607 1654 633 p.
1669 598 1731 625 eis.
1747 598 1826 633 Lege

1026 644 1128 677 pariter
1144 651 1205 678 qua:
1228 644 1322 671 eodem
1346 644 1433 676 libro,
1455 651 1481 678 p.
1501 644 1567 676 252,
1580 644 1646 678 9.55,
1664 644 1826 671 afferuntur

1026 697 1076 723 pro
1098 690 1221 724 ejusdem
1243 689 1399 717 Adamantii
1425 689 1550 716 Homiliis
1574 690 1602 716 in
1619 689 1732 723 Lucam,
1748 698 1826 725 quas

1025 735 1108 762 etiam
1125 735 1189 770 quia
1205 735 1257 763 sibi
1273 735 1477 762 incommodant
1489 739 1581 770 aperta
1594 735 1727 762 citatione
1739 734 1825 770 lgna-

1027 781 1106 808 tiana’
1121 781 1257 815 Epistolze,
1273 782 1385 816 rejicere
1408 786 1544 809 conantur
1555 803 1562 814 ,
1576 782 1658 816 idque
1678 789 1727 816 per
1751 782 1824 808 levi-

1026 828 1086 855 cula
1102 832 1260 862 argumenta
1273 848 1281 860 ,
1297 828 1387 855 solutu
1405 828 1495 856 facilia
1514 828 1555 856 eis
1571 829 1618 863 qui
1635 828 1761 855 animum
1775 834 1823 855 at—

1026 873 1162 900 tenderint
1179 873 1276 908 partim
1289 873 1323 900 ad
1341 873 1537 909 Hieronymum
1550 874 1740 908 interpretem,
1756 881 1824 908 par-

1026 920 1073 946 tim
1092 920 1125 946 ad
1140 920 1267 954 juvenem
1284 927 1317 946 eo
1334 925 1456 954 tempore
1466 919 1621 954 Origenem.
1633 918 1733 946 Videto
1748 927 1823 954 quo-

1024 972 1077 999 que
1093 973 1143 992 nos
1164 965 1234 992 infra
1251 965 1277 992 in
1289 973 1314 992 c.
1334 966 1366 993 t9
1379 965 1428 1000 Ep.
1442 966 1477 993 ad
1497 965 1612 1000 Ephes.,
1626 965 1661 993 de
1673 965 1778 994 Basilio
1793 971 1825 993 et

1024 1008 1188 1046 Hieronymo
1206 1011 1256 1037 bas
1267 1011 1393 1039 bomilias
1405 1012 1567 1046 legentibus.

1060 1055 1197 1083 Hactenus
1211 1056 1245 1083 de
1263 1061 1396 1091 prietento
1407 1063 1529 1085 veterum
1545 1058 1665 1086 silentio.
1689 1057 1770 1086 Nunc
1785 1058 1823 1085 ad

1024 1101 1122 1136 stylum
1154 1101 1333 1135 epistolarum
1361 1102 1532 1130 accedamus.
1566 1102 1708 1137 lguatiana
1731 1103 1823 1130 oratio

1024 1146 1136 1172 diversae
1150 1153 1165 1172 a
1188 1150 1281 1173 nostra
1300 1147 1442 1174 sententia
1461 1147 1620 1175 auctoribus
1639 1148 1751 1175 videtur
1768 1150 1823 1175 mi-

1023 1198 1083 1217 rum
1101 1190 1341 1226 prodigiosumque
1359 1192 1386 1219 in
1399 1193 1510 1219 modum
1527 1200 1607 1226 nova,
1622 1193 1743 1228 poetica,
1762 1199 1823 1220 tur-

1023 1236 1084 1271 gida
1095 1257 1102 1268 ,
1118 1236 1225 1270 putida,
1244 1236 1340 1272 frigida
1352 1259 1360 1270 ,
1379 1238 1496 1265 obscura
1506 1259 1514 1271 ,
1528 1239 1608 1273 plena
1628 1239 1777 1266 cacozeliae
1793 1245 1823 1267 et

1024 1280 1188 1316 battologire,
1204 1283 1318 1310 omnino
1334 1283 1452 1310 absurda
1466 1289 1548 1318 atque
1565 1285 1694 1312 simulata
1705 1307 1713 1318 ,
1729 1286 1823 1313 nulla-

1023 1330 1101 1354 tenus
1132 1327 1291 1362 apostolica.
1309 1327 1401 1363 Longe
1434 1329 1512 1356 aliter
1531 1330 1655 1357 sentiunt
1679 1330 1745 1363 alii,
1772 1331 1822 1365 qui

1023 1373 1140 1408 plurima
1160 1374 1187 1400 in
1205 1373 1250 1400 illa
1274 1374 1445 1409 antiquitatis
1457 1382 1491 1402 ac
1506 1375 1690 1410 simplicitatis
1705 1381 1822 1411 aposto-

1023 1419 1083 1447 licae
1100 1420 1309 1455 certissimaque
1322 1420 1530 1455 deprehendunt
1543 1422 1668 1457 vestigia,
1683 1423 1754 1450 nihil
1773 1432 1823 1451 ve—

1023 1472 1054 1491 ro
1073 1464 1305 1492 inconsideratum
1316 1485 1323 1497 ,
1339 1465 1407 1492 nihil
1421 1466 1514 1493 [ictum
1528 1487 1535 1499 ,
1551 1470 1599 1493 aut
1615 1475 1669 1494 non
1682 1468 1822 1502 apostoli-

1022 1518 1096 1539 cum.
1113 1510 1302 1538 Concedamus
1324 1515 1416 1538 tamen
1433 1511 1527 1546 lgnatii
1545 1513 1694 1540 dictionem
1713 1514 1821 1549 aliquid

1023 1555 1124 1583 habere
1143 1556 1284 1589 novitatis,
1298 1556 1424 1589 tumoris,
1442 1557 1630 1585 obscuritatis.
1648 1557 1720 1591 Quid
1735 1563 1796 1586 tum
1807 1559 1822 1586 .?

1024 1600 1097 1628 Suus
1114 1601 1213 1636 cuique
1229 1602 1316 1637 stylus
1332 1607 1393 1635 est,
1411 1609 1462 1629 sua
1479 1603 1615 1630 scribendi
1635 1604 1720 1635 ratio.
1744 1603 1822 1631 Non-

1022 1655 1056 1674 ne
1068 1647 1092 1674 ‘si
1104 1647 1260 1682 hujusmodi
1274 1649 1478 1683 argutationu‘m
1491 1649 1617 1676 minutiis
1628 1650 1712 1677 datur
1726 1650 1819 1682 locus,

1023 1692 1210 1719 convellentur
1233 1692 1314 1720 facile
1334 1693 1463 1728 pleraque
1478 1694 1622 1721 vetustatis
1641 1694 1718 1722 haud
1735 1695 1822 1723 dubia

1022 1737 1219 1765 monumenta?
1229 1737 1367 1766 Nauseant
1382 1739 1461 1774 pauci
1477 1739 1510 1766 ad
1521 1740 1646 1774 quaedam
1661 1741 1820 1775 lgnatiana.

1023 1783 1069 1811 sed
1092 1783 1197 1810 caeteris
1216 1783 1314 1811 fortior
1340 1789 1382 1811 est
1407 1785 1575 1813 stomachus.
1604 1786 1679 1813 Sane
1707 1788 1819 1815 veniam

1022 1829 1178 1856 merebatur
1193 1829 1386 1858 sanctissimus
1403 1835 1517 1866 martyr,
1528 1831 1693 1866 quod,inter
1714 1834 1820 1861 milites

1023 1875 1168 1910 leopardos
1186 1875 1320 1909 scribens,
1337 1884 1475 1911 unamque
1489 1877 1598 1911 spirans
1618 1879 1747 1914 martyrii
1770 1887 1820 1906 co-

1022 1928 1129 1953 ronam,
1146 1921 1299 1955 nequiverit
1322 1922 1453 1956 epistolas
1468 1930 1533 1950 suas
1556 1923 1694 1958 perpetire
1719 1932 1753 1952 ac
1769 1933 1819 1952 va-

1022 1966 1103 1993 riare.
1116 1967 1204 2001 Atque
1215 1967 1273 1994 hinc
1291 1967 1526 2002 inprzesentiarum
1539 1969 1664 1997 sufﬁcere
1673 1975 1818 2005 poterunt,

1022 2011 1141 2039 breviter
1155 2012 1227 2040 dicta
1243 2020 1293 2047 pro
1307 2014 1414 2041 ratione
1428 2019 1566 2048 notarum,
1581 2015 1669 2042 donec
1680 2016 1821 2050 prodeant

1022 2058 1194 2085 eruditorum
1217 2059 1359 2087 hominum
1383 2068 1432 2095 pro
1449 2061 1554 2096 lgnatio
1572 2067 1742 2097 exspectata:
1763 2064 1821 2092 dis»

1022 2103 1195 2130 sertationes.
1215 2103 1322 2131 Paucos
1346 2105 1474 2132 existimo
1496 2105 1555 2133 fore
1579 2106 1627 2141 qui
1643 2106 1742 2139 trium,
1757 2108 1820 2136 licet

1021 2149 1113 2184 magni
1129 2149 1226 2177 merito
1251 2150 1372 2178 nominis
1387 2151 1559 2185 criticornm,
1573 2151 1720 2186 Salmasii,
1734 2154 1820 2182 Blon-

1021 2194 1096 2226 delli,
1119 2193 1221 2227 Dallzei,
1238 2202 1383 2222 censuram
1406 2195 1551 2230 prreferant
1570 2197 1675 2231 judicio
1691 2197 1818 2230 Eusebii,

1023 2239 1178 2273 Athanasii,
1193 2239 1362 2275 Hieronymi,
1379 2241 1556 2274 Theodoriti,
1576 2243 1720 2278 totiusque
1744 2246 1819 2272 anti-

1022 2286 1157 2321 quitatis,
1177 2292 1283 2312 necnon
1309 2286 1423 2320 hujusce
1450 2288 1582 2321 temporis
1611 2289 1817 2317 catholicorum

1019 2330 1208 2363 omnium,ac
1239 2331 1468 2359 bcterodoxorum
1495 2332 1691 2367 plurimorum.
1720 2335 1818 2362 Dicam

1019 2380 1111 2402 autem
1123 2376 1157 2402 de
1168 2383 1283 2403 numero
1300 2377 1475 2410 epistolarum
1498 2378 1525 2404 in
1547 2378 1619 2405 illam
1632 2379 1666 2406 ad
1685 2379 1818 2416 Polycar-

1020 2429 1085 2456 pum
1099 2430 1105 2453 ;
1122 2421 1156 2448 de
1168 2421 1291 2455 epistolis
1308 2429 1373 2449 vero
1389 2422 1560 2458 interpolatis
1574 2428 1601 2451 et
1611 2424 1646 2451 de
1660 2426 1818 2454 subdititiis

1021 2474 1071 2495 suo
1082 2467 1164 2494 etiam
1175 2466 1235 2494 loco
1248 2466 1406 2495 disseretur.
