1874 3070
193 177 227 206 59
724 167 751 193 S.
770 164 945 194 lCNATlUb.
960 180 994 185 —-
1015 162 1289 192 PROLEGOMENA:

1805 155 1820 178 .4
1827 156 1846 179 ί)

191 239 254 260 sum
282 235 312 258 et
343 227 473 257 Ecclesize
511 228 696 263 perniciosum
724 227 822 262 dogma
852 226 979 253 deducat.
995 224 1078 257 Ascd
1093 224 1262 258 iuventutem
1282 220 1402 257 episcopi
1416 219 1538 247 denotat.
1554 215 1716 244 Bloudellus
1743 214 1842 242 verba

228 275 257 303 Si
279 275 352 302 enim
371 275 567 302 concederetur
588 278 615 300 et
637 276 776 300 auctorem
801 271 923 306 epistola:
947 271 981 298 ad

193 321 349 358 Magnesios
374 322 551 356 impostorem
568 319 664 352 fuisse,
680 325 707 346 et
721 318 907 353 episcopatum
929 325 981 344 n0-

192 370 291 398 veliam
315 369 514 397 institutionem
529 375 659 399 vocasse,
678 366 752 394 nullo
771 365 852 393 modo
866 364 982 392 manife-

194 423 266 445 stum
288 421 361 443 esset
386 414 607 443 constitutionem
623 416 657 441 de
672 413 793 448 episcopi
819 412 982 439 auctoritate

194 468 256 498 post
275 470 376 490 annum
404 469 419 489 a
442 460 545 488 Christi
569 455 774 487 resurrectione
799 459 852 486 150
878 457 981 486 factam

195 510 288 536 fuisse.
310 508 378 535 Nam
391 508 490 542 primo,
504 507 529 535 si
548 507 682 541 impostor
696 509 778 538 esset,
794 512 853 532 .non
869 512 983 532 necesse

195 559 268 583 esset
281 560 310 582 ut
334 555 366 582 de
397 562 445 581 suo
473 558 586 588 tempore
617 553 791 588 loqueretur;
826 551 983 586 tingendum

195 601 269 628 enim
282 601 333 628 sibi
347 599 498 634 sumpsisse
512 599 644 626 dicendus
654 603 726 625 esset
738 602 858 625 veterem
875 602 902 623 et
916 604 983 631 apo-

197 647 323 675 stolicum
336 646 434 678 virum,
447 645 481 672 ab
495 644 627 680 apostolis
641 644 796 672 ordinatum
811 643 982 678 episcopum,

196 699 223 722 et
239 693 320 728 paulo
332 697 394 727 post
409 691 437 719 S.
453 691 568 718 Joannis
589 690 705 726 apostoli
727 690 831 718 obitum
854 689 985 724 martyrio

197 743 367 766 coronatum.
391 737 468 770 Quod
490 736 514 764 si
538 736 718 771 impostorem
741 736 812 763 bene
828 739 930 770 ageret,
951 734 985 761 ad

197 793 258 813 eam
275 789 380 812 atatem
397 784 489 811 omnia
506 782 608 810 referre
623 782 736 815 debuit;
754 788 781 809 et
795 782 829 808 ad
850 781 916 808 illud
933 788 984 808 stc-

198 831 290 858 culum
313 830 370 857 haec
392 829 451 864 ipsa
465 836 529 856 eum
546 835 601 855 non
626 828 764 860 retulisse,
779 827 888 862 probari
911 826 986 853 nullo

197 875 280 903 modo
308 878 407 909 potest.
433 873 507 900 Nliil
535 873 619 908 igitur
650 871 725 899 aliud
752 879 786 899 ex
811 871 912 906 duplici
940 870 986 897 illa

1032 269 1128 304 lgnatii
1156 266 1386 298 notavit.Latine
1409 273 1464 292 non
1491 263 1610 292 reddidit
1632 271 1640 290 :
1668 261 1838 289 Salmasius

1032 314 1155 342 omnium
1182 314 1287 348 primus
1307 311 1472 347 νεωτερικὴν
1493 309 1683 342 τάξιν,οοηιι·ιι
1708 307 1826 342 lgnatia

1032 368 1098 387 num
1126 359 1255 394 loquendi
1283 366 1398 391 morem,
1419 361 1517 384 contra
1539 354 1717 382 manifestum
1741 353 1841 380 totius

1033 411 1178 436 contextus
1192 414 1316 440 sensum,
1337 409 1433 434 contra
1458 406 1578 431 mentem
1594 400 1738 436 scriptoris
1766 399 1843 426 alibi

1033 454 1100 483 satis
1125 453 1299 488 explicatam,
1323 459 1418 479 novam
1439 449 1635 477 institutionem
1661 447 1704 474 vel
1730 453 1842 472 novum

1033 501 1152 528 ordinem
1165 500 1292 529 reddidit.
1306 498 1347 526 Ad
1361 498 1433 525 lianc
1441 495 1648 524 translationem
1657 492 1846 520 conﬁrman-

1033 547 1097 575 dam
1112 547 1202 574 locum
1217 544 1313 580 Ignatii
1327 544 1427 571 misere
1437 540 1567 573 detorsit;
1582 543 1610 566 et
1622 545 1685 566 eum
1701 542 1845 564 nostrum

1034 593 1200 621 locutionem
1217 591 1246 619 S.
1260 591 1337 618 Pauli
1352 589 1471 617 maxime
1481 591 1608 615 secutum
1621 592 1682 613 esse
1694 584 1844 614 novisset,

1035 640 1110 666 illum
1137 640 1219 666 etiam
1241 644 1384 673 perperam
1412 640 1439 662 et
1455 638 1550 662 eoaetc
1570 633 1764 666 interpretatus
1782 633 1845 656 est.

1037 684 1071 711 In
1105 683 1229 718 Epistula
1261 681 1352 713 Pauli,
1396 679 1504 714 inquit,
1533 677 1567 704 ad
1602 675 1773 703 Timotheum
1807 673 1847 706 ΙΙ,

1036 738 1096 764 cap.
1111 737 1141 762 it,
1157 729 1203 762 2‘2,
1213 727 1374 763 νεωτερικαὶ
1388 724 1531 760 ἐπιθυμίαι
1551 731 1601 750 ηοιι
1617 727 1677 749 sunt
1688 720 1839 756 juveniles

1036 776 1211 811 cupiditates,
1224 775 1269 801 sed
1285 781 1372 806 novae,
1387 773 1426 799 vel
1442 778 1577 799 novarum
1597 776 1701 800 rerum,
1719 772 1750 793 ut
1768 766 1847 792 alibi

1037 829 1083 848 nos
1108 820 1310 855 explicabimus.
1343 817 1449 845 Idcirco
1466 837 1473 850 ,
1497 821 1526 843 ut
1553 815 1607 842 hoc
1640 819 1846 848 argumentum

1037 874 1150 902 prorsus
1164 865 1334 900 explodatur,
1343 864 1443 899 primo,
1460 863 1544 890 lector
1559 860 1700 892 benevole,
1716 859 1747 885 δ.
1757 857 1847 884 Pauli

199 920 376 948 concessione
409 919 534 954 sequitur
591 925 675 953 quam
708 917 781 952 quod
801 924 835 944 ex
858 917 989 951 imposto-
1004 907 1025 934 Β
1039 913 1128 946 locus,
1147 915 1359 947 quemsecutum
1377 910 1422 937 hic
1436 914 1466 936 ut
1481 909 1546 936 alibi
1562 912 1687 934 nostrum
1700 913 1765 932 esse
1783 911 1848 930 non

199 967 237 995 ris
253 966 387 994 sententia
405 965 589 1000 episcopatus,
603 969 634 991 ut
658 963 848 998 presbyteratu
864 962 991 996 superior

198 1017 250 1047 est,
258 1017 322 1040 tunc
337 1011 444 1039 novella
458 1010 594 1039 institutio
607 1009 699 1042 fuerit,
713 1017 775 1037 cum
789 1013 901 1036 sanctus
911 1008 990 1044 lgna-

199 1061 256 1088 tius
267 1060 301 1087 ad
315 1058 478 1094 martyrium
493 1065 541 1092 per
551 1056 645 1084 Asiam
659 1057 814 1083 duceretur.
829 1055 886 1082 Hoc
899 1059 990 1082 autem

200 1103 304 1132 factum
329 1107 373 1130 est
399 1102 472 1129 intra
496 1101 530 1128 75
559 1108 648 1128 annos
674 1104 737 1135 post
763 1100 990 1127 resurrectionem

200 1149 316 1182 Christi,
342 1149 413 1176 intra
427 1147 444 1175 8
458 1151 521 1182 post
540 1151 656 1174 mortem
680 1146 708 1173 S.
720 1146 834 1173 Joannis
855 1146 989 1181 apostoli;

201 1201 233 1223 ut
254 1195 429 1230 episcopatus
443 1198 471 1220 et
491 1193 598 1220 novella
618 1192 755 1220 institutio
775 1192 839 1224 dici,
857 1196 884 1218 et
900 1196 991 1218 tamen

202 1241 370 1277 apostolicus
382 1247 444 1267 esse
456 1239 584 1275 potuerit.
604 1238 662 1265 Sub
674 1238 813 1265 Antonino
827 1238 868 1265 vel
880 1237 991 1265 Aurelio

203 1288 304 1315 vixisse
317 1287 494 1321 impostorem
509 1293 589 1312 suum
602 1285 661 1312 vult
677 1284 838 1317 Salmasius,
854 1284 925 1311 unde
940 1291 990 1318 pro

202 1343 280 1363 more
297 1343 347 1362 suo
370 1332 510 1362 concludit
525 1331 582 1360 :Eo
608 1332 705 1360 swculo
723 1331 813 1367 palam
824 1336 878 1365 est,
893 1339 991 1358 νεωτε-

204 1379 285 1417 ρικὴν
297 1379 373 1406 illam
391 1378 467 1410 τάξιν
484 1377 598 1412 episcopi
617 1385 698 1411 supra
715 1376 879 1412 presbyteros
903 1376 989 1402 intro-

203 1428 311 1454 ductum
324 1434 390 1458 esse,
407 1430 435 1452 ut
452 1432 483 1451 ea:
495 1425 544 1450 hac
565 1423 677 1457 epistola
692 1423 747 1450 sole
763 1423 863 1450 clarius
881 1422 989 1449 dilucet.

203 1474 253 1506 At,
277 1473 299 1500 si
321 1472 455 1506 impostor
478 1471 522 1498 ille
543 1471 594 1498 sub
615 1470 666 1497 hoc
689 1470 732 1497 vel
757 1469 804 1496 illo
828 1469 992 1504 imperatore

203 1521 310 1553 vixerit,
322 1520 412 1554 palam
422 1526 477 1546 non
491 1524 540 1550 est,
556 1516 718 1552 νεωτερικὴν
731 1515 805 1548 τάξιν
818 1524 891 1543 nunc
907 1515 992 1543 fuisse

1042 960 1144 995 injusta
1158 958 1281 993 suspicio
1301 962 1353 990 est,
1370 956 1565 991 explicabitur;
1584 953 1715 983 secundo,
1734 951 1845 986 lgnatii

1041 1006 1123 1033 verba
1137 1005 1209 1032 nude
1223 1008 1251 1031 et
1265 1008 1358 1039 aperte
1374 1006 1555 1037 exponentur,
1576 1004 1603 1027 et
1618 999 1652 1026 ab
1667 997 1849 1032 importunis

1042 1050 1265 1079 adversariorum
1285 1048 1385 1084 glossis
1400 1047 1620 1075 vindicabuntur.

1077 1105 1148 1134 Νέον
1171 1113 1244 1132 nunc
1264 1105 1395 1139 juvenem,
1410 1110 1483 1130 nunc
1497 1110 1593 1129 novam
1607 1100 1766 1136 signiﬁcare
1780 1107 1849 1127 om-

1042 1161 1093 1181 nes
1109 1156 1220 1179 norunt.
1235 1151 1405 1178 Glossarium
1416 1149 1576 1180 Vetuswéo;
1590 1147 1745 1183 ἄνθρωπος,
1761 1147 1849 1180 juve—

1043 1201 1094 1233 nis,
1125 1200 1184 1231 νέος
1195 1197 1278 1231 οἶκος,
1294 1199 1311 1234 ἦ
1326 1197 1418 1234 ἔτερόν
1433 1206 1470 1230 τι,
1488 1204 1580 1227 novus,
1593 1193 1726 1225 novellus;
1741 1201 1757 1220 a
1779 1193 1848 1223 νέος

1041 1245 1172 1281 νεώτερος
1185 1245 1288 1280 pariter
1301 1244 1343 1271 vel
1355 1243 1458 1279 junior,
1471 1242 1513 1269 vel
1528 1241 1673 1272 recentior;
1688 1245 1736 1266 aut
1753 1239 1849 1266 etiam

1037 1292 1153 1327 juvenis.
1170 1291 1332 1327 Hesychius,
1345 1289 1486 1326 νεώτερον,
1499 1288 1530 1314 οὺ
1547 1287 1625 1322 μόνον
1639 1285 1848 1322 συγκριτικῶς,

1042 1338 1111 1366 ἀλλὰ
1137 1338 1185 1365 καὶ
1212 1339 1271 1364 vésv
1293 1336 1420 1364 Ἀττικοί.
1438 1336 1522 1363 Vetus
1532 1334 1713 1366 Glossarium,
1731 1333 1847 1367 junior,

1042 1385 1305 1421 vedrrepog,jut-cnis,
1316 1383 1459 1418 νεώτερος.
1470 1380 1504 1409 Ει
1515 1382 1540 1408 in
1554 1379 1706 1414 Excerptis,
1719 1379 1847 1413 Juvenis,

1042 1432 1184 1467 νεώτερος,
1212 1439 1228 1458 a
1255 1430 1389 1466 νεώτερος
1410 1436 1462 1456 vox
1486 1427 1641 1463 possessiva
1664 1426 1846 1461 νεωτερικός,

1039 1478 1174 1513 juvenilis.
1196 1476 1365 1504 Glossarium
1381 1473 1618 1502 Graeco-Latinum
1635 1492 1642 1499 .
1664 1471 1847 1506 νεωτερικός,

1038 1523 1163 1561 juvenilis
1181 1532 1192 1549 ξ
1217 1521 1467 1553 Latino-Graecum,
1490 1519 1626 1554 iuvenilis,
1654 1517 1847 1553 vewseptnéq;

205 1567 404 1599 introductam;
423 1564 481 1591 ﬁeri
497 1564 571 1591 enim
587 1563 721 1598 potuisse,
740 1566 770 1589 ut
784 1562 879 1597 lgnatii
893 1562 990 1589 simius

1062 1570 1164 1603 wenile,
1184 1568 1353 1605 νεωτερικὸν.
1381 1567 1552 1602 Νεωτερικός
1567 1566 1650 1600 igitur
1673 1572 1689 1592 a
1713 1562 1850 1598 latinam;

204 1618 352 1649 martyrem
374 1613 463 1646 ipsutn
492 1614 719 1646 repraesentaret,
746 1609 781 1636 ad
801 1616 860 1636 eam
884 1612 990 1635 aetatem

1062 1616 1185 1649 uvem’lis,
1207 1623 1262 1642 non
1285 1622 1373 1641 rerum
1393 1621 1519 1640 novarum
1540 1611 1662 1646 cupidus,
1678 1610 1725 1645 qui
1745 1609 1850 1636 Gntce

204 1668 259 1696 qua
275 1659 394 1695 lgnatius
406 1658 485 1690 vixit,
501 1662 528 1684 et
541 1657 641 1684 Damas
655 1656 746 1683 adhuc
762 1655 871 1690 juvenis
884 1654 994 1689 Magne-

206 1709 312 1735 siorum
330 1706 476 1740 episcopus
499 1703 566 1736 fuit,
593 1703 752 1738 respiceret,
769 1709 865 1729 omnes
881 1701 993 1728 vident:

207 1754 279 1782 unde
297 1753 419 1787 sequitur
437 1759 497 1778 eam
521 1750 656 1777 novellam
681 1749 882 1776 institutionem
906 1747 994 1782 primo

207 1800 307 1828 sacculo
322 1798 457 1826 introduci
471 1798 603 1832 potuisse.
619 1796 652 1823 Et
662 1803 756 1823 revera
772 1794 996 1822 constitutiOnem

207 1844 380 1872 auctoritatis
404 1842 571 1878 episcopalis
585 1842 619 1868 ad
633 1849 734 1868 annum
751 1839 804 1867 150
817 1844 881 1875 post
892 1838 996 1867 Christi

207 1891 447 1923 resurrectionem,
472 1891 523 1917 hoc
545 1894 597 1921 est,
623 1889 656 1916 ad
678 1888 799 1922 vulgaris
820 1894 880 1914 mra:
894 1894 996 1913 annum

208 1939 261 1966 185
280 1937 393 1971 referre,
409 1945 441 1964 ex
457 1941 535 1964 aelate
559 1935 727 1971 impostoris,
743 1935 777 1962 ab
792 1934 866 1962 omni
891 1934 998 1961 ratione

208 1985 328 2012 alienum
351 1989 411 2016 est,
433 1991 496 2011 cum
522 1982 559 2009 illi
582 1982 629 2016 qui
652 1989 715 2010 eum
737 1982 915 2016 impostorem
937 1987 998 2008 esse

206 2032 313 2064 volunt,
331 2031 365 2058 de
385 2030 444 2066 ejus
466 2034 544 2058 aetate
566 2030 713 2056 convenire
736 2035 876 2062 nunquam
900 2032 997 2062 potue-

207 2080 273 2113 rint.
296 2079 376 2106 Circa
397 2077 517 2105 medium
540 2076 652 2104 secundi
677 2076 769 2103 saeculi
797 2074 940 2110 epistolam
965 2074 999 2101 ad

208 2125 361 2160 Magnesios
377 2124 506 2158 scriptam
523 2122 608 2150 fuisse
627 2122 712 2149 sensit
726 2121 901 2154 Albertinus;
919 2121 999 2155 paulo

208 2172 346 2208 posterius
374 2170 444 2198 forte
457 2169 620 2196 Salmasius.
649 2168 684 2194 At
706 2168 729 2195 si
749 2167 856 2194 novella
876 2175 909 2194 eo
930 2172 999 2194 lem-

209 2226 275 2255 pore
291 2217 426 2245 institutio
439 2215 501 2248 fuit,
519 2214 655 2242 institutio
668 2219 759 2241 tamen
772 2213 834 2245 fuit,
851 2217 878 2240 et
889 2212 1000 2247 quidem

1045 1662 1249 1698 νεαγτεριστικός
1277 1661 1388 1693 dicitur,
1410 1668 1425 1687 a
1443 1660 1527 1687 verbo
1552 1657 1735 1693 νεωτερίζειν.
1762 1655 1850 1684 Unde

1045 1709 1115 1736 inter
1131 1708 1229 1734 vitiosa
1247 1711 1274 1734 et
1295 1705 1474 1740 vituperanda
1490 1704 1609 1731 oratoris
1629 1707 1678 1730 aut
1695 1703 1849 1737 demagogi

1045 1755 1164 1790 epitheta
1178 1754 1235 1781 haec
1249 1757 1447 1780 enumerantur
1461 1759 1477 1778 a
1500 1750 1574 1778 Julio
1601 1749 1725 1782 Polluce,
1748 1757 1850 1784 παρα-

1045 1801 1165 1836 τρέπων,
1178 1798 1354 1834 νεωτερίζων,
1367 1797 1557 1832 νεωτεριστὴς,
1573 1795 1790 1831 νεωτεριστικός.
1803 1794 1849 1820 F—n

1047 1848 1130 1882 igitur
1157 1847 1230 1879 loco,
1245 1845 1291 1872 ubi
1319 1846 1372 1872 hoc
1395 1842 1538 1870 Timotheo
1563 1841 1712 1876 Apostolus
1737 1846 1823 1873 prata

1048 1897 1125 1928 ptum
1134 1892 1181 1919 dat
1199 1900 1205 1918 :
1220 1890 1276 1922 Τὰς
1288 1890 1317 1916 δὲ
1328 1887 1492 1925 νεωτερικὰς
1508 1887 1655 1922 ἐπιθυμίας
1666 1885 1761 1920 φεῦγε,
1774 1894 1848 1911 νεω-

1047 1939 1158 1976 τερικὰς
1182 1937 1328 1973 ἐπιθυμίας
1350 1944 1406 1963 non
1431 1943 1520 1968 novas,
1534 1934 1580 1961 sed
1593 1932 1724 1968 juveniles
1738 1931 1850 1966 cupidi-

1050 1991 1115 2013 tates
1139 1985 1217 2013 reddi
1239 1984 1356 2016 debere,
1386 1982 1515 2010 omnibus
1546 1985 1619 2008 recte
1643 1979 1849 2014 interpretandi

1049 2032 1200 2060 rationibus
1212 2029 1400 2065 probabimus.
1414 2027 1482 2055 Nam
1497 2026 1664 2062 primo,sive
1678 2033 1737 2052 rem
1752 2025 1848 2059 ipsam

1049 2085 1112 2113 quae
1124 2082 1231 2104 velatur
1246 2080 1364 2110 spectes,
1380 2075 1437 2102 sive
1453 2080 1601 2108 personam
1616 2072 1659 2100 cui
1675 2077 1850 2107 praeceptum

1053 2125 1134 2152 datur
1147 2122 1291 2157 respicias,
1305 2121 1415 2156 utrique
1430 2120 1487 2147 haec
1503 2118 1691 2153 interpretatio
1706 2118 1850 2152 imprimis

1052 2170 1187 2198 convenit.
1196 2168 1264 2195 Nam
1275 2167 1363 2202 reipsa
1378 2165 1532 2200 ἐπιθυμίαι,
1541 2166 1599 2192 sive
1606 2163 1779 2198 cupiditates,
1789 2163 1851 2190 sive

1052 2217 1187 2249 libidines,
1196 2216 1253 2243 sive
1264 2214 1405 2247 desideria,
1417 2214 1473 2241 sive
1481 2213 1612 2248 appetitus
1623 2212 1664 2238 vel
1678 2212 1850 2246 appetentius

209 2270 272 2293 ante
287 2264 353 2291 illud
371 2268 478 2298 tempus
489 2261 576 2294 facta;
592 2260 731 2296 quomodo
746 2259 830 2294 igitur
844 2259 897 2286 dici
913 2259 987 2293 potui

1062 2268 1157 2290 Vertere
1177 2261 1294 2296 placeat,
1309 2260 1343 2287 ab
1367 2259 1495 2287 omnibus
1509 2266 1618 2292 semper
1639 2257 1754 2292 juvenili
1771 2257 1850 2284 aetati

210 2312 268 2339 haec
284 2309 444 2338 constitutio
464 2313 526 2343 post
539 2314 642 2335 annum
664 2306 733 2333 facta
746 2305 820 2333 182?
840 2305 997 2333 Blondcllus

209 2357 330 2392 lgnatins
356 2355 549 2390 ὑποϐολιμαῖον
570 2357 632 2388 post
654 2353 800 2381 Clementis
821 2352 997 2380 Alexandrini

210 2403 326 2435 obitum,
341 2402 393 2429 hoc
405 2403 457 2433 est,
474 2399 653 2435 postinitium
669 2398 739 2426 tertii
754 2397 996 2430 stcculi;Dall:cus,

207 2453 255 2476 aut
267 2448 341 2474 circa
352 2447 434 2474 ﬁnem
445 2445 583 2478 tertii,aut
598 2444 706 2471 initium
721 2443 822 2478 quarti;
836 2443 997 2475 licebat-tus,

206 2494 259 2521 sub
277 2492 391 2527 imperio
404 2491 588 2523 Constantini,
614 2489 758 2524 scripsisse
780 2490 890 2522 statuit;
917 2496 999 2516 nemo

206 2545 303 2568 autem
331 2546 416 2566 sanus
441 2538 553 2570 diceret,
583 2545 615 2565 ea
638 2542 717 2565 mtate
737 2536 924 2571 episcopatum
949 2543 999 2562 no-

207 2585 248 2613 vcl
256 2585 309 2612 lam
326 2584 526 2612 institutionem
542 2583 639 2611 fuisse.
718 2615 720 2618 ι

247 2630 301 2659 Sed
314 2635 440 2658 neutrum
451 2629 652 2658 concedendum
663 2633 720 2657 est:
734 2636 788 2656 non
797 2628 927 2663 primum,
935 2627 1000 2662 quia

212 2683 309 2706 auctor
318 2676 440 2712 epistolae
452 2677 485 2704 ad
498 2676 662 2712 Magnesios,
677 2679 706 2702 ut
719 2679 747 2702 et
760 2683 807 2702 sex
822 2674 999 2708 reliquarum,

212 2731 268 2752 non
283 2723 426 2758 impostor,
445 2723 492 2750 sed
509 2730 590 2750 verus
611 2721 743 2757 lgnatius,
771 2720 921 2748 Antiochia:
941 2719 1001 2754 cpi-

213 2778 312 2805 scopus
328 2769 390 2802 fuit,
411 2773 441 2795 ut
455 2774 511 2795 toto
535 2769 587 2795 hoc
605 2776 688 2803 opere
707 2767 851 2802 probatum
871 2771 929 2799 est;
946 2773 1001 2792 non

212 2815 375 2847 secundum,
389 2815 454 2849 quia
478 2815 594 2849 scriptor
611 2814 665 2847 ille,
679 2813 805 2848 quisquis
822 2812 883 2845 fuit,
896 2812 1002 2846 episco-

213 2865 306 2896 patum
333 2861 467 2889 novellam
495 2861 695 2888 institutionem
720 2867 861 2894 nunquam
881 2858 1000 2886 vocavit.

213 2907 261 2935 illa
271 2907 344 2936 enim
359 2915 410 2936 vox
427 2907 575 2942 νεωτερική
585 2914 640 2934 non
655 2906 801 2934 novitatem
816 2905 1001 2940 episcopatus,

1048 2309 1184 2344 praecipue
1217 2307 1319 2334 tributa
1342 2310 1418 2333 sunt.
1445 2305 1617 2338 Aristoteles,
1639 2303 1850 2331 Rhetoricorum

1049 2357 1095 2384 lib.
1113 2363 1143 2388 ll,
1158 2362 1218 2389 cap.
1240 2354 1271 2380 Η
1296 2362 1302 2380 :
1324 2353 1355 2379 Οἱ
1378 2353 1427 2388 μὲν
1443 2350 1490 2379 οὖν
1509 2352 1564 2378 νέοι
1576 2351 1610 2377 τὰ
1630 2351 1679 2386 ἔθη
1694 2351 1764 2377 εἰσὶν
1785 2352 1850 2378 ἐπιο

1050 2399 1252 2436 ουμητικοῐ.Αο
1267 2406 1364 2425 rursus
1379 2396 1580 2432 ιΕὐμετάΰολοι
1597 2396 1625 2422 δὲ
1649 2395 1697 2423 καὶ
1717 2395 1851 2432 ἁψίκοροι

1050 2446 1119 2482 πρὸς
1131 2445 1287 2480 ἐπιθυμίας.
1305 2444 1389 2476 Idem,
1400 2442 1557 2478 Topicorum
1567 2442 1615 2469 lib.
1627 2449 1670 2474 ιιι,
1682 2448 1707 2468 c.
1722 2441 1740 2467 2
1753 2450 1759 2467 :
1775 2442 1851 2468 Μᾶλ-

1050 2490 1094 2517 λον
1106 2489 1160 2526 γὰρ
1175 2490 1200 2515 οἰ
1217 2489 1271 2516 νέοι
1287 2488 1340 2514 τῶν
1354 2487 1545 2523 πρεσϐυτέρων
1558 2486 1611 2513 ὑπὸ
1626 2485 1679 2512 τῶν
1691 2485 1851 2521 ἐπιθυμιῶν

1050 2534 1230 2570 ἐνοχλοῦνται.
1243 2533 1307 2561 inde
1321 2533 1408 2559 Varro
1424 2533 1451 2559 in
1478 2532 1596 2559 Tithono
1615 2531 1686 2567 apud
1707 2530 1848 2559 Nonium:

1052 2580 1138 2612 Quam
1147 2580 1286 2614 dereliquit
1296 2578 1470 2613 multicupida
1489 2577 1655 2612 jurenilitas.
1669 2577 1699 2604 S.
1711 2577 1848 2604 Basilius:

1051 2625 1158 2660 Κοῦφον
1172 2627 1189 2660 ή
1206 2625 1300 2661 νεότης
1316 2625 1362 2651 καὶ
1374 2624 1513 2660 εὐκίνητον
1526 2623 1594 2659 πρὸς
1610 2623 1645 2650 τὰ
1666 2623 1768 2658 φαῦλα,
1788 2624 1849 2649 ἑπι-

1052 2671 1145 2706 Ουμίαι
1165 2671 1352 2698 δυσκάθεκτα.
1371 2670 1444 2703 Quas
1468 2669 1555 2706 ὁρμὰς
1571 2669 1774 2701 δυσκαθέκτους
1801 2678 1850 2704 ap-

1049 2716 1158 2752 pellavit
1169 2715 1248 2742 Philo
1261 2713 1382 2742 Iudaeus.
1394 2715 1422 2742 S.
1433 2715 1656 2751 Chrysostomus,
1666 2717 1739 2750 Πρὸς
1755 2717 1844 2751 θυμὸν

1049 2763 1098 2791 καὶ
1113 2762 1181 2797 πρὸς
1194 2761 1342 2797 ἐπιθυμίας
1355 2762 1529 2798 εὖέμπτωτος
1542 2761 1641 2797 μᾶλλόν
1656 2761 1730 2788 ἐστιν
1741 2763 1755 2788 ὁ
1769 2762 1842 2794 νέος.

1050 2809 1118 2842 Quis
1131 2809 1212 2843 igitur
1224 2816 1285 2836 eum
1299 2809 1446 2844 ὲπιουμιας
1456 2809 1555 2836 vetitas
1570 2812 1674 2842 cernat,
1689 2808 1781 2843 iisque
1795 2816 1842 2835 vo-

1054 2863 1112 2883 cem
1128 2854 1292 2890 νεωτερικὰς
1314 2855 1470 2890 adjnnctam
1488 2853 1696 2886 animadvertat,
1716 2860 1773 2879 non
1793 2857 1848 2878 sta-

1055 2903 1104 2932 tim
1118 2910 1165 2932 eas
1177 2901 1304 2939 iuveniles
1320 2909 1380 2930 esse
1392 2900 1541 2939 iudicabit?
1558 2899 1607 2929 Est
1621 2899 1694 2928 enim
1716 2907 1845 2936 vzwtspt-
