1874 3070
29 105 45 131 ιι
376 109 405 136 .t.
428 105 608 136 l'EAllSONll
621 104 769 135 VlNDlClA

917 104 1018 133 IANE.
1038 121 1071 126 ——
1091 103 1302 132 PROCEMIUI.
1623 100 1657 128 It:

35 166 62 198 sig
79 172 120 191 tot
142 165 341 200 possessiva,
358 170 394 193 ut
417 164 587 201 grammatici
615 164 776 199 loquuntur,
789 166 816 189 et
834 165 854 192 Α
870 161 942 199 fuge.
958 161 1092 189 luvenilia
1108 160 1241 189 desideria
1260 165 1284 187 et
1300 160 1328 187 in
1348 160 1453 187 senibus
1467 167 1522 187 esse
1537 166 1657 194 possunt,

39 215 96 241 [una
105 217 129 240 et
141 211 380 247 signiﬁcatione.
399 213 508 239 Ἐκεῖνα
523 212 551 239 δέ
561 211 619 238 ἐστι
631 211 672 246 τῷ
680 211 758 246 τύπῳ
772 209 818 236 καὶ

41 261 64 296 τῷ
77 258 261 295 σημαινομένῳ
285 258 428 295 tan-stud,
445 259 494 286 ὃσα
519 259 558 290 εἰς
579 258 628 294 τὴν
645 257 754 294 γενικὴν
770 257 818 284 τοῦ

39 306 189 344 ιμποτὺτιου
205 305 393 338 ἀναλύονται,
407 306 497 341 inquit
513 305 693 341 etymologus.
711 305 817 332 Νεωτε-

36 354 95 391 ραός
108 358 197 381 autem
211 352 373 380 resolvitur
394 360 423 379 tn
452 358 600 388 genitivum
628 354 690 386 ejus
711 359 786 379 vocis
802 358 817 378 a

34 408 74 436 qua
92 399 228 435 originem
252 398 348 431 duxit.
365 404 396 426 ut
411 399 482 426 idern
505 399 540 426 sit
553 397 728 434 νεωτερικάς,
744 397 817 432 quod

31 446 158 482 νεωτέρων
185 445 350 481 ἐπιθυμίας.
366 449 428 472 .Iam
452 452 516 472 vero
536 451 664 480 persona,
685 443 730 471 cui
753 450 819 478 prae-

29 498 127 528 ceptum
138 492 196 520 hoc
208 492 307 520 datum
324 496 367 520 est
375 491 485 527 juvenis
500 491 562 518 fuit.
578 489 646 518 Nam
663 489 674 517 l
692 489 817 532 'l‘im._tv.

28 539 76 565 ηε
94 538 201 574 Μηδείς
218 546 268 565 σου
285 538 337 574 τῆς
359 538 486 574 νεότητος
503 537 718 573 καταφρονείτω,
734 535 818 563 Nemo

25 585 231 612 adolescentiam
261 588 337 611 tuam
368 588 528 614 contemnat.
551 583 604 616 vel,
626 588 657 612 ut
680 582 820 610 antiauior

24 631 167 661 tramlatio
179 630 256 666 apud
263 627 818 666 Ambrosiam-um,juncututemSecunda

23 682 112 704 autem
128 676 258 712 Epistola
274 677 402 712 proximo
417 681 479 711 post
490 676 607 711 primam
621 682 695 702 anno
716 675 818 710 scripta

19 729 59 751 est
77 733 85 751 :
103 724 201 752 adhuc
213 723 299 759 igitur
314 723 474 751 Timotheus
485 722 594 758 juvenis
609 721 672 750 fuit.
686 721 818 749 Juvenem

19 771 104 805 igitur
132 770 290 805 Apostolus
313 773 417 802 monet,
443 773 475 797 ut
498 768 644 804 ἐπιθυμίας
658 767 756 803 fugiat,
771 774 819 796 eas

18 817 193 853 νεωτεριιιέις
212 816 359 852 indigitat;
375 815 435 844 sine
454 815 549 847 dubio,
561 822 670 850 nempe,
683 814 818 850 juveniles

22 864 167 892 intellexit.
197 863 338 895 Secundo,
365 862 440 890 hunc
467 869 529 890 esse
552 862 652 890 horum
667 861 817 889 verborum

29 917 132 937 sensum
147 909 240 944 liquet
253 916 287 936 ex
303 907 431 935 omnibus
445 911 566 935 veterum
581 905 816 934 translationibus.

32 955 106 984 Vetus
120 956 264 990 interpres
285 954 411 988 Latinus,
426 953 562 982 Juvenilia
579 959 671 981 autem
683 953 818 980 desideria

29 1002 90 1038 fuge.
102 1002 213 1037 aliique
226 1008 264 1029 eo
281 1001 453 1036 antiquiores
476 999 577 1028 Latini.
590 999 736 1033 Quomodo
755 998 817 1034 Syri

28 1047 189 1084 Apostolum
216 1047 414 1079 intellexnrint,
434 1047 505 1074 inter
529 1053 599 1081 quos
624 1049 750 1073 versatus
776 1049 818 1072 est

29 1095 54 1121 S.
67 1094 203 1130 Ignatius,
215 1101 272 1121 non
287 1093 387 1121 melius
400 1092 572 1128 intelligitur,
588 1099 671 1127 quam
683 1099 716 1119 ex
732 1090 817 1118 veteri

30 1141 150 1168 versione
164 1141 293 1181 Syriaca,
307 1147 369 1175 quae
386 1139 427 1167 sic
529 1139 612 1166 verba
637 1137 763 1171 reddidit,
781 1141 819 1181 τε

29 1193 90 1230 pro
122 1178 253 1218 ,σπη’-νοτ
284 1188 384 1216 arum
410 1177 502 1230 imit;
519 1185 556 1211 Ab
593 1185 713 1213 omnibus
741 1177 817 1219 cupi-

30 1233 152 1260 ditatibus
183 1233 371 1260 adolescentiae
395 1232 465 1266 fuge.
493 1229 563 1258 Sunt
596 1230 688 1265 enim,
718 1235 819 1262 tamin

30 1272 143 1310 xm’vu't
168 1279 289 1315 ὀρέξεις,
319 1278 362 1306 vel
389 1278 529 1314 ἐπιθυμίαι
561 1278 612 1314 τῆς
636 1277 771 1314 νεότητος,
788 1282 819 1306 ut

31 1326 117 1353 Matth.
153 1333 216 1359 ars,
246 1324 306 1352 20:
493 1325 526 1352 ὲκ
550 1324 676 1360 νεότητός
702 1333 764 1368 μου,
791 1329 819 1352 et

32 1362 457 1413 Ιτίω.ιν,12;·μπι7ῠ¹7ἦ
486 1375 562 1400 una:
592 1375 654 1401 tam
688 1362 736 1401 ubi
767 1379 819 1407 μη-

30 1419 78 1451 ὂείς
96 1427 146 1446 σου
164 1418 218 1453 τῆς
232 1417 360 1452 νεότητος
377 1416 590 1453 καταφρονείτω.
611 1416 651 1444 Ita
674 1417 819 1454 utrobique

31 1466 194 1500 iuventutem
222 1463 363 1491 Timothei
389 1463 538 1498 respiciens
568 1463 694 1491 eamdem
722 1471 818 1492 vocem

869 209 959 236 “th
986 213 1078 243 agant,
1106 215 1165 242 qua:
1191 206 1318 242 gravitati
1341 214 1393 233 non
1410 207 1563 234 conveniant
1578 209 1658 236 Citri-

868 256 964 282 stiame
975 263 983 281 :
995 260 1018 281 st
1034 263 1049 281 a
1058 255 1198 289 juvenibus
1213 255 1283 281 vinci
1295 258 1416 289 possunt,
1432 255 1455 281 si
1468 260 1576 282 careant
1593 256 1642 283 levi
1651 271 1658 276 -

870 307 961 328 tatem.
987 300 1131 328 Sedulius:
1146 299 1282 328 iuvenilia
1309 301 1444 329 desideria
1475 302 1548 337 fuge,
1569 303 1596 329 id
1619 307 1659 330 est

869 348 1089 383 fornicationem;
1101 355 1184 382 quam
1196 356 1252 376 rem
1265 356 1364 376 novam
1377 356 1440 377 esse
1456 357 1537 377 nemo
1547 350 1657 378 ditt-rit.

869 393 984 428 Quarto.
999 399 1103 422 veteres
1117 394 1245 423 Ecclesia:
1258 395 1406 431 seriptores
1420 397 1570 424 secundum
1586 397 1659 424 hunc

869 440 1014 468 Paulinum
1031 448 1142 468 sensum
1159 448 1252 468 vocem
1266 442 1428 478 νεωτερικός
1438 443 1618 477 usurpabant.
1629 448 1659 471 ut

869 486 1015 520 Eusebius,
1039 486 1110 514 libro
1135 487 1172 514 De
1190 488 1353 523 martyribus
1378 489 1543 523 Palestina,
1556 497 1616 525 cap.
1629 491 1658 521 ι,

869 533 916 561 ubi
946 533 1077 561 describit
1102 533 1284 561 fortissimum
1310 539 1457 570 martyrem
1483 535 1658 571 Apphiantttn

870 579 992 606 nondum
1012 579 1108 615 viginti
1129 587 1218 607 annos
1240 585 1348 612 natum,
1362 581 1411 615 qui
1431 580 1522 616 Beryti
1535 581 1656 609 vixerat:

869 625 1023 661 Παράδοξον
1039 626 1087 653 καὶ
1101 627 1188 652 εἰπεῖν
1208 626 1247 658 ὡς
1261 627 1290 653 ὲν
1304 626 1417 664 τοιαύτῃ
1431 627 1507 654 πόλει
1524 627 1578 654 τῶν
1592 637 1659 655 νεω-

869 672 984 708 τερικῶν
1000 672 1153 707 ἐπιθυμιῶν
1168 673 1296 708 ὑπεράνω
1312 673 1467 708 γενόμενος,
1478 674 1526 701 καὶ
1539 675 1658 710 μήθ’ῡπ’

868 717 961 753 ἀκμῆς
981 717 1030 744 τοῦ
1048 717 1183 754 σώματος,
1206 717 1270 753 μήθ’
1285 718 1338 745 ὑπὸ
1359 719 1409 754 ¹τῆς
1429 719 1484 746 τῶν
1499 720 1567 746 νέων
1583 721 1658 748 ἑται-

870 763 945 799 ρείας
957 763 1113 800 διαφθαρεὶς
1127 764 1175 790 τὸν
1190 764 1301 800 τρόπον,
1316 765 1492 801 σωφροσύνην
1509 766 1656 801 ἠσπάζετο.

870 810 1030 838 [incredibile
1051 810 1125 837 dictu
1144 814 1195 839 est.
1210 818 1262 845 quo
1282 816 1360 845 pacto
1375 812 1402 838 in
1415 811 1463 838 tali
1474 812 1581 840 civitate
1596 815 1659 840 ado-

868 855 999 882 lescentia
1009 855 1202 890 cupiditatibus
1215 856 1348 890 superior,
1368 864 1414 884 nec
1431 858 1518 892 vigore
1528 859 1657 893 corporis,

868 910 914 929 nec
933 903 1060 937 juvenunt
1080 903 1207 930 sodalitio
1225 911 1310 930 mores
1329 912 1391 931 suos
1403 906 1535 939 corrumpi
1549 914 1654 940 passus,

868 949 1025 976 modestiam
1053 950 1220 984 amplexatus
1247 956 1297 979 est.
1330 951 1360 979 S.
1381 952 1595 987 Cltrysostomus
1623 954 1658 980 de

869 995 960 1030 seipso
974 995 1064 1023 adhuc
1075 996 1188 1031 juvene,
1203 998 1329 1025 oratione
1342 998 1381 1026 De
1391 1000 1540 1026 sacerdotio
1551 1001 1656 1035 prima:

876 1041 999 1069 Ἐπειδὰν
1025 1043 1054 1070 δὲ
1077 1043 1130 1070 ἔδει
1151 1044 1197 1070 τὸν
1221 1045 1357 1080 μακάριον
1381 1045 1427 1072 τὸν
1448 1046 1503 1072 τῶν
1533 1047 1657 1082 μωαχῶν

871 1089 1047 1125 μεταδιώκειν
1061 1090 1128 1126 βίον,
1140 1092 1188 1118 καὶ
1199 1092 1249 1126 τὴν
1259 1092 1417 1127 φιλοσοφίαν
1432 1093 1482 1128 τὴν
1494 1093 1594 1129 ἀληθῆ,
1610 1095 1658 1121 καὶ

868 1137 919 1164 οὐκ
932 1137 972 1164 ἔτι
983 1138 1048 1173 ἡμῖν
1060 1138 1074 1164 ό
1089 1137 1171 1172 ζυγὸς
1184 1136 1263 1170 οὗτος
1284 1138 1340 1171 ἴσος
1356 1136 1467 1175 ἧν,ἁλλ“
1479 1141 1495 1175 ἡ
1513 1140 1562 1176 μὲν
1575 1141 1657 1168 αὑτοῦ

871 1183 1003 1218 πλάστιγξ
1027 1185 1185 1219 ὲκουφίζετο
1210 1185 1356 1220 μετέωρος,
1373 1185 1429 1219 ἑγὼ
1447 1186 1469 1212 δ’
1482 1186 1523 1213 ἔτι
1537 1188 1596 1219 ταῖς
1610 1187 1657 1214 τοῦ

869 1230 972 1266 ιιὸσμου
980 1231 1164 1267 πεπεδημένος
1172 1231 1330 1266 ἐπιθυμίαις
1337 1231 1478 1259 καθεῖλκον
1483 1233 1532 1269 τὴν
1539 1234 1550 1260 ὲ
1554 1234 1658 1269 μαυτοῦ

869 1276 967 1313 ψυχὴν,
994 1278 1041 1305 καὶ
1071 1277 1220 1314 ὲσιαζόμην
1252 1279 1328 1306 κάτω
1363 1279 1453 1314 μένειν
1483 1282 1658 1316 νεωτερικαῖς

868 1324 955 1360 αὐτὴν
970 1324 1119 1360 ἐπιῦρίθων
1141 1324 1312 1359 φαντασίαις.
1328 1325 1395 1353 Cum
1416 1330 1504 1354 autem
1527 1331 1656 1361 oporteret

870 1369 975 1397 beatam
990 1370 1165 1398 monasticam
1178 1370 1259 1398 vitm
1274 1372 1405 1407 persequi,
1419 1380 1557 1408 veramque
1571 1372 1659 1408 philo-

870 1417 1001 1452 sophiam,
1017 1424 1064 1444 nec
1083 1416 1143 1451 jam
1163 1417 1238 1444 nobis
1250 1424 1300 1451 par
1312 1421 1413 1444 statera
1424 1423 1502 1451 esset,
1517 1419 1562 1445 sed
1583 1419 1658 1446 illius

870 1463 946 1497 lanx,
959 1468 1049 1498 utpote
1059 1464 1151 1498 levior,
1176 1462 1297 1491 sublimis
1313 1464 1438 1499 ferretur,
1449 1472 1496 1500 ego
1508 1473 1568 1492 vero
1582 1473 1658 1493 mun-

32 1511 180 1547 usurpavit.
203 1509 265 1538 Non
295 1509 374 1537 aliter
399 1509 489 1537 versio
508 1509 637 1543 Arabica,
663 1513 691 1537 et
710 1508 820 1539 Ethio-
832 1517 854 1547 ε
869 1511 948 1538 donis
960 1510 1151 1546 cupiditatibus
1165 1511 1317 1546 impeditus,
1327 1519 1412 1538 meam
1423 1511 1524 1538 lancem
1535 1512 1658 1540 deorsum

33 1557 92 1591 pia.
119 1556 229 1588 Tertio,
254 1561 361 1583 veteres
373 1562 470 1583 omnes
490 1559 547 1583 tum
562 1554 649 1583 Graeci
660 1560 719 1584 tum
729 1556 818 1584 Latini

33 1603 116 1631 eodem
133 1602 223 1631 modo
238 1602 314 1629 hunc
328 1602 419 1629 locum
437 1601 606 1637 interpretati
618 1606 692 1630 sunt.
703 1603 819 1630 Ambro-

34 1649 131 1682 siaster,
143 1649 193 1684 qui
207 1648 262 1676 sub
274 1647 393 1676 Damaso
407 1647 517 1683 scripsit
530 1655 537 1674 :
551 1646 687 1676 Juvenilia
702 1653 731 1676 tu
748 1648 821 1677 desi-

33 1695 96 1723 deria
119 1693 351 1730 fuge.luvenilt’a
374 1693 509 1721 desideria
526 1692 638 1720 adversa
654 1698 716 1721 sunt
734 1702 744 1721 :
758 1699 820 1722 sunt

33 1743 90 1769 enim
111 1742 268 1776 uoluptates
298 1741 452 1774 mandante,
466 1750 525 1777 qua:
549 1742 671 1770 omnibus
690 1742 820 1770 illecebris

33 1791 184 1823 mancipata
213 1794 288 1822 sunt,
305 1797 337 1816 ac
359 1796 406 1823 per
425 1789 473 1815 Itoc
490 1797 506 1816 a
523 1788 572 1816 Dei
592 1797 666 1817 servo
688 1789 821 1825 fugienda

33 1844 47 1861 δ’
66 1841 92 1862 ιι.
120 1835 240 1864 Sectare
262 1843 329 1863 vero
360 1836 506 1871 justitiam,
532 1835 612 1864 ﬁdem
625 1856 633 1869 ,
647 1836 820 1869 charitatem,

34 1889 129 1916 pacem.
146 1881 215 1910 Ha‘c
232 1881 361 1909 sectanda
371 1881 458 1917 jubet,
473 1890 532 1917 qute
540 1882 652 1917 juvenili
663 1883 738 1910 ωιιηὶ
747 1883 821 1910 devia

34 1929 148 1956 ridentur
157 1933 184 1955 et
195 1936 302 1963 aspera.
315 1927 344 1955 S.
355 1927 567 1964 Chrysostomus
580 1928 613 1957 ad
628 1928 718 1956 locum
730 1937 737 1956 :
750 1928 822 1955 Νεω-

34 1976 131 2011 τεροιαὶ
145 1975 198 2010 οὐχ
220 1972 302 2001 αὗταί
314 1975 383 2001 εἰσιν
398 1974 427 2001 αἱ
445 1974 496 2009 τῆς
507 1975 635 2010 πορνείας
651 1974 740 2010 μόνον,
755 1974 823 2002 ἀλλὰ

31 2023 98 2048 πᾶσα
125 2021 265 2056 ἐπιθυμία
297 2020 398 2052 ἄτοπος
420 2021 584 2057 νεωτερική·
601 2021 774 2048 ἀκουέτωσαν
797 2021 822 2047 oi

25 2068 215 2105 γεγηρακότες
231 2068 270 2094 ὅτι
286 2067 318 2094 οὐ
338 2067 378 2094 δεῖ
390 2066 424 2094 τὰ
439 2067 493 2094 τῶν
508 2067 647 2103 νεωτέρων
662 2069 758 2095 ποιεῖν.
773 2067 823 2095 Ju-

26 2116 122 2142 seniles
145 2114 188 2142 lite
202 2113 369 2149 cupiditates
388 2121 441 2140 non
453 2113 535 2140 solius
550 2113 736 2148 fornicationis
748 2118 822 2146 sunt,

26 2161 70 2188 sed
82 2161 172 2188 omnis
187 2159 324 2195 cupiditas
340 2158 457 2187 absurda
460 2159 596 2194 juvenilis.
607 2159 726 2187 Audiant
737 2167 821 2192 senes,

25 2207 94 2242 quod
121 2215 176 2234 non
198 2210 320 2241 oporteat
341 2213 373 2233 ea
393 2206 495 2241 facere,
523 2214 581 2241 quae
609 2211 670 2233 sunt
685 2206 821 2241 juvenum.
839 2194 861 2222 θ

27 2253 103 2281 lianc
122 2252 383 2288 interpretationem
395 2256 548 2287 sequuntur
562 2251 782 2288 Theophylactus
797 2258 822 2280 et

28 2300 231 2327 tlicumeuius.
254 2298 390 2335 Pelagius,
406 2303 438 2326 ut
451 2298 567 2332 videtur,
579 2299 606 2326 in
619 2298 824 2327 Commentario

28 2347 79 2372 sub
89 2345 253 2381 Hieronymi
270 2345 382 2372 nomine
392 2344 467 2372 edito
480 2364 487 2371 .
502 2343 636 2372 Juvenilia
649 2349 739 2372 autem
751 2345 825 2373 desi-

28 2393 103 2420 deria
127 2392 204 2428 fuge.
224 2391 295 2424 Quia
314 2391 342 2417 Isi
362 2398 396 2418 ea
413 2390 560 2418 senioribus
577 2399 632 2418 esse
645 2398 696 2417 non
704 2395 824 2418 possunt.

29 2441 52 2467 si
69 2440 125 2468 luat:
150 2443 233 2475 agant
261 2446 321 2473 qua:
339 2437 467 2473 gravitati
489 2445 539 2464 non
562 2438 717 2464 conveniunt
747 2437 825 2465 Chri-

30 2488 141 2520 stiana;
156 2491 180 2514 et
201 2495 218 2512 a
233 2484 377 2520 juvenibus
398 2484 549 2515 vincuntur,
568 2484 591 2510 si
605 2483 717 2510 habeant
733 2483 826 2511 levita-

30 2539 90 2560 teut.
107 2533 138 2561 Β.
154 2532 348 2560 Theodoretus
360 2532 389 2559 in
401 2531 605 2559 Commentario
620 2541 626 2559 :
643 2531 698 2564 Τὰς
715 2532 744 2559 δὲ
760 2541 826 2559 νεω-

28 2581 141 2616 τερικὰς
158 2580 321 2615 ἐπιθυμίας,
338 2579 476 2610 τουτέστι,
489 2579 605 2614 τρυφὴν,
622 2579 738 2613 γέλωτος
759 2580 826 2614 ἀμε-

28 2627 117 2662 τρίαν,
133 2627 214 2660 δόξαν
230 2626 324 2661 κενὴν,
343 2625 393 2652 καὶ
411 2624 447 2651 τὰ
469 2624 574 2656 τούτοις
589 2625 749 2660 προσόμοια.
768 2624 825 2651 Hoc

30 2679 77 2704 est,
104 2674 229 2705 delicias,
246 2673 333 2699 risum
355 2671 573 2703 immoderatum,
590 2679 685 2698 vanam
701 2671 824 2707 gloriam,

36 2723 122 2754 etque
132 2725 193 2747 sunt
207 2720 249 2746 Itis
261 2718 383 2750 similia;
400 2725 462 2752 qua
473 2717 581 2752 quidem
596 2725 650 2744 non
667 2722 731 2744 sunt
743 2726 825 2750 ttovte,

36 2770 75 2792 aut
92 2774 224 2793 novarum
239 2772 332 2792 rerum
347 2762 525 2798 cupiditates,
536 2763 582 2790 sed
595 2763 724 2798 juvenilis
739 2763 826 2790 uitatis

35 2812 151 2841 comites.
179 2811 338 2840 Primasitw
368 2818 377 2836 ι
405 2808 540 2836 iuvenilia
572 2814 661 2837 autem
693 2808 827 2837 desideria

190 2895 325 2923 Ριτιιοι
358 2889 419 2919 Gtt.
442 2889 478 2921 ν.

871 1557 1011 1590 traherem,
1021 1562 1046 1585 et
1055 1557 1166 1592 inferius
1180 1565 1286 1585 manere
1295 1565 1423 1593 cogerem,
1430 1557 1591 1592 juvenilibus
1599 1567 1659 1586 eant

870 1611 1018 1639 aggravant
1032 1604 1246 1640 cogitationibus.
1261 1604 1312 1633 llic
1328 1605 1401 1634 enim
1412 1606 1516 1641 pariter
1532 1615 1659 1642 νεωτερι-

870 1651 923 1682 κὰς
937 1651 1088 1685 φαντασίας
1100 1651 1252 1687 usurpavit,
1269 1659 1301 1680 ac
1312 1652 1339 1680 in
1353 1653 1526 1688 expositione
1550 1653 1601 1680 loci
1623 1653 1657 1680 ad

870 1696 1056 1732 Timotheum,
1081 1698 1231 1733 φαντασίας
1254 1699 1420 1735 νεωτερικὰς
1444 1699 1538 1734 φεῦγε.
1555 1700 1659 1727 Auctor

872 1743 1096 1770 Constitutionum
1111 1743 1337 1779 Apostolicarum.
1364 1745 1412 1772 lib.
1428 1753 1458 1777 ιι.
1473 1752 1498 1773 c.
1521 1745 1548 1779 Ι,
1562 1753 1596 1772 ex
1614 1745 1659 1772 Di-

871 1789 1003 1822 dascalia,
1024 1793 1055 1817 ut
1078 1789 1196 1821 videtur,
1216 1797 1248 1818 ea
1274 1797 1336 1825 quae
1349 1790 1457 1826 lgnatio
1474 1791 1657 1824 tribuebatur.

871 1835 951 1863 docet
980 1835 1138 1871 episcopum
1162 1844 1216 1863 non
1239 1836 1338 1864 debere
1360 1843 1422 1865 esse
1437 1837 1571 1866 minorem
1592 1842 1657 1864 natu

872 1889 954 1916 quam
975 1889 1109 1910 annorum
1124 1882 1334 1918 quinquaginta,
1354 1882 1395 1909 ὅτι
1420 1883 1514 1920 τρόπῳ
1533 1884 1586 1912 τινὶ
1610 1884 1659 1916 τὰς

872 1928 1036 1964 νεωτερικὰς
1052 1928 1164 1961 ἀταξίας
1183 1929 1231 1955 καὶ
1250 1929 1301 1960 τὰς
1325 1928 1423 1962 ἔξωθεν
1438 1929 1563 1962 διαϐολὰς
1577 1931 1659 1957 ἐκπε-

872 1973 980 2009 φευγὼς
999 1973 1126 2010 ὑπάρχει.
1153 1974 1231 2007 Quod
1246 1983 1277 2002 ea
1293 1979 1360 2003 tetas
1385 1976 1580 2010 quodammodo
1599 1977 1657 2010 jam

869 2019 995 2056 juveniles
1017 2020 1190 2055 petulantias,
1206 2026 1230 2048 et
1245 2029 1337 2048 eorum
1354 2022 1400 2057 qui
1414 2021 1481 2057 foris
1496 2027 1557 2050 sunt
1571 2023 1660 2049 obtre-

873 2067 1000 2094 ctationes
1014 2066 1155 2102 effugerit;
1172 2066 1225 2094 nisi
1250 2065 1322 2094 forte
1343 2067 1406 2103 quis
1420 2067 1521 2103 dignus
1545 2068 1583 2096 sit
1602 2068 1661 2102 cpi—

873 2118 986 2149 scopatu
996 2135 1004 2148 ,
1021 2113 1064 2141 διὰ
1087 2114 1137 2150 τῆς
1152 2114 1276 2149 νεότητος
1293 2115 1323 2141 ὲν
1338 2114 1471 2151 πραότητι
1482 2115 1529 2141 καὶ
1550 2113 1661 2150 εὐταξίᾳ

873 2159 962 2195 γῆρας
990 2159 1226 2195 ἐπιδεικνύμενος,
1248 2158 1277 2188 in
1299 2160 1442 2196 iuventute
1467 2164 1610 2188 mansuete
1633 2165 1661 2188 et

875 2206 1024 2241 composite
1039 2206 1156 2234 vivendo
1169 2211 1337 2235 senectutem
1348 2207 1503 2234 ostendens.
1520 2206 1659 2240 Pluribus,

875 2253 982 2288 opinor,
993 2253 1083 2281 modis
1097 2253 1241 2289 explicatio
1255 2253 1330 2281 vocis
1344 2254 1487 2289 μονήρους,
1501 2259 1562 2288 quae
1576 2254 1660 2281 semel

875 2305 982 2328 tantum
1016 2300 1044 2328 in
1075 2299 1215 2334 Scriptura
1245 2299 1390 2334 reperitur,
1418 2298 1576 2326 conﬁrmari
1604 2305 1660 2325 non

875 2351 965 2382 potest
980 2355 987 2374 :
1004 2353 1080 2377 cum,
1095 2346 1117 2372 si
1136 2353 1193 2373 rem
1212 2345 1299 2380 ipsam
1316 2351 1377 2380 quae
1392 2348 1508 2377 velatur,
1523 2343 1546 2371 si
1567 2351 1663 2378 perso-

876 2400 939 2421 nam
969 2393 1014 2421 cui
1044 2392 1138 2424 datum
1172 2396 1215 2420 est
1239 2394 1415 2427 praeceptum,
1444 2389 1611 2421 consideres,
1637 2390 1660 2417 si

876 2439 1047 2474 interpretes,
1060 2439 1082 2466 si
1097 2442 1339 2470 commentatores,
1352 2437 1375 2464 si
1389 2436 1526 2472 vuigatum
1536 2436 1660 2464 vocabuli

876 2485 948 2521 apttd
959 2490 1064 2514 veteres
1075 2493 1156 2513 usum
1169 2489 1287 2520 spectes,
1300 2491 1397 2511 omnes
1409 2484 1436 2511 in
1448 2484 1499 2511 hac
1510 2491 1564 2511 una
1576 2490 1661 2518 etpo-

877 2533 976 2560 sitione
997 2531 1171 2559 consentiant
1193 2535 1275 2566 atque
1299 2529 1467 2564 conspirent.
1483 2529 1561 2563 Quod
1585 2530 1608 2557 si
1630 2536 1663 2556 ea

876 2578 951 2606 vocis
966 2577 1048 2612 hujus
1063 2576 1184 2611 acceptio
1195 2575 1268 2610 apud
1278 2574 1438 2609 Apostolnm
1453 2573 1538 2609 recipi
1550 2573 1663 2601 omnino

877 2623 985 2655 debeat,
1008 2622 1153 2657 plusquam
1183 2620 1331 2648 verisimile
1357 2624 1410 2653 est,
1429 2619 1501 2654 apud
1527 2618 1661 2654 Ignatium

878 2675 1014 2701 nostrum,
1031 2675 1111 2703 quem
1128 2672 1184 2694 tum
1200 2667 1226 2694 in
1243 2667 1325 2694 rebus
1340 2671 1397 2694 tum
1411 2666 1438 2693 in
1458 2665 1547 2693 verbis
1559 2664 1663 2692 SJ’au—

877 2715 934 2742 lum
952 2714 1088 2749 prmeipue
1108 2712 1244 2740 imitatum
1263 2719 1323 2739 esse
1336 2716 1363 2739 et
1377 2712 1463 2739 nostri
1487 2710 1616 2742 fatentur,
1635 2714 1664 2736 et

879 2760 1026 2788 adversarii
1039 2763 1201 2794 queruntur,
1217 2758 1339 2786 eamdem
1356 2764 1450 2786 vocem
1467 2756 1563 2784 eodem
1580 2763 1662 2783 sensu

879 2805 1063 2842 accipiendam
1083 2811 1153 2834 esse.

1489 2882 1510 2911 2
