1874 3070
208 125 243 153 ιδ
759 121 788 149 S.
808 120 972 150 lGNATlUS
1002 137 1036 142 —
1055 120 1322 151 PROLEGOMENA.
1812 126 1846 153 4t

244 182 280 210 Ut
294 186 383 210 autem
399 181 451 208 hoc
469 181 618 209 dilucidius
633 186 772 216 appareat,
787 181 877 208 locum
894 181 995 216 ipsutn,
1011 183 1034 211 Α
1047 181 1232 209 ecclesiastica
1253 186 1390 215 sumatur,
1408 189 1462 208 non
1481 180 1683 217 infrequentius
1702 186 1797 208 tamen
1817 179 1848 205 ad

206 235 237 257 ut
251 230 321 265 apud
338 233 464 256 nostrum
476 232 576 262 exstat,
591 228 725 263 integrum
735 235 881 262 apponam.
894 227 933 254 Ex
944 234 993 254 co-

206 276 267 303 dice
286 275 408 303 Mediceo
428 274 454 301 in
474 273 596 309 Epistola
611 274 645 301 ad
662 273 815 308 Magnesios
832 273 890 300 haec
918 277 994 300 tran-

205 322 352 351 scribimus
371 331 378 350 :
394 322 449 349 Καὶ
468 323 532 357 ὑμῖν
555 321 583 348 δὲ
598 321 698 357 πρέπει
721 320 757 356 μὴ
773 320 942 355 συγχρᾶσθαι
959 321 992 355 τῇ

204 369 297 405 ἡλικίᾳ
310 368 358 395 τοῦ
374 367 537 400 ἐπισκόπου,
557 367 624 394 ἀλλὰ
643 366 714 393 κατὰ
728 366 841 402 δύναμιν
855 366 921 392 Θεοῦ
937 366 993 392 Πα-

203 416 268 452 τρὸς
282 416 372 443 πᾶσαν
391 415 524 451 ἐντροπὴν
539 414 613 450 αὺτῷ
627 414 785 448 ἀπονέμειν,
802 412 893 444 καθὼς
908 412 993 447 ἔγνων

202 462 251 488 καὶ
263 462 326 494 τοὺς
341 461 434 496 ἁγίους
447 460 658 497 πρεσϐυτέρους,
673 459 703 486 οὐ
719 458 934 495 προσειληφότας
943 458 993 494 τὴν

203 508 369 544 φαινομένην
384 506 548 543 νεωτερικὴν
561 505 653 538 τάξιν,
669 505 725 532 ἀλλ’
745 505 784 536 ὡς
804 504 950 540 φρονίμους
964 504 993 530 ἐν

202 554 263 591 Θεῷ
276 553 483 590 συγχωροὶντας
495 552 579 588 αὐτῷ.
594 552 730 586 lnterpres
741 549 924 578 Usserianus:
940 548 992 576 Sed

202 604 227 626 et
237 608 281 626 eos
299 599 371 626 decet
389 606 440 624 non
457 597 529 624 cauti
547 601 626 624 aetate
643 595 769 630 episcopi,
790 594 836 622 sed
848 594 992 621 secundum

202 645 324 671 virtutem
337 643 386 670 Dei
402 641 493 669 Patris
507 641 678 668 reverentiam
687 640 712 667 ei
728 639 853 672 tribuere,
864 639 933 666 sicut
947 646 992 666 (‘0-

202 691 278 726 gnovi
294 695 319 717 et
337 693 442 717 sanctas
467 688 648 724 presbyteros,
665 694 717 713 non
731 689 892 713 atramenta
907 693 991 720 appa-

201 740 299 763 rentem
313 734 448 769 juniorem
465 733 601 764 ordinem,
621 731 667 758 sed
686 735 714 757 ut
731 728 871 764 prudentes
888 728 916 755 in
937 728 991 755 Deo

201 781 367 810 concedentes
382 780 443 815 ipsi.
459 779 552 806 Primo
569 778 652 813 igitur
664 777 738 804 hunc
754 776 931 809 interpretem
940 774 991 801 ha-

201 828 298 857 bemus
317 826 546 857 eonsentientem.
559 824 607 858 qui
631 823 665 851 ad
683 826 789 850 atatem
811 821 932 857 episcopi
949 828 992 849 re-

201 874 330 910 spiciens,
350 871 513 908 νεωτερικὴν
525 870 612 904 τάξιν,
628 877 683 897 non
696 868 828 896 novellam
843 868 992 895 institutio—

200 928 270 954 nem,
283 919 331 948 sed
340 918 475 954 juniorem
490 917 609 944 ordinem
621 915 711 944 vertit.
729 914 797 942 Huic
813 913 990 950 adjungimus

200 966 420 1002 interpolatorem
437 965 494 992 sive
515 963 723 999 paraphrastcn,
738 961 785 996 qui
806 969 856 996 pro
871 960 990 996 lgnatia-

199 1013 243 1041 uis
255 1020 305 1041 sua
319 1013 377 1040 haec
388 1011 488 1046 posuit,
504 1011 535 1037 οὐ
546 1009 614 1045 πρὸς
628 1009 677 1044 τὴν
687 1007 851 1042 φαινομένην
867 1006 990 1041 ἀφορῶν-

199 1067 248 1090 τας
257 1058 383 1093 νεότητα.
399 1056 531 1090 Vulgatus
542 1055 676 1088 interpres
690 1063 696 1079 :
714 1052 776 1079 Non
787 1051 990 1087 propterjuven-

200 1111 282 1134 tatem
293 1111 352 1140 quae
363 1104 391 1130 in
405 1110 434 1130 eo
454 1101 560 1128 videtur
577 1100 737 1127 arbitrantes
750 1107 808 1126 eum
825 1102 990 1125 contemnen-

199 1154 274 1179 dum.
290 1150 369 1178 Unde
388 1148 563 1177 occasionem
587 1150 686 1174 nactus
704 1151 878 1173 communem
897 1143 989 1170 locum

197 1197 233 1226 de
246 1195 394 1233 prudentia
408 1195 540 1230 juvenum
561 1200 611 1228 pro
625 1199 676 1219 suo
691 1191 817 1219 instituto
837 1189 920 1218 latius
933 1193 989 1216 tra-

197 1248 264 1275 ctat,
278 1247 306 1271 et
318 1242 452 1276 exemplis
469 1248 503 1268 ex
514 1239 607 1267 Veteri
627 1243 654 1267 et
674 1237 749 1265 Novo
764 1237 877 1265 Fcedere
888 1235 989 1265 conﬁr-

198 1295 266 1318 mat.
284 1289 340 1316 Hos
352 1296 388 1316 ex
403 1287 540 1315 veteribus
553 1285 629 1314 solos
651 1284 748 1321 lgnatii
764 1284 926 1318 interpretes
937 1282 988 1309 lia-

197 1337 306 1370 bemus,
325 1335 372 1370 qui
388 1334 473 1362 t0tius
486 1336 631 1360 contextus
643 1335 737 1358 tenore
751 1329 824 1357 ducti
843 1329 916 1356 hunc
938 1334 986 1354 no-

197 1383 241 1411 bis
262 1382 407 1409 verborum
433 1387 543 1408 sensum
566 1377 745 1406 tradiderunt.
768 1375 913 1407 Secundo,
942 1381 986 1401 res

197 1429 257 1464 ipsa
278 1427 398 1460 clamat,
420 1430 447 1453 et
472 1425 543 1453 hanc
558 1423 807 1458 interpretationem
831 1419 986 1448 necessario

196 1474 326 1509 postulat.
343 1473 445 1501 Auctor
459 1471 589 1506 Epistolas
611 1469 731 1497 ostendit
755 1476 784 1496 se
809 1467 910 1495 vidisse
932 1465 986 1493 Da-

196 1528 270 1548 mam
285 1527 380 1548 corum
392 1519 563 1553 episcopum,
572 1521 600 1544 et
613 1515 754 1543 Sotionem
767 1514 827 1549 ejus
838 1513 984 1541 diaconum

196 1567 300 1600 laudat,
312 1565 385 1601 quod
400 1566 530 1600 episcopo
546 1570 597 1591 suo
608 1583 616 1595 ,
642 1566 672 1589 ut
688 1561 810 1596 opertuit
822 1580 829 1593 ,
844 1559 985 1594 subjectus

195 1618 277 1642 esset.
299 1612 392 1640 Monet
417 1611 500 1646 igitur
516 1608 648 1644 p0pulum
670 1606 887 1642 lilagnesiannm,
902 1609 933 1632 ut
946 1605 985 1632 illi

195 1660 278 1688 etiam
291 1658 380 1686 nolint
391 1655 571 1692 συγχρᾶσθαι,
583 1662 640 1681 ιιοιι
649 1653 731 1681 nimis
742 1651 914 1680 familiariter
923 1659 986 1679 cum

195 1714 229 1734 eo
244 1709 337 1741 agant,
352 1708 400 1731 aut
413 1703 504 1738 ipsum
517 1704 705 1732 contemnant,
718 1698 792 1734 quod
806 1697 930 1725 videatur
939 1697 985 1732 ju-

195 1753 257 1780 nior
267 1755 358 1783 aetate,
374 1749 421 1777 sed
443 1753 474 1776 ut
492 1746 673 1775 reverentiam
687 1745 713 1773 ei
725 1744 882 1772 exhibeant.
903 1743 986 1779 Urget

195 1797 350 1832 exemplum
363 1795 598 1831 presbyterorum,
608 1799 725 1827 quorum
738 1791 806 1818 duos
818 1797 910 1818 secum
922 1794 987 1817 tunc

195 1843 303 1876 habuit,
325 1841 440 1869 Bassum
466 1845 493 1867 et
506 1838 695 1874 Apollonium,
711 1843 837 1872 quosque
855 1836 932 1863 novit
945 1835 986 1863 ei-

195 1891 257 1918 dem
272 1889 421 1924 episeopo,
439 1885 566 1922 quamvis
578 1883 693 1920 juniori,
715 1883 834 1910 debitam
858 1889 985 1909 reveren-

197 1936 262 1964 tiam
274 1934 445 1970 praestitisse.
462 1930 768 1966 Ostenditjuventuleln
780 1928 840 1964 ejus
854 1936 914 1956 esse
923 1936 986 1962 φαι-

195 1982 323 2018 νομένην,
341 1981 434 2008 innuit
447 1987 512 2007 eum
528 1981 608 2006 aetate
618 1977 730 2012 quidem
744 1979 772 2003 et
784 1978 930 2010 conspectu
943 1974 987 2008 ju-

195 2037 304 2060 venem.
319 2027 442 2055 muribus
457 2030 548 2053 autem
570 2031 663 2052 senem
683 2023 769 2050 fuisse
782 2031 790 2049 ι
805 2021 987 2049 obedientiam

195 2077 220 2104 ei
235 2074 418 2111 praestandam
432 2073 521 2105 docet,
534 2076 581 2098 aut
596 2070 688 2106 potius
700 2070 727 2096 in
743 2076 776 2096 eo
784 2068 840 2095 Deo
852 2068 914 2103 ipsi,
928 2074 988 2094 om--

195 2122 273 2150 nium
293 2120 434 2156 episcopo.
449 2117 518 2145 Nam
531 2121 561 2144 ut
586 2121 660 2144 recte
676 2114 832 2143 observavit
854 2113 883 2140 S.
898 2113 987 2148 Chry-

196 2173 350 2199 s0stomus,
364 2165 523 2201 Apostolus,
553 2163 618 2199 περὶ
638 2162 688 2198 μὲν
707 2161 862 2188 ἐπισκόπων
877 2160 987 2186 διατατ-

1045 227 1097 255 alia
1119 227 1248 260 refertur,
1268 233 1296 255 et
1316 228 1426 263 quidem
1451 235 1484 255 ea
1505 236 1566 263 quae
1588 228 1676 255 sacris
1698 227 1848 256 ordinibus

1044 279 1230 308 opponuntur.
1242 274 1270 301 S.
1284 274 1500 310 Chrysostomus
1509 274 1606 302 homil.
1617 274 1634 302 5
1649 274 1782 301 adversus
1794 274 1848 301 Ju-

1044 320 1115 348 dafos
1138 328 1146 346 .'
1165 318 1248 352 Οὗτος
1268 322 1282 347 ὸ
1304 320 1428 356 Ἀϐραάμ
1449 322 1463 347 ὀ
1483 321 1616 356 πρόγονος
1634 320 1689 346 τῶν
1709 320 1849 353 Δευῖτῶν,

1043 366 1097 393 τῶν
1120 366 1271 393 Ἰουδαϊκῶν
1287 367 1382 402 ἱερέων
1397 367 1445 393 ἐπὶ
1456 366 1503 393 τοῦ
1519 366 1699 401 Μελχισεδὲκ,
1711 366 1741 398 ὃς
1750 361 1789 399 ἦν
1801 366 1848 392 τύ-

1043 420 1093 444 πος
1107 413 1157 447 τῆς
1175 412 1235 440 καθ’
1252 413 1325 448 ἡμᾶς
1342 413 1509 448 ἱερωσύνης,
1526 411 1623 439 λαῖκοῦ
1637 411 1716 444 τάξιν
1737 413 1848 446 ἐπεῖχε.

1044 457 1098 484 Hic
1115 458 1248 485 Abraham
1258 458 1410 493 progenitor
1423 457 1590 492 Levitarum,
1609 457 1794 484 Iudaicarum
1807 466 1840 483 sa

1044 505 1194 536 cerdotum,
1208 504 1256 532 sub
1272 504 1474 538 Melchisedech,
1488 505 1534 540 qui
1544 504 1630 531 nostri
1642 504 1792 531 sacerdotii
1805 509 1849 539 ty-

1042 559 1092 586 pus
1112 555 1181 583 erat,
1209 550 1273 578 laici
1293 551 1430 583 ordinem,
1457 551 1500 578 vel
1514 550 1602 577 locum
1623 550 1753 577 obtinuit.
1768 549 1848 577 Idem

1042 597 1108 625 alibi
1120 597 1266 633 distinguit
1277 597 1333 624 τῶν
1352 597 1447 633 ἱερέων
1462 597 1494 624 τὸ
1503 597 1624 633 ἀξίωμα,
1640 601 1668 625 et
1682 597 1727 624 τὸν
1744 597 1850 623 ὑποτε-

1041 642 1176 678 ταγμένον
1195 643 1244 670 καὶ
1262 643 1292 669 ὲν
1315 643 1391 676 τάξει
1405 643 1508 670 λαῖχῶν
1527 643 1601 670 ὅντα.
1626 643 1729 671 Eodem
1759 645 1849 671 modo

1041 689 1119 722 τάξιν
1144 688 1248 716 ἰδιώτου
1272 690 1355 723 dixit,
1374 695 1401 718 et
1419 690 1577 718 sacerdotes
1599 691 1751 726 οἰκονόμων
1764 691 1848 723 τάξιν

1041 736 1088 762 καὶ
1100 735 1256 771 ἐπιτρόπων
1276 735 1323 762 καὶ
1337 736 1473 772 ἀγοραίων
1493 737 1574 763 τινῶν
1593 737 1848 765 άντικαταλλαττο-

1043 781 1150 817 μένους.
1166 780 1347 817 Quotcunque
1360 782 1448 810 modis
1462 782 1589 811 homines
1599 783 1684 810 dividi
1703 788 1730 811 et
1747 784 1848 811 distri-

1041 827 1087 854 bui
1100 832 1225 862 possunt,
1240 827 1267 855 in
1279 833 1456 864 quotcunque
1467 829 1570 856 classes
1584 829 1680 865 redigi,
1694 829 1730 856 ad
1746 834 1786 856 tot
1795 830 1846 857 τά·

1042 873 1099 906 ξεις
1121 881 1136 900 a
1159 873 1261 901 Graecis
1278 873 1444 902 referuntur.
1471 874 1510 902 Ita
1533 874 1650 910 legimus
1668 874 1747 908 τάξιν
1763 875 1847 910 βασι-

1041 919 1119 953 λέως,
1133 919 1211 952 τάξιν
1226 920 1363 956 πατέρων,
1378 920 1454 953 τάξιν
1469 920 1656 953 διδασκάλων,
1672 922 1752 955 τάξιν
1769 923 1845 958 ὁμή-

1043 973 1108 1000 ρων,
1121 965 1198 998 τάξιν
1213 965 1386 1001 αἰχμαλώτου
1395 986 1403 998 ,
1417 966 1493 999 τάξιν
1509 968 1649 1003 πενήτων,
1664 967 1743 1000 τάξιν
1757 976 1844 1003 νομο-

1042 1011 1191 1045 θετοῦντος,
1206 1017 1233 1040 et
1251 1012 1498 1048 συμϐουλεύοντος,
1512 1014 1590 1047 τάξιν
1604 1014 1778 1050 θεραπαίνης
1790 1036 1798 1047 ,
1815 1020 1844 1042 et

1041 1058 1151 1085 similia.
1164 1057 1194 1085 in
1216 1059 1338 1094 qualibet
1353 1064 1444 1086 autem
1461 1060 1570 1088 civitate
1589 1068 1698 1095 semper
1715 1061 1843 1089 distincti

1040 1104 1240 1138 suntjuvenes,
1260 1105 1322 1138 viri,
1340 1113 1420 1133 senes
1436 1114 1443 1132 :
1458 1111 1485 1134 et
1504 1107 1546 1134 liae
1573 1107 1677 1143 ubique
1689 1108 1842 1136 hominum

1040 1150 1190 1178 secundum
1225 1156 1330 1179 aetatem
1359 1152 1460 1184 τάξεις.
1488 1152 1518 1180 ln
1547 1153 1616 1181 duas
1647 1154 1753 1182 classes
1770 1163 1842 1181 νεω-

1038 1196 1127 1232 τέρων
1143 1201 1171 1224 et
1191 1197 1385 1233 πρεσὸυτέρων
1412 1198 1538 1226 dividunt
1562 1200 1678 1234 apostoli
1704 1202 1841 1236 populum

1039 1243 1225 1271 Christianum
1237 1244 1265 1271 in
1279 1252 1445 1279 unaquaque
1458 1244 1591 1277 Ecclesia,
1608 1245 1660 1273 utl
1674 1245 1749 1273 Tim.
1764 1255 1791 1279 v,
1809 1249 1820 1273 1
1834 1257 1840 1274 :

1039 1289 1218 1325 Πρεσὸυτέρῳ
1233 1290 1270 1326 μὴ
1288 1290 1455 1326 ἐπιπλήξῃς,
1469 1290 1538 1317 ἀλλὰ
1553 1292 1711 1327 παρακάλει
1731 1293 1771 1324 ὼς
1786 1301 1841 1320 πα-

1037 1335 1115 1370 τέρα,
1130 1335 1278 1372 νεωτέρους
1292 1336 1673 1373 ὠςάδελφοὺς,πρεσ6υτέρας
1699 1338 1738 1370 ὡς
1753 1340 1841 1374 μητέ-

1039 1389 1100 1417 ρας,
1125 1382 1260 1418 νεωτέρας
1279 1382 1317 1414 ὡς
1338 1383 1464 1417 ἀδελφάς.
1486 1382 1621 1417 Seniorem
1640 1392 1672 1411 rte
1686 1384 1838 1419 increpata,

1037 1428 1081 1454 sed
1096 1427 1205 1454 obsecra
1222 1432 1252 1454 ut
1265 1432 1378 1462 patrem,
1390 1429 1511 1462 juniores
1533 1433 1562 1456 ut
1580 1429 1692 1463 fratres,
1719 1438 1788 1457 anus
1809 1438 1838 1457 ιιι

1037 1477 1147 1506 matres,
1159 1472 1317 1507 juvencnlas
1338 1478 1367 1500 ut
1386 1481 1499 1501 sorores.
1535 1474 1574 1501 Ad
1602 1474 1696 1502 Titum
1725 1482 1746 1502 ll
1761 1494 1769 1505 .
1791 1473 1811 1501 6
1828 1482 1836 1500 :

1000 1526 1022 1555 ο
1039 1518 1197 1553 Πρεσϐύτας
1215 1519 1362 1554 νηφαλίους
1377 1517 1462 1552 εἶναι,
1482 1522 1546 1552 τους
1571 1521 1722 1556 νεωτέρους
1742 1521 1839 1548 ὡσαύ-

1036 1573 1099 1596 τως.
1121 1563 1200 1592 Senes
1211 1585 1218 1597 ,
1236 1570 1266 1592 ut
1284 1566 1366 1593 sobrii
1384 1566 1453 1599 sint,
1468 1566 1578 1601 juvenes
1593 1567 1730 1594 similiter.
1750 1568 1839 1600 Τάξις

1036 1615 1126 1638 autem
1141 1612 1300 1647 νεωτερική,
1317 1611 1388 1639 idem
1403 1617 1445 1640 est
1455 1613 1529 1648 quod
1543 1613 1612 1640 νέων
1622 1614 1665 1641 vel
1679 1613 1837 1649 νεωτέρων,

1037 1664 1085 1684 seu
1099 1656 1160 1683 νέου
1173 1657 1216 1684 vel
1231 1657 1364 1693 νεωτέρου
1383 1657 1469 1690 τάξις.
1486 1658 1522 1686 Ut
1542 1667 1606 1686 cum
1619 1658 1699 1687 Plato
1721 1667 1839 1695 rempu-

1036 1703 1136 1732 blicam
1157 1704 1184 1731 in
1204 1705 1344 1740 γεωργοὺς
1367 1709 1394 1732 et
1413 1705 1548 1739 φύλακας,
1569 1705 1694 1740 aliosque
1720 1705 1837 1737 divisit.

1037 1748 1151 1777 Proclus
1179 1749 1207 1776 iu
1240 1749 1372 1777 Timaeum
1401 1750 1462 1778 illos
1484 1750 1641 1787 γεωργικὴν
1658 1751 1748 1783 τάξιν,
1764 1751 1839 1780 hanc

1037 1795 1222 1832 φρουρητικὴν
1237 1794 1314 1827 τάξιν
1328 1796 1465 1831 appellat,
1479 1805 1541 1832 quae
1557 1797 1588 1823 τὸ
1601 1797 1758 1833 γεωργικόν
1769 1818 1777 1831 ,
1793 1799 1837 1825 vel

1036 1841 1066 1868 τὸ
1080 1841 1263 1877 φρουρητικόν
1280 1846 1353 1869 recte
1367 1842 1477 1869 dicitur.
1492 1842 1566 1870 Nihil
1586 1843 1661 1870 aliud
1685 1843 1731 1870 hic
1746 1844 1838 1871 voluit

1037 1888 1167 1923 lgnatius,
1183 1893 1209 1916 et
1224 1888 1290 1916 satis
1308 1888 1377 1916 bene
1396 1889 1562 1924 νεωτερικὴν
1581 1888 1659 1921 τάξιν
1674 1888 1838 1924 Paraphra-

1037 1941 1092 1964 stos
1105 1944 1154 1971 per
1163 1935 1277 1971 νεότητα
1291 1935 1435 1970 expressit.

1072 1982 1132 2010 Jam
1143 1989 1208 2009 vero
1223 1981 1269 2017 qui
1283 1981 1329 2009 hic
1346 1989 1400 2008 non
1414 1985 1522 2008 aetatem
1543 1981 1677 2016 episcopi,
1690 1982 1739 2010 sed
1755 1984 1837 2009 novi-

1037 2034 1119 2057 tatem
1139 2029 1244 2056 ordinis
1263 2028 1427 2064 episcopalis
1446 2027 1572 2055 denotari
1594 2028 1708 2061 volunt,
1724 2033 1753 2056 et
1776 2037 1836 2056 rem

1037 2075 1171 2103 inducunt
1183 2074 1217 2102 ab
1228 2074 1349 2102 auctoris
1367 2079 1458 2101 mente
1474 2081 1587 2109 prorsus
1609 2074 1746 2108 alienam;
1763 2080 1791 2102 et
1807 2081 1838 2102 ut

1037 2121 1065 2149 id
1083 2121 1187 2149 faciant
1200 2125 1287 2148 totum
1300 2124 1460 2148 contextum
1481 2121 1551 2148 mire
1565 2125 1765 2156 contorquent.
1782 2121 1838 2149 Ne-

1039 2175 1092 2202 que
1103 2167 1176 2195 enim
1191 2167 1249 2202 ipse
1262 2166 1395 2201 lgnatius,
1414 2174 1502 2201 neque
1515 2174 1600 2194 sanus
1613 2170 1767 2202 quisquam
1783 2169 1838 2195 sub

195 2214 309 2250 τόμενος
323 2198 440 2247 οίδδαιιοῦ
455 2210 562 2245 τίθησιν
577 2198 646 2235 ἐτῶν
660 2207 792 2243 ἀριθμόν,
808 2207 841 2234 de
858 2207 935 2241 apisci

1095 2221 1114 2240 IS
1126 2221 1255 2246 persona,
1273 2213 1307 2240 de
1315 2212 1436 2240 novitate
1449 2212 1626 2247 episcopatus
1640 2212 1835 2247 disseruisset,

196 2265 329 2296 prccepta
349 2259 416 2286 dans
437 2256 534 2284 nuttibi
553 2262 686 2282 annorum
709 2261 847 2280 numerum
871 2252 985 2284 statuit,

196 2307 272 2335 Orat.
284 2308 313 2334 in
328 2305 437 2333 viduam
445 2304 577 2339 juvenem.
598 2300 661 2328 Haec
683 2299 775 2328 omnia
791 2307 825 2327 ex
845 2299 905 2334 ipso
921 2306 986 2326 con-

196 2358 272 2381 textu
285 2357 366 2380 enata
375 2351 444 2379 adeo
455 2350 546 2385 plana,
555 2347 710 2383 perspicua.
724 2346 830 2381 sibique
844 2345 985 2373 cohaeren-

198 2400 235 2426 tia
250 2403 332 2432 sunt;
349 2402 379 2425 ut
394 2404 445 2425 nec
464 2396 549 2423 alium
566 2400 678 2421 sensum
692 2393 751 2420 hinc
766 2392 847 2419 verba
859 2395 907 2418 aut
922 2390 986 2418 fun-

197 2446 264 2473 dant
276 2448 325 2472 aut
337 2443 494 2470 admittant.
515 2440 609 2475 Neque
626 2439 776 2474 quidquam
796 2437 897 2465 habent
911 2435 986 2472 quod

198 2494 339 2526 opponant
357 2488 531 2521 adversarii,
550 2487 604 2514 nisi
625 2485 699 2521 quod
725 2485 835 2512 modum
856 2482 986 2519 loquendi

199 2541 319 2573 spectat;
335 2536 382 2571 qui
395 2536 418 2564 si
433 2534 591 2563 inusitatior
605 2533 741 2566 videatur,
753 2539 786 2559 eo
800 2531 893 2558 minus
906 2529 987 2565 lgna-

198 2585 292 2611 tianus
314 2582 400 2610 videri
421 2589 476 2609 non
490 2580 595 2608 debuit.
610 2577 785 2614 Νεωτερικὴν
799 2577 875 2609 τάξιν
890 2576 924 2603 de
941 2575 987 2610 ju-

198 2634 310 2658 ventute
330 2628 422 2656 Damae
445 2627 566 2663 episcopi
588 2626 701 2661 intelligi
727 2624 841 2656 nolunt,
858 2623 922 2658 quia
937 2621 987 2648 τά-

199 2676 241 2710 ξις
253 2677 287 2704 ad
301 2680 407 2704 aetatem
427 2674 522 2702 rel'erri
536 2682 590 2701 non
608 2677 706 2709 potest,
729 2676 759 2699 ιιι
771 2675 865 2699 censet
880 2669 988 2696 Salma-

200 2724 269 2751 sius.
292 2722 346 2750 Sed
361 2729 393 2749 ea
412 2729 465 2748 vox
482 2725 537 2748 tam
553 2720 614 2748 latae
629 2717 837 2755 signiﬁcationis
852 2721 895 2745 est
914 2715 986 2750 apud

199 2769 321 2801 Cmam.
335 2772 365 2796 ut
382 2768 416 2796 ad
430 2771 537 2795 aetatem
556 2772 603 2795 aut
616 2765 765 2802 quemlibet
779 2765 907 2791 humanae
924 2762 987 2789 vita:

200 2820 302 2843 statum
325 2822 382 2842 sive
403 2814 588 2842 conditionem
609 2812 706 2841 referri
731 2811 828 2847 possit.
855 2808 987 2842 Quamvis

193 2863 273 2890 enim
285 2861 360 2895 τάξις
373 2869 444 2898 saepe
464 2868 514 2896 pro
532 2860 627 2889 ordine
648 2865 737 2891 sacro,
753 2860 800 2884 aut
813 2854 987 2883 ordinatione

1037 2260 1065 2287 in
1078 2267 1133 2294 quo
1146 2259 1206 2295 ipse
1221 2259 1279 2294 jam
1292 2263 1486 2286 consenuerat.
1504 2258 1651 2291 Quomodo
1667 2259 1715 2287 ille
1729 2260 1839 2295 episco-

1036 2310 1131 2341 patum
1147 2305 1280 2332 novellam
1302 2305 1502 2332 institutionem
1521 2312 1583 2332 esse
1596 2304 1713 2337 diceret,
1729 2310 1758 2333 et
1775 2296 1839 2341 qui-

1036 2352 1099 2379 dem
1109 2355 1151 2378 tot
1166 2351 1256 2384 annis,
1272 2355 1303 2378 ut
1319 2350 1357 2377 illi
1377 2350 1482 2382 volunt,
1498 2354 1562 2385 post
1577 2350 1704 2377 omnium
1722 2357 1838 2386 aposto-

1037 2397 1126 2425 lorum
1148 2402 1264 2424 mortem
1284 2396 1479 2430 introductam,
1497 2395 1545 2431 qui
1559 2395 1668 2423 ordinis
1686 2397 1837 2432 cpiscopa‘

1036 2443 1073 2472 lis
1090 2443 1290 2479 institutionem
1313 2449 1421 2478 semper
1439 2442 1494 2470 Deo
1515 2447 1543 2470 et
1561 2441 1678 2469 Christo
1700 2448 1838 2479 tanquam

1038 2489 1143 2516 auctori
1156 2488 1269 2516 tribuit?
1281 2487 1338 2516 lloc
1352 2487 1412 2523 ipso
1423 2488 1484 2515 loco
1495 2487 1590 2515 laudat
1601 2486 1752 2516 Sotionem
1762 2490 1837 2524 quod

1038 2535 1178 2569 subjectus
1193 2534 1228 2562 sit
1247 2534 1392 2569 episcopo,
1421 2533 1458 2566 ὡς
1472 2533 1565 2569 χάριτι
1587 2533 1676 2566 Θεοῦ,
1705 2540 1838 2571 tanquam

1038 2581 1132 2615 gratim
1145 2580 1201 2607 Dei.
1219 2579 1340 2614 Epistola
1357 2580 1390 2607 ad
1414 2579 1548 2614 Ephesios
1566 2588 1572 2605 :
1594 2581 1619 2606 oi
1635 2581 1790 2610 ἐπίσκοποι
1814 2585 1838 2609 οἱ

1038 2625 1109 2653 κατὰ
1130 2625 1235 2661 πέρατα
1254 2624 1407 2660 ὀρισθέντες
1429 2625 1458 2651 ὲν
1479 2624 1566 2660 Ἰησοῦ
1583 2625 1708 2661 Χριστοῦ
1739 2628 1838 2665 γνώμῃ

1038 2671 1100 2699 εἱσι.
1120 2670 1203 2698 Vetus
1218 2670 1351 2705 interpres
1367 2679 1374 2696 :
1391 2669 1464 2705 Ipsi,
1483 2671 1525 2697 vel
1535 2671 1664 2706 episcopi,
1686 2675 1837 2701 secundum

1039 2722 1116 2745 terra:
1130 2716 1193 2750 ﬁnes
1216 2715 1384 2742 determinati
1404 2715 1468 2743 Jesu
1487 2715 1588 2744 Christi
1609 2720 1749 2747 sententia
1764 2726 1836 2747 sunt.

1039 2761 1173 2788 Describit
1192 2761 1350 2795 episcopum
1368 2769 1374 2787 :
1400 2760 1429 2787 ὃν
1451 2759 1556 2795 πέμπει
1578 2761 1782 2801 οἰκοδεσπότης
1799 2766 1838 2795 si;

1040 2808 1107 2835 ἰδίαν
1120 2806 1283 2842 οἰκονομίαν,
1295 2814 1370 2841 quem
1382 2807 1464 2833 mittit
1478 2805 1608 2834 Dominus
1619 2808 1720 2836 domus
1736 2811 1767 2837 in
1780 2819 1838 2845 pro-

1037 2853 1124 2888 priam
1139 2851 1369 2887 dispensationem,
1380 2851 1426 2887 qui
1441 2855 1482 2879 est
1493 2850 1633 2881 Christus.
1654 2853 1788 2890 Epistula
1803 2856 1836 2883 ad
