1874 3070
62 146 89 174 ιε

396 145 421 172 J.
440 144 620 172 PEARSONII
645 143 806 172 VlNDlCle‘lS

909 143 1035 172 TIANE.
1055 159 1091 164 —
1106 143 1317 174 Ριιοωιιῐυκ.

1635 152 1671 179 ιε

61 203 207 234 Trallianos,
223 203 367 238 Ἐρῤωσθε
386 206 413 232 ἐν
429 205 517 241 Ἰησοῦ
532 205 655 241 Χριστῷ,
677 206 824 232 ὑποτασσό-

909 207 1008 238 tendit,
1025 211 1054 234 ut
1073 206 1202 242 episcopo
1216 213 1277 240 suo,
1291 208 1418 242 quamvis
1426 207 1537 243 juvene,
1554 209 1672 239 inutilia-

59 258 120 285 μενοι
134 250 171 286 τῷ
189 251 342 286 ὲπισκόπῳ,
359 251 397 284 ὡς
420 253 452 288 τῇ
468 252 577 288 ἐντολῇ,
597 252 687 279 Vtiletc
708 253 736 278 in
761 251 828 279 Iesu

58 296 155 328 Christo,
167 297 277 331 subjecti
287 297 420 332 episcopo,
436 303 464 325 ut
487 297 534 325 Dei
548 298 688 325 mandato.
703 296 733 324 Si
749 297 827 325 novi-

58 350 125 372 tatem
146 345 306 381 episcopalis
322 347 429 375 ordinis
453 352 548 374 notare
573 347 707 375 voluisset
730 350 826 375 auctor

58 391 231 425 Epistolarum,
244 400 294 420 cur
309 401 364 420 non
379 393 445 421 alibi
458 394 550 429 potius
574 393 600 421 id
616 392 703 421 fecit?
724 392 754 420 Si
777 401 827 421 no-

58 438 112 464 reila
125 438 177 465 haec
191 438 327 466 institutio
341 439 446 473 fuisset,
459 448 491 467 ea
505 439 624 474 objectio
637 445 691 467 tam
702 440 729 467 in
743 439 826 475 Poly-

57 482 99 514 hio,
112 482 243 515 Onesimo,
255 489 283 511 et
294 484 458 520 Polycarpo,
471 493 553 520 quam
574 487 600 512 in
617 484 702 512 Dama
721 484 826 512 valuis-

56 534 100 562 set;
118 533 141 556 et
156 530 307 558 consultius
325 532 412 558 multo
432 531 552 564 fecisset,
575 531 597 559 si
617 535 683 558 tunc
698 538 759 558 eam
772 530 826 558 tol-

56 576 100 603 lere
107 581 212 604 conatus
222 582 306 609 esset,
323 585 386 605 cum
397 578 527 614 grandior
537 578 658 613 episcopi
669 582 747 610 tetas,
761 585 826 605 cum

55 623 155 656 gravitas
170 628 195 651 et
208 628 334 658 spectata
351 624 403 652 viri
419 625 564 660 prudentia
577 625 697 660 aliquam
717 625 826 652 novello

55 669 128 696 ordini
146 670 337 697 auctoritatem
363 670 551 698 conciliarent.
574 670 632 698 Non
646 675 701 698 tam
718 671 825 706 impru-

54 714 144 742 dentem
169 715 302 751 lgnatium
317 736 325 748 ,
352 724 407 744 non
426 721 482 744 tam
510 717 622 744 stultum
647 717 824 752 impostorem

54 761 104 794 quis
116 765 183 795 putet
195 781 203 793 ,
216 765 246 788 ut
267 761 373 796 populo
390 761 560 796 juventutem
575 762 707 797 episcopi,
725 767 752 790 et
764 770 825 798 pre-

54 807 151 842 sbyteris
163 808 241 847 simul
257 808 410 836 novitatem
424 809 530 836 ordinis
545 809 710 844 episcopalis
724 808 825 844 proba-

54 860 77 879 re
91 858 230 880 conaretur.
243 853 322 881 Adeo
339 854 452 881 novellae
472 854 653 882 institutionis
668 855 772 883 mentio
790 855 825 882 ab

56 898 122 933 hujus
140 899 188 926 loci
212 904 311 927 natura
340 905 366 928 et
391 900 533 935 scriptoris
566 900 692 928 instituto
712 909 826 936 prorsus

56 945 126 972 aliena
153 950 200 974 est.
216 945 295 979 Quod
317 946 409 974 adhuc
433 947 600 974 luculentius
624 949 777 982 apparebit,
802 948 825 976 si

56 991 295 1025 animadvertamus,
309 993 413 1027 quibus
428 993 565 1020 cuniculis
580 994 702 1021 auctoris
716 999 826 1022 senten-

55 1037 107 1063 tiam
119 1037 252 1068 subruant,
267 1038 373 1073 quibus
394 1038 529 1066 machinis
542 1039 634 1066 omnia
650 1041 825 1073 conturbent,

55 1083 92 1116 qui
110 1083 232 1110 novellam
249 1085 322 1111 hanc
346 1084 545 1112 institutionem
567 1086 700 1114 hactenus
718 1086 826 1114 inaudi—

54 1134 98 1155 tam
110 1128 167 1157 hinc
176 1131 326 1157 extundere
339 1137 483 1158 conantur.
505 1130 597 1159 Primo
611 1132 762 1167 Salmasius
778 1133 826 1160 ob-

57 1180 130 1201 servat
141 1175 315 1209 impostorem
328 1184 422 1210 suum,
431 1177 564 1211 lgnatium
575 1182 710 1210 nostrum,
722 1178 826 1206 dixisse

55 1221 223 1257 πρεσϐυτέριον
233 1230 295 1250 esse
310 1222 396 1257 νόμον
406 1222 535 1258 Χριστοῦ,
550 1224 612 1258 quia
626 1232 658 1250 ea:
677 1224 826 1251 institutio-

56 1272 110 1293 seet
123 1268 249 1295 voluntate
268 1268 375 1296 Christi
398 1269 579 1296 introductum
601 1274 660 1302 est,
684 1268 825 1298 Sotionem

56 1319 128 1341 autem
140 1314 276 1349 laudasse,
300 1315 377 1350 quod
391 1316 521 1350 episcopo
538 1315 680 1350 subjectus
690 1320 773 1349 esset,
788 1315 826 1348 ὡς

56 1361 128 1396 χάριτι
139 1361 211 1395 Θεοῦ,
224 1366 253 1388 ut
271 1362 371 1397 gratim
386 1361 444 1394 Dei,
461 1370 512 1397 quo
532 1371 626 1390 novam
638 1362 705 1389 hanc
718 1363 827 1390 institu-

56 1407 134 1434 tionem
149 1407 261 1442 episcopi
279 1408 443 1443 presbyteris
461 1409 655 1444 superponendi
670 1408 725 1436 Deo
744 1409 825 1436 etiam

55 1453 137 1480 placere
146 1454 297 1481 aitenderet.
314 1453 369 1481 Sed
383 1454 445 1488 quis
459 1462 580 1489 unquam
596 1461 628 1481 ex
643 1461 676 1482 eo
697 1454 825 1482 ostende-

56 1502 88 1525 ret
100 1499 275 1534 episcopatum
295 1498 466 1534 presbyteris
481 1499 569 1533 primo
581 1499 824 1534 superimpositum

54 1543 123 1572 fuisse
135 1546 215 1581 gratia
240 1545 310 1577 Dei,
327 1545 391 1580 quia
414 1546 613 1580 presbyterium
637 1553 671 1572 ex
696 1545 754 1580 lege
777 1544 824 1572 Dei

54 1591 218 1626 praseriptum
239 1596 293 1624 est,
317 1591 494 1626 episcopatus
514 1591 562 1618 illo
583 1591 711 1626 superior
727 1599 761 1618 ex
776 1599 824 1619 vo-

55 1636 141 1664 luntate
165 1637 306 1665 hominum
328 1637 511 1669 introductus,
526 1643 553 1665 et
570 1637 678 1672 quidem
701 1637 747 1665 diu
763 1643 826 1672 post

54 1683 218 1717 apestolorum
228 1684 356 1711 omnium
374 1683 568 1712 mortem?Aut
578 1685 641 1718 quis
655 1683 775 1718 colliget,
790 1692 823 1711 ex

53 1736 88 1761 eo,
97 1730 161 1764 quod
174 1731 236 1766 quid
246 1732 338 1767 gratia
350 1730 396 1758 Dei
407 1730 508 1758 factum
517 1738 577 1758 esse
585 1730 695 1763 dicitur,
709 1730 780 1757 idem
790 1738 823 1757 ex

53 1774 171 1803 voluntate
182 1781 207 1803 el
221 1776 398 1804 institutione
409 1776 501 1803 divina
514 1775 596 1803 etiam
615 1775 743 1810 primaeva
760 1783 824 1810 pro—

54 1820 136 1849 fectum
149 1830 199 1850 non
214 1824 297 1851 esse?
319 1822 485 1850 Salmasium
501 1822 591 1857 ipsum
611 1821 727 1857 appello,
745 1822 825 1856 cujus

54 1866 100 1895 haec
113 1869 187 1897 verba
204 1874 268 1897 sunt
285 1878 292 1895 :
311 1868 397 1901 Quasi
409 1877 468 1896 vero
483 1877 515 1896 ea
532 1876 591 1903 qua:
608 1876 640 1894 ea:
656 1868 824 1894 institutione

53 1911 136 1941 Christi
148 1920 300 1947 manarunt,
317 1923 370 1941 non
382 1915 463 1941 etiam
477 1914 523 1941 Dei
538 1915 654 1950 gratiam
668 1914 823 1948 prie/erant.

54 1958 84 1986 Ea
94 1961 145 1989 sine
154 1962 225 1989 omni
239 1962 326 1990 dubio
341 1961 483 1996 scriptoris
498 1968 576 1988 mens
589 1960 651 1993 fuit,
663 1960 825 1995 quiepisco-

54 2006 126 2039 palcm
139 2008 269 2041 ordinem,
289 2013 429 2043 quatenus
440 2007 609 2043 presbyterio
628 2005 825 2041 superimposi-

55 2056 88 2080 tus
99 2059 150 2086 est,
170 2062 240 2082 nunc
264 2055 349 2090 χάριν
372 2053 455 2087 Θεοῦ,
474 2060 547 2080 nunc
564 2051 676 2089 γνώμην
691 2051 822 2088 Χριστοῦ,

55 2106 113 2127 nunc
125 2101 168 2136 τὴν
184 2102 294 2138 ἐντολήν
316 2100 434 2136 appellat
445 2121 452 2132 ,
470 2100 593 2135 adeoque
610 2108 643 2127 ex
659 2100 746 2135 gratia
764 2098 824 2131 Dei,

54 2151 80 2171 ex
93 2147 213 2175 sententia
226 2147 346 2178 Christi,
361 2155 396 2174 ex
411 2147 540 2174 mandato
561 2146 655 2174 divino
669 2146 823 2173 institutum

839 1564 859 1592 C

880 252 945 279 riter
957 257 1084 285 utantur;
1101 257 1206 280 tantam
1223 253 1247 281 ei
1258 252 1348 281 omcio
1360 253 1519 289 dignitatem
1534 257 1671 291 attribuit,

879 303 909 326 ut
925 299 961 326 ob
975 306 1120 333 personam
1135 299 1282 327 evilescere
1295 308 1348 327 non
1368 301 1475 329 debeat.
1492 302 1513 328 Α
1529 303 1672 339 presbyte-

878 345 918 372 ris
931 345 998 372 nihil
1020 345 1135 373 omnino
1159 347 1227 381 petit
1253 354 1261 373 :
1283 347 1357 382 quod
1382 355 1477 376 eorum
1504 348 1622 378 ofﬁcium
1643 351 1670 378 in

879 391 930 419 hac
943 399 972 419 re
983 391 1029 424 sit,
1048 399 1082 419 ne
1093 392 1173 420 docet
1188 392 1309 428 quidem.
1327 393 1400 428 quod
1415 401 1464 422 eos
1486 395 1554 422 satis
1567 395 1601 423 ad
1617 396 1671 424 huc

878 438 1064 471 praestandum
1080 442 1221 474 promptos
1237 444 1264 465 et
1278 439 1383 467 alacres
1394 447 1455 468 esse
1473 441 1604 470 novisset.
1619 441 1672 469 Eo-

879 491 939 511 rum
956 484 1038 519 igitur
1053 485 1209 520 exemplum
1228 485 1300 520 plebi
1311 486 1441 521 proponit
1453 508 1461 520 ,
1480 487 1670 523 mquissimnm

877 537 938 558 esse
949 529 1088 565 judicans,
1105 535 1134 558 ut
1153 531 1192 558 illi
1207 532 1324 567 populus
1335 540 1398 560 cum
1416 533 1492 560 omni
1515 535 1670 563 reverentia

876 575 1071 610 subjiceretur,
1090 576 1135 604 cui
1159 577 1311 613 presbyteri
1335 577 1395 605 sine
1415 578 1469 606 ulla
1492 580 1671 608 excusatione

876 627 1013 656 parerent.
1029 621 1088 650 Hoc
1102 627 1192 650 autem
1207 623 1259 651 sibi
1275 624 1359 659 probe
1378 625 1517 660 cognitum
1532 633 1594 653 esse
1604 633 1669 661 pro-

877 668 978 701 fitetur,
993 668 1041 703 qui
1057 677 1111 696 non
1123 674 1229 696 tantum
1243 669 1357 697 Damam
1368 671 1526 706 episcopum
1543 679 1605 699 cum
1620 671 1671 700 So-

879 715 954 742 tione
969 714 1086 742 diacono
1101 715 1162 750 ejus
1173 736 1181 748 ,
1198 716 1244 744 sed
1260 722 1288 744 et
1309 716 1435 750 Bassum,
1447 722 1475 745 et
1493 718 1669 752 Apollonium

876 761 1052 798 presbyteros
1068 770 1174 794 secum,
1189 767 1254 790 tunc
1268 771 1331 790 cum
1351 763 1494 793 scriberet.
1519 764 1617 792 habuit
1630 774 1637 798 ;
1653 773 1669 793 ι

876 809 978 843 quibus
991 809 1075 843 probe
1090 808 1224 836 intellexit
1237 817 1319 844 quam
1336 810 1465 845 episcopo
1487 817 1538 837 suo
1557 811 1669 847 presby—

877 855 928 882 teri
946 855 1126 883 reverentiam
1141 855 1317 883 exhibuerint
1332 863 1339 881 :
1357 856 1430 883 unde
1444 864 1492 891 per
1503 861 1587 884 totam
1603 856 1670 892 Epi-

878 900 976 929 stolam
991 909 1131 936 nunquam
1140 901 1314 937 presbyteros
1326 905 1418 929 monet
1428 906 1457 929 ut
1466 902 1595 937 episcopo
1606 909 1667 935 suo,

878 946 925 974 sed
938 947 1068 981 populum
1083 951 1201 979 tanturn,
1218 951 1248 974 ut
1265 951 1292 974 et
1304 946 1433 982 episcopo
1447 951 1474 974 et
1490 948 1667 983 presbyteris.

878 997 972 1027 utpote
982 992 1083 1027 optime
1103 992 1353 1024 consentientibus,
1369 990 1485 1028 subjecti
1510 993 1574 1021 sint.
1595 993 1668 1021 Nihil

879 1037 961 1073 igitur
976 1045 992 1065 a
1013 1038 1182 1073 presbyteris
1199 1038 1265 1073 petit
1285 1047 1292 1065 :
1318 1046 1351 1066 ne
1367 1039 1479 1065 minima
1494 1039 1604 1074 quidem
1621 1048 1668 1067 vo-

879 1083 938 1110 cula
953 1088 1004 1115 est,
1021 1091 1082 1119 qua
1094 1083 1176 1110 ullam
1195 1084 1311 1119 speciem
1327 1084 1389 1111 talis
1406 1085 1546 1120 petitionis
1560 1089 1607 1112 aut
1618 1093 1667 1113 ex--

879 1129 1041 1157 hortationis
1056 1137 1110 1165 pra:
1128 1138 1157 1158 se
1172 1129 1251 1158 ferat.
1267 1130 1318 1163 Qui
1330 1138 1388 1158 retu
1404 1138 1502 1158 novam
1527 1133 1668 1159 sententia:

879 1174 979 1203 inferre
999 1176 1101 1207 voluit,
1123 1184 1223 1203 novam
1244 1177 1400 1212 petitionem
1418 1178 1591 1214 excogitavit,
1608 1179 1668 1207 sine

878 1228 932 1255 qua
943 1228 975 1248 ea
988 1220 1082 1248 inferri
1097 1222 1172 1249 nullo
1193 1222 1273 1249 modo
1285 1223 1383 1258 potuit.
1402 1221 1456 1250 Sed
1472 1223 1593 1259 lgnatius
1605 1225 1668 1252 uni-

877 1273 937 1294 cam
953 1267 1171 1295 exhortationem
1191 1268 1225 1296 ad
1240 1269 1370 1303 populum
1384 1270 1567 1305 persequitur,
1583 1278 1666 1306 quam

877 1313 1004 1349 exemplo
1024 1313 1245 1350 presbyterorum
1269 1315 1369 1350 premit
1389 1321 1537 1351 urgetque,
1559 1316 1666 1349 καθὼς,

877 1359 977 1395 inquit,
997 1358 1095 1393 ἔγνων,
1107 1359 1340 1394 quemadmodum
1361 1361 1477 1396 cognovi
1492 1361 1667 1397 presbyteros

877 1405 1015 1432 animatos
1030 1411 1103 1436 esse,
1119 1404 1156 1431 ita
1170 1408 1198 1431 et
1212 1412 1262 1433 vos
1274 1405 1388 1433 animati
1401 1406 1472 1433 sitis.
1485 1405 1565 1434 Nulla
1584 1407 1668 1442 igitur

877 1453 936 1476 arte
951 1448 1082 1483 populum
1098 1447 1256 1483 aggreditur
1267 1448 1499 1484 lgnatius,‘multo
1511 1452 1604 1479 minus
1613 1453 1665 1479 alia

877 1494 1006 1529 populum
1017 1514 1026 1527 ,
1045 1493 1101 1520 alia
1122 1493 1287 1529 presbyteros
1309 1499 1367 1522 arte
1385 1497 1547 1531 aggreditur,
1563 1502 1594 1524 ut
1609 1499 1667 1526 vult

879 1539 1043 1571 Salmasius,
1058 1545 1129 1574 quos
1149 1546 1182 1566 ex
1211 1539 1332 1574 ipsorum
1356 1542 1564 1569 conversatione
1591 1543 1667 1570 novit

876 1586 910 1614 ad
924 1585 1104 1613 reverentiam
1124 1585 1253 1620 episcopo
1272 1586 1452 1614 exhibendam
1478 1587 1544 1615 satis
1570 1594 1667 1623 sponte

876 1642 925 1661 sua
941 1633 1016 1660 ferri.
1037 1632 1111 1660 Adeo
1133 1632 1234 1660 misere
1254 1633 1328 1660 hunc
1348 1633 1439 1661 locum
1455 1635 1534 1662 torsit
1558 1633 1665 1662 Salma-

876 1680 944 1712 sius,
958 1684 988 1707 ut
1002 1679 1036 1707 ad
1056 1687 1134 1707 suam
1158 1679 1321 1706 sententiam
1337 1687 1399 1706 eum
1416 1680 1547 1708 traheret.
1571 1680 1666 1716 Neque

875 1727 987 1754 mirum.
1001 1726 1100 1753 Totum
1112 1726 1184 1753 enim
1197 1726 1263 1753 illud
1274 1726 1430 1760 aedificium,
1448 1726 1522 1762 quod
1534 1727 1592 1762 ipse
1601 1736 1663 1756 cum

875 1772 1027 1806 Blondello,
1046 1772 1080 1800 de
1092 1772 1270 1800 successione
1283 1773 1402 1807 proximi
1417 1768 1569 1808 presbyteri
1583 1774 1611 1801 in
1623 1774 1664 1801 Io-

875 1827 938 1847 cum
953 1827 1002 1846 seu
1015 1819 1162 1854 primatum
1171 1818 1338 1850 decedentis,
1351 1823 1533 1851 exstruxerat,
1547 1820 1599 1847 hoc
1610 1828 1666 1848 uno

876 1865 1032 1893 testimonio
1043 1864 1195 1898 subruitur,
1204 1869 1231 1891 et
1241 1863 1364 1892 funditus
1377 1865 1518 1892 evertitur.
1528 1864 1578 1892 Ubi
1590 1866 1663 1893 enim

875 1911 921 1938 illa
935 1911 1074 1938 successio
1083 1910 1163 1945 primi
1175 1910 1326 1938 secundum
1342 1910 1540 1939 institutionem
1551 1913 1664 1949 presby-

875 1957 927 1985 teri
951 1965 980 1984 ιιι
1001 1957 1091 1984 locum
1105 1956 1245 1990 defuncti,
1261 1956 1308 1984 ubi
1331 1956 1447 1991 Damas,
1465 1962 1545 1985 aetate
1557 1958 1662 1993 junior.

875 2004 923 2032 toti
945 2004 1115 2040 presbyterio
1140 2004 1309 2039 praeﬁcitur?
1332 2002 1411 2031 Unde
1435 2004 1503 2031 tanti
1528 2005 1664 2041 privilegii

875 2058 942 2078 usus
953 2054 1074 2085 apparet,
1093 2058 1156 2077 cum
1169 2050 1221 2085 ipsi
1236 2049 1387 2086 presbyteri
1405 2050 1430 2077 ei
1444 2050 1483 2078 rei
1500 2055 1554 2078 tam
1573 2059 1664 2086 prom-

874 2102 919 2132 pte
928 2097 1113 2124 consentirent
1123 2097 1135 2124 ?

909 2144 992 2172 Miror
1008 2149 1097 2171 autem
1115 2143 1274 2180 Dionysium
1293 2143 1447 2177 Petavium,
1463 2146 1511 2180 qui
1526 2145 1664 2174 Salmasio

55 2189 125 2218 fuisse
136 2192 217 2220 docet.
231 2193 349 2220 Frustra
357 2191 440 2227 igitur
453 2192 605 2226 excogitata
614 2196 656 2219 est
666 2191 711 2218 illa
726 2190 825 2218 distin-
875 2190 943 2217 adeo
957 2189 1116 2216 adversatus
1131 2193 1182 2221 est,
1198 2196 1261 2216 eum
1284 2193 1375 2216 tamen
1392 2191 1418 2216 in
1434 2190 1485 2217 hac
1500 2190 1663 2225 interpreta-

53 2237 97 2264 ctio
115 2238 178 2266 inter
191 2240 309 2275 gratiam
333 2244 359 2266 et
380 2239 465 2274 legem
486 2239 533 2266 Dei
555 2239 751 2274 evangelicum.
775 2238 823 2265 Se-
840 2238 861 2265 D
877 2236 949 2263 tione
961 2235 1079 2263 duorum
1097 2234 1293 2262 vocabulorum
1306 2240 1429 2262 secutum
1444 2243 1516 2269 esse,
1527 2240 1555 2264 et
1567 2236 1601 2263 ad
1616 2245 1664 2264 no-

54 2283 137 2315 cundo,
152 2285 237 2312 adhuc
260 2284 438 2313 manifestius
456 2285 510 2311 vim
531 2284 591 2312 loco
614 2284 697 2312 infert
711 2284 825 2311 minime

54 2327 183 2363 ferendam,
207 2331 271 2358 dum
288 2330 427 2365 duplicem
449 2337 482 2357 ex
501 2329 543 2357 his
559 2329 648 2357 verbis
665 2329 824 2364 petitionem

53 2375 170 2409 proponit,
184 2381 213 2404 ut
226 2377 259 2404 de
280 2376 366 2404 rebus
386 2375 494 2403 duabus
506 2376 666 2410 scriptorem
688 2383 778 2410 agere,
792 2375 825 2403 de

52 2420 176 2453 iuventute
197 2423 303 2450 scilicet
326 2422 448 2457 episcopi
465 2426 492 2449 et
512 2422 632 2449 novitate
650 2421 824 2456 episcopatus

54 2466 143 2494 doceat.
158 2467 242 2495 Unam
257 2467 419 2504 petitionem
435 2467 469 2494 ad
483 2466 602 2501 plebem,
617 2466 699 2493 aliam
715 2466 748 2492 ad
762 2473 825 2500 prc-

55 2511 160 2546 sbyteros
172 2514 271 2550 dirigit.
292 2514 380 2546 Petit,
395 2514 496 2548 inquit,
512 2521 528 2540 a
541 2512 624 2548 plebe,
640 2518 730 2539 utnon
743 2512 823 2539 nimis

55 2556 204 2589 familiariter
213 2568 272 2587 cum
281 2560 405 2595 episcopo
419 2563 492 2594 agat,
507 2559 576 2593 quod
592 2558 714 2585 videatur
720 2557 824 2592 junior;

53 2604 107 2635 petit
119 2613 133 2630 α
142 2606 306 2641 presbyteris,
325 2609 355 2632 ut
368 2605 424 2632 sine
438 2604 593 2640 prwjudicio
607 2604 785 2639 approbandre
799 2609 825 2631 et

54 2649 190 2683 recipienda:
213 2652 322 2679 novella
345 2651 425 2686 hujus
446 2651 623 2678 institutionis
636 2671 644 2682 ,
660 2652 785 2678 honorem
800 2651 824 2677 ei

54 2694 176 2728 deferrent.
189 2696 225 2724 Ita
237 2697 389 2732 Epistolam
415 2696 518 2731 duplici
539 2696 652 2724 nomine
669 2695 823 2730 petitoriam

55 2742 174 2776 proponit,
186 2751 247 2771 cum
262 2751 296 2771 ne
308 2751 363 2770 una
377 2743 488 2777 quidem
500 2742 545 2770 hic
556 2742 651 2777 petitio
660 2742 706 2773 sit,
721 2741 823 2769 nedum

55 2784 113 2812 dua.
121 2785 175 2814 Non
185 2788 249 2822 petit
257 2787 381 2824 lgnatius
391 2787 540 2822 quidquam
550 2795 564 2814 a
572 2787 682 2822 populo,
690 2786 736 2814 sed
744 2787 824 2814 docet

56 2831 109 2865 quid
124 2840 168 2861 eos
186 2834 300 2867 deceat;
319 2836 384 2868 ὑμῖν
398 2834 427 2861 δὲ
444 2833 561 2870 πρέπε;,
585 2833 684 2868 inquit,
706 2833 743 2868 μὴ
759 2841 823 2866 συγ-

55 2878 154 2911 χρᾶσθαι
168 2881 200 2915 τῇ
215 2881 306 2917 ἡλικίᾳ
332 2880 379 2908 τιθῦ
398 2879 568 2914 ἐπισκόπου,
586 2879 743 2908 indecorum
762 2886 823 2907 esse

875 2289 938 2309 vam
966 2281 1150 2316 conjecturam
1165 2281 1229 2308 inde
1254 2280 1421 2316 confugisse.
1437 2282 1598 2318 Νεωτερικὴ
1615 2283 1663 2310 τάν

876 2325 916 2359 ξις
928 2347 935 2359 ,
954 2326 1042 2362 inquit
1065 2327 1121 2360 ille,
1141 2327 1243 2354 novitia
1259 2332 1285 2354 et
1311 2335 1407 2355 recens
1418 2331 1461 2355 est
1486 2327 1622 2356 ordinatio
1636 2334 1663 2357 et

875 2373 1020 2400 institutio.
1035 2372 1085 2400 Per
1099 2372 1174 2400 illam
1190 2377 1280 2400 autem
1297 2380 1351 2400 non
1367 2373 1498 2400 intellexit
1513 2373 1664 2402 institutio-

875 2427 937 2446 nem
956 2419 1063 2447 ordinis
1079 2419 1244 2454 episcopalis
1264 2427 1326 2446 cum
1342 2418 1487 2450 Salmasio.
1504 2419 1552 2447 sed
1569 2420 1663 2455 aliam,

875 2473 957 2501 quam
974 2466 1032 2500 ipse
1043 2470 1215 2494 commentus
1227 2470 1286 2500 est;
1303 2465 1376 2493 illam
1394 2473 1500 2501 nempe,
1512 2475 1572 2502 quo:
1590 2475 1663 2494 rom--

874 2513 972 2540 moveri
984 2517 1009 2539 et
1023 2512 1125 2547 jactari
1140 2517 1195 2540 tum
1215 2518 1338 2547 mperat,
1366 2511 1501 2539 nonnullis
1513 2521 1560 2547 per
1575 2514 1663 2539 ambi-

876 2558 974 2585 tionem
1007 2563 1031 2585 et
1067 2559 1240 2593 cupiditatem
1274 2559 1442 2587 introdu:ere
1473 2559 1662 2592 molientibus;

874 2604 1012 2637 nimirum,
1025 2609 1053 2631 ut
1072 2605 1237 2639 episcopatus
1256 2613 1308 2632 non
1321 2605 1405 2632 libera
1423 2605 1547 2632 electione
1566 2606 1598 2632 ab
1616 2606 1661 2639 iis,

874 2658 985 2685 quorum
1000 2650 1137 2683 intererat,
1153 2650 1198 2677 sed
1211 2659 1243 2678 ex
1256 2652 1342 2678 «etatis
1356 2651 1395 2678 vel
1406 2652 1529 2686 temporis
1545 2656 1662 2678 anteces—

875 2696 958 2727 sione,
974 2703 1025 2731 quo
1036 2697 1063 2722 in
1076 2696 1175 2723 elerum
1194 2701 1270 2723 erant
1292 2697 1432 2732 assumpti,
1444 2702 1473 2724 ut
1485 2705 1536 2724 mn
1556 2697 1661 2732 dignis-

874 2743 957 2770 simus
970 2743 1090 2778 quisque,
1104 2742 1150 2770 sed
1162 2743 1365 2778 antiquissimus
1384 2747 1533 2778 caperetur.
1550 2741 1587 2769 lta
1606 2743 1661 2770 duo

874 2787 966 2823 magni
979 2787 1030 2815 viri
1042 2795 1076 2815 ex
1091 2788 1226 2815 diametro
1239 2788 1355 2822 oppositi
1369 2795 1443 2815 sunt.
1459 2788 1505 2815 ille
1520 2788 1590 2815 hanc
1610 2796 1660 2815 an-

874 2833 978 2868 tiquam
1001 2833 1200 2861 institutionem
1215 2838 1305 2868 putat,
1321 2834 1367 2861 hic
1390 2834 1522 2861 novitiam
1537 2843 1543 2861 :
1560 2834 1604 2861 ille
1627 2835 1662 2861 ab

876 2879 1032 2915 apostolicis
1049 2879 1216 2916 temporibus
1231 2879 1386 2913 deductam,
1406 2880 1452 2908 hic
1466 2885 1590 2908 nontam
1613 2887 1662 2915 per
