  <div class='ocr_page' id='page_1' title='image "/cluster/home/n/w/nwhite01/storage/ocr_20150623/5/njp.32101077772372/041.png"; bbox 0 0 1874 3070; ppageno 0'>
   <div class='ocr_carea' id='block_1_1' title="bbox 179 142 1804 180">
    <p class='ocr_par' dir='ltr' id='par_1_1' title="bbox 179 142 1804 180">
     <span class='ocr_line' id='line_1_1' title="bbox 179 142 1804 180; baseline -0.009 0"><span class='ocrx_word' id='word_1_1' title='bbox 179 153 213 180; x_wconf 77' lang='grc' dir='ltr'><strong>ιτ</strong></span> <span class='ocrx_word' id='word_1_2' title='bbox 725 145 752 174; x_wconf 83' lang='lat' dir='ltr'><strong>S.</strong></span> <span class='ocrx_word' id='word_1_3' title='bbox 771 144 944 174; x_wconf 74' lang='lat' dir='ltr'><strong>lGNATlUS.</strong></span> <span class='ocrx_word' id='word_1_4' title='bbox 965 159 998 164; x_wconf 89' lang='lat'><strong>—-</strong></span> <span class='ocrx_word' id='word_1_5' title='bbox 1015 142 1283 171; x_wconf 80' lang='lat' dir='ltr'><strong>PROLEGOMENA.</strong></span> <span class='ocrx_word' id='word_1_6' title='bbox 1768 145 1804 174; x_wconf 69' lang='grc' dir='ltr'><strong>,ιθ</strong></span> 
     </span>
    </p>
   </div>
   <div class='ocr_carea' id='block_1_2' title="bbox 180 190 1804 230">
    <p class='ocr_par' dir='ltr' id='par_1_2' title="bbox 180 190 1804 230">
     <span class='ocr_line' id='line_1_2' title="bbox 180 190 1804 230; baseline -0.005 -3"><span class='ocrx_word' id='word_1_7' title='bbox 180 199 356 228; x_wconf 89' lang='lat' dir='ltr'><strong>ambitionem</strong></span> <span class='ocrx_word' id='word_1_8' title='bbox 370 195 566 228; x_wconf 74' lang='lat' dir='ltr'><strong>introductam,</strong></span> <span class='ocrx_word' id='word_1_9' title='bbox 581 201 663 230; x_wconf 89' lang='lat' dir='ltr'><strong>quam</strong></span> <span class='ocrx_word' id='word_1_10' title='bbox 676 202 690 221; x_wconf 89' lang='lat' dir='ltr'><strong>a</strong></span> <span class='ocrx_word' id='word_1_11' title='bbox 703 194 879 229; x_wconf 71' lang='lat' dir='ltr'><strong>presbyteris,</strong></span> <span class='ocrx_word' id='word_1_12' title='bbox 898 194 962 221; x_wconf 91' lang='lat' dir='ltr'><strong>dum</strong></span> <span class='ocrx_word' id='word_1_13' title='bbox 978 196 1001 224; x_wconf 77' lang='grc' dir='ltr'>Α</span> <span class='ocrx_word' id='word_1_14' title='bbox 1016 196 1104 219; x_wconf 87' lang='lat' dir='ltr'><strong>sonat.</strong></span> <span class='ocrx_word' id='word_1_15' title='bbox 1120 190 1158 218; x_wconf 87' lang='lat' dir='ltr'><strong>Ita</strong></span> <span class='ocrx_word' id='word_1_16' title='bbox 1174 191 1256 226; x_wconf 78' lang='lat' dir='ltr'><strong>igitur</strong></span> <span class='ocrx_word' id='word_1_17' title='bbox 1279 194 1366 224; x_wconf 82' lang='lat' dir='ltr'><strong>verto,</strong></span> <span class='ocrx_word' id='word_1_18' title='bbox 1378 191 1408 218; x_wconf 82' lang='grc' dir='ltr'>οὺ</span> <span class='ocrx_word' id='word_1_19' title='bbox 1426 191 1658 227; x_wconf 75' lang='grc' dir='ltr'><strong>προσειληφότας,</strong></span> <span class='ocrx_word' id='word_1_20' title='bbox 1685 200 1736 219; x_wconf 84' lang='lat' dir='ltr'><strong>non</strong></span> <span class='ocrx_word' id='word_1_21' title='bbox 1758 200 1804 219; x_wconf 86' lang='lat' dir='ltr'><strong>co-</strong></span> 
     </span>
    </p>
   </div>
   <div class='ocr_carea' id='block_1_3' title="bbox 179 241 963 278">
    <p class='ocr_par' dir='ltr' id='par_1_3' title="bbox 179 241 963 278">
     <span class='ocr_line' id='line_1_3' title="bbox 179 241 963 278; baseline -0.01 -4"><span class='ocrx_word' id='word_1_22' title='bbox 179 246 225 274; x_wconf 84' lang='lat' dir='ltr'><strong>alii</strong></span> <span class='ocrx_word' id='word_1_23' title='bbox 240 244 334 273; x_wconf 87' lang='lat' dir='ltr'><strong>nescio</strong></span> <span class='ocrx_word' id='word_1_24' title='bbox 344 242 392 278; x_wconf 87' lang='lat' dir='ltr'><strong>qui</strong></span> <span class='ocrx_word' id='word_1_25' title='bbox 407 249 466 270; x_wconf 87' lang='lat' dir='ltr'><strong>eam</strong></span> <span class='ocrx_word' id='word_1_26' title='bbox 496 241 669 269; x_wconf 82' lang='lat' dir='ltr'><strong>introducere</strong></span> <span class='ocrx_word' id='word_1_27' title='bbox 685 244 861 272; x_wconf 79' lang='lat' dir='ltr'><strong>conarentur,</strong></span> <span class='ocrx_word' id='word_1_28' title='bbox 881 247 963 274; x_wconf 86' lang='lat' dir='ltr'><strong>repu-</strong></span> 
     </span>
    </p>
   </div>
   <div class='ocr_carea' id='block_1_4' title="bbox 178 285 964 320">
    <p class='ocr_par' dir='ltr' id='par_1_4' title="bbox 178 285 964 320">
     <span class='ocr_line' id='line_1_4' title="bbox 178 285 964 320; baseline -0.01 -1"><span class='ocrx_word' id='word_1_29' title='bbox 178 293 291 319; x_wconf 87' lang='lat' dir='ltr'><strong>diatam.</strong></span> <span class='ocrx_word' id='word_1_30' title='bbox 307 288 360 317; x_wconf 87' lang='lat' dir='ltr'><strong>Sed</strong></span> <span class='ocrx_word' id='word_1_31' title='bbox 377 288 458 316; x_wconf 93' lang='lat' dir='ltr'><strong>talem</strong></span> <span class='ocrx_word' id='word_1_32' title='bbox 482 287 680 314; x_wconf 89' lang='lat' dir='ltr'><strong>institutionem</strong></span> <span class='ocrx_word' id='word_1_33' title='bbox 696 291 742 313; x_wconf 92' lang='lat' dir='ltr'><strong>aut</strong></span> <span class='ocrx_word' id='word_1_34' title='bbox 754 292 875 320; x_wconf 85' lang='lat' dir='ltr'><strong>unquam</strong></span> <span class='ocrx_word' id='word_1_35' title='bbox 892 285 964 312; x_wconf 90' lang='lat' dir='ltr'><strong>obti-</strong></span> 
     </span>
    </p>
   </div>
   <div class='ocr_carea' id='block_1_5' title="bbox 181 330 960 369">
    <p class='ocr_par' dir='ltr' id='par_1_5' title="bbox 181 330 960 369">
     <span class='ocr_line' id='line_1_5' title="bbox 181 330 960 369; baseline -0.01 -5"><span class='ocrx_word' id='word_1_36' title='bbox 181 337 283 369; x_wconf 88' lang='lat' dir='ltr'><strong>nuisse,</strong></span> <span class='ocrx_word' id='word_1_37' title='bbox 297 340 345 362; x_wconf 90' lang='lat' dir='ltr'><strong>aut</strong></span> <span class='ocrx_word' id='word_1_38' title='bbox 366 338 431 361; x_wconf 92' lang='lat' dir='ltr'><strong>tunc</strong></span> <span class='ocrx_word' id='word_1_39' title='bbox 459 333 629 368; x_wconf 78' lang='lat' dir='ltr'><strong>repudiatam</strong></span> <span class='ocrx_word' id='word_1_40' title='bbox 652 339 713 359; x_wconf 87' lang='lat' dir='ltr'><strong>esse</strong></span> <span class='ocrx_word' id='word_1_41' title='bbox 737 334 833 358; x_wconf 84' lang='lat' dir='ltr'><strong>neuter</strong></span> <span class='ocrx_word' id='word_1_42' title='bbox 854 330 960 365; x_wconf 83' lang='lat' dir='ltr'><strong>probat.</strong></span> 
     </span>
    </p>
   </div>
   <div class='ocr_carea' id='block_1_6' title="bbox 179 376 964 413">
    <p class='ocr_par' dir='ltr' id='par_1_6' title="bbox 179 376 964 413">
     <span class='ocr_line' id='line_1_6' title="bbox 179 376 964 413; baseline -0.006 -3"><span class='ocrx_word' id='word_1_43' title='bbox 179 382 353 410; x_wconf 79' lang='lat' dir='ltr'><strong>Timotheum</strong></span> <span class='ocrx_word' id='word_1_44' title='bbox 368 379 497 407; x_wconf 60' lang='lat' dir='ltr'><strong>Ecclesia</strong></span> <span class='ocrx_word' id='word_1_45' title='bbox 511 378 665 413; x_wconf 68' lang='lat' dir='ltr'><strong>Ephesinm,</strong></span> <span class='ocrx_word' id='word_1_46' title='bbox 682 381 710 404; x_wconf 91' lang='lat' dir='ltr'><strong>ct</strong></span> <span class='ocrx_word' id='word_1_47' title='bbox 727 376 839 404; x_wconf 84' lang='lat' dir='ltr'><strong>Damam</strong></span> <span class='ocrx_word' id='word_1_48' title='bbox 852 376 964 412; x_wconf 84' lang='lat' dir='ltr'><strong>Magne-</strong></span> 
     </span>
    </p>
   </div>
   <div class='ocr_carea' id='block_1_7' title="bbox 180 422 963 463">
    <p class='ocr_par' dir='ltr' id='par_1_7' title="bbox 180 422 963 463">
     <span class='ocr_line' id='line_1_7' title="bbox 180 422 963 463; baseline -0.009 -7"><span class='ocrx_word' id='word_1_49' title='bbox 180 429 263 456; x_wconf 80' lang='lat' dir='ltr'><strong>siame</strong></span> <span class='ocrx_word' id='word_1_50' title='bbox 278 427 416 463; x_wconf 89' lang='lat' dir='ltr'><strong>juniorem</strong></span> <span class='ocrx_word' id='word_1_51' title='bbox 444 424 619 460; x_wconf 72' lang='lat' dir='ltr'><strong>prazpositum</strong></span> <span class='ocrx_word' id='word_1_52' title='bbox 647 423 733 450; x_wconf 87' lang='lat' dir='ltr'><strong>fuisse</strong></span> <span class='ocrx_word' id='word_1_53' title='bbox 757 422 893 450; x_wconf 78' lang='lat' dir='ltr'><strong>fatemur:</strong></span> <span class='ocrx_word' id='word_1_54' title='bbox 915 422 963 450; x_wconf 80' lang='lat' dir='ltr'><strong>sed</strong></span> 
     </span>
    </p>
   </div>
   <div class='ocr_carea' id='block_1_8' title="bbox 178 468 963 510">
    <p class='ocr_par' dir='ltr' id='par_1_8' title="bbox 178 468 963 510">
     <span class='ocr_line' id='line_1_8' title="bbox 178 468 963 510; baseline -0.01 -8"><span class='ocrx_word' id='word_1_55' title='bbox 178 475 291 510; x_wconf 82' lang='lat' dir='ltr'><strong>quinam</strong></span> <span class='ocrx_word' id='word_1_56' title='bbox 312 473 349 501; x_wconf 89' lang='lat' dir='ltr'><strong>illi</strong></span> <span class='ocrx_word' id='word_1_57' title='bbox 366 471 477 504; x_wconf 82' lang='lat' dir='ltr'><strong>fuerint,</strong></span> <span class='ocrx_word' id='word_1_58' title='bbox 494 470 541 505; x_wconf 91' lang='lat' dir='ltr'><strong>qui</strong></span> <span class='ocrx_word' id='word_1_59' title='bbox 569 474 599 496; x_wconf 88' lang='lat' dir='ltr'><strong>ut</strong></span> <span class='ocrx_word' id='word_1_60' title='bbox 618 469 787 504; x_wconf 75' lang='lat' dir='ltr'><strong>antiquitatis</strong></span> <span class='ocrx_word' id='word_1_61' title='bbox 810 468 879 495; x_wconf 82' lang='lat' dir='ltr'><strong>ratio</strong></span> <span class='ocrx_word' id='word_1_62' title='bbox 894 474 963 502; x_wconf 71' lang='lat' dir='ltr'><strong>pra-</strong></span> 
     </span>
    </p>
   </div>
   <div class='ocr_carea' id='block_1_9' title="bbox 178 514 962 556">
    <p class='ocr_par' dir='ltr' id='par_1_9' title="bbox 178 514 962 556">
     <span class='ocr_line' id='line_1_9' title="bbox 178 514 962 556; baseline -0.01 -9"><span class='ocrx_word' id='word_1_63' title='bbox 178 521 254 556; x_wconf 83' lang='lat' dir='ltr'><strong>cipue</strong></span> <span class='ocrx_word' id='word_1_64' title='bbox 276 519 415 546; x_wconf 81' lang='lat' dir='ltr'><strong>duceretur</strong></span> <span class='ocrx_word' id='word_1_65' title='bbox 440 525 486 552; x_wconf 77' lang='lat' dir='ltr'><strong>per</strong></span> <span class='ocrx_word' id='word_1_66' title='bbox 511 515 638 543; x_wconf 86' lang='lat' dir='ltr'><strong>ambitum</strong></span> <span class='ocrx_word' id='word_1_67' title='bbox 653 520 678 542; x_wconf 89' lang='lat' dir='ltr'><strong>et</strong></span> <span class='ocrx_word' id='word_1_68' title='bbox 703 514 843 549; x_wconf 78' lang='lat' dir='ltr'><strong>factionem</strong></span> <span class='ocrx_word' id='word_1_69' title='bbox 858 521 962 548; x_wconf 83' lang='lat' dir='ltr'><strong>pugna-</strong></span> 
     </span>
    </p>
   </div>
   <div class='ocr_carea' id='block_1_10' title="bbox 179 558 962 599">
    <p class='ocr_par' dir='ltr' id='par_1_10' title="bbox 179 558 962 599">
     <span class='ocr_line' id='line_1_10' title="bbox 179 558 962 599; baseline -0.01 -5"><span class='ocrx_word' id='word_1_70' title='bbox 179 567 253 599; x_wconf 87' lang='lat' dir='ltr'><strong>bant,</strong></span> <span class='ocrx_word' id='word_1_71' title='bbox 280 565 398 592; x_wconf 89' lang='lat' dir='ltr'><strong>nondum</strong></span> <span class='ocrx_word' id='word_1_72' title='bbox 426 562 611 597; x_wconf 79' lang='lat' dir='ltr'><strong>intelligimus.</strong></span> <span class='ocrx_word' id='word_1_73' title='bbox 637 559 705 588; x_wconf 84' lang='lat' dir='ltr'><strong>Nam</strong></span> <span class='ocrx_word' id='word_1_74' title='bbox 732 560 804 595; x_wconf 89' lang='lat' dir='ltr'><strong>quod</strong></span> <span class='ocrx_word' id='word_1_75' title='bbox 827 558 962 594; x_wconf 85' lang='lat' dir='ltr'><strong>ejusmodi</strong></span> 
     </span>
    </p>
   </div>
   <div class='ocr_carea' id='block_1_11' title="bbox 179 606 963 641">
    <p class='ocr_par' dir='ltr' id='par_1_11' title="bbox 179 606 963 641">
     <span class='ocr_line' id='line_1_11' title="bbox 179 606 963 641; baseline -0.011 0"><span class='ocrx_word' id='word_1_76' title='bbox 179 614 264 641; x_wconf 90' lang='lat' dir='ltr'><strong>fuisse</strong></span> <span class='ocrx_word' id='word_1_77' title='bbox 279 611 480 640; x_wconf 86' lang='lat' dir='ltr'><strong>contentionem</strong></span> <span class='ocrx_word' id='word_1_78' title='bbox 509 609 583 636; x_wconf 84' lang='lat' dir='ltr'><strong>illam</strong></span> <span class='ocrx_word' id='word_1_79' title='bbox 599 608 691 635; x_wconf 90' lang='lat' dir='ltr'><strong>credat</strong></span> <span class='ocrx_word' id='word_1_80' title='bbox 713 606 854 639; x_wconf 83' lang='lat' dir='ltr'><strong>Petavius,</strong></span> <span class='ocrx_word' id='word_1_81' title='bbox 872 614 933 641; x_wconf 67' lang='lat' dir='ltr'><strong>quae</strong></span> <span class='ocrx_word' id='word_1_82' title='bbox 947 613 963 632; x_wconf 88' lang='lat' dir='ltr'><strong>a</strong></span> 
     </span>
    </p>
   </div>
   <div class='ocr_carea' id='block_1_12' title="bbox 178 652 964 693">
    <p class='ocr_par' dir='ltr' id='par_1_12' title="bbox 178 652 964 693">
     <span class='ocr_line' id='line_1_12' title="bbox 178 652 964 693; baseline -0.011 -6"><span class='ocrx_word' id='word_1_83' title='bbox 178 660 317 687; x_wconf 81' lang='lat' dir='ltr'><strong>Clemente</strong></span> <span class='ocrx_word' id='word_1_84' title='bbox 330 657 473 693; x_wconf 87' lang='lat' dir='ltr'><strong>epistolam</strong></span> <span class='ocrx_word' id='word_1_85' title='bbox 491 655 524 683; x_wconf 90' lang='lat' dir='ltr'><strong>ad</strong></span> <span class='ocrx_word' id='word_1_86' title='bbox 537 654 696 682; x_wconf 76' lang='lat' dir='ltr'><strong>Corinthius</strong></span> <span class='ocrx_word' id='word_1_87' title='bbox 709 653 854 693; x_wconf 82' lang='lat' dir='ltr'><strong>expressit,</strong></span> <span class='ocrx_word' id='word_1_88' title='bbox 867 652 892 679; x_wconf 95' lang='lat' dir='ltr'><strong>id</strong></span> <span class='ocrx_word' id='word_1_89' title='bbox 905 652 964 679; x_wconf 90' lang='lat' dir='ltr'><strong>sine</strong></span> 
     </span>
    </p>
   </div>
   <div class='ocr_carea' id='block_1_13' title="bbox 178 692 963 733">
    <p class='ocr_par' dir='ltr' id='par_1_13' title="bbox 178 692 963 733">
     <span class='ocr_line' id='line_1_13' title="bbox 178 692 963 733; baseline -0.01 0"><span class='ocrx_word' id='word_1_90' title='bbox 178 705 235 733; x_wconf 93' lang='lat' dir='ltr'><strong>ullo</strong></span> <span class='ocrx_word' id='word_1_91' title='bbox 248 692 425 733; x_wconf 81' lang='lat' dir='ltr'><strong>fundamento</strong></span> <span class='ocrx_word' id='word_1_92' title='bbox 441 702 552 730; x_wconf 87' lang='lat' dir='ltr'><strong>dicitur.</strong></span> <span class='ocrx_word' id='word_1_93' title='bbox 569 700 610 728; x_wconf 89' lang='lat' dir='ltr'><strong>Illi</strong></span> <span class='ocrx_word' id='word_1_94' title='bbox 629 700 702 728; x_wconf 90' lang='lat' dir='ltr'><strong>enim</strong></span> <span class='ocrx_word' id='word_1_95' title='bbox 728 692 797 727; x_wconf 72' lang='lat' dir='ltr'><strong>unus</strong></span> <span class='ocrx_word' id='word_1_96' title='bbox 818 704 844 726; x_wconf 82' lang='lat' dir='ltr'><strong>ct</strong></span> <span class='ocrx_word' id='word_1_97' title='bbox 861 699 929 725; x_wconf 86' lang='lat' dir='ltr'><strong>alter</strong></span> <span class='ocrx_word' id='word_1_98' title='bbox 940 698 963 726; x_wconf 90' lang='lat' dir='ltr'><strong>si</strong></span> 
     </span>
    </p>
   </div>
   <div class='ocr_carea' id='block_1_14' title="bbox 175 745 963 786">
    <p class='ocr_par' dir='ltr' id='par_1_14' title="bbox 175 745 963 786">
     <span class='ocr_line' id='line_1_14' title="bbox 175 745 963 786; baseline -0.011 -6"><span class='ocrx_word' id='word_1_99' title='bbox 175 759 209 781; x_wconf 75' lang='lat' dir='ltr'><strong>se</strong></span> <span class='ocrx_word' id='word_1_100' title='bbox 226 750 378 786; x_wconf 70' lang='lat' dir='ltr'><strong>prseteritos</strong></span> <span class='ocrx_word' id='word_1_101' title='bbox 402 756 465 777; x_wconf 82' lang='lat' dir='ltr'><strong>esse</strong></span> <span class='ocrx_word' id='word_1_102' title='bbox 488 747 635 781; x_wconf 90' lang='lat' dir='ltr'><strong>doluerint,</strong></span> <span class='ocrx_word' id='word_1_103' title='bbox 659 750 715 774; x_wconf 90' lang='lat' dir='ltr'><strong>tam</strong></span> <span class='ocrx_word' id='word_1_104' title='bbox 743 745 867 781; x_wconf 86' lang='lat' dir='ltr'><strong>juniorcs</strong></span> <span class='ocrx_word' id='word_1_105' title='bbox 881 751 963 780; x_wconf 85' lang='lat' dir='ltr'><strong>quam</strong></span> 
     </span>
    </p>
   </div>
   <div class='ocr_carea' id='block_1_15' title="bbox 178 793 965 829">
    <p class='ocr_par' dir='ltr' id='par_1_15' title="bbox 178 793 965 829">
     <span class='ocr_line' id='line_1_15' title="bbox 178 793 965 829; baseline -0.01 -4"><span class='ocrx_word' id='word_1_106' title='bbox 178 797 299 826; x_wconf 79' lang='lat' dir='ltr'><strong>seniores</strong></span> <span class='ocrx_word' id='word_1_107' title='bbox 314 803 385 827; x_wconf 86' lang='lat' dir='ltr'><strong>esse,</strong></span> <span class='ocrx_word' id='word_1_108' title='bbox 402 799 456 822; x_wconf 87' lang='lat' dir='ltr'><strong>tam</strong></span> <span class='ocrx_word' id='word_1_109' title='bbox 468 801 519 829; x_wconf 85' lang='lat' dir='ltr'><strong>pro</strong></span> <span class='ocrx_word' id='word_1_110' title='bbox 530 793 629 820; x_wconf 87' lang='lat' dir='ltr'><strong>merito</strong></span> <span class='ocrx_word' id='word_1_111' title='bbox 643 799 725 827; x_wconf 85' lang='lat' dir='ltr'><strong>quam</strong></span> <span class='ocrx_word' id='word_1_112' title='bbox 747 799 798 827; x_wconf 89' lang='lat' dir='ltr'><strong>pro</strong></span> <span class='ocrx_word' id='word_1_113' title='bbox 817 795 895 818; x_wconf 82' lang='lat' dir='ltr'><strong>a-tate</strong></span> <span class='ocrx_word' id='word_1_114' title='bbox 914 798 965 825; x_wconf 91' lang='lat' dir='ltr'><strong>pu-</strong></span> 
     </span>
    </p>
   </div>
   <div class='ocr_carea' id='block_1_16' title="bbox 179 836 963 878">
    <p class='ocr_par' dir='ltr' id='par_1_16' title="bbox 179 836 963 878">
     <span class='ocr_line' id='line_1_16' title="bbox 179 836 963 878; baseline -0.01 -8"><span class='ocrx_word' id='word_1_115' title='bbox 179 849 264 878; x_wconf 78' lang='lat' dir='ltr'><strong>gnare</strong></span> <span class='ocrx_word' id='word_1_116' title='bbox 278 846 435 876; x_wconf 83' lang='lat' dir='ltr'><strong>potuerunt.</strong></span> <span class='ocrx_word' id='word_1_117' title='bbox 462 839 626 873; x_wconf 85' lang='lat' dir='ltr'><strong>Quicunque</strong></span> <span class='ocrx_word' id='word_1_118' title='bbox 652 842 741 865; x_wconf 85' lang='lat' dir='ltr'><strong>autem</strong></span> <span class='ocrx_word' id='word_1_119' title='bbox 769 836 887 868; x_wconf 84' lang='lat' dir='ltr'><strong>fuerint,</strong></span> <span class='ocrx_word' id='word_1_120' title='bbox 916 843 963 863; x_wconf 83' lang='lat' dir='ltr'><strong>eos</strong></span> 
     </span>
    </p>
   </div>
   <div class='ocr_carea' id='block_1_17' title="bbox 1014 238 1810 274">
    <p class='ocr_par' dir='ltr' id='par_1_17' title="bbox 1014 238 1810 274">
     <span class='ocr_line' id='line_1_17' title="bbox 1014 238 1810 274; baseline 0.003 -9"><span class='ocrx_word' id='word_1_121' title='bbox 1014 239 1140 274; x_wconf 76' lang='lat' dir='ltr'><strong>gitantes,</strong></span> <span class='ocrx_word' id='word_1_122' title='bbox 1166 246 1217 265; x_wconf 88' lang='lat' dir='ltr'><strong>non</strong></span> <span class='ocrx_word' id='word_1_123' title='bbox 1243 238 1449 271; x_wconf 75' lang='lat' dir='ltr'><strong>considerantes,</strong></span> <span class='ocrx_word' id='word_1_124' title='bbox 1479 246 1532 265; x_wconf 87' lang='lat' dir='ltr'><strong>non</strong></span> <span class='ocrx_word' id='word_1_125' title='bbox 1560 239 1738 274; x_wconf 74' lang='lat' dir='ltr'><strong>respicientes.</strong></span> <span class='ocrx_word' id='word_1_126' title='bbox 1769 238 1810 267; x_wconf 80' lang='lat' dir='ltr'><strong>Ct</strong></span> 
     </span>
    </p>
   </div>
   <div class='ocr_carea' id='block_1_18' title="bbox 1015 283 1810 321">
    <p class='ocr_par' dir='ltr' id='par_1_18' title="bbox 1015 283 1810 321">
     <span class='ocr_line' id='line_1_18' title="bbox 1015 283 1810 321; baseline 0 -10"><span class='ocrx_word' id='word_1_127' title='bbox 1015 283 1210 319; x_wconf 85' lang='lat' dir='ltr'><strong>Paraphrastes</strong></span> <span class='ocrx_word' id='word_1_128' title='bbox 1221 303 1228 316; x_wconf 95' lang='lat'><strong>,</strong></span> <span class='ocrx_word' id='word_1_129' title='bbox 1253 283 1283 309; x_wconf 83' lang='grc' dir='ltr'>οὐ</span> <span class='ocrx_word' id='word_1_130' title='bbox 1301 283 1371 319; x_wconf 82' lang='grc' dir='ltr'>πρὸς</span> <span class='ocrx_word' id='word_1_131' title='bbox 1394 284 1446 319; x_wconf 80' lang='grc' dir='ltr'><strong>τὴν</strong></span> <span class='ocrx_word' id='word_1_132' title='bbox 1461 284 1627 320; x_wconf 78' lang='grc' dir='ltr'><strong>φαινομένην</strong></span> <span class='ocrx_word' id='word_1_133' title='bbox 1642 285 1810 321; x_wconf 79' lang='grc' dir='ltr'><strong>ἀφορῶντας</strong></span> 
     </span>
    </p>
   </div>
   <div class='ocr_carea' id='block_1_19' title="bbox 1015 328 1807 365">
    <p class='ocr_par' dir='ltr' id='par_1_19' title="bbox 1015 328 1807 365">
     <span class='ocr_line' id='line_1_19' title="bbox 1015 328 1807 365; baseline 0.003 -10"><span class='ocrx_word' id='word_1_134' title='bbox 1015 329 1140 364; x_wconf 85' lang='grc' dir='ltr'>νεότητα.</span> <span class='ocrx_word' id='word_1_135' title='bbox 1167 328 1225 355; x_wconf 85' lang='lat' dir='ltr'><strong>Non</strong></span> <span class='ocrx_word' id='word_1_136' title='bbox 1240 329 1312 355; x_wconf 88' lang='lat' dir='ltr'><strong>enim</strong></span> <span class='ocrx_word' id='word_1_137' title='bbox 1338 329 1383 356; x_wconf 92' lang='lat' dir='ltr'><strong>hic</strong></span> <span class='ocrx_word' id='word_1_138' title='bbox 1407 329 1547 364; x_wconf 72' lang='lat' dir='ltr'><strong>lgnatiana</strong></span> <span class='ocrx_word' id='word_1_139' title='bbox 1576 330 1725 357; x_wconf 74' lang='lat' dir='ltr'><strong>miserrime</strong></span> <span class='ocrx_word' id='word_1_140' title='bbox 1741 338 1807 365; x_wconf 50' lang='lat' dir='ltr'><strong>per-</strong></span> 
     </span>
    </p>
   </div>
   <div class='ocr_carea' id='block_1_20' title="bbox 1017 373 1811 411">
    <p class='ocr_par' dir='ltr' id='par_1_20' title="bbox 1017 373 1811 411">
     <span class='ocr_line' id='line_1_20' title="bbox 1017 373 1811 411; baseline 0.001 -9"><span class='ocrx_word' id='word_1_141' title='bbox 1017 375 1095 402; x_wconf 75' lang='lat' dir='ltr'><strong>vertit</strong></span> <span class='ocrx_word' id='word_1_142' title='bbox 1111 375 1167 408; x_wconf 86' lang='lat' dir='ltr'><strong>ille,</strong></span> <span class='ocrx_word' id='word_1_143' title='bbox 1180 379 1211 402; x_wconf 91' lang='lat' dir='ltr'><strong>ut</strong></span> <span class='ocrx_word' id='word_1_144' title='bbox 1220 374 1279 402; x_wconf 87' lang='lat' dir='ltr'><strong>vult</strong></span> <span class='ocrx_word' id='word_1_145' title='bbox 1299 373 1460 409; x_wconf 85' lang='lat' dir='ltr'><strong>Salmasius,</strong></span> <span class='ocrx_word' id='word_1_146' title='bbox 1474 375 1519 403; x_wconf 85' lang='lat' dir='ltr'><strong>sed</strong></span> <span class='ocrx_word' id='word_1_147' title='bbox 1536 375 1651 403; x_wconf 82' lang='lat' dir='ltr'><strong>fideliter</strong></span> <span class='ocrx_word' id='word_1_148' title='bbox 1668 379 1696 404; x_wconf 86' lang='lat' dir='ltr'><strong>et</strong></span> <span class='ocrx_word' id='word_1_149' title='bbox 1723 376 1811 411; x_wconf 84' lang='lat' dir='ltr'><strong>plane</strong></span> 
     </span>
    </p>
   </div>
   <div class='ocr_carea' id='block_1_21' title="bbox 1015 420 1144 456">
    <p class='ocr_par' dir='ltr' id='par_1_21' title="bbox 1015 420 1144 456">
     <span class='ocr_line' id='line_1_21' title="bbox 1015 420 1144 456; baseline 0 -9"><span class='ocrx_word' id='word_1_150' title='bbox 1015 420 1144 456; x_wconf 83' lang='lat' dir='ltr'><strong>explicat.</strong></span> 
     </span>
    </p>
   </div>
   <div class='ocr_carea' id='block_1_22' title="bbox 1049 465 1809 503">
    <p class='ocr_par' dir='ltr' id='par_1_22' title="bbox 1049 465 1809 503">
     <span class='ocr_line' id='line_1_22' title="bbox 1049 465 1809 503; baseline 0.001 -9"><span class='ocrx_word' id='word_1_151' title='bbox 1049 465 1151 499; x_wconf 85' lang='lat' dir='ltr'><strong>Quare,</strong></span> <span class='ocrx_word' id='word_1_152' title='bbox 1178 473 1240 494; x_wconf 89' lang='lat' dir='ltr'><strong>cum</strong></span> <span class='ocrx_word' id='word_1_153' title='bbox 1263 466 1320 494; x_wconf 66' lang='lat' dir='ltr'><strong>haec</strong></span> <span class='ocrx_word' id='word_1_154' title='bbox 1348 471 1453 494; x_wconf 55' lang='lat' dir='ltr'><strong>atatem</strong></span> <span class='ocrx_word' id='word_1_155' title='bbox 1483 466 1575 495; x_wconf 70' lang='lat' dir='ltr'><strong>Damae</strong></span> <span class='ocrx_word' id='word_1_156' title='bbox 1599 467 1809 503; x_wconf 80' lang='lat' dir='ltr'><strong>Magnesiorum</strong></span> 
     </span>
    </p>
   </div>
   <div class='ocr_carea' id='block_1_23' title="bbox 1014 511 1810 549">
    <p class='ocr_par' dir='ltr' id='par_1_23' title="bbox 1014 511 1810 549">
     <span class='ocr_line' id='line_1_23' title="bbox 1014 511 1810 549; baseline 0.003 -10"><span class='ocrx_word' id='word_1_157' title='bbox 1014 511 1133 546; x_wconf 86' lang='lat' dir='ltr'><strong>episcopi</strong></span> <span class='ocrx_word' id='word_1_158' title='bbox 1151 511 1342 539; x_wconf 88' lang='lat' dir='ltr'><strong>tantummodo</strong></span> <span class='ocrx_word' id='word_1_159' title='bbox 1366 512 1525 547; x_wconf 84' lang='lat' dir='ltr'><strong>respiciant,</strong></span> <span class='ocrx_word' id='word_1_160' title='bbox 1549 520 1611 540; x_wconf 89' lang='lat' dir='ltr'><strong>cum</strong></span> <span class='ocrx_word' id='word_1_161' title='bbox 1625 519 1723 541; x_wconf 85' lang='lat' dir='ltr'><strong>auctor</strong></span> <span class='ocrx_word' id='word_1_162' title='bbox 1736 513 1810 549; x_wconf 85' lang='lat' dir='ltr'><strong>Epi—</strong></span> 
     </span>
    </p>
   </div>
   <div class='ocr_carea' id='block_1_24' title="bbox 1015 555 1809 592">
    <p class='ocr_par' dir='ltr' id='par_1_24' title="bbox 1015 555 1809 592">
     <span class='ocr_line' id='line_1_24' title="bbox 1015 555 1809 592; baseline 0.003 -8"><span class='ocrx_word' id='word_1_163' title='bbox 1015 555 1148 584; x_wconf 87' lang='lat' dir='ltr'><strong>stolarum</strong></span> <span class='ocrx_word' id='word_1_164' title='bbox 1160 557 1262 592; x_wconf 89' lang='lat' dir='ltr'><strong>ubique</strong></span> <span class='ocrx_word' id='word_1_165' title='bbox 1277 556 1464 592; x_wconf 81' lang='lat' dir='ltr'><strong>episcopatum</strong></span> <span class='ocrx_word' id='word_1_166' title='bbox 1475 565 1490 584; x_wconf 91' lang='lat' dir='ltr'><strong>a</strong></span> <span class='ocrx_word' id='word_1_167' title='bbox 1515 557 1627 585; x_wconf 84' lang='lat' dir='ltr'><strong>Christo</strong></span> <span class='ocrx_word' id='word_1_168' title='bbox 1643 558 1809 586; x_wconf 88' lang='lat' dir='ltr'><strong>institutum</strong></span> 
     </span>
    </p>
   </div>
   <div class='ocr_carea' id='block_1_25' title="bbox 1014 601 1809 639">
    <p class='ocr_par' dir='ltr' id='par_1_25' title="bbox 1014 601 1809 639">
     <span class='ocr_line' id='line_1_25' title="bbox 1014 601 1809 639; baseline 0.003 -10"><span class='ocrx_word' id='word_1_169' title='bbox 1014 609 1075 629; x_wconf 90' lang='lat' dir='ltr'><strong>esse</strong></span> <span class='ocrx_word' id='word_1_170' title='bbox 1086 601 1231 637; x_wconf 73' lang='lat' dir='ltr'><strong>significet,</strong></span> <span class='ocrx_word' id='word_1_171' title='bbox 1247 609 1309 629; x_wconf 87' lang='lat' dir='ltr'><strong>cum</strong></span> <span class='ocrx_word' id='word_1_172' title='bbox 1327 601 1498 630; x_wconf 86' lang='lat' dir='ltr'><strong>Christianos</strong></span> <span class='ocrx_word' id='word_1_173' title='bbox 1519 611 1626 635; x_wconf 87' lang='lat' dir='ltr'><strong>omnes,</strong></span> <span class='ocrx_word' id='word_1_174' title='bbox 1645 604 1727 631; x_wconf 88' lang='lat' dir='ltr'><strong>etiam</strong></span> <span class='ocrx_word' id='word_1_175' title='bbox 1739 612 1809 639; x_wconf 85' lang='lat' dir='ltr'><strong>pre-</strong></span> 
     </span>
    </p>
   </div>
   <div class='ocr_carea' id='block_1_26' title="bbox 1014 647 1811 683">
    <p class='ocr_par' dir='ltr' id='par_1_26' title="bbox 1014 647 1811 683">
     <span class='ocr_line' id='line_1_26' title="bbox 1014 647 1811 683; baseline 0.004 -9"><span class='ocrx_word' id='word_1_176' title='bbox 1014 647 1151 683; x_wconf 85' lang='lat' dir='ltr'><strong>sbyteros,</strong></span> <span class='ocrx_word' id='word_1_177' title='bbox 1178 655 1248 683; x_wconf 90' lang='lat' dir='ltr'><strong>quos</strong></span> <span class='ocrx_word' id='word_1_178' title='bbox 1275 655 1290 675; x_wconf 85' lang='lat' dir='ltr'><strong>a</strong></span> <span class='ocrx_word' id='word_1_179' title='bbox 1317 647 1372 675; x_wconf 86' lang='lat' dir='ltr'><strong>Deo</strong></span> <span class='ocrx_word' id='word_1_180' title='bbox 1386 648 1527 676; x_wconf 85' lang='lat' dir='ltr'><strong>institutos</strong></span> <span class='ocrx_word' id='word_1_181' title='bbox 1552 648 1635 677; x_wconf 79' lang='lat' dir='ltr'><strong>fuisse</strong></span> <span class='ocrx_word' id='word_1_182' title='bbox 1660 650 1754 683; x_wconf 86' lang='lat' dir='ltr'><strong>docet,</strong></span> <span class='ocrx_word' id='word_1_183' title='bbox 1775 655 1811 678; x_wconf 87' lang='lat' dir='ltr'><strong>ut</strong></span> 
     </span>
    </p>
   </div>
   <div class='ocr_carea' id='block_1_27' title="bbox 1015 693 1810 729">
    <p class='ocr_par' dir='ltr' id='par_1_27' title="bbox 1015 693 1810 729">
     <span class='ocr_line' id='line_1_27' title="bbox 1015 693 1810 729; baseline 0.004 -9"><span class='ocrx_word' id='word_1_184' title='bbox 1015 693 1143 729; x_wconf 81' lang='lat' dir='ltr'><strong>episcopo</strong></span> <span class='ocrx_word' id='word_1_185' title='bbox 1160 697 1276 729; x_wconf 83' lang='lat' dir='ltr'><strong>pareant</strong></span> <span class='ocrx_word' id='word_1_186' title='bbox 1300 698 1463 722; x_wconf 80' lang='lat' dir='ltr'><strong>constanter</strong></span> <span class='ocrx_word' id='word_1_187' title='bbox 1488 699 1608 727; x_wconf 89' lang='lat' dir='ltr'><strong>moneat,</strong></span> <span class='ocrx_word' id='word_1_188' title='bbox 1631 703 1693 723; x_wconf 92' lang='lat' dir='ltr'><strong>cum</strong></span> <span class='ocrx_word' id='word_1_189' title='bbox 1706 704 1810 723; x_wconf 89' lang='lat' dir='ltr'><strong>omnes</strong></span> 
     </span>
    </p>
   </div>
   <div class='ocr_carea' id='block_1_28' title="bbox 1015 739 1808 777">
    <p class='ocr_par' dir='ltr' id='par_1_28' title="bbox 1015 739 1808 777">
     <span class='ocr_line' id='line_1_28' title="bbox 1015 739 1808 777; baseline 0.005 -11"><span class='ocrx_word' id='word_1_190' title='bbox 1015 739 1061 774; x_wconf 93' lang='lat' dir='ltr'><strong>qui</strong></span> <span class='ocrx_word' id='word_1_191' title='bbox 1078 739 1116 766; x_wconf 93' lang='lat' dir='ltr'><strong>illi</strong></span> <span class='ocrx_word' id='word_1_192' title='bbox 1130 740 1187 774; x_wconf 86' lang='lat' dir='ltr'><strong>jam</strong></span> <span class='ocrx_word' id='word_1_193' title='bbox 1204 740 1271 775; x_wconf 88' lang='lat' dir='ltr'><strong>ipsis</strong></span> <span class='ocrx_word' id='word_1_194' title='bbox 1291 740 1504 775; x_wconf 78' lang='lat' dir='ltr'><strong>superimposito</strong></span> <span class='ocrx_word' id='word_1_195' title='bbox 1522 741 1704 777; x_wconf 78' lang='lat' dir='ltr'><strong>refragantur,</strong></span> <span class='ocrx_word' id='word_1_196' title='bbox 1731 743 1808 770; x_wconf 83' lang='lat' dir='ltr'><strong>mala</strong></span> 
     </span>
    </p>
   </div>
   <div class='ocr_carea' id='block_1_29' title="bbox 1015 785 1807 822">
    <p class='ocr_par' dir='ltr' id='par_1_29' title="bbox 1015 785 1807 822">
     <span class='ocr_line' id='line_1_29' title="bbox 1015 785 1807 822; baseline 0.005 -11"><span class='ocrx_word' id='word_1_197' title='bbox 1015 785 1183 812; x_wconf 83' lang='lat' dir='ltr'><strong>conscientia</strong></span> <span class='ocrx_word' id='word_1_198' title='bbox 1213 785 1311 820; x_wconf 89' lang='lat' dir='ltr'><strong>premi.</strong></span> <span class='ocrx_word' id='word_1_199' title='bbox 1328 790 1356 813; x_wconf 90' lang='lat' dir='ltr'><strong>et</strong></span> <span class='ocrx_word' id='word_1_200' title='bbox 1378 786 1488 814; x_wconf 81' lang='lat' dir='ltr'><strong>diabolo</strong></span> <span class='ocrx_word' id='word_1_201' title='bbox 1510 787 1642 814; x_wconf 84' lang='lat' dir='ltr'><strong>inservire</strong></span> <span class='ocrx_word' id='word_1_202' title='bbox 1655 788 1807 822; x_wconf 82' lang='lat' dir='ltr'><strong>ostendat;</strong></span> 
     </span>
    </p>
   </div>
   <div class='ocr_carea' id='block_1_30' title="bbox 1016 831 1809 869">
    <p class='ocr_par' dir='ltr' id='par_1_30' title="bbox 1016 831 1809 869">
     <span class='ocr_line' id='line_1_30' title="bbox 1016 831 1809 869; baseline 0.005 -12"><span class='ocrx_word' id='word_1_203' title='bbox 1016 831 1104 865; x_wconf 89' lang='lat' dir='ltr'><strong>palam</strong></span> <span class='ocrx_word' id='word_1_204' title='bbox 1117 835 1169 864; x_wconf 87' lang='lat' dir='ltr'><strong>est,</strong></span> <span class='ocrx_word' id='word_1_205' title='bbox 1186 831 1259 858; x_wconf 88' lang='lat' dir='ltr'><strong>hunc</strong></span> <span class='ocrx_word' id='word_1_206' title='bbox 1274 831 1365 859; x_wconf 88' lang='lat' dir='ltr'><strong>locum</strong></span> <span class='ocrx_word' id='word_1_207' title='bbox 1391 831 1426 860; x_wconf 90' lang='lat' dir='ltr'><strong>de</strong></span> <span class='ocrx_word' id='word_1_208' title='bbox 1453 833 1557 860; x_wconf 86' lang='lat' dir='ltr'><strong>novella</strong></span> <span class='ocrx_word' id='word_1_209' title='bbox 1575 833 1750 869; x_wconf 83' lang='lat' dir='ltr'><strong>episcopatus</strong></span> <span class='ocrx_word' id='word_1_210' title='bbox 1761 835 1809 861; x_wconf 88' lang='lat' dir='ltr'><strong>in—</strong></span> 
     </span>
    </p>
   </div>
   <div class='ocr_carea' id='block_1_31' title="bbox 179 876 1807 922">
    <p class='ocr_par' dir='ltr' id='par_1_31' title="bbox 179 876 1807 922">
     <span class='ocr_line' id='line_1_31' title="bbox 179 876 1807 922; baseline 0.002 -17"><span class='ocrx_word' id='word_1_211' title='bbox 179 876 238 922; x_wconf 63' lang='grc' dir='ltr'><strong>ξρεε</strong></span> <span class='ocrx_word' id='word_1_212' title='bbox 253 894 306 914; x_wconf 67' lang='grc' dir='ltr'><strong>που</strong></span> <span class='ocrx_word' id='word_1_213' title='bbox 329 885 363 913; x_wconf 67' lang='lat' dir='ltr'><strong>de</strong></span> <span class='ocrx_word' id='word_1_214' title='bbox 387 885 557 920; x_wconf 49' lang='lat' dir='ltr'><strong>episcopatu,</strong></span> <span class='ocrx_word' id='word_1_215' title='bbox 577 884 625 911; x_wconf 65' lang='lat' dir='ltr'><strong>sed</strong></span> <span class='ocrx_word' id='word_1_216' title='bbox 648 882 835 918; x_wconf 60' lang='lat' dir='ltr'><strong>presbyteraiu</strong></span> <span class='ocrx_word' id='word_1_217' title='bbox 848 885 961 908; x_wconf 75' lang='lat' dir='ltr'><strong>comen—</strong></span> <span class='ocrx_word' id='word_1_218' title='bbox 976 891 998 918; x_wconf 73' lang='grc' dir='ltr'><strong>Β</strong></span> <span class='ocrx_word' id='word_1_219' title='bbox 1013 876 1156 904; x_wconf 89' lang='lat' dir='ltr'><strong>stitutione</strong></span> <span class='ocrx_word' id='word_1_220' title='bbox 1172 877 1286 913; x_wconf 74' lang='lat' dir='ltr'><strong>intelligi</strong></span> <span class='ocrx_word' id='word_1_221' title='bbox 1312 885 1368 905; x_wconf 92' lang='lat' dir='ltr'><strong>non</strong></span> <span class='ocrx_word' id='word_1_222' title='bbox 1391 886 1482 914; x_wconf 86' lang='lat' dir='ltr'><strong>posse.</strong></span> <span class='ocrx_word' id='word_1_223' title='bbox 1508 879 1564 906; x_wconf 83' lang='lat' dir='ltr'><strong>Aut</strong></span> <span class='ocrx_word' id='word_1_224' title='bbox 1577 880 1601 907; x_wconf 90' lang='lat' dir='ltr'><strong>si</strong></span> <span class='ocrx_word' id='word_1_225' title='bbox 1623 880 1686 915; x_wconf 89' lang='lat' dir='ltr'><strong>quis</strong></span> <span class='ocrx_word' id='word_1_226' title='bbox 1703 881 1740 908; x_wconf 90' lang='lat' dir='ltr'><strong>sit</strong></span> <span class='ocrx_word' id='word_1_227' title='bbox 1754 881 1807 916; x_wconf 86' lang='lat' dir='ltr'><strong>qui</strong></span> 
     </span>
    </p>
   </div>
   <div class='ocr_carea' id='block_1_32' title="bbox 181 925 962 964">
    <p class='ocr_par' dir='ltr' id='par_1_32' title="bbox 181 925 962 964">
     <span class='ocr_line' id='line_1_32' title="bbox 181 925 962 964; baseline -0.009 -6"><span class='ocrx_word' id='word_1_228' title='bbox 181 931 255 959; x_wconf 87' lang='lat' dir='ltr'><strong>disse</strong></span> <span class='ocrx_word' id='word_1_229' title='bbox 277 930 387 963; x_wconf 82' lang='lat' dir='ltr'><strong>fatetur,</strong></span> <span class='ocrx_word' id='word_1_230' title='bbox 417 934 444 957; x_wconf 88' lang='lat' dir='ltr'><strong>et</strong></span> <span class='ocrx_word' id='word_1_231' title='bbox 470 928 657 964; x_wconf 86' lang='lat' dir='ltr'><strong>conjecturam</strong></span> <span class='ocrx_word' id='word_1_232' title='bbox 684 934 761 954; x_wconf 89' lang='lat' dir='ltr'><strong>suam</strong></span> <span class='ocrx_word' id='word_1_233' title='bbox 791 925 962 952; x_wconf 84' lang='lat' dir='ltr'><strong>Salmasiana</strong></span> 
     </span>
    </p>
   </div>
   <div class='ocr_carea' id='block_1_33' title="bbox 178 971 962 1007">
    <p class='ocr_par' dir='ltr' id='par_1_33' title="bbox 178 971 962 1007">
     <span class='ocr_line' id='line_1_33' title="bbox 178 971 962 1007; baseline -0.01 -2"><span class='ocrx_word' id='word_1_234' title='bbox 178 977 398 1005; x_wconf 85' lang='lat' dir='ltr'><strong>verisimiliorem</strong></span> <span class='ocrx_word' id='word_1_235' title='bbox 413 979 519 1003; x_wconf 89' lang='lat' dir='ltr'><strong>tantum</strong></span> <span class='ocrx_word' id='word_1_236' title='bbox 535 981 596 1002; x_wconf 87' lang='lat' dir='ltr'><strong>esse</strong></span> <span class='ocrx_word' id='word_1_237' title='bbox 618 973 695 1006; x_wconf 90' lang='lat' dir='ltr'><strong>dicit,</strong></span> <span class='ocrx_word' id='word_1_238' title='bbox 709 979 759 1007; x_wconf 92' lang='lat' dir='ltr'><strong>pro</strong></span> <span class='ocrx_word' id='word_1_239' title='bbox 770 972 882 999; x_wconf 87' lang='lat' dir='ltr'><strong>veritate</strong></span> <span class='ocrx_word' id='word_1_240' title='bbox 901 971 962 1006; x_wconf 87' lang='lat' dir='ltr'><strong>ejus</strong></span> 
     </span>
    </p>
   </div>
   <div class='ocr_carea' id='block_1_34' title="bbox 179 1017 963 1052">
    <p class='ocr_par' dir='ltr' id='par_1_34' title="bbox 179 1017 963 1052">
     <span class='ocr_line' id='line_1_34' title="bbox 179 1017 963 1052; baseline -0.01 -1"><span class='ocrx_word' id='word_1_241' title='bbox 179 1023 325 1052; x_wconf 85' lang='lat' dir='ltr'><strong>asserenda</strong></span> <span class='ocrx_word' id='word_1_242' title='bbox 340 1022 410 1049; x_wconf 87' lang='lat' dir='ltr'><strong>nihil</strong></span> <span class='ocrx_word' id='word_1_243' title='bbox 438 1021 527 1048; x_wconf 84' lang='lat' dir='ltr'><strong>aﬂ‘ert.</strong></span> <span class='ocrx_word' id='word_1_244' title='bbox 561 1019 614 1047; x_wconf 89' lang='lat' dir='ltr'><strong>Sed</strong></span> <span class='ocrx_word' id='word_1_245' title='bbox 637 1019 718 1046; x_wconf 88' lang='lat' dir='ltr'><strong>video</strong></span> <span class='ocrx_word' id='word_1_246' title='bbox 734 1017 805 1045; x_wconf 90' lang='lat' dir='ltr'><strong>unde</strong></span> <span class='ocrx_word' id='word_1_247' title='bbox 815 1017 842 1044; x_wconf 94' lang='lat' dir='ltr'><strong>in</strong></span> <span class='ocrx_word' id='word_1_248' title='bbox 857 1021 963 1044; x_wconf 89' lang='lat' dir='ltr'><strong>tantam</strong></span> 
     </span>
    </p>
   </div>
   <div class='ocr_carea' id='block_1_35' title="bbox 180 1063 962 1101">
    <p class='ocr_par' dir='ltr' id='par_1_35' title="bbox 180 1063 962 1101">
     <span class='ocr_line' id='line_1_35' title="bbox 180 1063 962 1101; baseline -0.009 -5"><span class='ocrx_word' id='word_1_249' title='bbox 180 1067 412 1100; x_wconf 87' lang='lat' dir='ltr'><strong>incertitudinem,</strong></span> <span class='ocrx_word' id='word_1_250' title='bbox 426 1071 538 1101; x_wconf 85' lang='lat' dir='ltr'><strong>tamque</strong></span> <span class='ocrx_word' id='word_1_251' title='bbox 549 1064 756 1100; x_wconf 89' lang='lat' dir='ltr'><strong>improbabilem</strong></span> <span class='ocrx_word' id='word_1_252' title='bbox 775 1063 962 1098; x_wconf 84' lang='lat' dir='ltr'><strong>conjecturam</strong></span> 
     </span>
    </p>
   </div>
   <div class='ocr_carea' id='block_1_36' title="bbox 177 1107 962 1143">
    <p class='ocr_par' dir='ltr' id='par_1_36' title="bbox 177 1107 962 1143">
     <span class='ocr_line' id='line_1_36' title="bbox 177 1107 962 1143; baseline -0.009 -2"><span class='ocrx_word' id='word_1_253' title='bbox 177 1113 306 1141; x_wconf 81' lang='lat' dir='ltr'><strong>inciderit</strong></span> <span class='ocrx_word' id='word_1_254' title='bbox 325 1113 368 1140; x_wconf 90' lang='lat' dir='ltr'><strong>vir</strong></span> <span class='ocrx_word' id='word_1_255' title='bbox 390 1111 577 1139; x_wconf 87' lang='lat' dir='ltr'><strong>doctissimus.</strong></span> <span class='ocrx_word' id='word_1_256' title='bbox 601 1109 690 1138; x_wconf 76' lang='lat' dir='ltr'><strong>Verba</strong></span> <span class='ocrx_word' id='word_1_257' title='bbox 709 1109 753 1136; x_wconf 91' lang='lat' dir='ltr'><strong>illa</strong></span> <span class='ocrx_word' id='word_1_258' title='bbox 777 1108 914 1143; x_wconf 78' lang='lat' dir='ltr'><strong>lgnatiana</strong></span> <span class='ocrx_word' id='word_1_259' title='bbox 932 1107 962 1134; x_wconf 87' lang='grc' dir='ltr'>οὺ</span> 
     </span>
    </p>
   </div>
   <div class='ocr_carea' id='block_1_37' title="bbox 181 1153 965 1194">
    <p class='ocr_par' dir='ltr' id='par_1_37' title="bbox 181 1153 965 1194">
     <span class='ocr_line' id='line_1_37' title="bbox 181 1153 965 1194; baseline -0.009 -9"><span class='ocrx_word' id='word_1_260' title='bbox 181 1157 396 1194; x_wconf 79' lang='grc' dir='ltr'><strong>προσειληφότας</strong></span> <span class='ocrx_word' id='word_1_261' title='bbox 415 1156 485 1183; x_wconf 89' lang='lat' dir='ltr'><strong>male</strong></span> <span class='ocrx_word' id='word_1_262' title='bbox 499 1155 580 1190; x_wconf 86' lang='lat' dir='ltr'><strong>cepit.</strong></span> <span class='ocrx_word' id='word_1_263' title='bbox 593 1155 718 1186; x_wconf 82' lang='lat' dir='ltr'><strong>Omnino,</strong></span> <span class='ocrx_word' id='word_1_264' title='bbox 732 1153 830 1188; x_wconf 90' lang='lat' dir='ltr'><strong>inquit,</strong></span> <span class='ocrx_word' id='word_1_265' title='bbox 858 1154 965 1188; x_wconf 76' lang='lat' dir='ltr'><strong>presby-</strong></span> 
     </span>
    </p>
   </div>
   <div class='ocr_carea' id='block_1_38' title="bbox 180 1200 964 1239">
    <p class='ocr_par' dir='ltr' id='par_1_38' title="bbox 180 1200 964 1239">
     <span class='ocr_line' id='line_1_38' title="bbox 180 1200 964 1239; baseline -0.008 -7"><span class='ocrx_word' id='word_1_266' title='bbox 180 1211 249 1232; x_wconf 79' lang='lat' dir='ltr'><strong>teros</strong></span> <span class='ocrx_word' id='word_1_267' title='bbox 265 1203 416 1239; x_wconf 70' lang='lat' dir='ltr'><strong>repudiasse</strong></span> <span class='ocrx_word' id='word_1_268' title='bbox 444 1210 490 1229; x_wconf 86' lang='lat' dir='ltr'><strong>nec</strong></span> <span class='ocrx_word' id='word_1_269' title='bbox 504 1201 644 1228; x_wconf 75' lang='lat' dir='ltr'><strong>admisisse</strong></span> <span class='ocrx_word' id='word_1_270' title='bbox 658 1201 727 1228; x_wconf 83' lang='lat' dir='ltr'><strong>illud</strong></span> <span class='ocrx_word' id='word_1_271' title='bbox 754 1200 859 1233; x_wconf 82' lang='lat' dir='ltr'><strong>asserit,</strong></span> <span class='ocrx_word' id='word_1_272' title='bbox 882 1201 964 1234; x_wconf 83' lang='lat' dir='ltr'><strong>quod-</strong></span> 
     </span>
    </p>
   </div>
   <div class='ocr_carea' id='block_1_39' title="bbox 176 1245 963 1285">
    <p class='ocr_par' dir='ltr' id='par_1_39' title="bbox 176 1245 963 1285">
     <span class='ocr_line' id='line_1_39' title="bbox 176 1245 963 1285; baseline -0.006 -8"><span class='ocrx_word' id='word_1_273' title='bbox 176 1257 281 1285; x_wconf 71' lang='lat' dir='ltr'><strong>cunque</strong></span> <span class='ocrx_word' id='word_1_274' title='bbox 310 1249 418 1276; x_wconf 78' lang='lat' dir='ltr'><strong>tandem</strong></span> <span class='ocrx_word' id='word_1_275' title='bbox 441 1246 605 1283; x_wconf 76' lang='grc' dir='ltr'>νεοπερικὴν</span> <span class='ocrx_word' id='word_1_276' title='bbox 629 1245 707 1279; x_wconf 80' lang='grc' dir='ltr'><strong>τάξιν</strong></span> <span class='ocrx_word' id='word_1_277' title='bbox 733 1246 859 1280; x_wconf 86' lang='lat' dir='ltr'><strong>appellat.</strong></span> <span class='ocrx_word' id='word_1_278' title='bbox 894 1246 963 1273; x_wconf 84' lang='lat' dir='ltr'><strong>Cum</strong></span> 
     </span>
    </p>
   </div>
   <div class='ocr_carea' id='block_1_40' title="bbox 180 1292 962 1331">
    <p class='ocr_par' dir='ltr' id='par_1_40' title="bbox 180 1292 962 1331">
     <span class='ocr_line' id='line_1_40' title="bbox 180 1292 962 1331; baseline -0.006 -8"><span class='ocrx_word' id='word_1_279' title='bbox 180 1295 264 1331; x_wconf 81' lang='lat' dir='ltr'><strong>igitur</strong></span> <span class='ocrx_word' id='word_1_280' title='bbox 287 1301 340 1322; x_wconf 91' lang='lat' dir='ltr'><strong>nec</strong></span> <span class='ocrx_word' id='word_1_281' title='bbox 361 1294 543 1329; x_wconf 81' lang='lat' dir='ltr'><strong>juventutem,</strong></span> <span class='ocrx_word' id='word_1_282' title='bbox 568 1300 619 1320; x_wconf 90' lang='lat' dir='ltr'><strong>nec</strong></span> <span class='ocrx_word' id='word_1_283' title='bbox 640 1292 821 1327; x_wconf 83' lang='lat' dir='ltr'><strong>episcopalem</strong></span> <span class='ocrx_word' id='word_1_284' title='bbox 838 1292 962 1319; x_wconf 84' lang='lat' dir='ltr'><strong>ordinem</strong></span> 
     </span>
    </p>
   </div>
   <div class='ocr_carea' id='block_1_41' title="bbox 177 1338 962 1376">
    <p class='ocr_par' dir='ltr' id='par_1_41' title="bbox 177 1338 962 1376">
     <span class='ocr_line' id='line_1_41' title="bbox 177 1338 962 1376; baseline -0.005 -7"><span class='ocrx_word' id='word_1_285' title='bbox 177 1340 386 1376; x_wconf 83' lang='lat' dir='ltr'><strong>repudiaverim</strong></span> <span class='ocrx_word' id='word_1_286' title='bbox 412 1339 555 1376; x_wconf 78' lang='lat' dir='ltr'><strong>Magnesii,</strong></span> <span class='ocrx_word' id='word_1_287' title='bbox 577 1343 608 1366; x_wconf 93' lang='lat' dir='ltr'><strong>ut</strong></span> <span class='ocrx_word' id='word_1_288' title='bbox 630 1346 664 1366; x_wconf 81' lang='lat' dir='ltr'><strong>ex</strong></span> <span class='ocrx_word' id='word_1_289' title='bbox 681 1338 741 1373; x_wconf 91' lang='lat' dir='ltr'><strong>ipso</strong></span> <span class='ocrx_word' id='word_1_290' title='bbox 762 1338 824 1366; x_wconf 91' lang='lat' dir='ltr'><strong>loco</strong></span> <span class='ocrx_word' id='word_1_291' title='bbox 838 1343 962 1372; x_wconf 85' lang='lat' dir='ltr'><strong>constat;</strong></span> 
     </span>
    </p>
   </div>
   <div class='ocr_carea' id='block_1_42' title="bbox 179 1384 963 1421">
    <p class='ocr_par' dir='ltr' id='par_1_42' title="bbox 179 1384 963 1421">
     <span class='ocr_line' id='line_1_42' title="bbox 179 1384 963 1421; baseline -0.004 -7"><span class='ocrx_word' id='word_1_292' title='bbox 179 1387 254 1415; x_wconf 81' lang='lat' dir='ltr'><strong>aliud</strong></span> <span class='ocrx_word' id='word_1_293' title='bbox 270 1386 372 1421; x_wconf 85' lang='lat' dir='ltr'><strong>aliquid</strong></span> <span class='ocrx_word' id='word_1_294' title='bbox 392 1385 601 1421; x_wconf 73' lang='lat' dir='ltr'><strong>excogitandum</strong></span> <span class='ocrx_word' id='word_1_295' title='bbox 613 1384 718 1420; x_wconf 84' lang='lat' dir='ltr'><strong>putavit</strong></span> <span class='ocrx_word' id='word_1_296' title='bbox 742 1384 878 1418; x_wconf 82' lang='lat' dir='ltr'><strong>Petavius,</strong></span> <span class='ocrx_word' id='word_1_297' title='bbox 889 1384 963 1420; x_wconf 91' lang='lat' dir='ltr'><strong>quod</strong></span> 
     </span>
    </p>
   </div>
   <div class='ocr_carea' id='block_1_43' title="bbox 179 1429 964 1467">
    <p class='ocr_par' dir='ltr' id='par_1_43' title="bbox 179 1429 964 1467">
     <span class='ocr_line' id='line_1_43' title="bbox 179 1429 964 1467; baseline -0.006 -6"><span class='ocrx_word' id='word_1_298' title='bbox 179 1433 216 1461; x_wconf 82' lang='lat' dir='ltr'><strong>ab</strong></span> <span class='ocrx_word' id='word_1_299' title='bbox 251 1432 307 1461; x_wconf 83' lang='lat' dir='ltr'><strong>illis</strong></span> <span class='ocrx_word' id='word_1_300' title='bbox 339 1432 514 1467; x_wconf 86' lang='lat' dir='ltr'><strong>repudiatum</strong></span> <span class='ocrx_word' id='word_1_301' title='bbox 554 1435 617 1463; x_wconf 84' lang='lat' dir='ltr'><strong>est,</strong></span> <span class='ocrx_word' id='word_1_302' title='bbox 649 1430 777 1466; x_wconf 87' lang='lat' dir='ltr'><strong>quodque</strong></span> <span class='ocrx_word' id='word_1_303' title='bbox 814 1429 964 1467; x_wconf 79' lang='grc' dir='ltr'>νεωτερικὴ</span> 
     </span>
    </p>
   </div>
   <div class='ocr_carea' id='block_1_44' title="bbox 178 1476 965 1512">
    <p class='ocr_par' dir='ltr' id='par_1_44' title="bbox 178 1476 965 1512">
     <span class='ocr_line' id='line_1_44' title="bbox 178 1476 965 1512; baseline -0.005 -6"><span class='ocrx_word' id='word_1_304' title='bbox 178 1478 256 1511; x_wconf 78' lang='grc' dir='ltr'>τάξις</span> <span class='ocrx_word' id='word_1_305' title='bbox 271 1478 365 1506; x_wconf 87' lang='lat' dir='ltr'><strong>vocari</strong></span> <span class='ocrx_word' id='word_1_306' title='bbox 383 1481 485 1512; x_wconf 87' lang='lat' dir='ltr'><strong>posset.</strong></span> <span class='ocrx_word' id='word_1_307' title='bbox 508 1476 543 1504; x_wconf 90' lang='lat' dir='ltr'><strong>Et</strong></span> <span class='ocrx_word' id='word_1_308' title='bbox 567 1483 663 1504; x_wconf 85' lang='lat' dir='ltr'><strong>omnes</strong></span> <span class='ocrx_word' id='word_1_309' title='bbox 683 1476 792 1512; x_wconf 90' lang='lat' dir='ltr'><strong>quidem</strong></span> <span class='ocrx_word' id='word_1_310' title='bbox 807 1476 854 1511; x_wconf 90' lang='lat' dir='ltr'><strong>qui</strong></span> <span class='ocrx_word' id='word_1_311' title='bbox 868 1484 965 1502; x_wconf 79' lang='grc' dir='ltr'>νεωτε-</span> 
     </span>
    </p>
   </div>
   <div class='ocr_carea' id='block_1_45' title="bbox 179 1521 963 1560">
    <p class='ocr_par' dir='ltr' id='par_1_45' title="bbox 179 1521 963 1560">
     <span class='ocr_line' id='line_1_45' title="bbox 179 1521 963 1560; baseline -0.004 -9"><span class='ocrx_word' id='word_1_312' title='bbox 179 1524 259 1560; x_wconf 82' lang='grc' dir='ltr'>ρικὴν</span> <span class='ocrx_word' id='word_1_313' title='bbox 275 1523 352 1556; x_wconf 81' lang='grc' dir='ltr'><strong>τάξιν</strong></span> <span class='ocrx_word' id='word_1_314' title='bbox 368 1522 498 1551; x_wconf 84' lang='lat' dir='ltr'><strong>novellam</strong></span> <span class='ocrx_word' id='word_1_315' title='bbox 513 1522 706 1550; x_wconf 74' lang='lat' dir='ltr'><strong>institutionem</strong></span> <span class='ocrx_word' id='word_1_316' title='bbox 726 1522 852 1555; x_wconf 84' lang='lat' dir='ltr'><strong>reddunt,</strong></span> <span class='ocrx_word' id='word_1_317' title='bbox 875 1522 900 1548; x_wconf 93' lang='lat' dir='ltr'><strong>in</strong></span> <span class='ocrx_word' id='word_1_318' title='bbox 917 1521 963 1548; x_wconf 84' lang='lat' dir='ltr'><strong>illa</strong></span> 
     </span>
    </p>
   </div>
   <div class='ocr_carea' id='block_1_46' title="bbox 1013 922 1809 956">
    <p class='ocr_par' dir='ltr' id='par_1_46' title="bbox 1013 922 1809 956">
     <span class='ocr_line' id='line_1_46' title="bbox 1013 922 1809 956; baseline 0.005 -7"><span class='ocrx_word' id='word_1_319' title='bbox 1013 922 1103 950; x_wconf 79' lang='lat' dir='ltr'><strong>adhuc</strong></span> <span class='ocrx_word' id='word_1_320' title='bbox 1115 923 1229 956; x_wconf 86' lang='lat' dir='ltr'><strong>dubitet,</strong></span> <span class='ocrx_word' id='word_1_321' title='bbox 1244 931 1279 950; x_wconf 90' lang='lat' dir='ltr'><strong>an</strong></span> <span class='ocrx_word' id='word_1_322' title='bbox 1293 923 1352 951; x_wconf 63' lang='lat' dir='ltr'><strong>huic</strong></span> <span class='ocrx_word' id='word_1_323' title='bbox 1363 925 1455 952; x_wconf 88' lang='lat' dir='ltr'><strong>omnia</strong></span> <span class='ocrx_word' id='word_1_324' title='bbox 1478 925 1515 952; x_wconf 78' lang='lat' dir='ltr'><strong>ad</strong></span> <span class='ocrx_word' id='word_1_325' title='bbox 1526 929 1632 952; x_wconf 63' lang='lat' dir='ltr'><strong>aetatem</strong></span> <span class='ocrx_word' id='word_1_326' title='bbox 1652 925 1744 952; x_wconf 77' lang='lat' dir='ltr'><strong>Daune</strong></span> <span class='ocrx_word' id='word_1_327' title='bbox 1759 934 1809 954; x_wconf 80' lang='lat' dir='ltr'><strong>re.—</strong></span> 
     </span>
    </p>
   </div>
   <div class='ocr_carea' id='block_1_47' title="bbox 1015 968 1808 1008">
    <p class='ocr_par' dir='ltr' id='par_1_47' title="bbox 1015 968 1808 1008">
     <span class='ocr_line' id='line_1_47' title="bbox 1015 968 1808 1008; baseline 0.004 -13"><span class='ocrx_word' id='word_1_328' title='bbox 1015 968 1079 996; x_wconf 90' lang='lat' dir='ltr'><strong>ferri</strong></span> <span class='ocrx_word' id='word_1_329' title='bbox 1110 969 1240 1002; x_wconf 86' lang='lat' dir='ltr'><strong>debeant;</strong></span> <span class='ocrx_word' id='word_1_330' title='bbox 1266 977 1330 997; x_wconf 90' lang='lat' dir='ltr'><strong>eum</strong></span> <span class='ocrx_word' id='word_1_331' title='bbox 1358 971 1473 998; x_wconf 87' lang='lat' dir='ltr'><strong>omnino</strong></span> <span class='ocrx_word' id='word_1_332' title='bbox 1503 975 1611 1006; x_wconf 81' lang='lat' dir='ltr'><strong>Oportet</strong></span> <span class='ocrx_word' id='word_1_333' title='bbox 1633 971 1808 1008; x_wconf 76' lang='grc' dir='ltr'>νεωτερικὴν</span> 
     </span>
    </p>
   </div>
   <div class='ocr_carea' id='block_1_48' title="bbox 1013 1013 1806 1051">
    <p class='ocr_par' dir='ltr' id='par_1_48' title="bbox 1013 1013 1806 1051">
     <span class='ocr_line' id='line_1_48' title="bbox 1013 1013 1806 1051; baseline 0.005 -11"><span class='ocrx_word' id='word_1_334' title='bbox 1013 1013 1090 1047; x_wconf 76' lang='grc' dir='ltr'>τάξιν</span> <span class='ocrx_word' id='word_1_335' title='bbox 1106 1013 1140 1041; x_wconf 90' lang='lat' dir='ltr'><strong>de</strong></span> <span class='ocrx_word' id='word_1_336' title='bbox 1166 1015 1281 1047; x_wconf 88' lang='lat' dir='ltr'><strong>recenti,</strong></span> <span class='ocrx_word' id='word_1_337' title='bbox 1299 1023 1353 1042; x_wconf 90' lang='lat' dir='ltr'><strong>non</strong></span> <span class='ocrx_word' id='word_1_338' title='bbox 1375 1016 1549 1051; x_wconf 84' lang='lat' dir='ltr'><strong>episcopatus</strong></span> <span class='ocrx_word' id='word_1_339' title='bbox 1569 1024 1616 1044; x_wconf 87' lang='lat' dir='ltr'><strong>seu</strong></span> <span class='ocrx_word' id='word_1_340' title='bbox 1634 1017 1727 1049; x_wconf 86' lang='lat' dir='ltr'><strong>ollicii,</strong></span> <span class='ocrx_word' id='word_1_341' title='bbox 1753 1018 1806 1045; x_wconf 87' lang='lat' dir='ltr'><strong>sed</strong></span> 
     </span>
    </p>
   </div>
   <div class='ocr_carea' id='block_1_49' title="bbox 1014 1059 1807 1098">
    <p class='ocr_par' dir='ltr' id='par_1_49' title="bbox 1014 1059 1807 1098">
     <span class='ocr_line' id='line_1_49' title="bbox 1014 1059 1807 1098; baseline 0.005 -12"><span class='ocrx_word' id='word_1_342' title='bbox 1014 1059 1134 1088; x_wconf 87' lang='lat' dir='ltr'><strong>hominis</strong></span> <span class='ocrx_word' id='word_1_343' title='bbox 1156 1068 1205 1088; x_wconf 88' lang='lat' dir='ltr'><strong>seu</strong></span> <span class='ocrx_word' id='word_1_344' title='bbox 1218 1061 1339 1096; x_wconf 85' lang='lat' dir='ltr'><strong>episcopi</strong></span> <span class='ocrx_word' id='word_1_345' title='bbox 1351 1062 1523 1090; x_wconf 87' lang='lat' dir='ltr'><strong>ordinatione</strong></span> <span class='ocrx_word' id='word_1_346' title='bbox 1538 1063 1731 1098; x_wconf 86' lang='lat' dir='ltr'><strong>interpretari;</strong></span> <span class='ocrx_word' id='word_1_347' title='bbox 1748 1063 1807 1090; x_wconf 83' lang='lat' dir='ltr'><strong>nisi</strong></span> 
     </span>
    </p>
   </div>
   <div class='ocr_carea' id='block_1_50' title="bbox 1013 1105 1808 1143">
    <p class='ocr_par' dir='ltr' id='par_1_50' title="bbox 1013 1105 1808 1143">
     <span class='ocr_line' id='line_1_50' title="bbox 1013 1105 1808 1143; baseline 0.005 -11"><span class='ocrx_word' id='word_1_348' title='bbox 1013 1105 1078 1132; x_wconf 79' lang='lat' dir='ltr'><strong>velit</strong></span> <span class='ocrx_word' id='word_1_349' title='bbox 1088 1106 1230 1141; x_wconf 85' lang='lat' dir='ltr'><strong>scriptoris</strong></span> <span class='ocrx_word' id='word_1_350' title='bbox 1253 1107 1377 1135; x_wconf 87' lang='lat' dir='ltr'><strong>instituto</strong></span> <span class='ocrx_word' id='word_1_351' title='bbox 1389 1113 1481 1143; x_wconf 86' lang='lat' dir='ltr'><strong>aperte</strong></span> <span class='ocrx_word' id='word_1_352' title='bbox 1496 1109 1692 1136; x_wconf 86' lang='lat' dir='ltr'><strong>contradicere.</strong></span> <span class='ocrx_word' id='word_1_353' title='bbox 1704 1109 1808 1136; x_wconf 78' lang='lat' dir='ltr'><strong>Fateor</strong></span> 
     </span>
    </p>
   </div>
   <div class='ocr_carea' id='block_1_51' title="bbox 1013 1152 1805 1190">
    <p class='ocr_par' dir='ltr' id='par_1_51' title="bbox 1013 1152 1805 1190">
     <span class='ocr_line' id='line_1_51' title="bbox 1013 1152 1805 1190; baseline 0.005 -11"><span class='ocrx_word' id='word_1_354' title='bbox 1013 1152 1087 1179; x_wconf 90' lang='lat' dir='ltr'><strong>enim</strong></span> <span class='ocrx_word' id='word_1_355' title='bbox 1103 1156 1197 1180; x_wconf 73' lang='lat' dir='ltr'><strong>vacem</strong></span> <span class='ocrx_word' id='word_1_356' title='bbox 1213 1154 1379 1190; x_wconf 77' lang='grc' dir='ltr'>νεωτερικήν</span> <span class='ocrx_word' id='word_1_357' title='bbox 1400 1154 1434 1182; x_wconf 90' lang='lat' dir='ltr'><strong>de</strong></span> <span class='ocrx_word' id='word_1_358' title='bbox 1454 1162 1484 1182; x_wconf 90' lang='lat' dir='ltr'><strong>re</strong></span> <span class='ocrx_word' id='word_1_359' title='bbox 1509 1154 1599 1189; x_wconf 90' lang='lat' dir='ltr'><strong>aliqua</strong></span> <span class='ocrx_word' id='word_1_360' title='bbox 1614 1156 1735 1187; x_wconf 81' lang='lat' dir='ltr'><strong>recenti,</strong></span> <span class='ocrx_word' id='word_1_361' title='bbox 1752 1163 1805 1183; x_wconf 83' lang='lat' dir='ltr'><strong>seu</strong></span> 
     </span>
    </p>
   </div>
   <div class='ocr_carea' id='block_1_52' title="bbox 1014 1197 1807 1236">
    <p class='ocr_par' dir='ltr' id='par_1_52' title="bbox 1014 1197 1807 1236">
     <span class='ocr_line' id='line_1_52' title="bbox 1014 1197 1807 1236; baseline 0.006 -12"><span class='ocrx_word' id='word_1_362' title='bbox 1014 1197 1145 1226; x_wconf 88' lang='lat' dir='ltr'><strong>moderna</strong></span> <span class='ocrx_word' id='word_1_363' title='bbox 1168 1199 1296 1234; x_wconf 88' lang='lat' dir='ltr'><strong>usurpari</strong></span> <span class='ocrx_word' id='word_1_364' title='bbox 1324 1207 1414 1234; x_wconf 86' lang='lat' dir='ltr'><strong>posse,</strong></span> <span class='ocrx_word' id='word_1_365' title='bbox 1443 1204 1471 1228; x_wconf 90' lang='lat' dir='ltr'><strong>et</strong></span> <span class='ocrx_word' id='word_1_366' title='bbox 1493 1200 1561 1228; x_wconf 89' lang='lat' dir='ltr'><strong>satis</strong></span> <span class='ocrx_word' id='word_1_367' title='bbox 1580 1201 1691 1236; x_wconf 88' lang='lat' dir='ltr'><strong>quidem</strong></span> <span class='ocrx_word' id='word_1_368' title='bbox 1701 1201 1807 1236; x_wconf 71' lang='lat' dir='ltr'><strong>origini</strong></span> 
     </span>
    </p>
   </div>
   <div class='ocr_carea' id='block_1_53' title="bbox 1014 1244 1804 1282">
    <p class='ocr_par' dir='ltr' id='par_1_53' title="bbox 1014 1244 1804 1282">
     <span class='ocr_line' id='line_1_53' title="bbox 1014 1244 1804 1282; baseline 0.006 -11"><span class='ocrx_word' id='word_1_369' title='bbox 1014 1251 1071 1271; x_wconf 68' lang='lat' dir='ltr'><strong>sua:</strong></span> <span class='ocrx_word' id='word_1_370' title='bbox 1085 1251 1216 1280; x_wconf 78' lang='lat' dir='ltr'><strong>congrue.</strong></span> <span class='ocrx_word' id='word_1_371' title='bbox 1227 1244 1302 1273; x_wconf 86' lang='lat' dir='ltr'><strong>Utde</strong></span> <span class='ocrx_word' id='word_1_372' title='bbox 1312 1245 1427 1274; x_wconf 85' lang='lat' dir='ltr'><strong>Hierace</strong></span> <span class='ocrx_word' id='word_1_373' title='bbox 1440 1246 1619 1282; x_wconf 88' lang='lat' dir='ltr'><strong>Epiphanius,</strong></span> <span class='ocrx_word' id='word_1_374' title='bbox 1630 1247 1727 1275; x_wconf 82' lang='lat' dir='ltr'><strong>haeresi</strong></span> <span class='ocrx_word' id='word_1_375' title='bbox 1743 1247 1779 1274; x_wconf 84' lang='lat'><strong>67</strong></span> <span class='ocrx_word' id='word_1_376' title='bbox 1795 1259 1804 1276; x_wconf 91' lang='lat'><strong>:</strong></span> 
     </span>
    </p>
   </div>
   <div class='ocr_carea' id='block_1_54' title="bbox 1013 1288 1806 1327">
    <p class='ocr_par' dir='ltr' id='par_1_54' title="bbox 1013 1288 1806 1327">
     <span class='ocr_line' id='line_1_54' title="bbox 1013 1288 1806 1327; baseline 0.005 -11"><span class='ocrx_word' id='word_1_377' title='bbox 1013 1288 1138 1325; x_wconf 76' lang='grc' dir='ltr'><strong>ψαλμοὺς</strong></span> <span class='ocrx_word' id='word_1_378' title='bbox 1171 1290 1283 1323; x_wconf 80' lang='grc' dir='ltr'>πολλοὺς</span> <span class='ocrx_word' id='word_1_379' title='bbox 1306 1292 1489 1327; x_wconf 84' lang='grc' dir='ltr'>νεωτερικοὺς</span> <span class='ocrx_word' id='word_1_380' title='bbox 1511 1293 1658 1320; x_wconf 77' lang='grc' dir='ltr'>ἐπλάσατο.</span> <span class='ocrx_word' id='word_1_381' title='bbox 1677 1292 1806 1320; x_wconf 77' lang='lat' dir='ltr'><strong>Psalmos</strong></span> 
     </span>
    </p>
   </div>
   <div class='ocr_carea' id='block_1_55' title="bbox 1014 1337 1805 1374">
    <p class='ocr_par' dir='ltr' id='par_1_55' title="bbox 1014 1337 1805 1374">
     <span class='ocr_line' id='line_1_55' title="bbox 1014 1337 1805 1374; baseline 0.005 -12"><span class='ocrx_word' id='word_1_382' title='bbox 1014 1337 1160 1371; x_wconf 83' lang='lat' dir='ltr'><strong>complures</strong></span> <span class='ocrx_word' id='word_1_383' title='bbox 1188 1341 1314 1371; x_wconf 71' lang='lat' dir='ltr'><strong>recentes,</strong></span> <span class='ocrx_word' id='word_1_384' title='bbox 1339 1345 1387 1366; x_wconf 89' lang='lat' dir='ltr'><strong>seu</strong></span> <span class='ocrx_word' id='word_1_385' title='bbox 1407 1339 1518 1366; x_wconf 83' lang='lat' dir='ltr'><strong>novitios</strong></span> <span class='ocrx_word' id='word_1_386' title='bbox 1545 1339 1683 1374; x_wconf 66' lang='lat' dir='ltr'><strong>con/insit.</strong></span> <span class='ocrx_word' id='word_1_387' title='bbox 1708 1338 1742 1367; x_wconf 85' lang='lat' dir='ltr'><strong>Et</strong></span> <span class='ocrx_word' id='word_1_388' title='bbox 1754 1340 1805 1374; x_wconf 88' lang='lat' dir='ltr'><strong>qui</strong></span> 
     </span>
    </p>
   </div>
   <div class='ocr_carea' id='block_1_56' title="bbox 1015 1382 1806 1419">
    <p class='ocr_par' dir='ltr' id='par_1_56' title="bbox 1015 1382 1806 1419">
     <span class='ocr_line' id='line_1_56' title="bbox 1015 1382 1806 1419; baseline 0.004 -10"><span class='ocrx_word' id='word_1_389' title='bbox 1015 1382 1052 1410; x_wconf 87' lang='lat' dir='ltr'><strong>ita</strong></span> <span class='ocrx_word' id='word_1_390' title='bbox 1082 1383 1155 1410; x_wconf 92' lang='lat' dir='ltr'><strong>hunc</strong></span> <span class='ocrx_word' id='word_1_391' title='bbox 1188 1383 1352 1419; x_wconf 79' lang='lat' dir='ltr'><strong>scriptorem</strong></span> <span class='ocrx_word' id='word_1_392' title='bbox 1384 1383 1548 1412; x_wconf 81' lang='lat' dir='ltr'><strong>intellexerit</strong></span> <span class='ocrx_word' id='word_1_393' title='bbox 1570 1385 1604 1412; x_wconf 89' lang='lat' dir='ltr'><strong>de</strong></span> <span class='ocrx_word' id='word_1_394' title='bbox 1626 1385 1806 1413; x_wconf 85' lang='lat' dir='ltr'><strong>ordinatione</strong></span> 
     </span>
    </p>
   </div>
   <div class='ocr_carea' id='block_1_57' title="bbox 1015 1428 1805 1467">
    <p class='ocr_par' dir='ltr' id='par_1_57' title="bbox 1015 1428 1805 1467">
     <span class='ocr_line' id='line_1_57' title="bbox 1015 1428 1805 1467; baseline 0.004 -12"><span class='ocrx_word' id='word_1_395' title='bbox 1015 1428 1106 1458; x_wconf 65' lang='lat' dir='ltr'><strong>Damae</strong></span> <span class='ocrx_word' id='word_1_396' title='bbox 1124 1434 1248 1457; x_wconf 85' lang='lat' dir='ltr'><strong>recenter</strong></span> <span class='ocrx_word' id='word_1_397' title='bbox 1261 1429 1344 1463; x_wconf 83' lang='lat' dir='ltr'><strong>facta,</strong></span> <span class='ocrx_word' id='word_1_398' title='bbox 1363 1431 1516 1459; x_wconf 88' lang='lat' dir='ltr'><strong>doctrinam</strong></span> <span class='ocrx_word' id='word_1_399' title='bbox 1541 1431 1709 1467; x_wconf 78' lang='lat' dir='ltr'><strong>lgnatianam</strong></span> <span class='ocrx_word' id='word_1_400' title='bbox 1735 1431 1805 1458; x_wconf 80' lang='lat' dir='ltr'><strong>alibi</strong></span> 
     </span>
    </p>
   </div>
   <div class='ocr_carea' id='block_1_58' title="bbox 1014 1476 1807 1512">
    <p class='ocr_par' dir='ltr' id='par_1_58' title="bbox 1014 1476 1807 1512">
     <span class='ocr_line' id='line_1_58' title="bbox 1014 1476 1807 1512; baseline 0.003 -10"><span class='ocrx_word' id='word_1_401' title='bbox 1014 1476 1125 1511; x_wconf 76' lang='lat' dir='ltr'><strong>copiose</strong></span> <span class='ocrx_word' id='word_1_402' title='bbox 1138 1476 1302 1511; x_wconf 85' lang='lat' dir='ltr'><strong>explicatam</strong></span> <span class='ocrx_word' id='word_1_403' title='bbox 1329 1477 1401 1504; x_wconf 85' lang='lat' dir='ltr'><strong>haud</strong></span> <span class='ocrx_word' id='word_1_404' title='bbox 1419 1477 1547 1510; x_wconf 86' lang='lat' dir='ltr'><strong>violabit;</strong></span> <span class='ocrx_word' id='word_1_405' title='bbox 1571 1477 1616 1505; x_wconf 90' lang='lat' dir='ltr'><strong>sed</strong></span> <span class='ocrx_word' id='word_1_406' title='bbox 1633 1485 1715 1512; x_wconf 90' lang='lat' dir='ltr'><strong>quam</strong></span> <span class='ocrx_word' id='word_1_407' title='bbox 1735 1484 1807 1504; x_wconf 86' lang='lat' dir='ltr'><strong>eon-</strong></span> 
     </span>
    </p>
   </div>
   <div class='ocr_carea' id='block_1_59' title="bbox 1014 1522 1806 1558">
    <p class='ocr_par' dir='ltr' id='par_1_59' title="bbox 1014 1522 1806 1558">
     <span class='ocr_line' id='line_1_59' title="bbox 1014 1522 1806 1558; baseline 0.001 -10"><span class='ocrx_word' id='word_1_408' title='bbox 1014 1529 1112 1556; x_wconf 76' lang='lat' dir='ltr'><strong>gruum</strong></span> <span class='ocrx_word' id='word_1_409' title='bbox 1129 1522 1193 1550; x_wconf 91' lang='lat' dir='ltr'><strong>huic</strong></span> <span class='ocrx_word' id='word_1_410' title='bbox 1203 1522 1265 1549; x_wconf 88' lang='lat' dir='ltr'><strong>loco</strong></span> <span class='ocrx_word' id='word_1_411' title='bbox 1277 1530 1388 1550; x_wconf 89' lang='lat' dir='ltr'><strong>sensum</strong></span> <span class='ocrx_word' id='word_1_412' title='bbox 1401 1530 1433 1550; x_wconf 87' lang='lat' dir='ltr'><strong>ea</strong></span> <span class='ocrx_word' id='word_1_413' title='bbox 1447 1522 1670 1558; x_wconf 85' lang='lat' dir='ltr'><strong>interpretatione</strong></span> <span class='ocrx_word' id='word_1_414' title='bbox 1681 1523 1806 1550; x_wconf 74' lang='lat' dir='ltr'><strong>tribuere.</strong></span> 
     </span>
    </p>
   </div>
   <div class='ocr_carea' id='block_1_60' title="bbox 176 1560 916 1605">
    <p class='ocr_par' dir='ltr' id='par_1_60' title="bbox 176 1567 916 1605">
     <span class='ocr_line' id='line_1_60' title="bbox 176 1567 916 1605; baseline -0.004 -9"><span class='ocrx_word' id='word_1_415' title='bbox 176 1577 246 1598; x_wconf 83' lang='lat' dir='ltr'><strong>voce</strong></span> <span class='ocrx_word' id='word_1_416' title='bbox 272 1568 488 1605; x_wconf 82' lang='grc' dir='ltr'><strong>προσειληφότας</strong></span> <span class='ocrx_word' id='word_1_417' title='bbox 519 1568 679 1603; x_wconf 84' lang='lat' dir='ltr'><strong>explicanda</strong></span> <span class='ocrx_word' id='word_1_418' title='bbox 718 1568 832 1595; x_wconf 53' lang='lat' dir='ltr'><strong>harent.</strong></span> <span class='ocrx_word' id='word_1_419' title='bbox 865 1567 916 1594; x_wconf 77' lang='lat' dir='ltr'><strong>Kal</strong></span> 
     </span>
    </p>
   </div>
   <div class='ocr_carea' id='block_1_61' title="bbox 1065 1560 1805 1605">
    <p class='ocr_par' dir='ltr' id='par_1_61' title="bbox 1067 1567 1805 1603">
     <span class='ocr_line' id='line_1_61' title="bbox 1067 1567 1805 1603; baseline 0.001 -9"><span class='ocrx_word' id='word_1_420' title='bbox 1067 1567 1113 1600; x_wconf 85' lang='lat' dir='ltr'><strong>sit,</strong></span> <span class='ocrx_word' id='word_1_421' title='bbox 1129 1567 1188 1602; x_wconf 86' lang='lat' dir='ltr'><strong>ipse</strong></span> <span class='ocrx_word' id='word_1_422' title='bbox 1204 1567 1312 1595; x_wconf 91' lang='lat' dir='ltr'><strong>viderit.</strong></span> <span class='ocrx_word' id='word_1_423' title='bbox 1330 1567 1388 1595; x_wconf 77' lang='lat' dir='ltr'><strong>Vox</strong></span> <span class='ocrx_word' id='word_1_424' title='bbox 1403 1569 1476 1595; x_wconf 90' lang='lat' dir='ltr'><strong>enim</strong></span> <span class='ocrx_word' id='word_1_425' title='bbox 1490 1568 1535 1595; x_wconf 89' lang='lat' dir='ltr'><strong>illa</strong></span> <span class='ocrx_word' id='word_1_426' title='bbox 1551 1567 1715 1603; x_wconf 84' lang='grc' dir='ltr'><strong>φαινομένην</strong></span> <span class='ocrx_word' id='word_1_427' title='bbox 1731 1575 1805 1602; x_wconf 69' lang='lat' dir='ltr'><strong>prae-</strong></span> 
     </span>
    </p>
   </div>
   <div class='ocr_carea' id='block_1_62' title="bbox 177 1612 965 1650">
    <p class='ocr_par' dir='ltr' id='par_1_62' title="bbox 177 1612 965 1650">
     <span class='ocr_line' id='line_1_62' title="bbox 177 1612 965 1650; baseline -0.005 -8"><span class='ocrx_word' id='word_1_428' title='bbox 177 1615 264 1650; x_wconf 73' lang='grc' dir='ltr'>ῑγνων</span> <span class='ocrx_word' id='word_1_429' title='bbox 279 1615 326 1642; x_wconf 71' lang='grc' dir='ltr'><strong>καὶ</strong></span> <span class='ocrx_word' id='word_1_430' title='bbox 341 1615 405 1646; x_wconf 82' lang='grc' dir='ltr'>τοὺς</span> <span class='ocrx_word' id='word_1_431' title='bbox 421 1613 515 1649; x_wconf 78' lang='grc' dir='ltr'><strong>ἁγίους</strong></span> <span class='ocrx_word' id='word_1_432' title='bbox 538 1613 752 1649; x_wconf 77' lang='grc' dir='ltr'>πρεσϐυτέρους,</span> <span class='ocrx_word' id='word_1_433' title='bbox 775 1613 806 1639; x_wconf 87' lang='grc' dir='ltr'>οὐ</span> <span class='ocrx_word' id='word_1_434' title='bbox 823 1612 965 1648; x_wconf 78' lang='grc' dir='ltr'>προσειλη-</span> 
     </span>
    </p>
   </div>
   <div class='ocr_carea' id='block_1_63' title="bbox 178 1658 965 1697">
    <p class='ocr_par' dir='ltr' id='par_1_63' title="bbox 178 1658 965 1697">
     <span class='ocr_line' id='line_1_63' title="bbox 178 1658 965 1697; baseline -0.006 -8"><span class='ocrx_word' id='word_1_435' title='bbox 178 1662 262 1697; x_wconf 71' lang='grc' dir='ltr'>φότας</span> <span class='ocrx_word' id='word_1_436' title='bbox 289 1661 340 1697; x_wconf 88' lang='grc' dir='ltr'>τὴν</span> <span class='ocrx_word' id='word_1_437' title='bbox 367 1660 533 1696; x_wconf 80' lang='grc' dir='ltr'>φαινομένην</span> <span class='ocrx_word' id='word_1_438' title='bbox 556 1659 722 1695; x_wconf 84' lang='grc' dir='ltr'>νεωτερικὴν</span> <span class='ocrx_word' id='word_1_439' title='bbox 737 1658 831 1691; x_wconf 80' lang='grc' dir='ltr'>τάξιν,</span> <span class='ocrx_word' id='word_1_440' title='bbox 855 1658 914 1685; x_wconf 80' lang='grc' dir='ltr'>ἀλλ’</span> <span class='ocrx_word' id='word_1_441' title='bbox 927 1658 965 1691; x_wconf 82' lang='grc' dir='ltr'>ὡς</span> 
     </span>
    </p>
   </div>
   <div class='ocr_carea' id='block_1_64' title="bbox 178 1704 963 1744">
    <p class='ocr_par' dir='ltr' id='par_1_64' title="bbox 178 1704 963 1744">
     <span class='ocr_line' id='line_1_64' title="bbox 178 1704 963 1744; baseline -0.005 -9"><span class='ocrx_word' id='word_1_442' title='bbox 178 1709 326 1744; x_wconf 77' lang='grc' dir='ltr'>φρονίμους</span> <span class='ocrx_word' id='word_1_443' title='bbox 349 1708 378 1734; x_wconf 73' lang='grc' dir='ltr'>ὲν</span> <span class='ocrx_word' id='word_1_444' title='bbox 398 1706 457 1742; x_wconf 87' lang='grc' dir='ltr'><strong>Θεῷ</strong></span> <span class='ocrx_word' id='word_1_445' title='bbox 483 1705 692 1741; x_wconf 81' lang='grc' dir='ltr'><strong>συγχωροῦντας</strong></span> <span class='ocrx_word' id='word_1_446' title='bbox 716 1704 807 1740; x_wconf 80' lang='grc' dir='ltr'>αὐτῷ,</span> <span class='ocrx_word' id='word_1_447' title='bbox 833 1704 874 1732; x_wconf 85' lang='lat' dir='ltr'><strong>sic</strong></span> <span class='ocrx_word' id='word_1_448' title='bbox 902 1704 963 1731; x_wconf 86' lang='lat' dir='ltr'><strong>red-</strong></span> 
     </span>
    </p>
   </div>
   <div class='ocr_carea' id='block_1_65' title="bbox 178 1750 965 1785">
    <p class='ocr_par' dir='ltr' id='par_1_65' title="bbox 178 1750 965 1785">
     <span class='ocr_line' id='line_1_65' title="bbox 178 1750 965 1785; baseline -0.005 -5"><span class='ocrx_word' id='word_1_449' title='bbox 178 1752 219 1780; x_wconf 91' lang='lat' dir='ltr'><strong>dit</strong></span> <span class='ocrx_word' id='word_1_450' title='bbox 240 1751 413 1779; x_wconf 85' lang='lat' dir='ltr'><strong>Salmasius:</strong></span> <span class='ocrx_word' id='word_1_451' title='bbox 437 1750 512 1778; x_wconf 87' lang='lat' dir='ltr'><strong>Sicut</strong></span> <span class='ocrx_word' id='word_1_452' title='bbox 534 1751 643 1785; x_wconf 77' lang='lat' dir='ltr'><strong>cognovi</strong></span> <span class='ocrx_word' id='word_1_453' title='bbox 665 1750 847 1784; x_wconf 75' lang='lat' dir='ltr'><strong>presbyteros,</strong></span> <span class='ocrx_word' id='word_1_454' title='bbox 871 1757 923 1776; x_wconf 86' lang='lat' dir='ltr'><strong>non</strong></span> <span class='ocrx_word' id='word_1_455' title='bbox 936 1753 965 1776; x_wconf 87' lang='lat' dir='ltr'><strong>ut</strong></span> 
     </span>
    </p>
   </div>
   <div class='ocr_carea' id='block_1_66' title="bbox 179 1796 964 1833">
    <p class='ocr_par' dir='ltr' id='par_1_66' title="bbox 179 1796 964 1833">
     <span class='ocr_line' id='line_1_66' title="bbox 179 1796 964 1833; baseline -0.005 -8"><span class='ocrx_word' id='word_1_456' title='bbox 179 1798 337 1833; x_wconf 86' lang='lat' dir='ltr'><strong>accipientes</strong></span> <span class='ocrx_word' id='word_1_457' title='bbox 351 1805 421 1830; x_wconf 79' lang='lat' dir='ltr'><strong>eam,</strong></span> <span class='ocrx_word' id='word_1_458' title='bbox 443 1804 504 1832; x_wconf 68' lang='lat' dir='ltr'><strong>qua:</strong></span> <span class='ocrx_word' id='word_1_459' title='bbox 531 1805 598 1823; x_wconf 86' lang='lat' dir='ltr'><strong>nova</strong></span> <span class='ocrx_word' id='word_1_460' title='bbox 614 1800 735 1831; x_wconf 86' lang='lat' dir='ltr'><strong>apparet,</strong></span> <span class='ocrx_word' id='word_1_461' title='bbox 760 1796 964 1828; x_wconf 82' lang='lat' dir='ltr'><strong>institutionem,</strong></span> 
     </span>
    </p>
   </div>
   <div class='ocr_carea' id='block_1_67' title="bbox 179 1838 964 1877">
    <p class='ocr_par' dir='ltr' id='par_1_67' title="bbox 179 1838 964 1877">
     <span class='ocr_line' id='line_1_67' title="bbox 179 1838 964 1877; baseline -0.006 -7"><span class='ocrx_word' id='word_1_462' title='bbox 179 1843 225 1870; x_wconf 82' lang='lat' dir='ltr'><strong>sed</strong></span> <span class='ocrx_word' id='word_1_463' title='bbox 239 1848 365 1877; x_wconf 85' lang='lat' dir='ltr'><strong>tanquam</strong></span> <span class='ocrx_word' id='word_1_464' title='bbox 390 1841 530 1876; x_wconf 76' lang='lat' dir='ltr'><strong>prudentes</strong></span> <span class='ocrx_word' id='word_1_465' title='bbox 555 1841 583 1868; x_wconf 79' lang='lat' dir='ltr'><strong>in</strong></span> <span class='ocrx_word' id='word_1_466' title='bbox 607 1841 674 1873; x_wconf 83' lang='lat' dir='ltr'><strong>Deo,</strong></span> <span class='ocrx_word' id='word_1_467' title='bbox 687 1840 806 1867; x_wconf 79' lang='lat' dir='ltr'><strong>cedentes</strong></span> <span class='ocrx_word' id='word_1_468' title='bbox 831 1839 892 1874; x_wconf 73' lang='lat' dir='ltr'><strong>ipsi.</strong></span> <span class='ocrx_word' id='word_1_469' title='bbox 912 1838 964 1866; x_wconf 85' lang='lat' dir='ltr'><strong>Ubi</strong></span> 
     </span>
    </p>
   </div>
   <div class='ocr_carea' id='block_1_68' title="bbox 180 1885 965 1923">
    <p class='ocr_par' dir='ltr' id='par_1_68' title="bbox 180 1885 965 1923">
     <span class='ocr_line' id='line_1_68' title="bbox 180 1885 965 1923; baseline -0.003 -9"><span class='ocrx_word' id='word_1_470' title='bbox 180 1888 269 1923; x_wconf 87' lang='lat' dir='ltr'><strong>primo</strong></span> <span class='ocrx_word' id='word_1_471' title='bbox 295 1886 342 1914; x_wconf 83' lang='grc' dir='ltr'><strong>καί</strong></span> <span class='ocrx_word' id='word_1_472' title='bbox 358 1886 519 1922; x_wconf 87' lang='lat' dir='ltr'><strong>particulam</strong></span> <span class='ocrx_word' id='word_1_473' title='bbox 533 1887 642 1920; x_wconf 87' lang='lat' dir='ltr'><strong>omittit,</strong></span> <span class='ocrx_word' id='word_1_474' title='bbox 665 1891 696 1913; x_wconf 89' lang='lat' dir='ltr'><strong>ut</strong></span> <span class='ocrx_word' id='word_1_475' title='bbox 709 1885 882 1921; x_wconf 66' lang='lat' dir='ltr'><strong>explicationi</strong></span> <span class='ocrx_word' id='word_1_476' title='bbox 909 1893 965 1913; x_wconf 64' lang='lat' dir='ltr'><strong>suae</strong></span> 
     </span>
    </p>
   </div>
   <div class='ocr_carea' id='block_1_69' title="bbox 179 1931 964 1968">
    <p class='ocr_par' dir='ltr' id='par_1_69' title="bbox 179 1931 964 1968">
     <span class='ocr_line' id='line_1_69' title="bbox 179 1931 964 1968; baseline -0.003 -8"><span class='ocrx_word' id='word_1_477' title='bbox 179 1933 331 1966; x_wconf 88' lang='lat' dir='ltr'><strong>inimicam,</strong></span> <span class='ocrx_word' id='word_1_478' title='bbox 345 1933 419 1968; x_wconf 92' lang='lat' dir='ltr'><strong>quod</strong></span> <span class='ocrx_word' id='word_1_479' title='bbox 445 1940 477 1960; x_wconf 81' lang='lat' dir='ltr'><strong>ea</strong></span> <span class='ocrx_word' id='word_1_480' title='bbox 493 1932 620 1960; x_wconf 81' lang='lat' dir='ltr'><strong>ostendat</strong></span> <span class='ocrx_word' id='word_1_481' title='bbox 639 1933 799 1967; x_wconf 89' lang='lat' dir='ltr'><strong>scriptorem</strong></span> <span class='ocrx_word' id='word_1_482' title='bbox 819 1932 852 1959; x_wconf 85' lang='lat' dir='ltr'><strong>de</strong></span> <span class='ocrx_word' id='word_1_483' title='bbox 870 1931 964 1959; x_wconf 90' lang='lat' dir='ltr'><strong>eadem</strong></span> 
     </span>
    </p>
   </div>
   <div class='ocr_carea' id='block_1_70' title="bbox 180 1977 964 2014">
    <p class='ocr_par' dir='ltr' id='par_1_70' title="bbox 180 1977 964 2014">
     <span class='ocr_line' id='line_1_70' title="bbox 180 1977 964 2014; baseline -0.004 -8"><span class='ocrx_word' id='word_1_484' title='bbox 180 1986 210 2006; x_wconf 88' lang='lat' dir='ltr'><strong>re</strong></span> <span class='ocrx_word' id='word_1_485' title='bbox 226 1979 312 2013; x_wconf 89' lang='lat' dir='ltr'><strong>loqui,</strong></span> <span class='ocrx_word' id='word_1_486' title='bbox 328 1986 391 2010; x_wconf 83' lang='lat' dir='ltr'><strong>cum</strong></span> <span class='ocrx_word' id='word_1_487' title='bbox 415 1978 639 2014; x_wconf 82' lang='lat' dir='ltr'><strong>presbyterorum</strong></span> <span class='ocrx_word' id='word_1_488' title='bbox 656 1978 809 2013; x_wconf 83' lang='lat' dir='ltr'><strong>exemplum</strong></span> <span class='ocrx_word' id='word_1_489' title='bbox 825 1977 964 2012; x_wconf 88' lang='lat' dir='ltr'><strong>proponit.</strong></span> 
     </span>
    </p>
   </div>
   <div class='ocr_carea' id='block_1_71' title="bbox 178 2022 965 2060">
    <p class='ocr_par' dir='ltr' id='par_1_71' title="bbox 178 2022 965 2060">
     <span class='ocr_line' id='line_1_71' title="bbox 178 2022 965 2060; baseline -0.005 -7"><span class='ocrx_word' id='word_1_490' title='bbox 178 2026 213 2053; x_wconf 86' lang='lat' dir='ltr'><strong>de</strong></span> <span class='ocrx_word' id='word_1_491' title='bbox 227 2033 281 2060; x_wconf 81' lang='lat' dir='ltr'><strong>qua</strong></span> <span class='ocrx_word' id='word_1_492' title='bbox 296 2024 427 2060; x_wconf 89' lang='lat' dir='ltr'><strong>populum</strong></span> <span class='ocrx_word' id='word_1_493' title='bbox 453 2029 608 2057; x_wconf 88' lang='lat' dir='ltr'><strong>monuerat,</strong></span> <span class='ocrx_word' id='word_1_494' title='bbox 631 2024 746 2056; x_wconf 83' lang='lat' dir='ltr'><strong>scilicet,</strong></span> <span class='ocrx_word' id='word_1_495' title='bbox 761 2024 794 2051; x_wconf 88' lang='lat' dir='ltr'><strong>de</strong></span> <span class='ocrx_word' id='word_1_496' title='bbox 814 2027 893 2051; x_wconf 65' lang='lat' dir='ltr'><strong>atate</strong></span> <span class='ocrx_word' id='word_1_497' title='bbox 908 2022 965 2058; x_wconf 87' lang='lat' dir='ltr'><strong>epi-</strong></span> 
     </span>
    </p>
   </div>
   <div class='ocr_carea' id='block_1_72' title="bbox 178 2070 964 2106">
    <p class='ocr_par' dir='ltr' id='par_1_72' title="bbox 178 2070 964 2106">
     <span class='ocr_line' id='line_1_72' title="bbox 178 2070 964 2106; baseline -0.003 -8"><span class='ocrx_word' id='word_1_498' title='bbox 178 2070 277 2106; x_wconf 79' lang='lat' dir='ltr'><strong>scopi:</strong></span> <span class='ocrx_word' id='word_1_499' title='bbox 301 2071 382 2098; x_wconf 84' lang='lat' dir='ltr'><strong>aliter</strong></span> <span class='ocrx_word' id='word_1_500' title='bbox 394 2070 468 2098; x_wconf 86' lang='lat' dir='ltr'><strong>enim</strong></span> <span class='ocrx_word' id='word_1_501' title='bbox 480 2070 572 2103; x_wconf 71' lang='grc' dir='ltr'>καθὼς</span> <span class='ocrx_word' id='word_1_502' title='bbox 588 2070 634 2098; x_wconf 76' lang='grc' dir='ltr'>καί</span> <span class='ocrx_word' id='word_1_503' title='bbox 650 2070 752 2105; x_wconf 77' lang='lat' dir='ltr'><strong>exponi</strong></span> <span class='ocrx_word' id='word_1_504' title='bbox 766 2078 821 2097; x_wconf 89' lang='lat' dir='ltr'><strong>non</strong></span> <span class='ocrx_word' id='word_1_505' title='bbox 836 2072 964 2105; x_wconf 87' lang='lat' dir='ltr'><strong>possunt.</strong></span> 
     </span>
    </p>
   </div>
   <div class='ocr_carea' id='block_1_73' title="bbox 180 2114 964 2150">
    <p class='ocr_par' dir='ltr' id='par_1_73' title="bbox 180 2114 964 2150">
     <span class='ocr_line' id='line_1_73' title="bbox 180 2114 964 2150; baseline -0.003 -7"><span class='ocrx_word' id='word_1_506' title='bbox 180 2115 319 2150; x_wconf 89' lang='lat' dir='ltr'><strong>Secundo,</strong></span> <span class='ocrx_word' id='word_1_507' title='bbox 330 2115 457 2143; x_wconf 89' lang='lat' dir='ltr'><strong>voculam</strong></span> <span class='ocrx_word' id='word_1_508' title='bbox 476 2119 510 2142; x_wconf 78' lang='lat' dir='ltr'><strong>at</strong></span> <span class='ocrx_word' id='word_1_509' title='bbox 537 2116 570 2143; x_wconf 92' lang='lat' dir='ltr'><strong>de</strong></span> <span class='ocrx_word' id='word_1_510' title='bbox 592 2123 643 2143; x_wconf 87' lang='lat' dir='ltr'><strong>suo</strong></span> <span class='ocrx_word' id='word_1_511' title='bbox 657 2115 775 2148; x_wconf 87' lang='lat' dir='ltr'><strong>addidit;</strong></span> <span class='ocrx_word' id='word_1_512' title='bbox 797 2114 866 2142; x_wconf 83' lang='lat' dir='ltr'><strong>vidit</strong></span> <span class='ocrx_word' id='word_1_513' title='bbox 879 2114 964 2147; x_wconf 90' lang='lat' dir='ltr'><strong>enim,</strong></span> 
     </span>
    </p>
   </div>
   <div class='ocr_carea' id='block_1_74' title="bbox 179 2159 964 2197">
    <p class='ocr_par' dir='ltr' id='par_1_74' title="bbox 179 2159 964 2197">
     <span class='ocr_line' id='line_1_74' title="bbox 179 2159 964 2197; baseline -0.004 -7"><span class='ocrx_word' id='word_1_514' title='bbox 179 2171 232 2190; x_wconf 81' lang='lat' dir='ltr'><strong>non</strong></span> <span class='ocrx_word' id='word_1_515' title='bbox 248 2162 416 2197; x_wconf 81' lang='lat' dir='ltr'><strong>accipientes,</strong></span> <span class='ocrx_word' id='word_1_516' title='bbox 431 2161 477 2189; x_wconf 90' lang='lat' dir='ltr'><strong>hic</strong></span> <span class='ocrx_word' id='word_1_517' title='bbox 489 2161 580 2189; x_wconf 89' lang='lat' dir='ltr'><strong>locum</strong></span> <span class='ocrx_word' id='word_1_518' title='bbox 595 2161 695 2189; x_wconf 88' lang='lat' dir='ltr'><strong>habere</strong></span> <span class='ocrx_word' id='word_1_519' title='bbox 714 2169 768 2188; x_wconf 90' lang='lat' dir='ltr'><strong>non</strong></span> <span class='ocrx_word' id='word_1_520' title='bbox 781 2168 872 2196; x_wconf 89' lang='lat' dir='ltr'><strong>posse.</strong></span> <span class='ocrx_word' id='word_1_521' title='bbox 889 2159 964 2187; x_wconf 85' lang='lat' dir='ltr'><strong>The-</strong></span> 
     </span>
    </p>
   </div>
   <div class='ocr_carea' id='block_1_75' title="bbox 179 2207 963 2243">
    <p class='ocr_par' dir='ltr' id='par_1_75' title="bbox 179 2207 963 2243">
     <span class='ocr_line' id='line_1_75' title="bbox 179 2207 963 2243; baseline -0.004 -7"><span class='ocrx_word' id='word_1_522' title='bbox 179 2216 243 2237; x_wconf 74' lang='lat' dir='ltr'><strong>seos</strong></span> <span class='ocrx_word' id='word_1_523' title='bbox 273 2207 437 2243; x_wconf 61' lang='lat' dir='ltr'><strong>Capelliana</strong></span> <span class='ocrx_word' id='word_1_524' title='bbox 467 2212 564 2235; x_wconf 86' lang='lat' dir='ltr'><strong>auctor</strong></span> <span class='ocrx_word' id='word_1_525' title='bbox 592 2207 670 2235; x_wconf 83' lang='lat' dir='ltr'><strong>aliter</strong></span> <span class='ocrx_word' id='word_1_526' title='bbox 699 2208 853 2235; x_wconf 89' lang='lat' dir='ltr'><strong>versionem</strong></span> <span class='ocrx_word' id='word_1_527' title='bbox 883 2213 963 2233; x_wconf 85' lang='lat' dir='ltr'><strong>suam</strong></span> 
     </span>
    </p>
   </div>
   <div class='ocr_carea' id='block_1_76' title="bbox 179 2251 963 2289">
    <p class='ocr_par' dir='ltr' id='par_1_76' title="bbox 179 2251 963 2289">
     <span class='ocr_line' id='line_1_76' title="bbox 179 2251 963 2289; baseline -0.005 -8"><span class='ocrx_word' id='word_1_528' title='bbox 179 2253 360 2289; x_wconf 77' lang='lat' dir='ltr'><strong>temperavit:</strong></span> <span class='ocrx_word' id='word_1_529' title='bbox 391 2252 528 2285; x_wconf 83' lang='lat' dir='ltr'><strong>Quomodo</strong></span> <span class='ocrx_word' id='word_1_530' title='bbox 546 2260 636 2279; x_wconf 83' lang='lat' dir='ltr'><strong>censeo</strong></span> <span class='ocrx_word' id='word_1_531' title='bbox 655 2257 759 2279; x_wconf 78' lang='lat' dir='ltr'><strong>sanctos</strong></span> <span class='ocrx_word' id='word_1_532' title='bbox 783 2251 963 2287; x_wconf 80' lang='lat' dir='ltr'><strong>presbyteros;</strong></span> 
     </span>
    </p>
   </div>
   <div class='ocr_carea' id='block_1_77' title="bbox 180 2296 964 2333">
    <p class='ocr_par' dir='ltr' id='par_1_77' title="bbox 180 2296 964 2333">
     <span class='ocr_line' id='line_1_77' title="bbox 180 2296 964 2333; baseline -0.005 -7"><span class='ocrx_word' id='word_1_533' title='bbox 180 2299 204 2326; x_wconf 74' lang='lat' dir='ltr'><strong>si</strong></span> <span class='ocrx_word' id='word_1_534' title='bbox 216 2299 303 2326; x_wconf 78' lang='lat' dir='ltr'><strong>minus</strong></span> <span class='ocrx_word' id='word_1_535' title='bbox 319 2298 447 2333; x_wconf 78' lang='lat' dir='ltr'><strong>recipiant</strong></span> <span class='ocrx_word' id='word_1_536' title='bbox 461 2297 590 2324; x_wconf 82' lang='lat' dir='ltr'><strong>novellam</strong></span> <span class='ocrx_word' id='word_1_537' title='bbox 599 2298 677 2323; x_wconf 74' lang='lat' dir='ltr'><strong>istam</strong></span> <span class='ocrx_word' id='word_1_538' title='bbox 688 2304 747 2332; x_wconf 69' lang='lat' dir='ltr'><strong>qum</strong></span> <span class='ocrx_word' id='word_1_539' title='bbox 756 2296 815 2331; x_wconf 86' lang='lat' dir='ltr'><strong>jam</strong></span> <span class='ocrx_word' id='word_1_540' title='bbox 831 2301 869 2323; x_wconf 78' lang='lat' dir='ltr'><strong>est</strong></span> <span class='ocrx_word' id='word_1_541' title='bbox 886 2296 964 2323; x_wconf 87' lang='lat' dir='ltr'><strong>insti-</strong></span> 
     </span>
    </p>
   </div>
   <div class='ocr_carea' id='block_1_78' title="bbox 181 2343 964 2380">
    <p class='ocr_par' dir='ltr' id='par_1_78' title="bbox 181 2343 964 2380">
     <span class='ocr_line' id='line_1_78' title="bbox 181 2343 964 2380; baseline -0.004 -8"><span class='ocrx_word' id='word_1_542' title='bbox 181 2346 318 2379; x_wconf 80' lang='lat' dir='ltr'><strong>tutionem,</strong></span> <span class='ocrx_word' id='word_1_543' title='bbox 340 2345 435 2372; x_wconf 86' lang='lat' dir='ltr'><strong>saltem</strong></span> <span class='ocrx_word' id='word_1_544' title='bbox 456 2348 581 2380; x_wconf 81' lang='lat' dir='ltr'><strong>tanquam</strong></span> <span class='ocrx_word' id='word_1_545' title='bbox 608 2345 748 2379; x_wconf 82' lang='lat' dir='ltr'><strong>prudentes</strong></span> <span class='ocrx_word' id='word_1_546' title='bbox 764 2344 791 2370; x_wconf 88' lang='lat' dir='ltr'><strong>in</strong></span> <span class='ocrx_word' id='word_1_547' title='bbox 805 2343 859 2370; x_wconf 87' lang='lat' dir='ltr'><strong>Deo</strong></span> <span class='ocrx_word' id='word_1_548' title='bbox 870 2343 964 2370; x_wconf 81' lang='lat' dir='ltr'><strong>cedant</strong></span> 
     </span>
    </p>
   </div>
   <div class='ocr_carea' id='block_1_79' title="bbox 181 2388 963 2425">
    <p class='ocr_par' dir='ltr' id='par_1_79' title="bbox 181 2388 963 2425">
     <span class='ocr_line' id='line_1_79' title="bbox 181 2388 963 2425; baseline -0.004 -7"><span class='ocrx_word' id='word_1_549' title='bbox 181 2392 310 2425; x_wconf 69' lang='lat' dir='ltr'><strong>episcopo,</strong></span> <span class='ocrx_word' id='word_1_550' title='bbox 336 2396 377 2425; x_wconf 91' lang='lat' dir='ltr'><strong>ut,</strong></span> <span class='ocrx_word' id='word_1_551' title='bbox 405 2398 469 2418; x_wconf 91' lang='lat' dir='ltr'><strong>cum</strong></span> <span class='ocrx_word' id='word_1_552' title='bbox 494 2391 585 2418; x_wconf 91' lang='lat' dir='ltr'><strong>omnia</strong></span> <span class='ocrx_word' id='word_1_553' title='bbox 602 2389 765 2423; x_wconf 78' lang='lat' dir='ltr'><strong>confuderit,</strong></span> <span class='ocrx_word' id='word_1_554' title='bbox 790 2389 857 2415; x_wconf 90' lang='lat' dir='ltr'><strong>nihil</strong></span> <span class='ocrx_word' id='word_1_555' title='bbox 881 2388 963 2416; x_wconf 89' lang='lat' dir='ltr'><strong>dicat.</strong></span> 
     </span>
    </p>
   </div>
   <div class='ocr_carea' id='block_1_80' title="bbox 181 2433 965 2466">
    <p class='ocr_par' dir='ltr' id='par_1_80' title="bbox 181 2433 965 2466">
     <span class='ocr_line' id='line_1_80' title="bbox 181 2433 965 2466; baseline -0.004 -4"><span class='ocrx_word' id='word_1_556' title='bbox 181 2435 308 2463; x_wconf 82' lang='lat' dir='ltr'><strong>Petavius</strong></span> <span class='ocrx_word' id='word_1_557' title='bbox 322 2444 338 2463; x_wconf 87' lang='lat' dir='ltr'><strong>a</strong></span> <span class='ocrx_word' id='word_1_558' title='bbox 351 2437 476 2464; x_wconf 81' lang='lat' dir='ltr'><strong>versione</strong></span> <span class='ocrx_word' id='word_1_559' title='bbox 499 2440 578 2463; x_wconf 83' lang='lat' dir='ltr'><strong>cattle</strong></span> <span class='ocrx_word' id='word_1_560' title='bbox 600 2434 742 2466; x_wconf 82' lang='lat' dir='ltr'><strong>abstinuit,</strong></span> <span class='ocrx_word' id='word_1_561' title='bbox 769 2434 820 2460; x_wconf 90' lang='lat' dir='ltr'><strong>hac</strong></span> <span class='ocrx_word' id='word_1_562' title='bbox 834 2433 965 2460; x_wconf 81' lang='lat' dir='ltr'><strong>observa—</strong></span> 
     </span>
    </p>
   </div>
   <div class='ocr_carea' id='block_1_81' title="bbox 181 2478 964 2517">
    <p class='ocr_par' dir='ltr' id='par_1_81' title="bbox 181 2478 964 2517">
     <span class='ocr_line' id='line_1_81' title="bbox 181 2478 964 2517; baseline -0.004 -10"><span class='ocrx_word' id='word_1_563' title='bbox 181 2481 257 2509; x_wconf 85' lang='lat' dir='ltr'><strong>tione</strong></span> <span class='ocrx_word' id='word_1_564' title='bbox 275 2485 419 2509; x_wconf 87' lang='lat' dir='ltr'><strong>contentus</strong></span> <span class='ocrx_word' id='word_1_565' title='bbox 430 2501 438 2514; x_wconf 90' lang='lat'><strong>,</strong></span> <span class='ocrx_word' id='word_1_566' title='bbox 465 2482 639 2517; x_wconf 85' lang='lat' dir='ltr'><strong>presbyteros</strong></span> <span class='ocrx_word' id='word_1_567' title='bbox 659 2480 708 2516; x_wconf 83' lang='grc' dir='ltr'>τὴν</span> <span class='ocrx_word' id='word_1_568' title='bbox 735 2479 900 2514; x_wconf 81' lang='grc' dir='ltr'>νεωτερικὴν</span> <span class='ocrx_word' id='word_1_569' title='bbox 915 2478 964 2505; x_wconf 80' lang='grc' dir='ltr'><strong>τά-</strong></span> 
     </span>
    </p>
   </div>
   <div class='ocr_carea' id='block_1_82' title="bbox 181 2525 964 2562">
    <p class='ocr_par' dir='ltr' id='par_1_82' title="bbox 181 2525 964 2562">
     <span class='ocr_line' id='line_1_82' title="bbox 181 2525 964 2562; baseline 0 -9"><span class='ocrx_word' id='word_1_570' title='bbox 181 2527 224 2560; x_wconf 80' lang='grc' dir='ltr'>ξιν</span> <span class='ocrx_word' id='word_1_571' title='bbox 240 2527 407 2562; x_wconf 88' lang='lat' dir='ltr'><strong>repudiasse.</strong></span> <span class='ocrx_word' id='word_1_572' title='bbox 424 2527 492 2554; x_wconf 82' lang='lat' dir='ltr'><strong>Mira</strong></span> <span class='ocrx_word' id='word_1_573' title='bbox 517 2528 574 2554; x_wconf 67' lang='lat' dir='ltr'><strong>hazc</strong></span> <span class='ocrx_word' id='word_1_574' title='bbox 587 2534 653 2553; x_wconf 85' lang='lat' dir='ltr'><strong>sane</strong></span> <span class='ocrx_word' id='word_1_575' title='bbox 677 2525 866 2560; x_wconf 85' lang='lat' dir='ltr'><strong>interpretatio</strong></span> <span class='ocrx_word' id='word_1_576' title='bbox 881 2525 964 2557; x_wconf 85' lang='lat' dir='ltr'><strong>illius,</strong></span> 
     </span>
    </p>
   </div>
   <div class='ocr_carea' id='block_1_83' title="bbox 181 2571 966 2608">
    <p class='ocr_par' dir='ltr' id='par_1_83' title="bbox 181 2571 966 2608">
     <span class='ocr_line' id='line_1_83' title="bbox 181 2571 966 2608; baseline -0.001 -9"><span class='ocrx_word' id='word_1_577' title='bbox 181 2573 228 2607; x_wconf 91' lang='lat' dir='ltr'><strong>qui</strong></span> <span class='ocrx_word' id='word_1_578' title='bbox 243 2572 385 2608; x_wconf 84' lang='lat' dir='ltr'><strong>proﬁtetur</strong></span> <span class='ocrx_word' id='word_1_579' title='bbox 400 2572 535 2607; x_wconf 75' lang='lat' dir='ltr'><strong>lguatium</strong></span> <span class='ocrx_word' id='word_1_580' title='bbox 556 2573 651 2599; x_wconf 87' lang='lat' dir='ltr'><strong>iisdem</strong></span> <span class='ocrx_word' id='word_1_581' title='bbox 676 2571 766 2598; x_wconf 82' lang='lat' dir='ltr'><strong>verbis</strong></span> <span class='ocrx_word' id='word_1_582' title='bbox 792 2571 966 2605; x_wconf 86' lang='lat' dir='ltr'><strong>presbyteros</strong></span> 
     </span>
    </p>
   </div>
   <div class='ocr_carea' id='block_1_84' title="bbox 180 2616 966 2654">
    <p class='ocr_par' dir='ltr' id='par_1_84' title="bbox 180 2616 966 2654">
     <span class='ocr_line' id='line_1_84' title="bbox 180 2616 966 2654; baseline -0.005 -8"><span class='ocrx_word' id='word_1_583' title='bbox 180 2618 250 2654; x_wconf 84' lang='lat' dir='ltr'><strong>plebi</strong></span> <span class='ocrx_word' id='word_1_584' title='bbox 262 2627 404 2653; x_wconf 84' lang='lat' dir='ltr'><strong>proponere</strong></span> <span class='ocrx_word' id='word_1_585' title='bbox 414 2619 567 2646; x_wconf 80' lang='lat' dir='ltr'><strong>imitandos.</strong></span> <span class='ocrx_word' id='word_1_586' title='bbox 592 2617 646 2645; x_wconf 88' lang='lat' dir='ltr'><strong>Sed</strong></span> <span class='ocrx_word' id='word_1_587' title='bbox 667 2617 709 2650; x_wconf 91' lang='lat' dir='ltr'><strong>hi,</strong></span> <span class='ocrx_word' id='word_1_588' title='bbox 732 2616 798 2652; x_wconf 87' lang='lat' dir='ltr'><strong>quid</strong></span> <span class='ocrx_word' id='word_1_589' title='bbox 813 2617 848 2644; x_wconf 87' lang='lat' dir='ltr'><strong>sit</strong></span> <span class='ocrx_word' id='word_1_590' title='bbox 858 2625 966 2653; x_wconf 75' lang='grc' dir='ltr'>προσει-</span> 
     </span>
    </p>
   </div>
   <div class='ocr_carea' id='block_1_85' title="bbox 181 2662 965 2700">
    <p class='ocr_par' dir='ltr' id='par_1_85' title="bbox 181 2662 965 2700">
     <span class='ocr_line' id='line_1_85' title="bbox 181 2662 965 2700; baseline -0.001 -9"><span class='ocrx_word' id='word_1_591' title='bbox 181 2664 311 2700; x_wconf 75' lang='grc' dir='ltr'>ληφότας,</span> <span class='ocrx_word' id='word_1_592' title='bbox 330 2665 381 2692; x_wconf 86' lang='lat' dir='ltr'><strong>hoc</strong></span> <span class='ocrx_word' id='word_1_593' title='bbox 394 2665 454 2692; x_wconf 89' lang='lat' dir='ltr'><strong>loco</strong></span> <span class='ocrx_word' id='word_1_594' title='bbox 481 2673 535 2691; x_wconf 89' lang='lat' dir='ltr'><strong>non</strong></span> <span class='ocrx_word' id='word_1_595' title='bbox 552 2664 687 2691; x_wconf 92' lang='lat' dir='ltr'><strong>viderunt.</strong></span> <span class='ocrx_word' id='word_1_596' title='bbox 717 2663 852 2691; x_wconf 89' lang='lat' dir='ltr'><strong>Patricius</strong></span> <span class='ocrx_word' id='word_1_597' title='bbox 866 2662 965 2690; x_wconf 79' lang='lat' dir='ltr'><strong>Junius</strong></span> 
     </span>
    </p>
   </div>
   <div class='ocr_carea' id='block_1_86' title="bbox 181 2710 965 2746">
    <p class='ocr_par' dir='ltr' id='par_1_86' title="bbox 181 2710 965 2746">
     <span class='ocr_line' id='line_1_86' title="bbox 181 2710 965 2746; baseline -0.003 -9"><span class='ocrx_word' id='word_1_598' title='bbox 181 2710 246 2746; x_wconf 72' lang='lat' dir='ltr'><strong>legit</strong></span> <span class='ocrx_word' id='word_1_599' title='bbox 258 2711 288 2737; x_wconf 65' lang='grc' dir='ltr'>οὐ</span> <span class='ocrx_word' id='word_1_600' title='bbox 306 2710 513 2744; x_wconf 81' lang='grc' dir='ltr'>προειληφότας,</span> <span class='ocrx_word' id='word_1_601' title='bbox 527 2719 578 2737; x_wconf 83' lang='grc' dir='ltr'><strong>ηοη</strong></span> <span class='ocrx_word' id='word_1_602' title='bbox 588 2715 769 2745; x_wconf 69' lang='lat' dir='ltr'><strong>praeoccupato</strong></span> <span class='ocrx_word' id='word_1_603' title='bbox 783 2710 871 2736; x_wconf 84' lang='lat' dir='ltr'><strong>animo</strong></span> <span class='ocrx_word' id='word_1_604' title='bbox 882 2710 965 2744; x_wconf 80' lang='lat' dir='ltr'><strong>respi-</strong></span> 
     </span>
    </p>
   </div>
   <div class='ocr_carea' id='block_1_87' title="bbox 181 2755 965 2790">
    <p class='ocr_par' dir='ltr' id='par_1_87' title="bbox 181 2755 965 2790">
     <span class='ocr_line' id='line_1_87' title="bbox 181 2755 965 2790; baseline -0.003 -6"><span class='ocrx_word' id='word_1_605' title='bbox 181 2758 289 2788; x_wconf 79' lang='lat' dir='ltr'><strong>cientes.</strong></span> <span class='ocrx_word' id='word_1_606' title='bbox 305 2757 377 2784; x_wconf 84' lang='lat' dir='ltr'><strong>haud</strong></span> <span class='ocrx_word' id='word_1_607' title='bbox 393 2764 478 2789; x_wconf 88' lang='lat' dir='ltr'><strong>ma.e;</strong></span> <span class='ocrx_word' id='word_1_608' title='bbox 492 2757 537 2784; x_wconf 88' lang='lat' dir='ltr'><strong>sed</strong></span> <span class='ocrx_word' id='word_1_609' title='bbox 553 2761 582 2784; x_wconf 93' lang='lat' dir='ltr'><strong>ut</strong></span> <span class='ocrx_word' id='word_1_610' title='bbox 601 2757 717 2784; x_wconf 86' lang='lat' dir='ltr'><strong>litteram</strong></span> <span class='ocrx_word' id='word_1_611' title='bbox 732 2755 879 2788; x_wconf 88' lang='lat' dir='ltr'><strong>omitteret,</strong></span> <span class='ocrx_word' id='word_1_612' title='bbox 895 2763 965 2790; x_wconf 88' lang='lat' dir='ltr'><strong>opus</strong></span> 
     </span>
    </p>
   </div>
   <div class='ocr_carea' id='block_1_88' title="bbox 182 2801 963 2838">
    <p class='ocr_par' dir='ltr' id='par_1_88' title="bbox 182 2801 963 2838">
     <span class='ocr_line' id='line_1_88' title="bbox 182 2801 963 2838; baseline 0 -10"><span class='ocrx_word' id='word_1_613' title='bbox 182 2810 237 2829; x_wconf 84' lang='lat' dir='ltr'><strong>non</strong></span> <span class='ocrx_word' id='word_1_614' title='bbox 252 2807 320 2830; x_wconf 87' lang='lat' dir='ltr'><strong>erat.</strong></span> <span class='ocrx_word' id='word_1_615' title='bbox 332 2803 442 2835; x_wconf 87' lang='lat' dir='ltr'><strong>Suidas,</strong></span> <span class='ocrx_word' id='word_1_616' title='bbox 455 2803 683 2838; x_wconf 79' lang='grc' dir='ltr'>Προσειλήφεσαν,</span> <span class='ocrx_word' id='word_1_617' title='bbox 701 2802 846 2833; x_wconf 78' lang='grc' dir='ltr'>ὑπέλαϐον,</span> <span class='ocrx_word' id='word_1_618' title='bbox 863 2801 963 2828; x_wconf 75' lang='grc' dir='ltr'>ἐνόουν.</span> 
     </span>
    </p>
   </div>
   <div class='ocr_carea' id='block_1_89' title="bbox 180 2846 964 2885">
    <p class='ocr_par' dir='ltr' id='par_1_89' title="bbox 180 2846 964 2885">
     <span class='ocr_line' id='line_1_89' title="bbox 180 2846 964 2885; baseline 0 -11"><span class='ocrx_word' id='word_1_619' title='bbox 180 2846 254 2875; x_wconf 79' lang='lat' dir='ltr'><strong>Nihil</strong></span> <span class='ocrx_word' id='word_1_620' title='bbox 282 2849 355 2878; x_wconf 84' lang='lat' dir='ltr'><strong>aliud</strong></span> <span class='ocrx_word' id='word_1_621' title='bbox 380 2849 424 2877; x_wconf 88' lang='lat' dir='ltr'><strong>hic</strong></span> <span class='ocrx_word' id='word_1_622' title='bbox 440 2848 675 2885; x_wconf 76' lang='grc' dir='ltr'>προσειληφότας,</span> <span class='ocrx_word' id='word_1_623' title='bbox 710 2856 791 2884; x_wconf 83' lang='lat' dir='ltr'><strong>quam</strong></span> <span class='ocrx_word' id='word_1_624' title='bbox 815 2849 964 2883; x_wconf 76' lang='grc' dir='ltr'>νοήσαντας</span> 
     </span>
    </p>
   </div>
   <div class='ocr_carea' id='block_1_90' title="bbox 1015 1612 1805 1648">
    <p class='ocr_par' dir='ltr' id='par_1_90' title="bbox 1015 1612 1805 1648">
     <span class='ocr_line' id='line_1_90' title="bbox 1015 1612 1805 1648; baseline 0 -8"><span class='ocrx_word' id='word_1_625' title='bbox 1015 1617 1056 1640; x_wconf 84' lang='lat' dir='ltr'><strong>ter</strong></span> <span class='ocrx_word' id='word_1_626' title='bbox 1070 1612 1123 1640; x_wconf 89' lang='lat' dir='ltr'><strong>alia</strong></span> <span class='ocrx_word' id='word_1_627' title='bbox 1139 1613 1265 1648; x_wconf 88' lang='lat' dir='ltr'><strong>superius</strong></span> <span class='ocrx_word' id='word_1_628' title='bbox 1284 1613 1398 1641; x_wconf 88' lang='lat' dir='ltr'><strong>adducta</strong></span> <span class='ocrx_word' id='word_1_629' title='bbox 1428 1613 1494 1641; x_wconf 90' lang='lat' dir='ltr'><strong>mihi</strong></span> <span class='ocrx_word' id='word_1_630' title='bbox 1516 1614 1656 1648; x_wconf 85' lang='lat' dir='ltr'><strong>postulare</strong></span> <span class='ocrx_word' id='word_1_631' title='bbox 1682 1613 1805 1646; x_wconf 86' lang='lat' dir='ltr'><strong>videtur,</strong></span> 
     </span>
    </p>
   </div>
   <div class='ocr_carea' id='block_1_91' title="bbox 1014 1658 1806 1694">
    <p class='ocr_par' dir='ltr' id='par_1_91' title="bbox 1014 1658 1806 1694">
     <span class='ocr_line' id='line_1_91' title="bbox 1014 1658 1806 1694; baseline 0.003 -9"><span class='ocrx_word' id='word_1_632' title='bbox 1014 1662 1045 1686; x_wconf 88' lang='lat' dir='ltr'><strong>ut</strong></span> <span class='ocrx_word' id='word_1_633' title='bbox 1059 1658 1209 1694; x_wconf 85' lang='grc' dir='ltr'>νεωτερικὴ</span> <span class='ocrx_word' id='word_1_634' title='bbox 1223 1658 1300 1691; x_wconf 78' lang='grc' dir='ltr'>τάξις</span> <span class='ocrx_word' id='word_1_635' title='bbox 1320 1659 1354 1686; x_wconf 89' lang='lat' dir='ltr'><strong>ad</strong></span> <span class='ocrx_word' id='word_1_636' title='bbox 1375 1663 1482 1686; x_wconf 58' lang='lat' dir='ltr'><strong>aetatem</strong></span> <span class='ocrx_word' id='word_1_637' title='bbox 1510 1658 1654 1687; x_wconf 78' lang='lat' dir='ltr'><strong>referatur.</strong></span> <span class='ocrx_word' id='word_1_638' title='bbox 1685 1658 1806 1687; x_wconf 88' lang='lat' dir='ltr'><strong>Denotat</strong></span> 
     </span>
    </p>
   </div>
   <div class='ocr_carea' id='block_1_92' title="bbox 1014 1704 1806 1740">
    <p class='ocr_par' dir='ltr' id='par_1_92' title="bbox 1014 1704 1806 1740">
     <span class='ocr_line' id='line_1_92' title="bbox 1014 1704 1806 1740; baseline 0.003 -9"><span class='ocrx_word' id='word_1_639' title='bbox 1014 1704 1088 1731; x_wconf 85' lang='lat' dir='ltr'><strong>enim</strong></span> <span class='ocrx_word' id='word_1_640' title='bbox 1109 1704 1170 1732; x_wconf 85' lang='lat' dir='ltr'><strong>sine</strong></span> <span class='ocrx_word' id='word_1_641' title='bbox 1184 1705 1268 1732; x_wconf 88' lang='lat' dir='ltr'><strong>dubio</strong></span> <span class='ocrx_word' id='word_1_642' title='bbox 1282 1705 1384 1740; x_wconf 89' lang='lat' dir='ltr'><strong>aliquid</strong></span> <span class='ocrx_word' id='word_1_643' title='bbox 1401 1705 1474 1740; x_wconf 88' lang='lat' dir='ltr'><strong>quod</strong></span> <span class='ocrx_word' id='word_1_644' title='bbox 1492 1712 1525 1733; x_wconf 78' lang='lat' dir='ltr'><strong>ex</strong></span> <span class='ocrx_word' id='word_1_645' title='bbox 1544 1710 1690 1740; x_wconf 88' lang='lat' dir='ltr'><strong>conspectu</strong></span> <span class='ocrx_word' id='word_1_646' title='bbox 1708 1705 1806 1733; x_wconf 71' lang='lat' dir='ltr'><strong>Dama:</strong></span> 
     </span>
    </p>
   </div>
   <div class='ocr_carea' id='block_1_93' title="bbox 1015 1748 1806 1784">
    <p class='ocr_par' dir='ltr' id='par_1_93' title="bbox 1015 1748 1806 1784">
     <span class='ocr_line' id='line_1_93' title="bbox 1015 1748 1806 1784; baseline -0.001 -7"><span class='ocrx_word' id='word_1_647' title='bbox 1015 1749 1181 1784; x_wconf 83' lang='lat' dir='ltr'><strong>apparebat;</strong></span> <span class='ocrx_word' id='word_1_648' title='bbox 1195 1753 1227 1777; x_wconf 88' lang='lat' dir='ltr'><strong>ut</strong></span> <span class='ocrx_word' id='word_1_649' title='bbox 1241 1749 1396 1777; x_wconf 88' lang='lat' dir='ltr'><strong>ostenderet</strong></span> <span class='ocrx_word' id='word_1_650' title='bbox 1406 1756 1469 1776; x_wconf 90' lang='lat' dir='ltr'><strong>eum</strong></span> <span class='ocrx_word' id='word_1_651' title='bbox 1494 1749 1570 1776; x_wconf 87' lang='lat' dir='ltr'><strong>vultu</strong></span> <span class='ocrx_word' id='word_1_652' title='bbox 1588 1748 1726 1784; x_wconf 84' lang='lat' dir='ltr'><strong>juvenem,</strong></span> <span class='ocrx_word' id='word_1_653' title='bbox 1741 1757 1806 1776; x_wconf 89' lang='lat' dir='ltr'><strong>mo-</strong></span> 
     </span>
    </p>
   </div>
   <div class='ocr_carea' id='block_1_94' title="bbox 1016 1795 1806 1829">
    <p class='ocr_par' dir='ltr' id='par_1_94' title="bbox 1016 1795 1806 1829">
     <span class='ocr_line' id='line_1_94' title="bbox 1016 1795 1806 1829; baseline 0 -6"><span class='ocrx_word' id='word_1_654' title='bbox 1016 1796 1091 1824; x_wconf 89' lang='lat' dir='ltr'><strong>ribus</strong></span> <span class='ocrx_word' id='word_1_655' title='bbox 1102 1796 1202 1823; x_wconf 90' lang='lat' dir='ltr'><strong>virum.</strong></span> <span class='ocrx_word' id='word_1_656' title='bbox 1213 1795 1274 1829; x_wconf 84' lang='lat' dir='ltr'><strong>Quo</strong></span> <span class='ocrx_word' id='word_1_657' title='bbox 1289 1796 1371 1824; x_wconf 88' lang='lat' dir='ltr'><strong>etiam</strong></span> <span class='ocrx_word' id='word_1_658' title='bbox 1386 1796 1442 1829; x_wconf 88' lang='lat' dir='ltr'><strong>illa,</strong></span> <span class='ocrx_word' id='word_1_659' title='bbox 1469 1795 1514 1822; x_wconf 77' lang='grc' dir='ltr'><strong>τὸν</strong></span> <span class='ocrx_word' id='word_1_660' title='bbox 1532 1795 1682 1822; x_wconf 79' lang='grc' dir='ltr'>ἐπίσκοπον</span> <span class='ocrx_word' id='word_1_661' title='bbox 1705 1795 1806 1823; x_wconf 84' lang='grc' dir='ltr'>τοῦτον</span> 
     </span>
    </p>
   </div>
   <div class='ocr_carea' id='block_1_95' title="bbox 1014 1842 1805 1880">
    <p class='ocr_par' dir='ltr' id='par_1_95' title="bbox 1014 1842 1805 1880">
     <span class='ocr_line' id='line_1_95' title="bbox 1014 1842 1805 1880; baseline -0.001 -10"><span class='ocrx_word' id='word_1_662' title='bbox 1014 1843 1060 1871; x_wconf 81' lang='grc' dir='ltr'>τὸν</span> <span class='ocrx_word' id='word_1_663' title='bbox 1078 1843 1253 1880; x_wconf 74' lang='grc' dir='ltr'>βλεπόμενον,</span> <span class='ocrx_word' id='word_1_664' title='bbox 1270 1851 1333 1879; x_wconf 70' lang='lat' dir='ltr'><strong>qua:</strong></span> <span class='ocrx_word' id='word_1_665' title='bbox 1346 1844 1439 1872; x_wconf 87' lang='lat' dir='ltr'><strong>statim</strong></span> <span class='ocrx_word' id='word_1_666' title='bbox 1453 1843 1480 1871; x_wconf 92' lang='lat' dir='ltr'><strong>in</strong></span> <span class='ocrx_word' id='word_1_667' title='bbox 1494 1843 1589 1871; x_wconf 84' lang='lat' dir='ltr'><strong>eadem</strong></span> <span class='ocrx_word' id='word_1_668' title='bbox 1610 1842 1741 1878; x_wconf 83' lang='lat' dir='ltr'><strong>periocha</strong></span> <span class='ocrx_word' id='word_1_669' title='bbox 1758 1849 1805 1870; x_wconf 86' lang='lat' dir='ltr'><strong>se-</strong></span> 
     </span>
    </p>
   </div>
   <div class='ocr_carea' id='block_1_96' title="bbox 1013 1893 1292 1924">
    <p class='ocr_par' dir='ltr' id='par_1_96' title="bbox 1013 1893 1292 1924">
     <span class='ocr_line' id='line_1_96' title="bbox 1013 1893 1292 1924; baseline 0.004 -8"><span class='ocrx_word' id='word_1_670' title='bbox 1013 1894 1147 1924; x_wconf 88' lang='lat' dir='ltr'><strong>quuntur,</strong></span> <span class='ocrx_word' id='word_1_671' title='bbox 1158 1893 1292 1924; x_wconf 87' lang='lat' dir='ltr'><strong>spectant.</strong></span> 
     </span>
    </p>
   </div>
   <div class='ocr_carea' id='block_1_97' title="bbox 1050 1933 1805 1971">
    <p class='ocr_par' dir='ltr' id='par_1_97' title="bbox 1050 1933 1805 1971">
     <span class='ocr_line' id='line_1_97' title="bbox 1050 1933 1805 1971; baseline -0.004 -8"><span class='ocrx_word' id='word_1_672' title='bbox 1050 1935 1120 1963; x_wconf 89' lang='lat' dir='ltr'><strong>Dum</strong></span> <span class='ocrx_word' id='word_1_673' title='bbox 1157 1936 1229 1968; x_wconf 70' lang='lat' dir='ltr'><strong>haec,</strong></span> <span class='ocrx_word' id='word_1_674' title='bbox 1251 1943 1334 1971; x_wconf 84' lang='lat' dir='ltr'><strong>opere</strong></span> <span class='ocrx_word' id='word_1_675' title='bbox 1359 1935 1468 1971; x_wconf 88' lang='lat' dir='ltr'><strong>penitus</strong></span> <span class='ocrx_word' id='word_1_676' title='bbox 1483 1935 1570 1969; x_wconf 85' lang='lat' dir='ltr'><strong>linito,</strong></span> <span class='ocrx_word' id='word_1_677' title='bbox 1594 1934 1693 1962; x_wconf 84' lang='lat' dir='ltr'><strong>Lector</strong></span> <span class='ocrx_word' id='word_1_678' title='bbox 1715 1933 1805 1961; x_wconf 84' lang='lat' dir='ltr'><strong>bene-</strong></span> 
     </span>
    </p>
   </div>
   <div class='ocr_carea' id='block_1_98' title="bbox 1014 1977 1805 2014">
    <p class='ocr_par' dir='ltr' id='par_1_98' title="bbox 1014 1977 1805 2014">
     <span class='ocr_line' id='line_1_98' title="bbox 1014 1977 1805 2014; baseline -0.001 -9"><span class='ocrx_word' id='word_1_679' title='bbox 1014 1979 1085 2012; x_wconf 82' lang='lat' dir='ltr'><strong>vole,</strong></span> <span class='ocrx_word' id='word_1_680' title='bbox 1105 1979 1206 2011; x_wconf 83' lang='lat' dir='ltr'><strong>scribo,</strong></span> <span class='ocrx_word' id='word_1_681' title='bbox 1221 1984 1403 2014; x_wconf 89' lang='lat' dir='ltr'><strong>pervenerunt</strong></span> <span class='ocrx_word' id='word_1_682' title='bbox 1413 1980 1446 2007; x_wconf 91' lang='lat' dir='ltr'><strong>ad</strong></span> <span class='ocrx_word' id='word_1_683' title='bbox 1468 1987 1565 2007; x_wconf 87' lang='lat' dir='ltr'><strong>manus</strong></span> <span class='ocrx_word' id='word_1_684' title='bbox 1579 1987 1664 2012; x_wconf 87' lang='lat' dir='ltr'><strong>meas,</strong></span> <span class='ocrx_word' id='word_1_685' title='bbox 1676 1977 1727 2006; x_wconf 88' lang='lat' dir='ltr'><strong>SS.</strong></span> <span class='ocrx_word' id='word_1_686' title='bbox 1746 1977 1805 2004; x_wconf 83' lang='lat' dir='ltr'><strong>Pa-</strong></span> 
     </span>
    </p>
   </div>
   <div class='ocr_carea' id='block_1_99' title="bbox 1016 2024 1804 2060">
    <p class='ocr_par' dir='ltr' id='par_1_99' title="bbox 1016 2024 1804 2060">
     <span class='ocr_line' id='line_1_99' title="bbox 1016 2024 1804 2060; baseline -0.003 -9"><span class='ocrx_word' id='word_1_687' title='bbox 1016 2030 1085 2052; x_wconf 85' lang='lat' dir='ltr'><strong>trum</strong></span> <span class='ocrx_word' id='word_1_688' title='bbox 1098 2026 1142 2060; x_wconf 86' lang='lat' dir='ltr'><strong>qui</strong></span> <span class='ocrx_word' id='word_1_689' title='bbox 1153 2025 1311 2059; x_wconf 82' lang='lat' dir='ltr'><strong>temporibus</strong></span> <span class='ocrx_word' id='word_1_690' title='bbox 1327 2025 1480 2060; x_wconf 83' lang='lat' dir='ltr'><strong>apostolicis</strong></span> <span class='ocrx_word' id='word_1_691' title='bbox 1501 2025 1647 2059; x_wconf 79' lang='lat' dir='ltr'><strong>ﬂoruerunt</strong></span> <span class='ocrx_word' id='word_1_692' title='bbox 1669 2024 1770 2058; x_wconf 81' lang='lat' dir='ltr'><strong>Opera,</strong></span> <span class='ocrx_word' id='word_1_693' title='bbox 1786 2031 1804 2050; x_wconf 87' lang='lat' dir='ltr'><strong>a</strong></span> 
     </span>
    </p>
   </div>
   <div class='ocr_carea' id='block_1_100' title="bbox 1014 2068 1805 2105">
    <p class='ocr_par' dir='ltr' id='par_1_100' title="bbox 1014 2068 1805 2105">
     <span class='ocr_line' id='line_1_100' title="bbox 1014 2068 1805 2105; baseline -0.004 -7"><span class='ocrx_word' id='word_1_694' title='bbox 1014 2070 1120 2098; x_wconf 80' lang='lat' dir='ltr'><strong>Joanne</strong></span> <span class='ocrx_word' id='word_1_695' title='bbox 1138 2070 1259 2105; x_wconf 88' lang='lat' dir='ltr'><strong>Baptista</strong></span> <span class='ocrx_word' id='word_1_696' title='bbox 1283 2069 1437 2104; x_wconf 88' lang='lat' dir='ltr'><strong>Cotelerio,</strong></span> <span class='ocrx_word' id='word_1_697' title='bbox 1471 2070 1610 2098; x_wconf 85' lang='lat' dir='ltr'><strong>societatis</strong></span> <span class='ocrx_word' id='word_1_698' title='bbox 1641 2068 1805 2097; x_wconf 77' lang='lat' dir='ltr'><strong>Sorbonicae</strong></span> 
     </span>
    </p>
   </div>
   <div class='ocr_carea' id='block_1_101' title="bbox 1015 2115 1803 2151">
    <p class='ocr_par' dir='ltr' id='par_1_101' title="bbox 1015 2115 1803 2151">
     <span class='ocr_line' id='line_1_101' title="bbox 1015 2115 1803 2151; baseline -0.003 -8"><span class='ocrx_word' id='word_1_699' title='bbox 1015 2115 1144 2151; x_wconf 73' lang='lat' dir='ltr'><strong>theologo</strong></span> <span class='ocrx_word' id='word_1_700' title='bbox 1160 2115 1332 2149; x_wconf 84' lang='lat' dir='ltr'><strong>doctissimo,</strong></span> <span class='ocrx_word' id='word_1_701' title='bbox 1360 2116 1442 2143; x_wconf 82' lang='lat' dir='ltr'><strong>edita.</strong></span> <span class='ocrx_word' id='word_1_702' title='bbox 1473 2115 1533 2149; x_wconf 87' lang='lat' dir='ltr'><strong>Quo</strong></span> <span class='ocrx_word' id='word_1_703' title='bbox 1555 2115 1625 2142; x_wconf 91' lang='lat' dir='ltr'><strong>libro</strong></span> <span class='ocrx_word' id='word_1_704' title='bbox 1640 2119 1803 2149; x_wconf 80' lang='lat' dir='ltr'><strong>conspecto.</strong></span> 
     </span>
    </p>
   </div>
   <div class='ocr_carea' id='block_1_102' title="bbox 1017 2159 1803 2197">
    <p class='ocr_par' dir='ltr' id='par_1_102' title="bbox 1017 2159 1803 2197">
     <span class='ocr_line' id='line_1_102' title="bbox 1017 2159 1803 2197; baseline -0.004 -8"><span class='ocrx_word' id='word_1_705' title='bbox 1017 2161 1091 2190; x_wconf 89' lang='lat' dir='ltr'><strong>hisce</strong></span> <span class='ocrx_word' id='word_1_706' title='bbox 1114 2162 1281 2197; x_wconf 90' lang='lat' dir='ltr'><strong>temporibus</strong></span> <span class='ocrx_word' id='word_1_707' title='bbox 1307 2169 1362 2189; x_wconf 92' lang='lat' dir='ltr'><strong>non</strong></span> <span class='ocrx_word' id='word_1_708' title='bbox 1388 2162 1464 2196; x_wconf 80' lang='lat' dir='ltr'><strong>potui</strong></span> <span class='ocrx_word' id='word_1_709' title='bbox 1488 2169 1542 2189; x_wconf 93' lang='lat' dir='ltr'><strong>non</strong></span> <span class='ocrx_word' id='word_1_710' title='bbox 1566 2160 1638 2189; x_wconf 92' lang='lat' dir='ltr'><strong>serio</strong></span> <span class='ocrx_word' id='word_1_711' title='bbox 1655 2159 1803 2195; x_wconf 72' lang='lat' dir='ltr'><strong>gratulari,</strong></span> 
     </span>
    </p>
   </div>
   <div class='ocr_carea' id='block_1_103' title="bbox 1015 2206 1805 2243">
    <p class='ocr_par' dir='ltr' id='par_1_103' title="bbox 1015 2206 1805 2243">
     <span class='ocr_line' id='line_1_103' title="bbox 1015 2206 1805 2243; baseline -0.003 -8"><span class='ocrx_word' id='word_1_712' title='bbox 1015 2208 1089 2243; x_wconf 90' lang='lat' dir='ltr'><strong>quod</strong></span> <span class='ocrx_word' id='word_1_713' title='bbox 1107 2207 1189 2235; x_wconf 87' lang='lat' dir='ltr'><strong>etiam</strong></span> <span class='ocrx_word' id='word_1_714' title='bbox 1204 2207 1232 2234; x_wconf 92' lang='lat' dir='ltr'><strong>in</strong></span> <span class='ocrx_word' id='word_1_715' title='bbox 1247 2208 1367 2236; x_wconf 87' lang='lat' dir='ltr'><strong>Ecclesia</strong></span> <span class='ocrx_word' id='word_1_716' title='bbox 1378 2208 1530 2241; x_wconf 86' lang='lat' dir='ltr'><strong>Gallicana,</strong></span> <span class='ocrx_word' id='word_1_717' title='bbox 1555 2206 1727 2235; x_wconf 89' lang='lat' dir='ltr'><strong>libertatibus</strong></span> <span class='ocrx_word' id='word_1_718' title='bbox 1742 2206 1805 2233; x_wconf 89' lang='lat' dir='ltr'><strong>suis</strong></span> 
     </span>
    </p>
   </div>
   <div class='ocr_carea' id='block_1_104' title="bbox 1015 2252 1806 2289">
    <p class='ocr_par' dir='ltr' id='par_1_104' title="bbox 1015 2252 1806 2289">
     <span class='ocr_line' id='line_1_104' title="bbox 1015 2252 1806 2289; baseline -0.001 -9"><span class='ocrx_word' id='word_1_719' title='bbox 1015 2254 1117 2288; x_wconf 91' lang='lat' dir='ltr'><strong>optime</strong></span> <span class='ocrx_word' id='word_1_720' title='bbox 1127 2261 1188 2287; x_wconf 73' lang='lat' dir='ltr'><strong>uSa,</strong></span> <span class='ocrx_word' id='word_1_721' title='bbox 1204 2253 1323 2289; x_wconf 72' lang='lat' dir='ltr'><strong>theologi</strong></span> <span class='ocrx_word' id='word_1_722' title='bbox 1337 2261 1370 2283; x_wconf 78' lang='lat' dir='ltr'><strong>ex</strong></span> <span class='ocrx_word' id='word_1_723' title='bbox 1397 2255 1472 2282; x_wconf 92' lang='lat' dir='ltr'><strong>omni</strong></span> <span class='ocrx_word' id='word_1_724' title='bbox 1485 2254 1580 2281; x_wconf 89' lang='lat' dir='ltr'><strong>ordine</strong></span> <span class='ocrx_word' id='word_1_725' title='bbox 1605 2252 1721 2280; x_wconf 84' lang='lat' dir='ltr'><strong>maxime</strong></span> <span class='ocrx_word' id='word_1_726' title='bbox 1737 2259 1806 2279; x_wconf 88' lang='lat' dir='ltr'><strong>cru-</strong></span> 
     </span>
    </p>
   </div>
   <div class='ocr_carea' id='block_1_105' title="bbox 1015 2300 1805 2336">
    <p class='ocr_par' dir='ltr' id='par_1_105' title="bbox 1015 2300 1805 2336">
     <span class='ocr_line' id='line_1_105' title="bbox 1015 2300 1805 2336; baseline -0.003 -8"><span class='ocrx_word' id='word_1_727' title='bbox 1015 2300 1062 2328; x_wconf 91' lang='lat' dir='ltr'><strong>diti</strong></span> <span class='ocrx_word' id='word_1_728' title='bbox 1074 2308 1129 2328; x_wconf 92' lang='lat' dir='ltr'><strong>non</strong></span> <span class='ocrx_word' id='word_1_729' title='bbox 1148 2305 1253 2328; x_wconf 87' lang='lat' dir='ltr'><strong>tantum</strong></span> <span class='ocrx_word' id='word_1_730' title='bbox 1270 2308 1319 2336; x_wconf 91' lang='lat' dir='ltr'><strong>pro</strong></span> <span class='ocrx_word' id='word_1_731' title='bbox 1335 2301 1408 2328; x_wconf 82' lang='lat' dir='ltr'><strong>veris</strong></span> <span class='ocrx_word' id='word_1_732' title='bbox 1423 2302 1542 2336; x_wconf 68' lang='lat' dir='ltr'><strong>antiquae</strong></span> <span class='ocrx_word' id='word_1_733' title='bbox 1556 2300 1683 2328; x_wconf 71' lang='lat' dir='ltr'><strong>Ecclesia:</strong></span> <span class='ocrx_word' id='word_1_734' title='bbox 1698 2307 1805 2327; x_wconf 90' lang='lat' dir='ltr'><strong>monu—</strong></span> 
     </span>
    </p>
   </div>
   <div class='ocr_carea' id='block_1_106' title="bbox 1015 2346 1807 2381">
    <p class='ocr_par' dir='ltr' id='par_1_106' title="bbox 1015 2346 1807 2381">
     <span class='ocr_line' id='line_1_106' title="bbox 1015 2346 1807 2381; baseline -0.003 -7"><span class='ocrx_word' id='word_1_735' title='bbox 1015 2348 1114 2375; x_wconf 91' lang='lat' dir='ltr'><strong>mentis</strong></span> <span class='ocrx_word' id='word_1_736' title='bbox 1129 2351 1237 2375; x_wconf 85' lang='lat' dir='ltr'><strong>strenue</strong></span> <span class='ocrx_word' id='word_1_737' title='bbox 1263 2351 1431 2379; x_wconf 89' lang='lat' dir='ltr'><strong>conccrtcnt,</strong></span> <span class='ocrx_word' id='word_1_738' title='bbox 1452 2348 1499 2375; x_wconf 86' lang='lat' dir='ltr'><strong>sed</strong></span> <span class='ocrx_word' id='word_1_739' title='bbox 1514 2353 1540 2374; x_wconf 90' lang='lat' dir='ltr'><strong>et</strong></span> <span class='ocrx_word' id='word_1_740' title='bbox 1554 2347 1587 2374; x_wconf 86' lang='lat' dir='ltr'><strong>de</strong></span> <span class='ocrx_word' id='word_1_741' title='bbox 1608 2347 1686 2374; x_wconf 90' lang='lat' dir='ltr'><strong>libris</strong></span> <span class='ocrx_word' id='word_1_742' title='bbox 1699 2346 1807 2381; x_wconf 88' lang='lat' dir='ltr'><strong>spuriis</strong></span> 
     </span>
    </p>
   </div>
   <div class='ocr_carea' id='block_1_107' title="bbox 1015 2393 1805 2428">
    <p class='ocr_par' dir='ltr' id='par_1_107' title="bbox 1015 2393 1805 2428">
     <span class='ocr_line' id='line_1_107' title="bbox 1015 2393 1805 2428; baseline -0.003 -8"><span class='ocrx_word' id='word_1_743' title='bbox 1015 2398 1042 2420; x_wconf 90' lang='lat' dir='ltr'><strong>et</strong></span> <span class='ocrx_word' id='word_1_744' title='bbox 1056 2393 1246 2428; x_wconf 88' lang='lat' dir='ltr'><strong>supposititiis,</strong></span> <span class='ocrx_word' id='word_1_745' title='bbox 1259 2393 1307 2427; x_wconf 91' lang='lat' dir='ltr'><strong>qui</strong></span> <span class='ocrx_word' id='word_1_746' title='bbox 1333 2393 1464 2421; x_wconf 85' lang='lat' dir='ltr'><strong>hactenus</strong></span> <span class='ocrx_word' id='word_1_747' title='bbox 1480 2393 1582 2420; x_wconf 90' lang='lat' dir='ltr'><strong>mundo</strong></span> <span class='ocrx_word' id='word_1_748' title='bbox 1601 2393 1805 2427; x_wconf 76' lang='lat' dir='ltr'><strong>imposuerunt.</strong></span> 
     </span>
    </p>
   </div>
   <div class='ocr_carea' id='block_1_108' title="bbox 1015 2437 1807 2468">
    <p class='ocr_par' dir='ltr' id='par_1_108' title="bbox 1015 2437 1807 2468">
     <span class='ocr_line' id='line_1_108' title="bbox 1015 2437 1807 2468; baseline -0.005 0"><span class='ocrx_word' id='word_1_749' title='bbox 1015 2445 1042 2468; x_wconf 87' lang='lat' dir='ltr'><strong>et</strong></span> <span class='ocrx_word' id='word_1_750' title='bbox 1058 2439 1136 2467; x_wconf 85' lang='lat' dir='ltr'><strong>suavi</strong></span> <span class='ocrx_word' id='word_1_751' title='bbox 1156 2439 1297 2466; x_wconf 86' lang='lat' dir='ltr'><strong>vetustatis</strong></span> <span class='ocrx_word' id='word_1_752' title='bbox 1309 2440 1416 2466; x_wconf 91' lang='lat' dir='ltr'><strong>somnio</strong></span> <span class='ocrx_word' id='word_1_753' title='bbox 1427 2439 1532 2466; x_wconf 90' lang='lat' dir='ltr'><strong>animos</strong></span> <span class='ocrx_word' id='word_1_754' title='bbox 1547 2438 1688 2465; x_wconf 85' lang='lat' dir='ltr'><strong>hominum</strong></span> <span class='ocrx_word' id='word_1_755' title='bbox 1703 2437 1807 2464; x_wconf 89' lang='lat' dir='ltr'><strong>delini—</strong></span> 
     </span>
    </p>
   </div>
   <div class='ocr_carea' id='block_1_109' title="bbox 1016 2482 1806 2518">
    <p class='ocr_par' dir='ltr' id='par_1_109' title="bbox 1016 2482 1806 2518">
     <span class='ocr_line' id='line_1_109' title="bbox 1016 2482 1806 2518; baseline -0.004 -7"><span class='ocrx_word' id='word_1_756' title='bbox 1016 2488 1122 2516; x_wconf 83' lang='lat' dir='ltr'><strong>vcrunt,</strong></span> <span class='ocrx_word' id='word_1_757' title='bbox 1144 2485 1203 2511; x_wconf 80' lang='lat' dir='ltr'><strong>sine</strong></span> <span class='ocrx_word' id='word_1_758' title='bbox 1227 2484 1300 2510; x_wconf 93' lang='lat' dir='ltr'><strong>omni</strong></span> <span class='ocrx_word' id='word_1_759' title='bbox 1317 2484 1434 2518; x_wconf 89' lang='lat' dir='ltr'><strong>partium</strong></span> <span class='ocrx_word' id='word_1_760' title='bbox 1463 2483 1553 2510; x_wconf 87' lang='lat' dir='ltr'><strong>studio</strong></span> <span class='ocrx_word' id='word_1_761' title='bbox 1571 2482 1709 2517; x_wconf 82' lang='lat' dir='ltr'><strong>judicent;</strong></span> <span class='ocrx_word' id='word_1_762' title='bbox 1727 2483 1806 2516; x_wconf 87' lang='lat' dir='ltr'><strong>quod</strong></span> 
     </span>
    </p>
   </div>
   <div class='ocr_carea' id='block_1_110' title="bbox 1016 2527 1806 2564">
    <p class='ocr_par' dir='ltr' id='par_1_110' title="bbox 1016 2527 1806 2564">
     <span class='ocr_line' id='line_1_110' title="bbox 1016 2527 1806 2564; baseline -0.004 -8"><span class='ocrx_word' id='word_1_763' title='bbox 1016 2534 1077 2564; x_wconf 89' lang='lat' dir='ltr'><strong>post</strong></span> <span class='ocrx_word' id='word_1_764' title='bbox 1103 2529 1300 2561; x_wconf 79' lang='lat' dir='ltr'><strong>Sirmondum,</strong></span> <span class='ocrx_word' id='word_1_765' title='bbox 1329 2529 1480 2562; x_wconf 85' lang='lat' dir='ltr'><strong>Pctavium,</strong></span> <span class='ocrx_word' id='word_1_766' title='bbox 1506 2528 1614 2556; x_wconf 88' lang='lat' dir='ltr'><strong>Petrum</strong></span> <span class='ocrx_word' id='word_1_767' title='bbox 1636 2528 1671 2554; x_wconf 86' lang='lat' dir='ltr'><strong>de</strong></span> <span class='ocrx_word' id='word_1_768' title='bbox 1700 2527 1806 2559; x_wconf 79' lang='lat' dir='ltr'><strong>Marca,</strong></span> 
     </span>
    </p>
   </div>
   <div class='ocr_carea' id='block_1_111' title="bbox 1017 2572 1805 2610">
    <p class='ocr_par' dir='ltr' id='par_1_111' title="bbox 1017 2572 1805 2610">
     <span class='ocr_line' id='line_1_111' title="bbox 1017 2572 1805 2610; baseline -0.005 -7"><span class='ocrx_word' id='word_1_769' title='bbox 1017 2575 1171 2609; x_wconf 85' lang='lat' dir='ltr'><strong>Morinum,</strong></span> <span class='ocrx_word' id='word_1_770' title='bbox 1195 2575 1371 2608; x_wconf 88' lang='lat' dir='ltr'><strong>Launoium,</strong></span> <span class='ocrx_word' id='word_1_771' title='bbox 1400 2580 1460 2610; x_wconf 87' lang='lat' dir='ltr'><strong>post</strong></span> <span class='ocrx_word' id='word_1_772' title='bbox 1489 2574 1638 2606; x_wconf 75' lang='lat' dir='ltr'><strong>Valesium,</strong></span> <span class='ocrx_word' id='word_1_773' title='bbox 1672 2572 1805 2600; x_wconf 83' lang='lat' dir='ltr'><strong>Huetium</strong></span> 
     </span>
    </p>
   </div>
   <div class='ocr_carea' id='block_1_112' title="bbox 1016 2619 1806 2656">
    <p class='ocr_par' dir='ltr' id='par_1_112' title="bbox 1016 2619 1806 2656">
     <span class='ocr_line' id='line_1_112' title="bbox 1016 2619 1806 2656; baseline -0.004 -7"><span class='ocrx_word' id='word_1_774' title='bbox 1016 2622 1140 2656; x_wconf 82' lang='lat' dir='ltr'><strong>aliosque</strong></span> <span class='ocrx_word' id='word_1_775' title='bbox 1163 2622 1328 2656; x_wconf 88' lang='lat' dir='ltr'><strong>complures,</strong></span> <span class='ocrx_word' id='word_1_776' title='bbox 1358 2622 1440 2648; x_wconf 85' lang='lat' dir='ltr'><strong>etiam</strong></span> <span class='ocrx_word' id='word_1_777' title='bbox 1463 2621 1616 2649; x_wconf 87' lang='lat' dir='ltr'><strong>Cotelerius</strong></span> <span class='ocrx_word' id='word_1_778' title='bbox 1628 2619 1745 2647; x_wconf 87' lang='lat' dir='ltr'><strong>candide</strong></span> <span class='ocrx_word' id='word_1_779' title='bbox 1770 2620 1806 2647; x_wconf 84' lang='lat' dir='ltr'><strong>dc</strong></span> 
     </span>
    </p>
   </div>
   <div class='ocr_carea' id='block_1_113' title="bbox 1017 2665 1806 2702">
    <p class='ocr_par' dir='ltr' id='par_1_113' title="bbox 1017 2665 1806 2702">
     <span class='ocr_line' id='line_1_113' title="bbox 1017 2665 1806 2702; baseline -0.003 -9"><span class='ocrx_word' id='word_1_780' title='bbox 1017 2667 1060 2693; x_wconf 89' lang='lat' dir='ltr'><strong>his</strong></span> <span class='ocrx_word' id='word_1_781' title='bbox 1076 2667 1160 2694; x_wconf 88' lang='lat' dir='ltr'><strong>rebus</strong></span> <span class='ocrx_word' id='word_1_782' title='bbox 1172 2666 1342 2702; x_wconf 89' lang='lat' dir='ltr'><strong>pronuntiet,</strong></span> <span class='ocrx_word' id='word_1_783' title='bbox 1357 2667 1525 2694; x_wconf 89' lang='lat' dir='ltr'><strong>eruditorum</strong></span> <span class='ocrx_word' id='word_1_784' title='bbox 1549 2666 1620 2693; x_wconf 91' lang='lat' dir='ltr'><strong>inter</strong></span> <span class='ocrx_word' id='word_1_785' title='bbox 1635 2669 1746 2692; x_wconf 87' lang='lat' dir='ltr'><strong>nostros</strong></span> <span class='ocrx_word' id='word_1_786' title='bbox 1763 2665 1806 2691; x_wconf 78' lang='lat' dir='ltr'><strong>vi-</strong></span> 
     </span>
    </p>
   </div>
   <div class='ocr_carea' id='block_1_114' title="bbox 1016 2710 1806 2746">
    <p class='ocr_par' dir='ltr' id='par_1_114' title="bbox 1016 2710 1806 2746">
     <span class='ocr_line' id='line_1_114' title="bbox 1016 2710 1806 2746; baseline -0.003 -8"><span class='ocrx_word' id='word_1_787' title='bbox 1016 2719 1108 2738; x_wconf 90' lang='lat' dir='ltr'><strong>rorum</strong></span> <span class='ocrx_word' id='word_1_788' title='bbox 1121 2711 1288 2746; x_wconf 68' lang='lat' dir='ltr'><strong>diligentiam</strong></span> <span class='ocrx_word' id='word_1_789' title='bbox 1301 2719 1372 2746; x_wconf 66' lang='lat' dir='ltr'><strong>saepe</strong></span> <span class='ocrx_word' id='word_1_790' title='bbox 1394 2711 1498 2746; x_wconf 87' lang='lat' dir='ltr'><strong>probet,</strong></span> <span class='ocrx_word' id='word_1_791' title='bbox 1519 2711 1668 2745; x_wconf 84' lang='lat' dir='ltr'><strong>eademque</strong></span> <span class='ocrx_word' id='word_1_792' title='bbox 1684 2717 1748 2737; x_wconf 91' lang='lat' dir='ltr'><strong>cum</strong></span> <span class='ocrx_word' id='word_1_793' title='bbox 1770 2710 1806 2737; x_wconf 81' lang='lat' dir='ltr'><strong>li-</strong></span> 
     </span>
    </p>
   </div>
   <div class='ocr_carea' id='block_1_115' title="bbox 1016 2754 1806 2791">
    <p class='ocr_par' dir='ltr' id='par_1_115' title="bbox 1016 2754 1806 2791">
     <span class='ocr_line' id='line_1_115' title="bbox 1016 2754 1806 2791; baseline -0.003 -8"><span class='ocrx_word' id='word_1_794' title='bbox 1016 2756 1120 2784; x_wconf 82' lang='lat' dir='ltr'><strong>bertate</strong></span> <span class='ocrx_word' id='word_1_795' title='bbox 1133 2757 1225 2784; x_wconf 86' lang='lat' dir='ltr'><strong>omnia</strong></span> <span class='ocrx_word' id='word_1_796' title='bbox 1240 2757 1378 2785; x_wconf 82' lang='lat' dir='ltr'><strong>discutiat.</strong></span> <span class='ocrx_word' id='word_1_797' title='bbox 1405 2756 1481 2784; x_wconf 85' lang='lat' dir='ltr'><strong>Unde</strong></span> <span class='ocrx_word' id='word_1_798' title='bbox 1494 2763 1556 2791; x_wconf 88' lang='lat' dir='ltr'><strong>spes</strong></span> <span class='ocrx_word' id='word_1_799' title='bbox 1583 2760 1636 2788; x_wconf 83' lang='lat' dir='ltr'><strong>est,</strong></span> <span class='ocrx_word' id='word_1_800' title='bbox 1653 2754 1806 2790; x_wconf 83' lang='lat' dir='ltr'><strong>aliquando</strong></span> 
     </span>
    </p>
   </div>
   <div class='ocr_carea' id='block_1_116' title="bbox 1016 2800 1807 2838">
    <p class='ocr_par' dir='ltr' id='par_1_116' title="bbox 1016 2800 1807 2838">
     <span class='ocr_line' id='line_1_116' title="bbox 1016 2800 1807 2838; baseline -0.003 -9"><span class='ocrx_word' id='word_1_801' title='bbox 1016 2801 1084 2835; x_wconf 88' lang='lat' dir='ltr'><strong>fore,</strong></span> <span class='ocrx_word' id='word_1_802' title='bbox 1105 2806 1135 2829; x_wconf 85' lang='lat' dir='ltr'><strong>ut</strong></span> <span class='ocrx_word' id='word_1_803' title='bbox 1149 2802 1322 2838; x_wconf 76' lang='lat' dir='ltr'><strong>dogmatibus</strong></span> <span class='ocrx_word' id='word_1_804' title='bbox 1339 2802 1534 2830; x_wconf 87' lang='lat' dir='ltr'><strong>ecclesiasticis</strong></span> <span class='ocrx_word' id='word_1_805' title='bbox 1550 2801 1639 2836; x_wconf 89' lang='lat' dir='ltr'><strong>major</strong></span> <span class='ocrx_word' id='word_1_806' title='bbox 1655 2801 1703 2828; x_wconf 84' lang='lat' dir='ltr'><strong>lux</strong></span> <span class='ocrx_word' id='word_1_807' title='bbox 1724 2800 1807 2828; x_wconf 62' lang='grc' dir='ltr'><strong>θεῖαι.</strong></span> 
     </span>
    </p>
   </div>
   <div class='ocr_carea' id='block_1_117' title="bbox 1017 2846 1806 2883">
    <p class='ocr_par' dir='ltr' id='par_1_117' title="bbox 1017 2846 1806 2883">
     <span class='ocr_line' id='line_1_117' title="bbox 1017 2846 1806 2883; baseline -0.003 -7"><span class='ocrx_word' id='word_1_808' title='bbox 1017 2852 1087 2883; x_wconf 76' lang='lat' dir='ltr'><strong>geat,</strong></span> <span class='ocrx_word' id='word_1_809' title='bbox 1102 2848 1294 2876; x_wconf 76' lang='lat' dir='ltr'><strong>controversia:</strong></span> <span class='ocrx_word' id='word_1_810' title='bbox 1319 2847 1346 2874; x_wconf 92' lang='lat' dir='ltr'><strong>in</strong></span> <span class='ocrx_word' id='word_1_811' title='bbox 1361 2847 1463 2874; x_wconf 87' lang='lat' dir='ltr'><strong>scholis</strong></span> <span class='ocrx_word' id='word_1_812' title='bbox 1478 2847 1596 2882; x_wconf 56' lang='lat' dir='ltr'><strong>agitatae,</strong></span> <span class='ocrx_word' id='word_1_813' title='bbox 1607 2846 1736 2882; x_wconf 88' lang='lat' dir='ltr'><strong>pudendo</strong></span> <span class='ocrx_word' id='word_1_814' title='bbox 1753 2846 1806 2874; x_wconf 86' lang='lat' dir='ltr'><strong>im-</strong></span> 
     </span>
    </p>
   </div>
  </div>
