1874 3070
48 167 73 196 ω

419 171 445 199 J.
470 163 653 198 PEARSONII
675 167 835 196 VINDICUE
855 164 1067 195 lGNATlANrE.
1087 179 1123 185 —
1142 162 1350 191 PRMMIUM.
1667 161 1702 189 50

52 231 173 264 posterum
200 228 393 262 patrocinio
419 228 538 260 nudata,
552 230 580 254 et
603 226 666 254 ficta
692 223 863 260 antiquitatis
879 227 900 254 Α
915 223 1006 250 milem
1035 221 1090 248 fere
1123 221 1246 248 locorum
1274 219 1481 254 explicationem
1517 217 1700 253 deprehendo.

54 274 275 310 ltmspoliaue,
303 275 429 310 aequius
457 273 565 301 tandem
593 277 621 300 et
638 272 758 300 sedatius
774 270 864 299 termi-

60 328 152 356 nentur,
165 321 332 356 anitnique
350 320 502 349 hominum
516 327 559 353 ea,
579 326 633 354 qua
652 326 702 353 par
716 322 773 349 est,
787 323 864 344 reve-

65 370 135 399 rentia
171 367 365 404 primitivam
400 366 551 394 Ecclesiam
565 385 573 397 ,
606 372 655 393 sua
688 363 865 398 simplicitate

72 416 246 452 conspicuam,
272 421 332 442 nec
356 413 461 441 alienis
484 411 623 440 coloribus
640 410 788 445 depictam,
817 412 865 435 aut

77 463 151 499 potius
180 461 390 493 deformatam,
424 461 637 494 prosequantur.
662 456 734 483 Inter
755 455 813 483 haec
833 453 866 480 Β.

78 510 158 545 lgnatii
172 508 264 543 Epist.
290 507 382 534 etiam
404 505 478 533 notis
499 502 627 532 Cotelerii
640 503 782 530 illustratae
805 507 869 535 pro-

81 556 193 588 dierunt;
213 561 288 589 quas
300 552 363 588 jam
382 551 418 579 ad
432 550 582 578 editionem
608 553 772 576 nostrorum.
789 545 869 574 festi-

81 600 252 635 nans,avide,
273 603 417 634 quantum
435 604 483 632 per
512 594 645 631 temporis
664 593 808 629 angustias
832 591 867 618 li~

80 648 138 680 cuit,
151 645 286 681 percurri.
314 644 408 672 Video
422 647 524 675 autem,
537 642 591 670 nisi
607 648 651 669 me
670 638 810 667 festinatio
827 637 868 666 fe-

79 693 148 724 fellit,
164 691 215 720 viri
240 689 403 719 doctissimi
419 689 584 718 sententiam
597 694 660 715 cum
675 690 771 713 nostra
787 684 869 720 plane

77 739 293 774 conspirantem;
310 737 388 765 idem
411 737 446 764 de
464 734 611 770 Ignatianis
629 732 775 768 judicium,
790 738 866 759 eam-

75 784 130 811 dem
144 785 178 812 de
195 783 375 819 argumentis
406 779 629 809 adversariorum
644 776 813 813 opinionem,
828 774 867 803 si-

918 267 994 295 Unde
1009 267 1076 294 mihi
1089 266 1161 294 haud
1183 265 1254 293 male
1264 264 1394 300 augurari
1417 263 1522 296 videor,
1540 263 1701 290 sententiam

916 318 1039 342 nostram
1054 312 1121 340 viris
1149 311 1247 344 doctis,
1270 315 1297 338 et
1316 311 1343 337 in
1366 310 1418 337 hoc
1434 309 1585 337 litterarum
1605 315 1702 343 genere

915 359 1018 396 optime
1031 359 1146 387 versatis
1162 357 1342 392 approbatum
1360 355 1404 387 iri,
1423 362 1526 389 eosque
1552 353 1643 381 statim
1658 353 1703 388 jn.

916 407 1068 439 dicaturos,
1081 413 1125 433 me
1147 405 1217 432 nihil
1234 405 1262 432 in
1277 404 1320 431 his
1332 403 1458 431 molitum
1470 409 1542 435 esse,
1556 401 1629 436 quod
1648 408 1702 427 non

917 453 979 482 aliis
995 451 1090 480 eadem
1121 450 1302 478 tractantibus
1328 448 1436 477 veritati
1451 447 1570 475 maxime
1589 445 1704 482 apertis-

919 499 1044 534 simeque
1067 502 1284 526 consentaneum
1299 496 1387 531 prima
1399 494 1468 522 facie
1479 493 1612 521 videatur.
1623 491 1703 525 Quod

917 544 940 572 si
968 551 1000 572 ea
1024 551 1086 578 quae
1111 542 1199 570 obiter
1223 541 1349 574 tractavi,
1373 545 1400 568 et
1426 540 1453 567 in
1475 539 1514 567 tui
1530 538 1703 574 potissimum

916 589 1045 625 gratiam,
1064 587 1163 615 Lector
1177 586 1318 619 benevole,
1333 583 1575 613 dissertationibus
1588 580 1704 612 inserui,

920 635 1024 671 (qualia
1048 633 1120 661 haud
1137 640 1226 668 pauca
1241 631 1268 658 in
1287 630 1390 658 nostris
1404 627 1537 662 invenies)
1550 630 1597 654 aut
1613 625 1705 653 minus

916 684 991 708 recte
1013 682 1061 706 aut
1087 678 1178 705 minus
1202 681 1331 704 accurate
1354 674 1426 702 dicta
1451 671 1633 708 iudicaveris;
1655 677 1706 697 no-

917 727 964 755 lim
986 734 1019 753 ea
1050 732 1112 752 cum
1143 730 1234 752 causa:
1257 725 1391 756 susceptae
1414 718 1515 754 injuria
1536 717 1704 752 coniungas,

918 772 966 801 sed
996 770 1132 800 desiderio
1159 768 1250 805 potius
1274 767 1324 796 tibi
1341 765 1464 803 placendi
1479 764 1604 799 imputes.
1631 760 1704 788 γαιο.

76 851 1691 880 _______________________——————

486 924 842 990 VINDICIIE
884 917 1306 980 IGNATIAN/E

731 1053 1071 1106 PBOCEMIUM
1158 1064 1176 1078 ⁴

439 1177 485 1208 De
501 1178 585 1212 ortu,
601 1159 779 1214 progressu
793 1173 825 1202 et
840 1169 1001 1201 hodierno
1027 1170 1113 1199 statu
1136 1167 1377 1196 controversia.

331 1270 455 1302 CAPUT
472 1269 618 1299 PRIMUM.

155 1334 273 1364 Occasio
288 1331 427 1361 scribendi
441 1335 466 1358 et
480 1328 606 1357 Prommii
618 1326 784 1355 distributio.
827 1344 829 1347 .

106 1392 229 1420 Celebris
251 1395 308 1423 est,
326 1389 382 1416 hoc
403 1386 558 1423 praesertim
580 1383 693 1418 saeculo,
717 1382 751 1410 de
766 1381 871 1409 ordinis

76 1438 237 1473 cpiseOpalis
252 1445 269 1464 a
286 1435 482 1471 presbyterattt
498 1431 687 1461 distinctione,
707 1429 751 1457 vel
772 1427 870 1456 saltem

76 1483 259 1512 distinctionis
275 1482 385 1517 origine
397 1479 598 1508 controversia.
611 1477 643 1504 In
661 1483 694 1504 ea
709 1480 801 1503 autem
815 1479 872 1501 tra-

74 1530 173 1557 ctanda
187 1528 284 1564 magni
299 1526 433 1563 ponderis
443 1525 542 1553 merito
555 1523 649 1552 habita
667 1526 710 1550 est
727 1521 756 1549 S.
772 1519 871 1556 Ignatii

72 1576 125 1603 viri
141 1573 290 1610 apostolici
309 1578 339 1601 et
353 1571 484 1608 martyris
500 1571 671 1603 auctoritas;
687 1567 767 1604 cujus
781 1566 871 1594 diser-

73 1622 185 1650 tissimo
202 1619 480 1655 Iocupletissimoque
500 1616 660 1645 testimonio
680 1622 744 1643 cum
765 1613 872 1648 episco-

75 1669 144 1703 palis
154 1674 242 1695 causa
250 1666 394 1699 fulciatur,
402 1668 431 1692 et
441 1663 566 1699 paritatis
579 1661 785 1697 prcsbyteranae
798 1658 871 1686 anti-

75 1715 168 1749 quitas
190 1720 282 1749 nuper
299 1711 458 1747 excogitata
474 1709 621 1742 concidat;
642 1716 676 1736 eo
695 1707 804 1735 tandem
821 1705 872 1732 de-

75 1765 190 1788 ventnm
213 1764 268 1792 est,
292 1763 323 1786 ut
345 1758 393 1793 qui
413 1757 494 1785 aliter
512 1755 678 1784 sententiam
701 1750 873 1789 episcopatui

75 1807 248 1842 iniquiorem
262 1804 334 1832 tueri
346 1803 425 1831 nullo
436 1803 520 1830 modo
531 1805 657 1837 possent.
669 1807 766 1828 omnes
775 1798 873 1834 Ignatii

74 1853 213 1888 epistolas
225 1851 423 1883 convellerent,
443 1856 459 1877 a
477 1848 507 1876 S.
521 1851 643 1883 martyre
659 1845 775 1881 scriptas
789 1851 873 1880 nega-

75 1903 147 1931 rent,
168 1899 250 1926 ﬁctas
265 1903 293 1924 et
307 1895 496 1932 supposititias
511 1893 731 1930 pronuntiarent.

109 1954 187 1982 Inter
205 1955 258 1982 hos
280 1953 324 1980 vir
345 1952 534 1984 doctissimus,
549 1950 671 1978 Joannes
690 1949 819 1981 Dallzeus,
843 1948 873 1975 in

73 2000 128 2028 SS.
156 2001 273 2028 Patrum
298 1997 485 2026 monumentis
512 1996 659 2032 diligenter
680 1998 819 2026 versatus,
843 1993 872 2019 in

72 2046 271 2074 discernendis
298 2044 429 2079 operibus
456 2042 558 2078 spuriis
585 2041 733 2069 admodum
763 2043 871 2071 acutus,

72 2098 141 2128 post
155 2092 335 2120 velitationes
352 2090 492 2123 Salmasii,
511 2093 593 2124 atque
614 2087 759 2120 Blondelli,
773 2086 873 2113 librum

72 2139 241 2175 nuperrime
250 2137 338 2165 edidit
347 2137 415 2164 satis
425 2136 573 2171 prolixum,
582 2143 639 2170 quo
648 2133 785 2169 Epistolas
795 2133 874 2168 Igna-

71 2187 103 2213 tii
116 2187 204 2214 etiam
221 2183 436 2220 purgatissimas
447 2174 623 2216 maximeque
637 2179 771 2212 sinceras,
786 2183 814 2206 et
825 2186 874 2205 ve-

70 2238 168 2259 terum
195 2230 364 2258 auctoritate
390 2228 511 2256 munitas
529 2232 557 2255 et
580 2225 696 2262 propria
714 2224 879 2260 praestantia

68 2277 259 2313 conspicuas,
281 2273 492 2310 quamplurimis
505 2272 675 2309 argumentis
686 2272 795 2299 videtur
809 2270 874 2304 sibi,

68 2325 209 2359 suisque,
222 2327 253 2350 ut
266 2321 375 2357 opinor,
391 2320 560 2348 adulterinas
573 2319 716 2354 probasse,
730 2322 758 2345 et
769 2317 875 2345 doctis-

68 2373 217 2399 simorum
228 2370 365 2401 virorum,
384 2366 584 2402 archiepiscopi
599 2364 777 2398 Armachani,
788 2362 875 2392 Isaaci

68 2417 184 2449 Yossii,
196 2421 225 2443 et
237 2414 361 2443 doctoris
375 2412 539 2441 Hammondi
551 2412 674 2440 rationes
687 2417 795 2445 omnes,
809 2417 876 2438 sane

69 2464 272 2495 ﬁrmissimas,
292 2460 418 2488 diluisse.

110 2520 205 2555 Hujus
235 2518 289 2546 viri
312 2515 533 2553 praestantissimi
560 2513 701 2550 stupendae
728 2511 876 2548 diligentiae

69 2575 143 2595 cum
157 2572 186 2595 et
203 2565 308 2602 Ignatii
321 2563 468 2596 sanctitas,
483 2568 511 2591 et
528 2562 703 2598 episcopatus
719 2560 874 2589 necessaria

889 1267 911 1296 Β
924 1271 1000 1297 nere,
1017 1269 1079 1298 quae
1092 1259 1259 1289 labefactare
1275 1258 1429 1289 vidcantur,
1447 1254 1571 1283 refellere
1586 1257 1613 1281 et
1635 1251 1709 1281 refu‘

922 1314 1026 1381 ιωὲίιω
1042 1355 1134 1379 autem
1150 1351 1208 1377 haec
1228 1348 1352 1383 quaestio.
1363 1346 1457 1374 multis
1469 1353 1527 1381 jam
1549 1343 1639 1372 modis
1658 1344 1710 1371 im-

920 1400 1021 1436 plicata
1036 1402 1064 1426 et
1080 1396 1215 1427 involuta,
1231 1394 1373 1428 doctisque
1385 1392 1566 1428 plurimorum
1580 1389 1711 1418 lucubra-

920 1447 1043 1475 tionibus
1059 1444 1130 1471 facta
1144 1443 1180 1470 sit
1195 1441 1359 1473 obscurior;
1375 1444 1449 1467 utea
1464 1445 1525 1473 quae
1541 1438 1642 1465 dicturi
1664 1445 1711 1464 su-

923 1500 986 1521 mus
1009 1489 1129 1518 dilucide
1152 1486 1353 1522 perspicueque
1378 1484 1537 1515 tradantur,
1558 1481 1647 1509 visum
1668 1485 1712 1508 est

925 1536 1062 1572 imprimis
1075 1533 1277 1563 necessarium,
1301 1531 1348 1558 illa
1369 1528 1545 1564 praemittere,
1565 1534 1627 1562 quae
1641 1526 1712 1554 ditii—

921 1582 1033 1612 cultatis
1048 1581 1169 1610 rationes
1184 1577 1342 1614 expedlant,
1352 1584 1413 1612 qua:
1424 1573 1574 1602 sententias
1587 1573 1713 1600 virorum

921 1630 1065 1658 doctorum
1087 1626 1235 1661 explicent,
1261 1630 1323 1659 qua:
1348 1626 1451 1654 ortum,
1471 1626 1660 1655 progressum,
1683 1623 1713 1645 e:

922 1678 1083 1710 praesentem
1093 1669 1290 1700 controversiae
1302 1672 1403 1696 statum
1418 1669 1556 1697 enarrem,
1578 1669 1606 1693 et
1621 1663 1714 1691 inutili

923 1709 1100 1747 altercatione
1115 1716 1240 1753 praecisa,
1256 1715 1290 1742 ad
1306 1713 1427 1742 futuram
1442 1711 1655 1747 disputationem
1671 1709 1713 1737 [ει-ι

923 1765 1044 1793 ciliorem
1061 1762 1164 1790 aditum
1179 1760 1355 1796 patefaciant.

959 1820 1094 1857 Ignatium
1108 1818 1194 1846 fuisse
1208 1817 1387 1844 Antiochense
1399 1815 1529 1843 Ecclesiae
1539 1813 1712 1848 episcopum,

923 1869 1094 1903 agnoverunt
1108 1867 1245 1900 quotquot
1263 1863 1338 1891 illius
1360 1861 1527 1889 mentionem
1542 1859 1632 1887 fecere
1649 1868 1656 1885 :
1676 1859 1712 1885 ab

924 1913 1058 1949 apostolis
1073 1912 1230 1940 ordinatum
1251 1910 1353 1940 diserte
1374 1908 1546 1936 tradiderunt
1570 1905 1600 1942 S.
1623 1904 1714 1940 Chry-

925 1965 1065 1990 sostomus
1075 1964 1102 1987 et
1111 1959 1312 1986 Theodoretus.
1325 1955 1405 1983 [Iunc
1418 1953 1598 1990 apostolicum
1611 1951 1713 1983 virum,

925 2007 959 2035 ab
973 2006 1119 2034 Antiochia
1136 2005 1252 2032 Romam
1268 2005 1398 2030 tractum.
1415 2000 1510 2028 bestiis
1528 1999 1661 2031 oblatum,
1681 2005 1714 2026 ac

924 2053 1057 2089 martyrio
1085 2055 1249 2080 coronatum
1277 2052 1411 2076 testantur
1434 2051 1559 2079 veteres;
1582 2044 1716 2080 epistolas

925 2100 1070 2135 scripsisse
1086 2097 1120 2125 ad
1140 2096 1280 2124 Ecclesias
1300 2093 1451 2130 praesertim
1469 2092 1497 2120 in
1516 2092 1625 2124 itinere,
1650 2098 1714 2125 pro-

924 2148 994 2176 dunt
1006 2145 1183 2181 antiquorum
1199 2141 1322 2177 plurimi,
1342 2139 1450 2175 negavit
1467 2144 1515 2166 aut
1529 2137 1670 2165 dubitasse
1684 2144 1715 2164 se

925 2193 994 2221 dixit
1008 2199 1104 2220 eorum
1120 2197 1211 2218 nemo.
1225 2188 1258 2216 Et
1276 2186 1444 2215 sanctissimi
1458 2184 1568 2220 quidem
1584 2182 1714 2218 martyris

923 2239 1079 2275 justissima
1100 2234 1268 2264 existimatio
1293 2234 1377 2261 etiam
1403 2232 1537 2258 hactenus
1562 2228 1667 2256 illibata
1687 2232 1715 2255 et

927 2285 1088 2312 intemerata
1113 2279 1284 2316 permansit;
1308 2278 1343 2306 de
1361 2276 1485 2312 epistolis
1506 2279 1631 2308 tantum,
1653 2281 1715 2309 quae

925 2329 978 2357 sub
990 2329 1065 2356 illius
1082 2325 1382 2361 nomine‘prodierunt,
1395 2326 1422 2350 et
1436 2322 1471 2350 ad
1487 2325 1611 2349 nostram
1627 2328 1715 2355 usque

925 2379 1033 2403 aetatem
1053 2374 1284 2410 perduraverunt,
1304 2370 1338 2398 lis
1359 2374 1411 2397 est.
1437 2368 1532 2403 Neque
1555 2368 1588 2395 de
1605 2367 1715 2394 illarum

927 2421 1101 2453 auctoritate,
1119 2419 1143 2447 si
1164 2418 1313 2454 Ignatianze
1329 2416 1417 2444 fuisse
1437 2418 1596 2450 appareant,
1619 2413 1716 2448 dispu-

926 2472 1001 2496 tatur
1023 2477 1030 2495 :
1051 2466 1100 2496 sed
1122 2473 1158 2494 an
1181 2472 1277 2493 revera
1299 2463 1387 2500 ipsius
1406 2461 1502 2498 Ignatii
1519 2460 1622 2488 fuerint
1639 2467 1715 2495 qua:-

926 2515 1006 2542 ritur.

962 2559 1000 2587 Ut
1015 2563 1105 2590 autem
1117 2558 1206 2593 origo,
1218 2563 1391 2592 progressus,
1402 2558 1430 2582 et
1443 2561 1563 2589 praesens
1575 2553 1713 2580 hodiernrc

71 2611 244 2642 auctoritas,
262 2613 290 2637 et
313 2608 361 2635 his
380 2607 501 2635 maxime
517 2606 612 2642 iniqua
635 2605 787 2634 adversarii
803 2605 876 2632 fama
892 2607 916 2638 ο
928 2604 1123 2634 controversiae
1139 2607 1239 2635 status,
1263 2604 1344 2630 etiam
1370 2601 1405 2628 iis
1427 2600 1475 2636 qui
1498 2599 1632 2627 hactenus
1653 2606 1714 2626 cam

71 2663 162 2693 atque
184 2656 335 2685 celebritas
358 2658 390 2681 ut
412 2653 516 2689 aliquid
541 2657 690 2688 reponatur
709 2651 873 2687 etllagitent;

71 2711 169 2739 opera:
182 2703 304 2739 pretium
319 2708 383 2730 esse
396 2701 528 2729 duximus
540 2700 762 2729 dissertatiouem
777 2704 875 2733 totam,

71 2755 181 2786 quanta
196 2753 303 2785 quanta
317 2752 374 2781 est,
382 2747 417 2776 ad
432 2755 547 2776 examen
563 2754 673 2781 vocare,
682 2747 804 2775 rationes
817 2754 876 2774 mo-

74 2802 170 2825 mento
183 2804 234 2825 suo
255 2794 425 2832 ponderare,
442 2794 550 2829 singula
569 2802 632 2830 quae
643 2801 693 2821 nos
703 2797 731 2821 et
745 2792 877 2822 Ecclesia

76 2843 131 2870 SS.
142 2843 241 2871 Patres
256 2842 316 2870 ullo
326 2841 413 2869 modo
422 2845 695 2876 spectantexcutere,
704 2840 797 2868 omnia
814 2847 877 2876 quae

76 2890 274 2919 auctoritatem
305 2887 338 2916 5.
363 2886 462 2924 Ignatii
481 2887 646 2917 confirmare
662 2887 769 2923 possint
793 2894 876 2922 expo-
890 2895 898 2905 ν

928 2652 1022 2680 minus
1036 2654 1139 2678 attente
1151 2649 1373 2681 considerarunt,
1389 2647 1561 2679 innotescat;
1580 2653 1638 2672 rem
1655 2652 1714 2671 om-

928 2706 991 2727 nem
1004 2696 1089 2733 (quod
1101 2703 1117 2723 a
1128 2695 1238 2723 nemine
1249 2693 1340 2722 adhuc
1354 2692 1456 2721 factum
1468 2699 1531 2720 esse
1539 2691 1630 2725 video)
1641 2690 1714 2718 clara

927 2750 956 2774 et
974 2745 1091 2773 fideliter
1113 2750 1276 2779 proponam.
1303 2741 1458 2770 Sententias
1475 2739 1619 2768 doctorum
1640 2737 1713 2764 viro—

928 2800 1003 2826 rum,
1015 2791 1206 2826 cujuscunque
1220 2788 1358 2824 opinionis
1372 2787 1485 2820 fuerint,
1498 2793 1532 2814 eo
1547 2785 1607 2820 ipso
1617 2783 1714 2811 ordine

930 2847 986 2874 quo
1004 2837 1175 2873 scripserunt
1195 2835 1323 2868 referam,
1350 2834 1484 2862 editiones
1496 2831 1681 2867 Epistolarum
1700 2837 1715 2856 τε

931 2893 999 2914 mss.
1017 2888 1160 2913 crutarsm
1175 2882 1277 2918 varias,
1288 2887 1315 2910 et
1329 2889 1343 2910 a
1355 2889 1384 2910 se
1398 2887 1509 2916 quoquo
1521 2878 1602 2907 modo
1613 2878 1717 2906 discre-
