1874 3070
147 155 149 158 ⁴
177 170 208 198 5|
719 171 747 198 s.
767 169 940 198 lGNATlUS.
959 184 993 190 —

1012 169 1268 198 PROLEGOMENA
1771 165 1810 197 52

174 230 282 262 pantes,
301 226 444 262 sigillatim
459 227 559 255 notabo
575 235 582 253 :
597 230 628 254 ut
643 226 727 254 simul
741 230 769 254 et
782 227 872 262 qualis
885 226 965 262 lgna-
977 229 999 257 A
1014 226 1110 255 Latine
1127 232 1233 255 tantum
1253 226 1394 255 exstaré'ht
1416 227 1458 255 ha:
1471 226 1612 262 Epistulae.
1627 226 1697 256 Post
1712 232 1808 255 autem

172 273 229 300 tius
245 273 405 308 epistolicus
419 280 453 300 eo
471 277 605 308 tempore,
629 280 683 308 quo
703 273 821 308 quisque
837 273 958 308 scripsit,

171 319 342 353 apparuerit,
354 322 527 355 perspectum
544 319 644 346 habeat
660 319 756 353 lector,
775 323 802 347 et
814 320 848 347 de
862 320 959 347 unius-

171 366 307 401 cujusque
323 366 461 394 sententia
474 365 608 401 judicium
624 364 694 392 ferat
709 365 786 392 nullo
799 364 958 400 prtejodicio

170 416 334 447 occupatus.
349 411 469 447 Denique
483 419 544 446 quae
556 411 592 438 sit
609 410 714 444 Dallaei,
730 411 860 446 postremi
877 411 958 446 lgna-

170 457 311 485 tianorum
324 458 422 490 hostis,
437 457 571 485 sententia
585 456 718 490 referam;
732 464 792 491 quae
805 461 910 489 nostra,
923 465 956 485 ex

170 503 288 531 adverso
303 511 452 538 exponam,
467 508 494 530 et
506 502 573 538 quid
588 510 603 530 a
624 510 669 530 me
689 503 874 538 probandum,
891 504 956 539 quid

167 549 350 578 refellendum
365 549 454 578 sentio
470 549 588 577 breviter
604 548 751 577 declarabo

478 606 595 635 CAPUT
614 606 647 634 ll.

168 653 263 681 Prima
285 652 388 690 lgnatii
403 653 485 682 editio
504 653 732 691 Latinatantam.
754 653 881 690 Episton
898 656 956 691 ejus

406 697 454 724 pro
469 690 589 725 genuinis
603 689 712 717 habite.

202 735 260 763 Sub
274 735 371 771 lgnatii
390 736 502 763 nomine
518 736 606 771 primo
621 740 676 763 tres
690 736 814 771 epistolae
827 737 854 764 in
866 736 954 764 lucem

164 782 246 810 editae
271 787 335 810 sunt
358 781 474 810 Parisiis
496 781 593 809 Latine
613 785 732 815 tantum,
753 790 826 811 anno
847 782 955 810 Domini

164 827 246 863 1695,
262 829 297 856 ad
314 828 478 858 B..Mariam
504 823 569 860 una,
584 828 618 855 ad
641 828 671 856 S.
689 827 822 856 Joannem
842 835 954 865 aposto-

162 873 220 901 lum
246 875 316 903 duaa.
342 875 422 903 Anno
447 874 537 904 H98.
566 874 694 901 undecim
719 874 849 910 Epistola;
881 876 952 909 aliae,

163 919 267 949 Latinae
289 922 402 956 pariter,
427 929 460 950 ex
475 923 560 950 veteri
578 924 716 956 versione,
736 923 858 951 nondum
875 931 952 952 com-

161 971 276 1003 parente
287 968 437 1003 exemplari
449 969 555 1002 Graeco,
571 977 587 997 a
605 969 696 998 Fabro
709 968 865 1005 Stapulensi
881 972 952 1006 typis

162 1017 228 1040 sunt
249 1013 401 1048 impressas.
424 1013 489 1042 Haec
512 1018 605 1042 autem
630 1016 760 1051 princeps
781 1016 865 1044 editio
888 1016 950 1050 fuit,

162 1062 232 1086 teste
247 1057 373 1094 Philippo
389 1059 510 1093 Labbeo,
536 1061 583 1096 qui
605 1061 656 1089 has
675 1061 802 1090 undecim
822 1063 952 1098 epistolas

161 1107 229 1131 tunc
243 1111 361 1133 excusas
379 1105 451 1133 inter
464 1105 568 1140 primas
589 1107 723 1135 editiones
738 1112 874 1140 numerat,
890 1116 952 1143 quae

160 1148 189 1176 in
203 1148 288 1186 Regia
301 1150 469 1179 Bibliotheca
480 1151 593 1180 Parisiis
605 1158 790 1181 asseruntur.
804 1153 873 1181 Tum
885 1162 951 1183 vero

161 1194 381 1230 Symphorianus
394 1197 576 1234 Champerius
587 1198 789 1235 Lugdunensis,
803 1201 853 1229 has
868 1209 883 1228 a
897 1200 951 1229 Fa-

159 1241 210 1268 bro
221 1241 310 1270 editas
321 1249 386 1271 cum
400 1244 489 1272 tribus
499 1244 562 1272 aliis
573 1245 607 1272 ab
622 1245 669 1273 illo
682 1246 800 1281 rejectis,
813 1251 842 1274 et
852 1252 949 1281 quarta

159 1288 194 1315 ad
213 1287 326 1316 llariam
335 1289 538 1318 Cassubolitam
555 1299 696 1326 nunquam
709 1297 772 1319 ante
798 1292 946 1328 publicata,

158 1336 202 1364 edi
229 1336 351 1369 curavit;
375 1340 458 1371 atque
477 1336 515 1364 ita
537 1336 647 1364 tandem
668 1337 826 1372 quindecim
849 1337 947 1374 lgnatii

157 1383 280 1418 epistola
294 1381 466 1411 exstiterunt.

191 1428 227 1456 Et
242 1429 301 1457 hac
311 1429 422 1464 quidem
439 1428 523 1457 facies
538 1428 568 1458 S.
583 1428 680 1464 lgnatii
694 1429 834 1458 subinitio
846 1429 946 1458 decimi

157 1476 226 1503 sexti
240 1475 332 1504 saeculi
350 1474 403 1502 fuit
416 1484 423 1508 ;
437 1482 500 1503 cum
515 1475 575 1510 ipse
587 1475 674 1503 Faber
688 1475 870 1511 Stapulensis,
886 1475 945 1511 pri-

155 1529 208 1548 ma-
223 1521 351 1549 editionis
367 1525 490 1550 curator.
504 1521 565 1556 ejus
581 1521 744 1549 auctoritate
756 1525 886 1556 tanquam
901 1522 945 1548 in-

154 1568 288 1600 dubitata,
303 1568 331 1595 in
347 1567 440 1595 libello
450 1567 489 1594 De
499 1567 588 1594 triduo
606 1566 706 1594 Christi
714 1567 808 1595 utitur.
829 1566 945 1595 Tametsi
958 1568 980 1597 C

155 1612 221 1639 mihi
237 1612 399 1646 impossibile
421 1613 454 1639 sit
476 1620 508 1639 ea:
527 1620 569 1638 me
586 1611 621 1639 ad
643 1612 718 1639 illam
740 1612 950 1647 intelligentiam.

153 1662 307 1692 penetrare;
322 1666 381 1685 eam
395 1662 483 1685 tamen
499 1658 526 1685 in
539 1658 590 1685 hac
604 1666 631 1685 re
640 1666 696 1685 esse
708 1663 783 1693 puto,
797 1667 876 1694 quam
887 1658 945 1686 dei-

153 1705 195 1740 fer
214 1704 337 1740 lgnatius
358 1706 387 1732 in
398 1705 485 1739 prima
504 1705 628 1740 epistola,
645 1714 704 1741 qua
719 1711 760 1733 est
776 1708 810 1732 ad
827 1705 944 1733 Trallia-

153 1759 212 1783 nos,
229 1751 314 1785 aperit
325 1751 358 1778 de
370 1751 483 1778 Domino
501 1751 539 1779 sic
555 1751 661 1787 loquens
677 1760 686 1779 :
701 1752 772 1779 Ante
790 1760 855 1779 vero
877 1753 943 1781 solis

152 1805 283 1825 occasum
300 1796 334 1824 de
349 1805 430 1825 cruce
442 1797 584 1832 depositus
597 1803 650 1831 est,
664 1801 716 1826 etc.
727 1797 848 1826 Joannes
860 1800 942 1827 etiam

151 1840 298 1875 episcopus
315 1839 470 1875 Rotl'ensis,
489 1841 583 1870 libello
596 1842 641 1870 cui
655 1842 762 1876 titulus,
782 1842 877 1870 Petrus
891 1845 942 1878 fuit

151 1885 254 1916 Romus,
266 1886 339 1914 inter
352 1887 458 1922 primos
476 1887 527 1915 has
541 1887 673 1922 epistolas
692 1888 800 1922 citavit;
819 1889 941 1924 Ignotius

151 1936 241 1959 autem
262 1936 287 1959 et
310 1932 366 1968 ipse
386 1938 621 1968 contemporaneus
647 1934 782 1968 apostolis,
807 1935 942 1964 Christum

150 1985 212 2004 eum
222 1983 289 2005 esset
306 1986 437 2005 annorum
452 1979 562 2014 triginta
577 1979 659 2014 fuisse
677 1979 841 2013 baptizatum
853 1986 940 2016 putat,

149 2027 175 2050 et
194 2029 246 2050 tres
261 2031 345 2051 annos
359 2023 432 2051 ultra
454 2024 584 2053 docuisse.
606 2023 652 2052 Sic
674 2025 744 2052 enint
770 2024 892 2060 Epistola
906 2026 941 2053 ad

151 2068 305 2096 Trallianos
332 2069 435 2097 scribit.
457 2069 578 2105 Triginta
601 2078 684 2098 annos
713 2079 791 2106 agens
819 2070 940 2100 Christus

149 2114 300 2149 baptizatus
320 2120 359 2142 est
375 2123 393 2142 a
407 2114 522 2149 Joanne,
537 2121 562 2143 et
582 2117 668 2144 tribus
689 2117 766 2144 annis
785 2117 940 2152 praedicavit

150 2159 334 2196 anngelium.
347 2159 505 2193 Quinetiam
520 2159 640 2189 Joannes
656 2160 757 2189 Driedo
775 2162 892 2190 celebris
908 2171 939 2191 ea

147 2210 227 2234 aetate
242 2206 394 2242 theologus,
406 2207 476 2234 libro
489 2206 526 2233 De
540 2207 709 2242 dogmatibus
718 2207 902 2236 ecclesiasticis
914 2214 940 2236 et

147 2253 320 2289 apocryphis,
354 2253 558 2289 quamplurima
581 2253 710 2282 Romanae
727 2253 857 2282 Ecclesiae
872 2256 939 2291 dog-
954 2249 977 2277 Β

148 2305 232 2333 mata,
249 2300 330 2336 longa
346 2300 545 2329 sententiarum
562 2300 633 2327 serie
650 2309 683 2328 ex
698 2300 828 2335 Epistolis
841 2300 938 2337 lgnatii

146 2346 241 2382 petita,
266 2347 433 2375 conﬁrmare
456 2345 565 2373 nititur.
590 2345 623 2373 Et
649 2345 786 2375 Martinus
810 2346 938 2376 Peresius

145 2393 234 2426 Aiola,
254 2394 373 2428 scriptor
388 2393 459 2420 inter
476 2392 633 2427 pontiﬁcios
647 2400 702 2420 non
719 2393 858 2429 ignobilis,
874 2394 938 2423 inde

146 2438 302 2466 testimonia
315 2439 467 2473 saepissime
484 2438 611 2465 adhibuit
624 2447 630 2465 :
647 2444 674 2466 et
687 2439 720 2466 ad
734 2439 937 2469 confirmandas

146 2483 306 2512 traditiones
322 2492 377 2511 non
400 2485 517 2519 scriptas
531 2492 628 2512 omnes
645 2485 696 2513 has
708 2485 838 2521 epistolas
853 2486 937 2514 deﬂo-

146 2529 227 2556 ravit.
258 2528 322 2556 Haec
348 2529 459 2564 quidem
483 2530 533 2564 illi,
560 2530 695 2558 hactenus
717 2531 751 2558 de
774 2531 936 2559 auctoritate

145 2574 349 2610 lgnatianorum
362 2575 443 2609 plane
456 2575 546 2603 securi
559 2583 566 2602 ε
583 2583 672 2611 neque
684 2576 758 2603 enim
769 2583 935 2611 quemquam

144 2620 220 2653 novi,
234 2621 280 2655 qui
294 2627 327 2648 ea
343 2625 423 2649 aetate
441 2622 475 2650 de
497 2622 643 2650 duodecim
658 2623 812 2658 praesertim
826 2622 935 2658 Episto-

143 2667 177 2694 iis
189 2665 333 2694 dubitavit.

443 2734 559 2762 CAPUT
578 2735 624 2764 111.

144 2786 272 2826 Epistola
285 2792 389 2828 Ignatii
397 2794 512 2828 primum
524 2794 615 2822 Grtece
631 2795 719 2822 edite.
735 2794 880 2822 Doctorum
895 2796 933 2823 ui-

321 2836 412 2855 rorum
428 2831 503 2856 varia
518 2830 550 2857 de
561 2830 626 2865 ipsis
643 2830 754 2864 iudicia.

178 2883 267 2920 Atque
280 2884 337 2914 hac
349 2885 468 2915 breviter
479 2887 513 2916 de
527 2887 670 2916 hominum
683 2886 799 2923 judicio,
810 2888 931 2923 quandiu

1011 273 1152 309 sexaginta
1167 281 1254 300 annos
1268 294 1275 307 ,
1297 273 1423 302 Andreas
1443 274 1593 307 Gesnerus,
1619 274 1644 302 si
1667 274 1720 309 ipsi
1742 282 1806 302 cre»

1009 318 1129 346 dendum
1150 319 1198 351 sit,
1214 319 1346 355 epistolas
1362 319 1508 347 duodecim
1525 319 1630 353 Graece,
1653 319 1810 355 interprete

1009 363 1114 392 Joanne
1138 364 1291 397 Brunnero,
1312 365 1419 400 primus
1440 366 1565 393 omnium
1587 366 1685 400 edidit,
1706 375 1738 395 a.
1768 365 1805 393 Ι).

1008 411 1089 439 1559.
1113 411 1153 438 Ita
1174 412 1246 439 enim
1265 411 1292 438 in
1312 411 1477 440 Praefatione
1502 412 1644 446 loquitur:
1662 412 1807 448 lgnatium

1007 464 1067 484 vero
1085 465 1144 483 cum
1165 457 1211 484 ille
1232 456 1378 492 (Henricus
1395 456 1468 484 Petri
1483 457 1600 493 scilicet)
1622 457 1718 485 Latine
1740 463 1807 485 tan-

1008 507 1064 529 tum
1082 502 1203 534 ediderit,
1221 511 1266 538 ego
1283 502 1403 530 Gra'cum
1424 504 1559 538 exemplar
1580 512 1630 530 ms.
1654 509 1750 530 nactus
1768 511 1806 530 ea;

1006 549 1170 576 Bibliotheca
1186 549 1220 578 cl.
1249 559 1273 580 ν.
1297 550 1350 584 pite
1364 551 1497 577 memoria:
1512 550 1547 578 ι).
1561 550 1678 585 Gaspari
1689 559 1706 578 α
1721 550 1806 585 Nyd-

1007 595 1095 631 prgck,
1122 596 1273 623 existimavi
1298 605 1380 632 neque
1401 595 1518 624 Henrico
1543 596 1619 624 Petri
1646 590 1803 628 molestum,

1005 642 1132 669 studiosis
1148 646 1234 669 autem
1252 642 1381 678 plerisque
1391 647 1497 678 gratum
1510 642 1577 677 fore,
1587 644 1612 670 si
1622 651 1654 670 ea
1668 652 1727 678 aute
1735 646 1805 670 hac-

1007 692 1080 715 tenus
1097 687 1191 715 Latine
1216 693 1320 715 tantum
1333 689 1598 723 circumferebantur,
1609 689 1703 717 Graece
1717 689 1806 716 simul

1005 738 1030 759 et
1044 732 1138 760 Latine
1153 742 1169 760 a
1183 741 1224 760 me
1239 733 1350 768 fuissent
1368 734 1451 761 edita.
1467 734 1522 761 Sed
1539 735 1675 771 quidquid
1697 734 1806 762 dixerit

1005 778 1155 809 Gesncrus,
1177 783 1240 806 ante
1261 787 1323 806 eum
1348 778 1378 806 S.
1395 778 1530 814 lgnatium
1544 779 1637 807 Graece
1652 788 1684 807 ex
1700 780 1803 815 Augu-

1005 828 1091 851 stante
1104 823 1278 851 Bibliotheca:
1289 824 1438 859 exemplari
1448 824 1607 852 Valentinus
1615 825 1652 852 Pa
1658 833 1733 853 casus
1745 833 1803 860 pu-

1004 869 1180 901 blicaverat,-
1194 877 1222 897 a.
1244 867 1276 896 Ι).
1305 868 1385 901 1557,
1414 877 1496 904 quem
1520 871 1641 905 primum
1661 871 1687 897 in
1706 871 1803 898 lucem

1003 921 1050 941 eas
1064 915 1183 942 edidisse
1199 919 1316 941 testatur
1331 914 1482 949 Morellius,
1495 916 1543 951 qui
1555 917 1667 944 easdem
1682 916 1803 945 Parisiis

1003 958 1172 986 recudendas
1185 959 1292 986 curavit
1316 966 1345 986 τι.
1370 959 1401 987 D.
1418 959 1498 987 l558.
1514 959 1638 996 Eamque
1657 969 1673 988 a
1696 961 1800 989 Pacaeo

1002 1008 1175 1039 procuratum
1192 1004 1343 1039 principem
1355 1013 1416 1032 esse
1432 1005 1588 1033 Graecarum
1607 1006 1802 1042 Epistolarum

1001 1049 1159 1082 editionem,
1174 1049 1253 1077 ﬁdem
1272 1049 1374 1078 faciunt
1396 1050 1440 1077 illa
1453 1050 1676 1080 Centuriatorum
1688 1052 1803 1088 Magde-

1004 1093 1183 1129 burgensium
1208 1103 1214 1120 :
1239 1094 1289 1121 Est
1308 1099 1334 1122 et
1357 1095 1406 1122 hoc
1432 1096 1631 1131 adnotandum,
1654 1099 1725 1134 quod
1747 1100 1803 1127 hoc

1001 1149 1070 1168 anno
1086 1140 1154 1167 £558
1168 1139 1297 1175 Epistola
1315 1140 1419 1176 Ignatii
1438 1141 1529 1170 Grtece
1553 1144 1606 1171 sint
1621 1145 1762 1180 impressae
1772 1150 1803 1174 σε

999 1187 1139 1221 publicata
1151 1195 1209 1222 qua
1221 1187 1348 1214 hactenus
1359 1195 1406 1222 per
1417 1187 1519 1224 aliquot
1530 1190 1630 1217 secula
1644 1191 1799 1221 latuerunt.

1000 1233 1258 1267 Quare‘duodecim
1285 1234 1409 1268 epistolae
1433 1239 1497 1262 ante
1520 1243 1536 1262 a
1562 1235 1720 1271 Stapulensi
1747 1243 1802 1266 aut

999 1278 1161 1314 Champerio
1172 1278 1278 1312 Latine,
1291 1287 1385 1306 nunca
1396 1279 1502 1313 Pacato,
1514 1288 1548 1307 ex
1561 1281 1723 1317 Augustano
1737 1285 1801 1318 pri-

998 1333 1085 1358 mum,
1101 1325 1164 1353 dein
1177 1332 1193 1352 a
1208 1324 1330 1352 Gesnero
1345 1333 1360 1353 e
1374 1324 1588 1361 Nydprucciano
1603 1327 1699 1356 codice
1711 1329 1800 1357 editae

998 1376 1073 1399 sunt.

1031 1419 1101 1446 Cum
1125 1419 1183 1454 jam
1213 1420 1307 1449 Graeca
1336 1420 1504 1456 exemplaria
1530 1425 1681 1455 exstarent,
1707 1422 1797 1456 primi

996 1464 1120 1491 omnium
1147 1464 1355 1493 Centuriatores
1383 1464 1589 1501 Magdeburgici
1616 1466 1798 1502 suspiciones

995 1516 1071 1542 suas,
1088 1510 1136 1538 sed
1150 1516 1233 1538 caute
1249 1511 1316 1539 satis
1332 1510 1529 1546 moderateque
1552 1515 1723 1547 proponunt.
1742 1512 1798 1539 Le—

996 1556 1064 1582 ctori
1081 1561 1170 1583 autem
1186 1557 1230 1591 pio
1249 1562 1274 1584 et
1293 1562 1395 1585 attento
1417 1557 1640 1585 considerandum
1661 1558 1798 1593 relinqui-

995 1609 1065 1635 mus,
1079 1606 1206 1637 quantum
1216 1603 1250 1629 sit
1261 1603 1316 1631 illis
1333 1603 1462 1639 Epistolis
1477 1604 1658 1632 tribuendum.
1677 1603 1716 1632 Ita
1733 1606 1795 1633 illi:

994 1652 1023 1675 et
1035 1656 1098 1675 cum
1111 1653 1231 1683 quatuor
1242 1655 1402 1684 argumenta
1416 1650 1599 1678 adduxissent
1610 1658 1672 1685 quae
1689 1653 1797 1680 merito

994 1699 1135 1729 suspectas
1147 1689 1260 1722 reddere
1268 1695 1437 1730 viderentur,
1447 1696 1484 1723 De
1497 1697 1632 1729 doctrina,
1646 1698 1795 1732 inquiunt,

993 1740 1096 1776 Ignatii
1109 1741 1176 1768 nihil
1193 1742 1268 1769 aliud
1284 1742 1410 1770 habemus
1430 1743 1482 1770 nisi
1496 1743 1565 1778 quod
1583 1744 1640 1770 lucc
1655 1745 1713 1778 ejus
1732 1753 1796 1773 mo-

993 1790 1128 1819 numenta,
1148 1787 1173 1814 si
1192 1793 1279 1815 tamen
1299 1788 1357 1823 ejus
1375 1793 1447 1822 sunt,
1462 1790 1682 1824 complectuntur.
1701 1791 1797 1824 Quin—

992 1833 1076 1860 etiam
1099 1833 1192 1860 statim
1217 1834 1308 1869 gravis
1330 1835 1376 1862 illa
1397 1835 1511 1864 Joannis
1536 1836 1645 1865 Calvini
1668 1847 1793 1868 censura

992 1878 1105 1913 prodiit,
1125 1879 1173 1907 lib.
1196 1887 1216 1913 I,
1235 1887 1296 1915 cap.
1323 1881 1341 1908 5
1361 1881 1580 1914 Institutionum.
1601 1884 1660 1918 jam
1682 1890 1743 1913 tum
1762 1886 1793 1913 in

992 1924 1207 1952 commodiorem
1225 1925 1340 1954 formam
1362 1928 1545 1955 redactarum.
1562 1928 1702 1964 Ignatium
1715 1932 1793 1966 quod

993 1969 1147 2002 obtendunt,
1165 1970 1188 1996 si
1203 1970 1283 1997 velint
1296 1972 1441 2007 quidquam
1455 1972 1703 2007 habere-momenti,
1723 1984 1794 2010 pro-

991 2018 1051 2045 bent
1063 2020 1197 2053 apostolos
1209 2020 1290 2055 legem
1304 2021 1396 2049 tulisse
1409 2021 1441 2049 de
1463 2022 1689 2058 Quadragesima,
1707 2030 1734 2052 et
1750 2027 1794 2052 si-

991 2064 1098 2092 milibus
1115 2068 1291 2101 corruptelis;
1309 2068 1375 2094 nihil
1387 2070 1456 2095 enim
1469 2068 1564 2098 muniit
1578 2070 1645 2102 illis.
1661 2079 1723 2106 qua:
1738 2072 1791 2099 sub

990 2108 1093 2144 lgnatii
1107 2111 1211 2137 nomine
1226 2110 1303 2138 editae
1317 2117 1390 2144 sunt,
1406 2113 1537 2147 putidius.
1558 2114 1618 2146 Quo
1635 2115 1726 2142 minus
1747 2120 1792 2143 ιο-

990 2155 1107 2183 lerabilis
1123 2162 1161 2183 est
1176 2165 1268 2184 eorum
1282 2158 1447 2193 impudentia
1467 2161 1513 2195 qui
1527 2161 1628 2188 talibus
1647 2161 1732 2189 larvis
1752 2163 1791 2190 ad

991 2200 1137 2235 fallendum
1152 2210 1179 2229 se
1195 2203 1343 2232 instruunt.
1363 2203 1402 2231 lta
1420 2205 1465 2231 ille
1481 2212 1530 2239 pro
1547 2213 1625 2233 more
1642 2214 1696 2234 suo
1711 2208 1791 2235 acri-

992 2250 1032 2272 ter
1047 2246 1115 2273 satis
1126 2250 1155 2273 et
1173 2246 1308 2274 animose.
1328 2247 1385 2275 Nec
1401 2253 1488 2276 tamen
1508 2250 1619 2284 offendit
1641 2250 1792 2279 Calvinum

989 2290 1130 2326 Ignatius,
1152 2293 1198 2320 sed
1220 2293 1239 2320 ii
1260 2294 1306 2328 qui
1324 2293 1461 2330 Ignatium
1482 2303 1669 2331 corruperunt,
1696 2299 1792 2334 inquit

989 2337 1126 2367 Rivetus:
1149 2339 1223 2374 quod
1248 2345 1321 2368 recte
1340 2341 1375 2369 ab
1400 2349 1434 2370 eo
1452 2343 1628 2371 observatum
1647 2345 1734 2373 tradit
1760 2347 1790 2374 in

988 2384 1128 2413 academia
1144 2384 1296 2413 Genevensi
1310 2387 1451 2421 professor
1463 2388 1609 2424 Vedelius;
1624 2396 1652 2418 et
1664 2399 1710 2420 res
1724 2392 1789 2428 ipsa

988 2431 1056 2458 satis
1072 2431 1194 2465 indicat;
1213 2433 1402 2461 auctoritatem
1415 2435 1487 2462 enim
1503 2435 1600 2471 lgnatii
1614 2438 1713 2473 rejecit
1721 2439 1790 2467 Cal-

987 2476 1068 2503 vinus
1083 2477 1117 2504 ab
1129 2477 1342 2506 Antitrinitatiis
1362 2479 1512 2514 obiectam,
1528 2489 1562 2508 ex
1578 2481 1705 2517 Epistola
1723 2487 1790 2514 sine

986 2522 1071 2549 dubio
1086 2523 1120 2550 ad
1135 2523 1296 2556 Tarsenses,
1316 2532 1376 2559 quae
1393 2533 1444 2560 pro
1465 2527 1585 2561 genuina
1603 2536 1661 2556 non
1693 2538 1788 2566 agno-

986 2566 1084 2601 scitur,
1103 2572 1130 2595 et
1141 2567 1385 2603 Quadragesimam
1407 2571 1530 2606 aliasque
1549 2573 1719 2604 traditiones
1735 2577 1788 2604 ob-

983 2612 1056 2648 jicit,
1075 2621 1137 2649 quae
1152 2614 1179 2640 in
1196 2615 1364 2642 assumentis
1375 2619 1482 2644 tantum
1497 2618 1690 2647 inveniuntur.

1021 2658 1092 2686 Tum
1115 2660 1254 2688 Marianus
1283 2660 1423 2690 Victorius
1448 2663 1477 2690 in
1505 2663 1534 2691 S.
1552 2663 1784 2702 Hieronymum:

986 2705 1063 2733 Recte
1089 2706 1249 2742 [Ignatium]
1273 2709 1447 2742 apostolicum
1470 2715 1546 2737 uocat
1568 2711 1684 2745 virum;
1714 2715 1785 2742 vixit

984 2752 1054 2778 enim
1073 2753 1253 2787 apostolorum
1270 2758 1394 2789 tempore,
1414 2760 1439 2782 et
1459 2755 1574 2784 Joannis
1597 2757 1785 2794 Evangeliste

984 2797 1130 2832 discipulus
1155 2798 1223 2833 fuit,
1245 2799 1352 2834 scripsit
1379 2800 1481 2827 litteras
1502 2801 1538 2828 ad
1561 2805 1784 2834 sacratissimum

984 2843 1121 2878 virginem,
1132 2843 1337 2871 DeiGenitricem
1345 2845 1471 2878 Mariam,
1481 2851 1506 2873 et
1513 2848 1582 2875 alias
1591 2856 1781 2884 qutzexstaut.

983 2889 1023 2918 Ac
1036 2888 1128 2917 statim
1144 2889 1226 2917 etiam
1241 2897 1273 2918 ex
1286 2889 1399 2919 Lutlteri
1415 2892 1636 2930 schols_celebris
1653 2896 1782 2927 Theolo-
