1874 3070
23 147 51 180 ὦ

29 213 70 247 ειη,
81 202 224 232 Martinus
241 203 474 235 Chemnitius,
489 202 517 229 in
535 198 663 228 Examine
671 193 780 224 concilii
790 189 852 218 Tri~
866 189 890 219 Α

30 239 243 285 inanimarum
258 250 486 286 Epistolarum
499 245 659 276 testimoniis
671 248 742 276 stepe
754 239 849 270 utitur,

35 302 102 334 eisque
117 298 258 325 multum
278 283 415 324 tribuit.
437 294 563 330 Ignotius
576 299 646 322 vero,
659 287 757 323 inquit,
773 283 852 312 andi-

38 332 201 377 tr-Joarmis,
220 345 254 370 in
276 342 424 378 Epistola
450 341 485 368 ad
504 336 736 371 Philadelphenses
753 332 785 360 de
801 339 853 358 coe-

42 394 98 422 tilo'u
115 395 140 418 et
159 389 311 426 conjugio
328 396 415 416 more
433 393 545 423 prorsus
561 382 705 418 apostolico
724 378 850 414 loquitur.

45 440 61 466 Et
70 438 128 466 alibi
141 445 208 465 non
226 437 302 465 sine
329 443 466 464 censura
481 434 583 462 laudat.
601 430 701 468 Ignatii
719 426 852 463 Epistolas

44 485 151 514 (utilisse
170 492 233 511 non
259 487 387 510 tantum
411 481 531 514 Eusebii,
547 487 637 507 verum
658 477 737 504 etiam
760 474 854 501 Hiero-

45 532 94 568 nymi
110 537 254 566 tempore,
281 534 400 556 eertum
427 533 476 556 est.
498 526 633 554 Feruntur
654 531 722 550 nunc
739 520 853 548 Latine:

42 583 83 606 unt
98 578 184 606 editte
199 578 298 604 etiam
316 576 420 604 Greece
438 583 447 602 :
466 578 491 601 et
507 572 605 600 multas
619 569 712 597 habent
727 575 778 595 non
792 574 855 593 con-

40 624 184 652 temnendas
203 623 388 656 sententias,
407 619 555 658 prtesertim
570 618 639 645 sicut
656 614 746 643 erce
765 613 855 649 legun-

38 679 76 700 Itr.
104 672 249 699 Admista
281 677 383 698 tamen
407 673 468 697 sunt
491 672 516 695 et
540 667 596 694 alia
611 673 664 692 non
685 671 780 698 pauca,
797 668 856 696 quas

36 721 145 755 profecto
181 727 245 745 non
277 718 409 751 referunt
433 715 588 751 gravitatem
613 711 796 748 apostolicam.
823 707 857 734 Et

35 776 126 796 rursus
151 776 159 794 :
184 766 230 793 De
252 765 399 800 Epistolis
417 763 499 799 igitur
514 762 568 789 illis
591 759 693 796 Ignotii
707 765 766 794 quo:
788 763 857 783 nunc

33 815 78 850 (jus
107 813 201 840 titulo
233 813 388 847 feruntur,
413 809 507 836 merito
527 807 679 834 dubitamus
695 812 706 832 :
725 803 858 837 transfor-

33 866 106 888 matw
120 861 206 887 enim
223 858 364 886 videntur
384 857 411 883 in
428 855 519 882 multis
536 854 601 881 locis
619 852 654 880 ad
669 849 856 878 stabiliendum

32 912 131 934 natum
149 906 239 941 regni
256 903 400 940 pontiﬁcii
415 910 425 929 :
440 901 476 928 Et
495 900 623 928 divinitus
640 898 728 930 iudico
744 904 800 924 esse
811 895 855 930 fo-

33 958 112 984 rtuna,
137 951 224 987 quod
256 949 422 978 adulterina
447 947 569 983 quadam
587 949 739 974 assumenta
763 950 812 970 suo
831 949 858 969 se

33 999 136 1026 indicio
154 997 303 1032 prodant.
320 995 433 1024 Primus
448 994 533 1027 enim,
559 996 590 1020 ut
604 991 711 1027 opinor,
729 989 860 1018 observa-

34 1045 77 1077 nt,
103 1045 220 1072 locum
244 1051 283 1070 ex
313 1041 437 1077 Epistola
463 1040 498 1068 ad
529 1039 686 1074 Smyi'naaos
707 1036 820 1064 citatum
844 1042 860 1062 a

35 1092 243 1122 Theodoram,
265 1096 324 1117 nec
335 1089 365 1116 in
379 1087 482 1116 Graecis
493 1085 634 1114 codicibus
647 1091 696 1111 nec
712 1083 739 1110 in
756 1081 861 1110 Latinis

36 1138 175 1174 reperiri,
206 1134 352 1172 quamvis
367 1142 384 1162 a
415 1132 546 1161 Gulielmo
566 1130 729 1158 Widel'ordo
760 1128 862 1164 pariter

39 1185 145 1212 citatus
162 1183 227 1216 sit;
244 1188 276 1210 et
296 1183 362 1209 loca
383 1180 502 1216 plurima
520 1186 554 1206 ex
570 1176 736 1213 Apostolicis
759 1175 860 1204 consti-

41 1232 211 1260 tutionibus
230 1228 375 1264 Epistolis
389 1226 487 1262 lgnatii
501 1233 562 1253 esse
573 1228 677 1253 assuta.
691 1222 759 1251 Post
778 1229 861 1257 quem

41 1278 143 1306 Petrus
162 1275 326 1306 Canisius,
344 1272 387 1299 vir
407 1271 546 1302 eruditus,
570 1270 603 1297 ad
622 1267 862 1296 conﬁrmationem

43 1322 220 1352 catechismi
239 1318 410 1348 testimonio
430 1317 527 1354 lgnatii
548 1323 583 1344 ex
603 1314 688 1344 veteri
716 1314 864 1349 interprete

44 1369 229 1399 creberrime
251 1366 357 1394 utitur.

75 1415 317 1445 Centuriatorcs
337 1416 366 1440 et
386 1410 541 1443 Calvinum,
560 1408 634 1444 quod
656 1405 790 1443 lgnatium
809 1410 863 1433 tam

46 1463 124 1499 parvi
142 1462 327 1498 penderent.
346 1458 507 1494 perstringit
520 1464 574 1483 una
589 1454 723 1483 sententia
735 1451 865 1487 Campia-

47 1517 109 1540 nus.
132 1508 259 1535 ratione
274 1505 385 1540 quinta.
397 1503 595 1531 Centuriatores
610 1501 771 1528 vehementer
781 1498 864 1532 offen—

47 1556 82 1582 dit
101 1554 269 1590 Ignatius;
289 1550 402 1586 offendit
425 1554 451 1577 et
471 1548 622 1579 Calvinum,
639 1551 668 1574 ut
685 1547 713 1573 in
724 1545 780 1581 ejus
799 1543 865 1579 Epi-

48 1602 127 1629 stolis
146 1601 296 1635 deformes
309 1605 398 1625 navos
427 1601 453 1624 et
471 1595 579 1630 putidas
606 1594 708 1622 manias
729 1591 867 1619 hominum

50 1647 222 1684 quisquilia
234 1645 372 1672 notorint.
389 1642 514 1670 Defendit
528 1641 618 1669 statim
630 1639 773 1667 Calvinum
786 1637 868 1665 Whi-

52 1694 189 1725 takerus,
208 1691 290 1727 quod
312 1689 446 1725 lgnatium
473 1687 506 1714 ob
528 1685 660 1714 htereticis
686 1683 869 1712 introductum

53 1745 196 1775 tanquam
219 1736 354 1771 improba:
366 1739 391 1762 et
404 1734 567 1762 detestanda:
576 1731 713 1760 sententite
727 1735 869 1766 patronum

53 1784 215 1820 repulerit;
229 1783 294 1817 ipse
307 1781 443 1816 Epistolas
458 1781 577 1806 obscura:
586 1778 723 1812 dubiaeque
735 1776 798 1812 ﬁdei
810 1783 872 1803 esse

54 1836 151 1864 notat,
172 1829 252 1865 quod
266 1828 357 1863 plures
373 1827 481 1862 Ignotio
490 1833 557 1853 nunc
575 1824 756 1856 ascribantur,
770 1823 802 1850 de
812 1822 871 1858 qui-

55 1878 106 1904 bus
118 1877 266 1904 Eusebius
276 1879 303 1902 et
319 1874 498 1908 Hieronymus
509 1880 559 1899 non
569 1871 753 1904 meminerunt,
766 1875 790 1897 et
803 1868 873 1905 quod

57 1927 120 1962 ejus
139 1924 290 1960 quoddam
316 1922 415 1951 dictum
432 1921 524 1947 recitet
539 1919 719 1954 Hieronymus
749 1917 874 1951 aliudque

59 1971 274 2001 Theodoretlss,
291 1967 361 2003 quod
376 1968 405 1994 in
420 1967 481 1993 istis
492 1973 552 2001 qua:
569 1965 794 1998 circumferuntur
807 1962 876 1997 Epi-
891 1977 895 1980 -

60 2019 146 2046 stolis
162 2022 305 2050 nusquam
315 2013 456 2048 reperitur.
468 2010 503 2038 Et
516 2011 550 2038 de
557 2009 702 2046 posteriori
715 2011 877 2043 argumento

61 2072 77 2091 a
94 2063 210 2090 [tumo
222 2060 390 2088 sollicitatus
406 2067 413 2086 :
429 2057 472 2085 Es
484 2066 524 2091 eo,
542 2057 642 2092 inquit,
662 2055 764 2091 Ignatii
776 2054 878 2088 scripta

63 2118 174 2146 parum
185 2110 296 2143 integra
306 2114 442 2142 superesse
459 2108 573 2132 constat.
587 2104 627 2131 Ac
634 2111 699 2131 mox
713 2101 879 2130 Bellarmino

64 2154 254 2191 respondens
270 2174 278 2186 ,
304 2159 338 2179 es
352 2151 499 2180 duodecim
521 2149 620 2185 lgnatii
640 2148 764 2184 epistolis
787 2147 880 2175 Graece

65 2200 260 2229 exstantibus
274 2202 379 2234 septem
404 2201 510 2224 tantum
531 2199 698 2223 memoratas
719 2193 839 2221 Eusebio
854 2197 880 2220 et

67 2248 256 2283 Hieronymo
265 2243 470 2274 animadvertit.
481 2243 514 2270 de
526 2242 633 2278 quibus,
642 2241 741 2277 inquit,
749 2240 814 2276 quid
828 2244 882 2266 sto-

71 2299 208 2326 tssamus,
225 2300 290 2319 num
305 2292 359 2318 sint
377 2290 492 2325 Ignatii,
518 2298 553 2316 an
575 2289 686 2316 alterius
715 2288 880 2323 cujusquam,

70 2347 131 2366 non
149 2338 222 2365 satis
248 2341 373 2368 constat;
390 2339 495 2362 constat
510 2339 599 2361 autem
620 2334 733 2369 quinque
753 2341 808 2360 esse
825 2332 883 2359 sine

75 2385 168 2412 dubio
183 2383 293 2418 spurios
304 2387 329 2409 et
346 2381 524 2408 adulterinas.
544 2379 639 2409 Eidem
665 2379 818 2413 Campiano
840 2386 883 2405 re-

76 2433 228 2469 spondens
239 2430 406 2460 Laurentius
429 2427 606 2461 Huml‘redus,
630 2431 707 2456 notat
722 2425 884 2461 Mogdebur-

876 1542 900 1573 α

78 2487 178 2515 genus
211 2476 431 2505 moderatissima
457 2475 577 2502 oratione
599 2472 804 2508 prudentissime
825 2478 884 2497 mo-

79 2526 190 2557 nuisse,
206 2521 432 2557 hoberi'quwdom
446 2520 473 2547 in
484 2520 556 2546 hisce
565 2517 694 2554 Epistolis
704 2517 814 2553 Ignatii,
826 2524 885 2552 quae

81 2572 120 2598 ad
136 2570 270 2605 deformes
287 2576 375 2596 nrevos
393 2566 531 2594 declinare
552 2565 690 2597 uidentur;
715 2569 744 2592 et
763 2563 885 2599 qutedam

82 2617 236 2651 Obrepsisse
257 2616 288 2642 in
310 2613 415 2650 Ignatii
428 2612 537 2646 scriptis
551 2611 701 2639 adulterina
714 2619 766 2637 non
777 2609 886 2645 ferenda

84 2663 204 2696 asserit;
215 2670 275 2698 qua:
293 2660 418 2697 si.rejicit
432 2659 572 2691 Calvinus,
588 2666 641 2685 non
657 2658 749 2685 statim
759 2656 886 2684 dicendus

85 2714 128 2736 est
155 2713 202 2736 aut
220 2708 327 2743 iniquus
342 2713 439 2734 censor
455 2703 575 2739 Ignotii,
603 2708 651 2731 aut
678 2712 759 2738 opera
786 2703 888 2739 Ignalii

88 2755 182 2783 omnia
195 2760 323 2791 tanquam
338 2752 451 2788 putidas
466 2750 569 2777 menius
591 2749 752 2784 reprobare;
766 2748 888 2784 quando-

89 2802 196 2836 quidem
208 2810 240 2829 ea
255 2801 344 2829 solum
365 2806 428 2834 quin
440 2795 577 2830 culpanda
589 2800 650 2822 sunt
674 2795 703 2821 in
721 2795 889 2829 supposititio

93 2847 201 2883 Ignatio
214 2846 348 2882 pervellit.
363 2845 427 2880 Ipse
440 2846 534 2870 autem
546 2840 648 2876 aliquid
671 2839 801 2875 Epistolis
816 2847 888 2869 rese-

93 2900 179 2930 ctum,
192 2894 303 2931 aliquid
314 2896 446 2921 assutum
460 2895 524 2918 esse
541 2892 676 2916 autumat.

407 142 424 170 -1
431 165 439 171 .
463 136 648 169 PEARSONII
666 129 826 163 VINDICIE
851 127 1062 156 ιῦΝΛΤΙΑΝιΕ.
1074 143 1109 148 -
1128 126 1147 154 Ρ

596 136 648 165 »Νιι
666 129 826 163 VINDICUE
851 127 1062 156 ιῦΝΛΤΙΑΝιΕ.
1074 143 1109 148 -
1128 123 1336 154 ΡΒΟαΞΜΙυΜ.

1655 120 1690 149 54

939 188 1050 216 interim
1065 187 1230 215 reverendus
1252 183 1400 212 admodum
1421 178 1582 216 Wbitgiftus
1596 178 1623 205 in
1640 177 1691 204 Ec-

903 234 993 262 clesiae
1007 237 1112 261 nostra:
1127 231 1321 260 controversiis
1334 228 1438 264 lgnalio
1452 227 1568 254 multum
1588 225 1692 252 tribue-

904 280 965 313 bat;
979 286 1006 307 et
1021 278 1260 307 schismaticorum
1283 273 1443 310 coryphzcus
1468 272 1590 299 Thomas
1612 270 1691 297 Cart-

904 326 1039 361 wrigbtus
1058 325 1180 360 ejusdem
1200 322 1391 350 auctoritatem
1404 317 1570 354 defugiebat,
1591 321 1618 343 ct
1630 315 1692 342 Cal-

903 373 999 401 vinum
1018 371 1097 407 sequi
1112 370 1264 404 professus,
1276 368 1385 402 aliaque
1399 369 1560 401 argumenta
1577 371 1611 391 ex
1626 370 1691 398 pro-

904 420 964 456 prio
975 427 1046 454 penu
1062 417 1240 453 suppeditans
1261 414 1377 450 negabat
1398 416 1536 440 auctorem
1554 409 1692 444 Epistola-

905 455 967 493 rum
983 464 1069 492 fuisse
1082 464 1159 491 illum
1170 461 1359 497 apostolorum
1373 457 1557 493 discipulum;
1581 455 1653 491 quod
1665 459 1694 482 ct

905 512 965 547 ejus
977 517 1109 545 sequaces
1124 508 1223 540 fecere,
1239 506 1347 542 quoties
1360 504 1463 540 aliquid
1476 503 1543 538 ipsis
1555 502 1693 538 objectum

905 563 958 590 est,
975 557 1020 585 cui
1034 555 1201 591 respondere
1217 553 1296 581 aliter
1319 559 1373 579 non
1397 553 1561 586 potuerunt:
1585 547 1694 583 quoties

906 611 996 635 autem
1009 605 1043 633 ad
1052 602 1251 640 presbyterium
1261 599 1476 629 conﬁrmandum
1491 594 1594 631 aliquid
1606 594 1696 622 facere

906 652 1060 683 videbatur,
1076 650 1136 685 ejus
1159 647 1322 676 auctoritate
1343 645 1458 672 libenter
1484 642 1697 677 frequenterque

907 698 1064 727 utebantur.
1090 696 1128 724 De
1150 694 1251 730 quibus
1263 692 1380 728 graviter
1406 689 1582 724 conqueritur
1603 687 1694 714 Lous:

909 747 1045 783 Epistolas
1059 743 1305 777 tuas,sanctissime
1322 739 1414 775 Ignoti
1427 759 1434 771 ,
1456 736 1621 764 adulterinas
1642 741 1697 761 esse

909 780 1082 822 contendunt.
1097 791 1130 818 In
1155 790 1182 817 id
1197 789 1267 816 enim
1287 785 1457 822 impudentia:
1476 782 1660 810 diverticulum
1673 780 1697 807 si

910 850 961 869 non
976 849 1003 867 se
1018 838 1172 874 receperint,
1188 835 1341 864 adulterata
1356 833 1459 868 penitus
1483 835 1509 857 et
1536 827 1698 863 turpissimis

909 886 1033 915 sordibus
1046 892 1155 920 aspersa
1172 888 1264 909 eorum
1278 879 1402 906 doctrina
1423 876 1569 903 habeatur:
1591 878 1619 900 et
1637 880 1700 908 gra-

908 935 1039 964 vissimus
1054 930 1341 968 prudentissimusque
1358 922 1532 956 Bancrol‘tus,
1547 921 1587 948 Ad
1601 927 1700 948 morem

911 967 1101 1011 Geneuensium
1113 977 1238 1013 Ignotius
1252 974 1326 1009 loqui
1343 973 1417 999 debet
1430 978 1439 1002 ;
1453 974 1498 996 aut
1510 968 1533 996 si
1549 967 1608 1003 plus
1620 973 1702 1001 quam

911 1031 991 1059 oelint
1004 1036 1100 1064 urgeas
1114 1047 1122 1059 ,
1140 1022 1319 1061 pauperculus
1339 1019 1465 1054 antiquus
1480 1016 1564 1043 Pater
1576 1015 1625 1042 iste
1638 1018 1699 1040 tan-

911 1084 991 1114 quam
1004 1063 1115 1111 ﬁetitius
1129 1076 1154 1100 et
1164 1071 1241 1098 homo
1254 1074 1337 1096 vanus
1348 1065 1410 1101 jure
1421 1063 1550 1099 rejicilur.

948 1106 1018 1151 Tum
1033 1128 1099 1149 vero
1117 1113 1329 1147 eminentissimi
1354 1111 1410 1140 duo
1428 1109 1599 1141 cardinales,
1615 1106 1700 1134 Baro-

913 1171 976 1199 nius
988 1173 1069 1204 atque
1092 1165 1284 1197 Bcllarminus,
1309 1162 1347 1190 ita
1370 1159 1539 1196 judicabant.
1567 1153 1702 1182 Batonius

913 1221 993 1246 caute
1012 1214 1131 1250 primum
1141 1211 1286 1247 distinguit
1298 1210 1369 1237 inter
1385 1206 1514 1242 epistolas
1531 1203 1628 1231 Latine
1642 1205 1703 1229 tsn-.

914 1269 971 1292 tum
983 1249 1133 1293 existentes,
1148 1263 1176 1287 et
1189 1265 1237 1286 cas
1247 1264 1308 1292 qua:
1319 1255 1413 1284 Gratce
1425 1253 1508 1280 etiam
1521 1249 1681 1285 prodierant
1693 1255 1702 1280 ;

914 1310 1021 1345 priores
1036 1307 1139 1335 nullius
1157 1302 1331 1332 auctoritatis
1343 1308 1404 1329 esse
1413 1299 1522 1331 innuit;
1539 1294 1706 1331 posteriores

915 1342 1012 1385 omnes
1026 1354 1104 1382 avido
1127 1351 1319 1387 amplectitur,
1342 1348 1517 1380 incorruptas
1531 1347 1559 1372 et
1584 1342 1706 1376 integras

915 1410 976 1432 esse
990 1399 1161 1437 pronuntiat,
1172 1385 1276 1432 easque
1292 1394 1369 1422 miris
1384 1392 1462 1420 eﬂ‘ert
1481 1389 1621 1418 laudibus.
1644 1385 1707 1414 Non

916 1433 1107 1482 enim-septem
1123 1448 1229 1472 tantum
1241 1440 1360 1469 Eusebio
1368 1438 1505 1474 cognitas,
1523 1435 1571 1464 sed
1581 1438 1609 1462 et
1623 1433 1707 1468 quin-

917 1503 971 1532 que
983 1479 1105 1529 reliquas
1128 1490 1230 1527 Ignatii
1244 1496 1298 1516 esse
1311 1492 1462 1523 germanas,
1483 1482 1640 1515 easdemque
1651 1479 1708 1506 sin-

916 1524 1077 1571 cerissimos,
1087 1524 1161 1565 nemo
1168 1536 1240 1571 jure,
1253 1534 1351 1569 inquit,
1361 1530 1457 1566 poterit
1469 1524 1600 1556 dubitare.
1611 1525 1710 1553 Bellarb

918 1589 1011 1617 minus
1021 1584 1214 1614 notatLatinas
1222 1587 1288 1613 tres,
1298 1579 1456 1616 gravitatem
1463 1574 1560 1610 eloquii
1568 1572 1597 1601 S.
1607 1571 1709 1607 Ignalii

919 1635 1025 1664 omnino
1039 1641 1092 1660 non
1107 1629 1222 1658 redolere
1235 1637 1244 1661 ;
1268 1627 1391 1663 quinque
1415 1621 1535 1651 Eusebio
1555 1619 1710 1654 incognitas

920 1682 951 1708 ob
963 1680 1025 1716 styli
1033 1677 1237 1706 similitudinem
1248 1679 1273 1702 et
1285 1673 1411 1709 spiritum
1423 1677 1480 1698 vere
1490 1665 1676 1703 apostolicum,
1693 1672 1712 1691 a

920 1727 984 1755 viris
995 1725 1080 1753 doctis
1092 1723 1199 1751 omnino
1214 1720 1311 1755 recipi;
1327 1726 1380 1745 non
1404 1723 1459 1744 esse
1484 1718 1608 1748 magnam
1631 1710 1712 1745 ﬁdem

921 1772 1069 1800 habendam
1080 1769 1214 1797 codicibus
1224 1765 1336 1799 Graecis,
1343 1764 1389 1800 qui
1399 1769 1468 1790 nunc
1478 1763 1594 1791 exstant,
1605 1755 1712 1793 quando

923 1820 1100 1853 discrepanta
1117 1814 1321 1846 Latinis;swpe
1331 1810 1402 1837 enim
1423 1806 1615 1835 emendations
1641 1804 1714 1831 im

925 1865 977 1893 niri
991 1863 1093 1891 codices
1107 1861 1216 1888 Latinos
1229 1866 1308 1894 quam
1324 1856 1445 1887 Graecos;
1463 1852 1532 1888 quod
1556 1857 1657 1882 verum,
1671 1848 1714 1876 in-

924 1911 994 1947 quit,
1011 1917 1066 1937 esse
1080 1906 1220 1942 intelliget,
1236 1904 1282 1940 qui
1305 1902 1420 1937 conferet
1436 1897 1588 1927 testimonia
1610 1902 1670 1931 qua:
1682 1901 1715 1922 ω

926 1943 1033 1992 lgnatio
1046 1954 1130 1981 citant
1145 1951 1174 1980 S.
1199 1949 1362 1978 Athanasius
1385 1951 1410 1974 ct
1438 1943 1615 1972 Theodoretus
1627 1961 1635 1973 ,
1654 1948 1716 1968 cum

927 1987 1012 2030 verbis
1031 1999 1150 2035 ejusdem
1165 1996 1278 2032 lgnatii,
1294 2002 1352 2030 qua:
1367 1999 1435 2020 nunc
1460 1990 1585 2018 habemus
1601 1988 1629 2015 in
1643 1987 1717 2015 codi-

928 2048 1001 2076 cibus
1015 2046 1119 2074 Lotinis
1134 2049 1158 2071 et
1171 2042 1281 2071 ercis.

966 2095 1005 2122 De
1015 2092 1136 2129 Epistola
1152 2091 1186 2118 ad
1197 2089 1347 2117 Tarsenses
1367 2086 1457 2121 primo
1471 2083 1578 2112 dubitat
1599 2079 1719 2108 Faustus

932 2127 1064 2173 Socinus,
1079 2139 1122 2167 his
1130 2137 1233 2170 verbis,
1245 2133 1426 2170 responsione
1437 2131 1472 2159 ad
1481 2129 1620 2157 Wiekum:
1635 2127 1720 2161 Atque

932 2189 980 2216 hoc
994 2172 1059 2223 ipso
1067 2188 1221 2221 argumento
1233 2182 1267 2210 od
1279 2182 1327 2208 hoc
1340 2181 1427 2215 ipsum
1441 2176 1607 2213 probandum
1619 2172 1721 2200 videtur

933 2235 973 2262 uti
989 2219 1123 2269 I'gnatius,
1137 2235 1183 2258 aut
1198 2229 1316 2266 quisquis
1338 2227 1388 2261 fuit
1401 2229 1495 2252 auctor
1513 2222 1587 2249 illius
1602 2219 1723 2254 epistola
1763 2244 1766 2247 ,

932 2286 992 2315 qua:
1003 2265 1049 2304 iub
1065 2277 1122 2312 ejus
1134 2275 1238 2303 nomine
1263 2273 1298 2300 ad
1326 2271 1466 2298 Tarsenses
1494 2265 1672 2294 inscribitur:
1695 2268 1724 2291 et
1767 2270 1770 2272 '

933 2325 1096 2355 sententiam
1110 2330 1189 2352 suam
1207 2320 1318 2349 liberius
1331 2319 1365 2346 de
1381 2316 1508 2345 omnibus
1520 2313 1623 2349 profert
1634 2311 1724 2339 anim-

934 2372 1096 2402 adversione
1123 2370 1156 2398 ad
1183 2367 1362 2397 assertiOnem
1391 2362 1536 2398 septimam
1565 2359 1725 2387 Posnanen-

935 2421 1017 2449 sium.
1033 2417 1133 2454 Ignalii
1147 2416 1247 2450 scripto
1265 2413 1363 2449 partim
1377 2409 1540 2440 adulterina,
1563 2406 1663 2443 partim
1675 2405 1725 2431 ad-

935 2452 1181 2499 modumrcorrnpta
1192 2467 1217 2490 et
1230 2459 1423 2489 odditamentis
1435 2455 1594 2493 quibusdam
1610 2452 1727 2488 coinqui-

937 2519 1016 2546 nata;
1034 2512 1100 2539 adeo
1111 2516 1139 2538 ut
1151 2516 1242 2537 eorum
1256 2514 1357 2543 quoque
1365 2505 1392 2531 in
1403 2504 1467 2538 ipsis
1484 2502 1531 2537 fiat
1547 2499 1654 2533 mentio,
1667 2506 1726 2533 qua;

937 2567 989 2585 non
1007 2544 1066 2584 nisi
1082 2559 1140 2591 post
1158 2554 1260 2589 aliquot
1287 2550 1385 2579 sarculo
1411 2549 1583 2577 exstiterunt.
1608 2544 1642 2572 Et
1665 2544 1728 2571 licet

937 2604 1065 2632 Latinum
1077 2601 1174 2638 lgnatii
1185 2599 1325 2634 exemplar
1337 2594 1528 2626 tantummodo
1543 2597 1609 2620 tunc
1623 2595 1729 2625 tempo-

937 2651 976 2680 ris
990 2649 1114 2680 vidisset.
1129 2652 1158 2675 et
1171 2647 1314 2674 missarum
1335 2651 1401 2672 voce
1413 2640 1602 2670 odensus-ista
1625 2637 1729 2665 scribe-

938 2702 995 2731 ret;
1011 2700 1110 2724 nactus
1139 2698 1229 2722 tamen
1248 2697 1341 2727 postea
1369 2690 1493 2718 Graecum
1517 2686 1650 2717 codicem,
1682 2682 1730 2709 ubi

939 2752 1001 2772 eum
1017 2743 1108 2770 locum
1121 2740 1200 2768 aliter
1212 2747 1241 2766 se
1254 2738 1354 2765 habere
1364 2735 1478 2767 invenit,
1496 2731 1657 2761 sententiam
1675 2735 1729 2756 non

940 2790 1068 2819 mutaVit.
1090 2787 1152 2815 Non
1169 2786 1264 2813 desunt
1280 2790 1378 2816 tamen,
1394 2782 1494 2816 inquit,
1515 2780 1544 2806 in
1565 2779 1621 2812 ipso
1640 2776 1731 2803 Cnseo

941 2835 1085 2871 exemplari
1097 2833 1232 2868 quaedam,
1250 2838 1308 2866 qute
1332 2837 1384 2856 non
1413 2835 1474 2855 cum
1499 2824 1602 2861 Ignotii
1623 2821 1731 2854 steculo,

939 2884 984 2913 sed
1014 2870 1072 2911 eam
1090 2878 1288 2909 succedentibus
1314 2875 1485 2907 conueniant,
1509 2877 1535 2901 et
1566 2871 1674 2899 tandem
1701 2870 1729 2896 in
