1874 3070
201 149 237 178 55
734 145 762 173 S.
782 142 921 172 lGNA'l'll]
926 143 954 170 S.
975 157 988 162 -

1073 141 1281 170 οιι-ιοωιΕΝΑ
1787 139 1829 167 ὥ

201 208 275 235 hunc
302 205 413 234 modum
430 203 585 232 concludit:
604 202 685 235 Fuit,
701 202 839 234 nimirum,
856 201 923 228 liber
938 201 988 227 iste
1001 200 1025 228 A
1037 199 1143 226 litteras
1155 198 1326 233 conscripsit.
1346 196 1474 232 Epistolas
1498 196 1580 232 igitur
1594 195 1752 232 lgnatianzc,
1775 197 1831 232 ju-

201 251 385 288 Epistolarum
397 249 503 286 lgnatii,
513 248 722 285 quandocunque
736 248 766 275 id
781 247 882 282 factum
897 246 987 281 fuerit,

201 301 233 327 ab
247 300 280 327 iis
294 299 394 334 partim
412 298 585 333 deprauatus,
599 297 698 332 partim
714 297 797 323 etiam
815 294 988 322 consarcina-

201 351 255 375 tus.
276 346 321 380 qui
341 345 508 380 tyrannidem
521 343 713 378 episcoporum,
725 349 777 369 non
798 342 826 368 in
841 340 990 367 Ecclesium
1007 358 1011 362 .

202 396 318 422 tantum.
330 391 374 419 sed
384 392 412 418 in
424 390 611 425 rempublicam
627 396 739 424 quoque,
754 392 847 415 contra
861 394 936 414 omne
941 386 988 421 jus

203 437 306 473 fasque,
319 437 621 473 invectamyehementer
631 434 781 470 probabant
794 453 803 467 ,
826 441 859 460 ac
869 432 990 459 stabilire

203 484 334 512 uolebant.
349 483 388 513 lta
404 484 449 511 ille
472 484 500 512 iu
512 482 674 511 defensione
687 481 789 517 prioris
813 480 988 508 animadver-

202 530 299 558 slonis.

239 576 324 605 Paulo
349 581 411 612 post
439 575 597 611 Rodolphus
622 575 809 610 Hospinianus
839 574 989 610 Tigurinus

204 623 334 652 Historia:
343 623 560 651 sacramentarits
572 623 591 650 l.
601 631 631 655 ll,
640 631 666 650 c.
679 623 706 655 l,
715 621 849 657 lgnatium
863 626 990 650 nostrum

203 675 332 706 tanquam
344 674 441 698 testem
455 669 702 705 locupletissimum
720 668 823 696 laudat.
850 666 917 695 Cum
931 671 990 702 post

202 715 382 750 apostolorum
400 720 517 751 tempora
530 715 646 743 heretici
665 714 803 742 turmatim
814 717 988 748 erumperent,

201 766 227 789 et
239 761 347 788 sincera
354 760 535 795 apostolorum
548 760 679 787 doctrina
700 758 866 793 impudenter
881 762 989 784 contra-

201 807 328 844 dicerent,
344 805 477 842 Ignatius,
486 813 556 832 unus
563 813 596 832 ea:
607 803 765 836 senioribus,
777 811 837 831 eum
848 802 990 830 Antiochia

201 851 313 878 Romam
328 851 447 886 captivus
459 852 617 882 traheretur,
636 849 726 877 bestiis
737 848 911 883 objiciendus,
924 847 990 882 ﬁde-

201 896 236 922 lis
252 903 284 922 ac
295 895 404 923 solliciti
413 896 528 930 pastoris
542 895 630 929 ofﬁcio
643 895 765 931 (angens,
777 893 903 920 initinere
915 892 988 920 mul-

202 945 243 967 tas
253 939 387 968 Ecclesias
402 945 458 968 tam
469 941 526 968 uisa
536 948 607 972 uoce,
621 948 702 976 quam
714 940 833 975 epistolis
843 939 988 974 conﬁrma-

201 987 255 1019 vit;
270 986 460 1022 admonuitque
472 991 502 1014 ut
512 986 544 1014 ab
554 987 686 1014 hereticis
695 991 720 1014 et
732 986 904 1014 clandestinis
913 985 991 1013 sedu-

201 1033 320 1060 otoribus
338 1037 477 1066 cauerent;
491 1033 538 1067 qui
561 1032 642 1065 clam,
658 1032 751 1060 insciis
775 1033 915 1067 episcopis,
933 1039 990 1059 sese

200 1078 377 1111 insinuantes,
390 1078 536 1112 simplicem
546 1077 710 1112 plebeculam
720 1076 888 1110 seduecbant,
900 1081 925 1103 et
936 1076 991 1111 pri-

201 1128 263 1151 uata
291 1124 419 1159 cogebant
443 1123 636 1152 conuenticula.
669 1122 747 1150 Inter
775 1127 871 1150 cetera
898 1127 989 1149 autem

201 1169 372 1206 Smyrnenses
387 1177 490 1205 quoque
508 1169 677 1198 adhortatus.
703 1168 765 1196 Non
791 1168 866 1202 licet,
890 1168 988 1203 inquit,

200 1215 261 1242 sine
272 1215 413 1250 episcopo,
428 1222 518 1250 neque
533 1214 642 1249 otl‘erre,
656 1222 744 1249 neque
758 1214 923 1242 sacriﬁcium
936 1213 990 1241 im-

201 1260 325 1294 molare,
353 1267 442 1295 neque
468 1260 579 1296 aliquod
599 1260 674 1288 aliud
700 1260 839 1295 publicum
867 1259 987 1288 cilicium

201 1306 288 1334 obire.
307 1306 341 1334 Et
354 1307 382 1334 in
399 1307 523 1343 Epistola
550 1307 586 1335 ad
612 1306 765 1336 Trallianos
792 1307 859 1335 dicit
885 1307 988 1342 inﬁdeli

201 1353 357 1381 deteriorem
370 1361 436 1387 esse,
448 1354 494 1389 qui
506 1354 604 1381 audeat
620 1354 723 1390 aliquid
735 1354 808 1381 circa
821 1354 917 1382 altaris
933 1354 987 1382 mi-

202 1399 340 1426 nisterium
354 1399 453 1435 facere,
468 1401 520 1428 nisi
529 1402 675 1436 episcopus,
687 1405 734 1428 aut
746 1400 881 1435 presbyter
896 1400 986 1436 fuerit.

201 1443 235 1471 Et
245 1444 327 1480 paulo
337 1449 398 1480 post
415 1445 504 1473 locum
521 1447 556 1474 de
570 1446 670 1481 poculo
682 1445 865 1474 eueharistico
877 1445 989 1473 univer-

201 1490 240 1518 sis
253 1490 402 1520 distributo
415 1499 448 1520 ex
462 1491 583 1527 Epistola
595 1492 629 1519 ad
644 1491 886 1527 Philadelpheuses
901 1491 988 1520 addu-

199 1541 274 1565 ctum
300 1538 417 1572 appellat
443 1544 564 1573 apertum
588 1539 769 1566 testimonium
796 1538 913 1573 Ignatii,
941 1538 987 1573 qui

199 1580 314 1610 Ioannis
330 1582 507 1619 Euangelislc
525 1583 672 1618 discipulus
686 1584 749 1618 fuit.

235 1627 392 1657 Perkinsius
404 1634 495 1657 autent
510 1634 620 1658 nostras
631 1630 822 1658 Whitakerum
836 1630 944 1658 interim
959 1631 988 1658 ln

200 1674 274 1702 hunc
288 1675 400 1701 modum
424 1675 570 1709 sequitur:
596 1674 726 1702 Eusebius
749 1683 808 1703 cum
828 1675 989 1710 Hieronymo

199 1724 296 1754 septem
309 1719 410 1755 [gnatii
421 1729 469 1754 pro
483 1721 550 1748 ueris
564 1721 711 1748 numeravit
724 1721 868 1755 epistolas:
884 1728 988 1749 atnunc

200 1768 247 1794 sub
258 1766 332 1793 illius
341 1767 446 1794 nomine
464 1767 596 1794 habentur
611 1767 762 1802 duodecim,
781 1776 895 1803 quarunt
911 1769 990 1804 quiu-

199 1819 248 1846 que
275 1813 374 1846 spurite
404 1818 476 1839 sunt.
492 1811 585 1839 Etiam
600 1812 724 1847 Epistolis
741 1814 775 1840 ad
799 1813 925 1848 Ephesios
941 1818 989 1841 aut

199 1858 293 1891 spuria
312 1862 361 1890 est,
381 1863 428 1885 aut
442 1858 535 1885 saltem
551 1863 693 1893 corrupta;
709 1860 774 1895 quia
787 1859 861 1886 locus
876 1868 893 1886 a
906 1859 988 1887 Theo-

199 1903 290 1930 doreto
302 1907 328 1930 et
340 1902 446 1931 Gelasio
465 1912 497 1931 ea:
510 1904 558 1931 illa
572 1904 671 1932 citatus
687 1905 715 1932 in
740 1905 837 1933 nostris
851 1906 987 1941 exempla-

199 1948 273 1975 ribus
288 1956 338 1976 non
352 1949 493 1977 invenitur.

236 1994 357 2024 Thomas
367 1995 495 2024 Bilsonus
513 2000 633 2028 nostras,
646 1996 689 2024 vir
702 1997 795 2032 magni
818 1997 846 2025 in
865 1997 987 2026 Ecclesia

201 2041 330 2073 nominis,
344 2041 378 2069 de
388 2046 519 2076 perpetua
541 2042 739 2077 gubernatione
760 2041 890 2071 Ecclesia
915 2044 986 2071 scri-

199 2085 255 2120 psit
271 2085 332 2114 l‘use
358 2090 439 2121 atque
454 2087 577 2121 erudite;
591 2087 621 2114 S.
642 2086 777 2123 lgnatium
801 2092 892 2116 autem
908 2089 935 2116 in
952 2097 986 2117 eo

199 2138 283 2165 opere
297 2135 328 2159 ut
341 2131 526 2160 indubitatum
550 2137 691 2160 auctorem
707 2133 865 2168 t‘requenter
880 2135 984 2169 laudat,

199 2181 227 2204 et
247 2175 314 2203 dum
341 2176 369 2203 in
391 2177 461 2204 vivis
483 2181 567 2210 esset,
591 2184 639 2206 cas
655 2178 729 2212 ipsas
748 2178 888 2213 epistolas,
915 2186 985 2213 quas

1039 245 1100 272 dice
1113 243 1235 276 Bilsono,
1256 247 1284 270 et
1295 243 1354 278 ipso
1366 243 1439 274 vivo,
1454 246 1481 269 et
1495 242 1529 269 ab
1544 242 1602 276 ipso
1615 246 1679 270 sunt
1699 242 1833 269 conscri—

1039 295 1102 325 ptae.
1115 289 1168 323 Qui
1181 289 1305 324 ejusdem
1325 288 1416 323 operis
1431 287 1521 322 capite
1536 288 1569 314 M
1592 295 1687 314 earum
1702 287 1832 321 antiqui-

1041 340 1122 363 tatem
1132 335 1234 362 diserte
1247 334 1363 362 asserit:
1377 341 1440 361 eum
1453 333 1526 361 enim
1541 332 1751 365 Tcrtullianum,
1771 333 1833 368 Cy-

1039 382 1164 418 prianum
1179 386 1206 408 et
1216 380 1412 415 Hieronymum
1425 380 1595 408 nominasset
1611 389 1618 407 :
1632 378 1662 407 Si
1671 380 1709 412 hi,
1721 379 1830 414 inquit.

1039 427 1106 454 satis
1124 427 1228 462 antiqui
1248 426 1286 453 uel
1302 426 1399 453 sinceri
1414 426 1485 452 vobis
1506 430 1582 452 testes
1602 434 1653 452 non
1672 425 1833 457 uideantur,

1040 472 1132 501 audite
1147 473 1210 508 quid
1227 472 1364 508 Ignatius,
1386 472 1535 499 Antiochia:
1545 471 1691 506 episcopus,
1719 470 1834 497 Joanne

1040 519 1160 555 apostolo
1174 519 1318 546 etiamdum
1332 518 1362 546 in
1372 518 1428 545 vita
1443 523 1575 551 manente,
1586 516 1693 552 ejusque
1706 517 1837 551 discipu—

1039 566 1093 599 lus,
1104 571 1162 601 post
1178 573 1256 602 quem
1264 569 1323 592 octo
1330 565 1385 600 fere
1399 564 1477 592 annis
1488 565 1618 599 martyrio
1640 564 1750 598 affectus
1776 569 1834 594 est.

1040 613 1076 639 ad
1085 612 1204 639 diversas
1214 611 1348 639 Eeclesias
1356 610 1386 638 de
1393 611 1575 646 episcoporum
1585 610 1745 637 auctoritate
1757 609 1836 636 scri-

1041 658 1095 686 bat.
1122 658 1160 686 lta
1172 657 1301 685 Bilsonus
1317 657 1386 685 locis
1408 656 1617 692 quamplurimis
1633 655 1663 684 S.
1677 655 1834 691 lgnatium.

1042 708 1072 731 ut
1085 703 1307 738 antiquissimum
1318 707 1346 730 et
1360 702 1576 730 sincerissimum
1592 706 1688 729 testem
1702 701 1835 728 adducit.

1075 748 1248 776 Abrahamus
1259 747 1406 782 Scultetus,
1430 747 1458 775 in
1484 747 1602 774 Medulla
1617 747 1742 781 Putrunt,
1760 755 1836 782 pro-

1040 795 1138 831 positis
1149 801 1184 822 ει
1199 798 1314 829 utraque
1325 798 1400 828 parte
1419 793 1573 821 rationibus
1584 813 1593 827 ,
1619 797 1647 821 et
1668 800 1765 821 eorum
1781 793 1835 828 qui

1041 841 1145 877 lguatio
1164 839 1214 867 has
1235 839 1368 875 epistolas
1382 839 1547 872 tribuebant,
1562 843 1590 866 et
1605 846 1701 866 eorum
1727 839 1775 874 qui
1794 847 1836 866 an

1041 892 1112 916 recte
1123 887 1150 915 ei
1162 887 1346 915 tribuerentur
1356 886 1529 919 dubitabant,
1539 885 1647 913 tandem
1657 885 1693 912 ita
1706 893 1836 920 pronun-

1041 934 1090 962 tiat
1105 943 1112 961 :
1129 933 1283 961 Rationiltus
1296 941 1324 959 us
1336 939 1439 959 omnem
1454 936 1555 966 partem
1570 931 1649 966 probe
1671 931 1836 967 diligenter-

1040 988 1089 1015 que
1102 980 1236 1011 mustis,
1248 979 1276 1006 in
1291 979 1397 1006 tertiam
1407 977 1528 1004 nonnulli
1542 981 1705 1004 secesserunt
1723 983 1835 1004 senten-

1041 1029 1127 1061 tiam,
1153 1032 1353 1062 statueruntque
1381 1035 1437 1054 esse
1462 1026 1567 1062 quidem
1591 1026 1719 1060 epistolas
1747 1027 1836 1053 hasce

1041 1072 1153 1109 lgnatii,
1171 1073 1218 1100 sed
1240 1072 1420 1104 adulteratas,
1434 1071 1478 1098 sed
1502 1071 1687 1106 interpellatus.
1705 1070 1833 1104 Quorum

1039 1119 1068 1146 in
1076 1119 1180 1154 judicio
1191 1124 1216 1146 et
1229 1127 1275 1146 nos
1286 1118 1488 1153 acquiescimus.

1074 1164 1241 1193 Possevinus
1264 1168 1356 1192 autem
1369 1163 1512 1192 adlmrens
1529 1162 1646 1191 Baronio
1664 1170 1672 1189 :
1687 1161 1761 1190 Licet
1797 1161 1830 1190 S.

1040 1210 1230 1246 Hieronymus,
1247 1210 1348 1245 inquit,
1359 1214 1464 1236 tantum
1488 1209 1636 1236 meminerit
1653 1213 1751 1243 septem
1771 1209 1833 1243 epi-

1038 1256 1180 1289 stolarum,
1195 1255 1335 1282 duodecim
1351 1258 1439 1281 tamen
1460 1253 1532 1280 haud
1552 1253 1640 1280 dubia:
1666 1253 1729 1288 ﬁdei
1745 1253 1831 1279 habe-

1039 1310 1108 1330 mus.
1119 1301 1186 1334 Qute
1199 1309 1260 1329 vero
1273 1305 1325 1328 tres
1337 1300 1399 1328 alia:
1410 1300 1543 1335 feruntur,
1553 1299 1604 1326 etsi
1615 1306 1665 1325 non
1677 1303 1734 1325 tam
1748 1303 1833 1325 certe

1039 1349 1102 1384 ﬁdei
1117 1352 1190 1381 sunt,
1203 1347 1320 1374 citantur
1329 1345 1417 1373 tamen
1428 1354 1445 1372 a
1458 1344 1488 1373 S.
1498 1344 1652 1378 Bernardo;
1664 1352 1710 1371 nec
1720 1344 1831 1378 defuere

1038 1399 1097 1429 post
1112 1393 1190 1421 illum
1203 1393 1255 1420 viri
1271 1392 1353 1425 docti,
1365 1391 1412 1427 qui
1440 1392 1560 1427 ipsarum
1583 1390 1770 1417 meminerunt.
1796 1389 1831 1415 Et

1038 1439 1159 1468 Jacobus
1173 1439 1318 1467 Gretserus
1333 1438 1428 1466 eadem
1451 1444 1544 1473 presse
1569 1436 1693 1471 sequitur
1711 1434 1830 1469 vestigia

1038 1486 1073 1514 de
1082 1485 1227 1514 duodecim
1249 1485 1373 1520 epistolis
1397 1483 1540 1519 genuinis;
1555 1489 1672 1517 quarum
1688 1479 1831 1508 Vindicius

1038 1531 1073 1559 ab
1100 1531 1195 1559 eodem
1223 1530 1339 1566 scriptas
1350 1529 1450 1557 alicubi
1466 1529 1550 1556 latere
1571 1531 1686 1555 testatur
1701 1534 1730 1555 se
1745 1527 1829 1554 audi-

1038 1577 1110 1604 visse
1124 1576 1265 1611 Philippus
1280 1575 1424 1602 Labbaeus.

1075 1622 1146 1650 Tum
1164 1630 1228 1649 vero
1240 1621 1372 1648 Martialis
1388 1619 1546 1651 Mestranus,
1573 1619 1670 1646 doctor
1684 1617 1830 1644 Parisien-

1039 1669 1077 1698 sis
1100 1668 1146 1704 qui
1160 1668 1293 1703 lgnatium
1309 1667 1397 1701 ipsum
1411 1665 1496 1693 edidit
1516 1669 1545 1692 et
1564 1664 1639 1692 notis
1664 1663 1828 1694 illustravit,

1040 1721 1095 1744 tres
1109 1715 1221 1742 Latinas
1234 1714 1262 1741 in
1276 1712 1535 1741 Commentationum
1547 1710 1761 1745 apocrypharum
1773 1717 1828 1735 nu-

1038 1769 1116 1790 mero
1133 1761 1269 1793 collocat;
1280 1759 1399 1793 reliquas
1417 1757 1561 1786 duodecim
1573 1764 1714 1792 germanas
1728 1759 1754 1782 et
1770 1762 1830 1782 sero

1038 1816 1134 1838 aureas
1149 1806 1250 1842 Ignatii
1266 1804 1403 1840 Epistolas
1425 1803 1563 1838 praedicat,
1585 1802 1633 1830 sed
1647 1802 1680 1828 ab
1694 1800 1829 1828 hmeticis

1037 1860 1062 1883 et
1080 1864 1096 1882 a
1119 1853 1248 1883 Grceculis
1276 1850 1466 1888 posterioribus
1491 1849 1589 1876 alicubi
1610 1848 1787 1883 interpolatas
1803 1854 1828 1875 et

1038 1901 1196 1937 depravatas
1213 1899 1324 1927 fatetur.

1073 1946 1206 1982 Georgius
1229 1945 1389 1973 Dounamus
1414 1947 1543 1976 nostras,
1568 1941 1610 1969 vir
1636 1940 1829 1973 doctissimus,

1038 2001 1110 2029 stepe
1129 1991 1319 2021 schismaticos
1331 1995 1358 2019 et
1373 1991 1417 2019 sui
1440 1994 1468 2017 ct
1482 1988 1582 2025 prioris
1594 1987 1685 2015 seculi
1701 1992 1827 2018 accusat,

1038 2039 1112 2075 quod
1134 2046 1207 2066 nunc
1219 2037 1318 2072 lgnatii
1344 2036 1500 2065 testimonia
1513 2035 1540 2062 in
1554 2042 1604 2063 sua
1619 2041 1703 2062 causa
1717 2039 1828 2068 urgent,

1037 2094 1112 2114 nunc
1135 2084 1266 2121 epistolas
1280 2083 1341 2118 ejus
1355 2087 1487 2117 tanquam
1508 2080 1616 2115 spurias
1636 2079 1785 2114 rejiciunt;
1801 2084 1829 2106 et

1037 2139 1139 2168 septem
1155 2132 1216 2160 illas
1229 2131 1264 2158 ab
1276 2129 1394 2158 Eusebio
1414 2131 1578 2156 memoratas
1593 2127 1689 2154 doctas
1712 2130 1741 2153 et
1767 2126 1828 2160 pias

1037 2179 1169 2214 appellat;
1181 2185 1251 2213 quas
1261 2177 1304 2204 vel
1318 2176 1378 2204 ideo
1390 2175 1467 2211 rejici
1480 2181 1534 2202 non
1545 2180 1626 2208 [uisse
1638 2173 1687 2206 ait,
1704 2172 1781 2207 quod
1793 2173 1829 2200 ab

199 2221 275 2255 citat,
288 2222 434 2257 scripsisse
451 2223 656 2251 sanctissimum
668 2223 745 2251 illusit
769 2228 917 2260 martyrem
941 2224 984 2252 af-
1000 2234 1023 2261 ι)
1037 2225 1154 2253 Eusebio
1167 2226 1366 2251 memorentur.

199 2270 300 2298 ﬁrmat.
315 2269 396 2298 Hunc
405 2276 496 2300 tamen
505 2271 641 2300 l’arkerus
654 2277 684 2300 ut
697 2272 867 2302 dubitantem
881 2273 984 2302 frustra

198 2320 226 2342 et
240 2315 308 2344 falso
324 2316 462 2351 producit,
485 2317 733 2353 doetissimumque
758 2319 901 2353 praesulem
917 2319 986 2348 mire

199 2359 394 2389 calumniatur.
410 2361 534 2395 Thomas,
551 2361 649 2396 inquit,
663 2362 790 2391 Bilsonus
804 2364 830 2391 in
840 2364 984 2392 canonibus

199 2406 380 2439 apostolorum
398 2408 523 2442 ﬁdentior
535 2412 574 2435 est
595 2417 674 2443 quam
694 2409 721 2435 in
738 2409 855 2444 lgnatio.
869 2410 985 2438 Observa

198 2453 317 2480 eumdem
329 2459 419 2482 alutam
444 2455 572 2482 inussisse
586 2453 709 2489 lauatio,
724 2463 803 2489 quam
828 2456 984 2491 canonibus,

197 2498 306 2526 laudem
323 2507 382 2527 vero
397 2501 533 2527 uetustatis
556 2500 710 2527 attribuisse
723 2501 880 2535 canonibus,
904 2509 984 2536 quam

198 2545 301 2581 lynatii
313 2546 433 2580 epistolis
449 2555 500 2574 non
522 2547 661 2582 attribuit,
676 2556 737 2575 cum
753 2549 838 2578 dicit:
858 2548 984 2578 Canones

197 2591 245 2626 qui
254 2591 384 2620 dicuntur
395 2593 595 2628 apostolorum,
606 2599 695 2628 aperte
708 2594 794 2622 innuit
807 2603 852 2622 eos
864 2595 984 2630 ipsorum

196 2638 380 2672 apostolorum
395 2640 503 2667 minime
514 2641 585 2674 esse',
601 2641 682 2668 sicuti
706 2641 771 2669 alibi
786 2647 876 2677 aperte
895 2641 981 2675 docet,

195 2685 257 2718 pari
283 2685 407 2720 ratione,
427 2694 487 2713 cum
507 2686 591 2714 dicit:
617 2686 746 2722 Epistolas
769 2695 832 2723 qua:
857 2687 983 2716 feruntur

195 2728 304 2764 lgnatii,
324 2739 369 2759 eas
387 2730 489 2767 Ignatii
514 2740 567 2759 non
581 2741 637 2760 esse
664 2733 844 2761 subinsinuat.
865 2734 901 2761 At
924 2734 982 2762 huic

195 2786 271 2806 mera
282 2782 325 2806 est
335 2779 482 2812 calumnia,
501 2786 562 2814 qua:
581 2779 715 2813 proximis
741 2781 863 2815 episcopi
891 2782 982 2809 verbis

195 2823 348 2852 clarissimo
374 2824 516 2852 refutatur.
532 2824 630 2853 Statim
645 2826 717 2854 enim
746 2827 837 2854 addit:
858 2825 980 2862 lgnatius

196 2868 309 2904 quippe,
331 2878 420 2898 eorum
444 2870 590 2905 episcopus,
603 2870 687 2898 adhuc
711 2872 782 2899 t'it‘tts
795 2877 861 2906 erat,
885 2877 909 2899 et
936 2881 980 2900 eas

1071 2271 1143 2299 Inter
1151 2270 1314 2299 Socinianos
1324 2267 1508 2302 Hieronymus
1517 2264 1707 2294 Moscorovius
1717 2263 1753 2292 dc
1760 2271 1827 2291 vera

1035 2319 1134 2346 harum
1152 2316 1331 2354 epistularum
1345 2314 1509 2349 antiquitate
1526 2312 1669 2339 dubitasse
1693 2310 1768 2337 haud
1785 2310 1828 2336 vi-

1035 2365 1126 2397 detur,
1138 2372 1200 2392 cum
1214 2363 1241 2391 in
1255 2362 1420 2390 refutatione
1433 2358 1599 2395 Appendicis
1613 2356 1723 2385 Martini
1752 2355 1827 2383 Smi-

1036 2410 1113 2445 glecii
1126 2410 1185 2437 haec
1198 2410 1313 2436 habent:
1332 2407 1427 2435 Verum
1441 2414 1471 2433 ne
1481 2407 1530 2433 hoc
1540 2405 1645 2441 quidem
1661 2412 1752 2431 uerum
1766 2411 1821 2436 est;

1035 2458 1180 2492 primorum
1195 2454 1353 2483 seculorum
1370 2453 1462 2480 Patres
1486 2461 1556 2486 eam,
1569 2459 1649 2488 quant
1661 2451 1713 2486 ipsi
1739 2451 1827 2485 proﬁ-

1035 2507 1152 2536 teantur,
1164 2501 1321 2529 sententiam
1336 2500 1496 2536 prodidisse,
1510 2498 1582 2525 Nam
1607 2497 1728 2533 lgnatius
1741 2516 1749 2529 ,
1767 2495 1827 2524 ιά-

1035 2554 1106 2576 trum
1124 2547 1195 2583 apud
1211 2546 1332 2579 Latinos,
1343 2553 1456 2581 quorum
1468 2544 1574 2579 quidem
1588 2542 1688 2577 scripta
1702 2546 1823 2572 exstant,

1034 2594 1245 2625 vetustissimus,
1270 2591 1437 2627 apertissime
1463 2590 1563 2624 fatetur
1584 2589 1611 2616 in
1635 2587 1759 2622 Epistula
1787 2588 1825 2615 ad

1034 2641 1186 2672 Tarsenses,
1203 2639 1273 2675 quod
1288 2638 1410 2666 Christus
1425 2645 1477 2664 non
1503 2636 1539 2663 sit
1560 2635 1606 2663 ille
1626 2634 1671 2670 qui
1685 2639 1725 2661 est
1741 2642 1825 2668 super

1033 2689 1123 2716 omnia
1138 2687 1217 2718 Deus,
1230 2686 1275 2713 sed
1288 2684 1377 2712 Filius
1389 2684 1483 2718 ipsius.

1035 2743 1039 2747 ·
1068 2733 1153 2761 lsaaci
1166 2737 1239 2760 certe
1251 2731 1418 2763 Casauboni,
1433 2734 1555 2757 veterum
1572 2727 1736 2762 scriptorum
1747 2729 1823 2763 peri-

1032 2780 1131 2808 tissimi
1147 2779 1259 2815 judicis,
1276 2777 1411 2806 sententia
1427 2777 1454 2804 in
1469 2776 1522 2803 hac
1543 2775 1627 2803 etiam
1649 2782 1735 2802 causa
1761 2783 1824 2802 ma-

1033 2827 1106 2855 ximc
1117 2826 1247 2854 notanda.
1263 2825 1355 2859 Quare
1369 2823 1505 2851 Parkeras
1526 2823 1599 2850 hunc
1612 2822 1683 2849 inter
1702 2827 1751 2850 eos
1767 2830 1822 2849 nu-

1032 2877 1128 2906 merat,
1140 2881 1208 2907 quos
1218 2880 1314 2902 omnes
1325 2868 1557 2907 lgnatiicpislolas
1571 2868 1680 2897 ﬁctilias
1691 2868 1822 2897 docuisse
