1874 3070
53 164 74 191 Si

371 160 399 189 J.
418 158 595 188 PEARSONII
613 158 774 188 νῐΝηιοιλΕ
793 158 797 186 1

882 157 1001 187 MANE.
1027 174 1060 179 —-
1079 158 1288 187 ΡειυωΜιυΜ.

51 225 88 251 vult
98 233 104 252 ;
115 222 153 250 sed
167 222 217 249 hoc
230 225 256 249 et
272 221 401 249 sublesta
424 221 478 250 title
501 221 600 255 tradit,
619 226 646 249 et
662 221 803 249 levissimo
818 222 841 251 Α
855 220 895 248 uel
907 221 1100 255 supposititius,
1114 219 1153 247 vel
1171 219 1238 254 {inde
1253 223 1392 254 corruptas
1409 217 1516 252 probari
1544 217 1640 251 possit.

49 274 173 305 argumento
191 267 305 296 suadere
317 272 448 301 conatur,
462 268 534 303 quod
556 267 740 295 Casaubonus
766 267 800 295 de

47 317 111 351 prisca
124 314 241 342 Ecclesia
258 314 545 351 disciplinalocutus,
566 314 734 350 Cyprianum
760 318 800 341 te-

46 367 94 390 stem
107 360 228 393 adhibuit,
244 360 382 395 lgnatinm
411 368 466 388 non
491 361 656 389 nominavit:
683 368 745 389 cum
771 360 800 387 in

46 406 253 434 Exercitationibus
268 404 439 434 Baronianis
456 406 485 434 S.
500 406 637 443 lgnatium
653 414 726 442 saepe
739 407 800 434 lau-

44 452 84 482 det,
97 456 118 478 et
128 451 312 479 nonnullarum
325 452 391 486 ejus
402 451 585 487 Epistolarum
608 453 799 488 antiquitatem

45 498 101 525 novis
110 497 247 525 rationibus
259 505 289 525 se
300 498 438 525 tuiturum
447 498 611 533 polliceatur
622 506 631 532 ;
648 506 719 533 quas
730 506 801 534 prte-

44 549 124 570 matura
137 543 181 571 viri
196 543 306 572 maximi
319 549 414 572 morte
426 549 535 580 ereptas
556 544 636 572 nobis
655 545 740 572 luisse
750 545 800 572 do-

44 589 118 616 lemus.

68 633 109 661 Sed
121 642 178 662 unus
191 635 298 670 quidam
314 635 368 669 vir,
385 641 482 663 mtera
502 635 685 669 doctissimus,
705 642 734 664 ut
758 641 799 664 te-

43 685 108 706 statur
117 680 242 714 Yedelius,
255 685 335 708 extra
355 689 434 708 omne
457 682 566 708 dubium
583 682 658 717 ponit
679 681 799 717 supposi-

44 725 114 751 tionem
128 725 213 752 harum
225 727 406 761 epistolarum
416 735 426 755 :
449 728 503 754 imo
519 727 607 755 dicere
629 736 682 755 non
700 733 802 755 veretur

42 769 148 803 lgnatism
161 770 244 798 nullas
257 779 384 807 unquam
397 773 524 807 epistolas
536 773 684 807 scripsisse.
697 772 735 800 De
748 772 801 800 hoc

43 815 85 841 riro
93 814 234 844 doctissimo
246 816 425 844 altercamur
449 817 577 845 doctores
588 818 642 845 duo
654 838 662 852 ,
681 816 800 846 Owenus

42 859 244 894 etllammondus;
261 870 347 898 quem
362 863 444 898 quasi
464 871 514 891 nec
527 863 640 892 nomine
663 872 714 891 nec
730 864 799 892 scri-

42 910 158 940 plonolnm
171 908 334 942 producunt,
344 913 375 936 et
385 917 466 944 quem
483 909 651 945 Anonymum
665 910 795 937 ineditum
812 901 834 928 Β

43 950 192 981 llammondus
207 959 297 981 vocat.
316 953 359 982 Ne
374 954 458 990 igitur
469 962 602 983 numerus
628 955 725 991 lgnatii
745 956 796 983 ho-

43 998 102 1025 stium
110 1004 237 1034 augeatur,
249 1004 277 1028 et
295 1005 402 1036 praeter
420 1008 472 1029 eos
489 1009 607 1037 quorum
627 1002 728 1038 scripta
746 1010 798 1030 no-

42 1044 115 1077 rimus,
128 1045 189 1072 alius
203 1045 315 1081 aliquis,
337 1046 421 1083 isque
443 1047 642 1081 doctissimus,
665 1047 797 1083 epistolas

43 1087 101 1115 hasce
111 1089 205 1124 penitus
221 1091 389 1125 repudiasse
399 1095 557 1126 censeatur,
571 1091 706 1120 ineditum
719 1092 796 1120 illum

43 1132 62 1159 in
73 1134 140 1162 lucem
156 1136 382 1171 protrahendum,
399 1141 427 1165 et
440 1145 521 1166 suum
543 1145 681 1174 anonymo
696 1145 797 1166 nomen

43 1179 170 1208 reddendum
179 1189 237 1210 esse
247 1182 397 1211 duximus.
409 1183 459 1212 Est
469 1188 560 1212 autem
571 1184 617 1212 ille
624 1188 701 1212 extra
715 1191 798 1213 onsnc

44 1224 126 1252 dubium
148 1225 276 1256 Robertus
290 1228 447 1262 Parkerus,
463 1229 657 1258 schismaticus
679 1229 795 1266 Anglus.

44 1268 114 1297 Omnia
123 1272 186 1299 enim
195 1281 254 1308 quae
269 1273 406 1303 Vedelius
422 1283 438 1302 a
453 1275 512 1304 viro
527 1275 575 1303 illo
586 1280 683 1303 cetera
696 1276 796 1304 doctis-

44 1315 91 1362 tino
99 1317 158 1345 dicta
170 1318 280 1354 profert,
293 1321 324 1348 in
335 1311 453 1349 Parkeri
469 1321 539 1362 libro
551 1323 673 1350 secundo
687 1322 726 1350 De
749 1331 798 1358 po-

44 1358 98 1387 litica
107 1363 270 1392 ecclesiastica
285 1367 381 1404 capite
391 1358 499 1396 decimo
514 1369 594 1396 tertio
610 1369 795 1404 reperiuntur.

45 1404 84 1440 Ego
100 1416 147 1435 sero
160 1403 416 1448 Epistolas'lguutii
431 1421 447 1440 a
469 1414 572 1442 nemine
593 1403 710 1450 unquam
735 1420 797 1443 ante

44 1452 152 1480 rutilium
163 1454 299 1484 Nicaeum
323 1459 427 1486 citatas
444 1459 515 1494 dico,
532 1460 623 1496 inquit
638 1460 794 1496 Parkerus;

45 1503 87 1529 qua
96 1499 164 1527 verba
174 1501 230 1530 viro
245 1511 297 1532 suo
314 1504 480 1533 doctissimo
496 1506 593 1534 tribuit
608 1506 752 1542 Ve'delius;
768 1512 796 1536 et

44 1543 135 1596 tumbis
146 1553 256 1581 opponat
283 1549 478 1578 testimonium
495 1550 594 1579 ‘lrenaei
611 1561 618 1580 :
641 1551 793 1588 Excipitur,
808 1568 829 1596 ο

45 1590 117 1624 inquit,
137 1600 151 1619 α
169 1593 221 1622 viro
233 1595 393 1623 doctissimo
411 1597 517 1631 primo,
534 1598 566 1625 ab
582 1597 685 1626 lrenco
713 1600 795 1627 etiam

47 1634 123 1663 limine
133 1636 265 1668 Pastorem
281 1642 385 1676 citari,
402 1650 478 1678 quem
503 1647 592 1671 tamen
611 1644 659 1671 sub
674 1647 795 1680 persona

47 1680 124 1710 Henna:
130 1684 211 1719 ﬁctum
222 1693 371 1722 agnoscunt
383 1696 483 1716 omnes.
493 1688 582 1717 Verba
596 1694 658 1718 sunt
675 1690 793 1720 Parkeri.

45 1728 134 1758 Secundo
145 1734 244 1768 excipit,
261 1735 357 1771 inquit
371 1734 510 1770 Vedclius,
521 1735 654 1764 lremzstm
665 1745 717 1764 non
728 1737 795 1765 alle-

45 1782 89 1807 gare
99 1777 221 1810 epistolam
231 1780 355 1818 aliquam
373 1780 487 1816 lgnatii,
500 1781 546 1809 sed
572 1785 676 1809 tantum
694 1783 795 1810 dictum

45 1822 143 1853 qvaddam
153 1825 308 1862 illius,quod
322 1832 381 1854 tum
396 1827 643 1863 circumferet-utut.
655 1828 690 1856 Et
697 1829 725 1856 id
734 1830 796 1857 inde

47 1866 123 1902 Probat,
145 1871 202 1905 quia
221 1880 273 1900 non
300 1873 393 1900 utitur
416 1881 488 1906 voce,
516 1874 638 1909 scripsit,
653 1875 699 1902 sed
723 1884 794 1909 voce,

47 1914 103 1944 dixit.
114 1917 174 1946 Sunt
186 1924 272 1949 autem
288 1926 317 1950 et
332 1922 394 1950 haec
420 1921 543 1950 Parkeri.
572 1922 662 1951 Tertio
673 1943 681 1957 ,
697 1923 736 1951 ait
756 1931 797 1950 vtl’

47 1962 189 2000 doctissimas,
201 1968 261 1995 inde
274 1973 370 2003 patere
385 1968 514 2004 epistolas
539 1969 588 1997 has
600 1973 657 1997 tum
670 1971 796 2005 temporis

47 2014 83 2033 non
97 2010 220 2045 exstitisse,
239 2013 308 2048 quod
335 2012 444 2045 Patres,
457 2017 484 2041 et
499 2014 659 2041 nominatim
674 2013 796 2049 Epipha-

48 2052 258 2087 Iiﬂﬁdcersentur
273 2057 399 2094 Ignatio,
415 2063 517 2093 tempus
545 2058 671 2094 baptismi
694 2059 797 2088 Christi

47 2104 89 2129 post
106 2103 378 2140 mamjtrigesimum
405 2104 538 2139 expletum
551 2105 703 2133 collocanti.
732 2105 796 2134 Haec

48 2141 144 2174 Veielius
163 2155 193 2175 ex
209 2147 339 2178 Parkero.
363 2149 487 2185 Denique
500 2150 590 2179 virum
605 2151 796 2181 doctissimum

47 2195 119 2236 putare
127 2192 160 2220 ait
171 2193 362 2223 Casaubonum
375 2203 473 2224 omnes
487 2195 585 2232 lgnatii
600 2197 731 2233 epistolas
751 2206 797 2227 re-

46 2235 128 2268 iecisse,
136 2239 199 2272 quod
211 2238 343 2273 Parkero,
353 2248 442 2276 neque
451 2241 496 2268 alii
505 2241 645 2277 cuiquam,
654 2243 739 2271 tribui
746 2251 796 2279 po-
810 2240 834 2270 D

48 2284 92 2325 test.
100 2280 147 2309 Non
154 2288 190 2311 est
196 2285 274 2320 igitur
281 2287 357 2314 alius
367 2285 468 2314 Vedelii
479 2287 521 2314 vir
533 2287 708 2317 doctissimus
715 2297 798 2325 quam

48 2322 153 2355 Robertus
164 2328 290 2359 Parkerus
308 2335 422 2359 nostras
434 2351 443 2365 ,
458 2331 698 2361 schismaticorum
718 2322 799 2370 cory-

48 2369 133 2405 Phazus;
144 2381 215 2408 quem
232 2375 363 2405 Vedelius
379 2384 443 2404 cum
456 2377 577 2406 refutare
589 2378 679 2412 vellet,
701 2383 729 2407 et
745 2369 799 2408 Ge-

49 2418 146 2445 uercnsis
164 2420 308 2456 disciplinae
323 2430 464 2450 summum
479 2428 625 2458 patronum
645 2424 732 2453 fuisse
745 2433 798 2454 no-

49 2466 123 2495 δοεηι,
143 2465 242 2495 honoris
256 2475 343 2496 causa
358 2468 501 2496 nominare
517 2469 614 2497 noluit.
632 2469 683 2498 Hic
705 2475 797 2499 autem

49 2502 154 2536 Partcrus
166 2512 284 2540 tredecim
296 2511 454 2540 rationibus
465 2512 597 2547 epistolas
618 2513 715 2547 lgnatii
727 2513 798 2542 ﬁcti-

50 2550 144 2581 liisesse
152 2557 254 2590 probare
267 2562 387 2586 conatur
395 2566 404 2584 :
419 2558 501 2593 cujus
527 2558 693 2594 conjecturis
704 2559 797 2588 Dallzei

49 2596 174 2630 dissertatio
186 2605 297 2640 maxime
316 2605 484 2640 locupletat:
497 2610 549 2633 est.

79 2641 129 2672 Post
145 2646 208 2676 hunc
230 2639 365 2678 Robertus
379 2639 472 2678 Cocus
481 2650 564 2678 etiam
588 2655 698 2680 nostras
710 2651 797 2680 edidit

52 2686 165 2719 Casuram
185 2697 353 2729 quorumdam
376 2696 539 2732 scriptorum
564 2702 690 2730 veterum,
712 2705 795 2733 quem

54 2741 95 2779 suo
103 2737 130 2764 de
138 2737 229 2774 lgnatio
238 2750 360 2770 censurae
372 2743 447 2770 hunc
459 2742 567 2770 titulum
583 2743 793 2779 praescripsisse,

56 2777 240 2818 Ῐςιυιιίίφίιιοιω
253 2793 313 2815 sunt
327 2789 521 2823 supposititilt,
530 2777 659 2817 observat
667 2777 793 2818 Dallaaus.

56 2823 80 2851 Et
90 2826 118 2854 ita
131 2830 225 2864 quidem
236 2833 352 2868 Titulus,
369 2835 418 2862 sed
441 2834 565 2863 Censura
580 2835 639 2870 ipsa
658 2835 744 2865 aliter.
754 2837 794 2864 lo-

55 2872 133 2904 iuitur.
147 2875 291 2908 Nondcsunt
304 2885 463 2916 argumenta
475 2881 574 2916 valida,
589 2881 683 2917 quibus
695 2891 794 2917 omnes,

852 266 885 294 Et
895 275 993 295 rursus
1003 275 1009 292 :
1025 266 1132 298 Verum.
1146 271 1176 293 ut
1186 265 1340 293 concludam
1350 264 1453 299 paucis,
1462 268 1534 291 certo
1542 263 1640 291 certius

851 316 901 345 est,
914 312 962 340 has
974 312 1100 346 epistolas
1111 312 1151 339 vel
1165 311 1351 346 supposititios
1367 318 1434 341 esse,
1450 310 1500 340 vel,
1512 309 1581 342 quod
1592 317 1641 336 su-

851 365 901 392 pra
917 357 1020 390 monui,
1030 357 1098 391 (cede
1109 361 1258 391 corruptos.
1279 355 1462 390 Quotcunque
1486 354 1569 390 igitur
1596 359 1643 381 aut

852 410 1024 438 quacunque
1050 403 1128 429 tit-ma
1160 402 1303 429 sentcntiae
1327 409 1384 429 sua:
1395 401 1542 436 probandae
1558 408 1642 435 argu-

851 453 943 476 menta
955 449 1045 476 attulit
1057 439 1158 482 Cocus,
1170 449 1197 476 id
1209 452 1314 476 tantum
1333 455 1429 475 revera
1450 447 1567 482 probare
1582 455 1643 474 om-

851 495 896 522 nia
911 495 1026 530 putavit,
1038 494 1178 529 Epistolas
1189 493 1286 529 lgnatii
1301 498 1349 521 aut
1362 500 1424 521 esse
1437 493 1642 528 supposititias.

852 544 901 567 IIII
912 544 1068 574 corruptas.

883 586 953 614 Cum
975 587 1034 614 haec
1055 587 1093 614 ita
1118 594 1149 615 se
1168 586 1319 620 haberent,
1342 586 1471 615 Niwlaus
1499 585 1641 617 Vedclius.

849 631 990 667 professor
1005 631 1184 663 Genevensis,
1198 639 1256 659 rem
1277 635 1362 659 totam
1377 631 1412 658 ad
1429 639 1546 660 examen
1562 640 1641 660 revo-

848 676 940 711 cavit;
961 677 1114 712 apologiatn
1132 684 1181 712 pro
1198 676 1303 712 lgnatio
1320 677 1449 712 scripsit,
1469 684 1570 705 novam
1583 678 1641 705 edi»

849 723 951 750 tionem
977 723 1146 756 adornavit,
1172 723 1416 751 exercitationibus
1439 727 1466 751 et
1493 724 1643 759 appendice

849 768 986 804 Epistolas
997 769 1156 797 illustravit.
1167 768 1236 797 Tres
1250 769 1333 804 igitur
1345 769 1392 796 ille
1402 768 1516 797 Latinas
1527 770 1641 797 omnino

849 814 964 850 reiecit,
989 815 1063 850 quod
1088 815 1167 842 nimis
1183 820 1276 850 aperta
1301 815 1421 850 ipsarum
1442 816 1589 850 suppositio
1614 816 1639 843 ei

850 861 998 889 videretur.
1014 860 1145 896 Reliquas
1156 861 1301 889 duodecim
1317 861 1344 888 in
1360 861 1431 889 duos
1447 861 1532 890 libros
1542 861 1642 890 distin-

848 907 897 940 xit,
912 914 1031 942 quorum
1047 907 1122 942 prior
1139 907 1263 934 continet
1284 907 1417 942 epistolas
1431 906 1575 942 genuinas,
1591 914 1639 942 po-

848 952 948 980 sterior
973 952 1176 988 supposititias.
1214 951 1357 980 Genuinas
1381 956 1487 979 tantum
1515 953 1641 988 agnoscit

847 1003 951 1034 septem
960 999 1021 1028 illas
1030 999 1065 1027 ab
1073 999 1191 1027 Eusebio
1200 1004 1383 1032 memoratas;
1392 999 1641 1034 reiiquasquinquo

847 1049 895 1071 aut
907 1052 1044 1079 perperam
1055 1044 1210 1079 inscriptas,
1222 1049 1270 1071 aut
1284 1045 1363 1079 plane
1382 1045 1565 1080 supposititios
1577 1052 1639 1073 esse

846 1089 952 1118 statuit.
980 1089 1114 1119 Praeterea
1139 1091 1167 1118 in
1192 1091 1267 1126 ipsas
1292 1096 1395 1127 septem
1422 1092 1556 1127 genuinas
1583 1099 1638 1120 non

846 1143 934 1171 pauca
945 1136 1090 1171 irrepsisse
1099 1136 1256 1164 stellionum
1267 1137 1513 1166 audacissimorum
1524 1138 1639 1173 vestigia

847 1185 973 1214 testatur,
981 1189 1043 1217 quae
1055 1186 1086 1210 ut
1099 1190 1115 1210 a
1128 1183 1256 1218 genuinis
1267 1188 1421 1212 secerneret
1431 1191 1524 1211 curam
1533 1184 1638 1216 habuit,

846 1231 874 1255 et
894 1227 998 1256 notulis
1020 1228 1199 1264 quibusdam,
1215 1229 1243 1256 in
1261 1230 1384 1265 margine
1400 1230 1510 1265 positis,
1528 1238 1590 1265 quae
1603 1238 1638 1258 ex

847 1275 1005 1310 conjectura
1028 1276 1157 1311 genuinis
1179 1276 1305 1311 epistolis
1324 1277 1360 1305 ab
1382 1276 1578 1313 interpolatore
1595 1278 1639 1305 in-

845 1325 919 1349 serta
933 1321 1058 1355 credidit,
1070 1321 1220 1357 iugulavit.

880 1366 973 1401 Quare
995 1367 1122 1395 Andreas
1137 1368 1266 1402 Rivetus,
1280 1368 1345 1396 licet
1364 1369 1392 1396 in
1412 1370 1492 1397 tertia
1506 1370 1638 1401 editione,

847 1412 942 1441 Critici
956 1413 1028 1440 sacri
1047 1413 1165 1440 Censura
1183 1413 1294 1441 Roberti
1305 1413 1372 1441 Coei
1390 1414 1427 1441 sit
1441 1415 1562 1449 adjutus,
1580 1423 1639 1442 mo-

846 1459 1050 1488 deratissimam
1066 1465 1158 1488 tamen
1181 1460 1347 1488 sententiam
1363 1461 1489 1494 amplecti
1505 1468 1534 1488 se
1552 1462 1638 1496 protl-

847 1511 928 1539 tetur,
948 1507 1064 1540 scilicet,
1079 1515 1135 1534 esse
1149 1506 1288 1542 plerasque
1312 1505 1438 1541 epistolas
1467 1505 1578 1540 lgnatii,
1603 1507 1638 1533 ad

846 1554 986 1581 minimum
1002 1558 1114 1588 septem;
1134 1554 1179 1582 sed
1203 1554 1252 1581 hoc
1271 1559 1386 1589 Iempore
1400 1562 1453 1581 non
1471 1553 1562 1580 haberi
1585 1554 1638 1580 nisi

846 1599 1024 1633 adulteratas,
1042 1604 1068 1626 et
1089 1600 1181 1627 multis
1196 1601 1224 1626 in
1246 1600 1311 1627 locis
1330 1599 1515 1634 interpolatas.
1544 1599 1637 1633 Hanc,

847 1644 979 1680 inquam,
1005 1646 1163 1673 sententiam
1187 1645 1357 1680 amplectitur
1383 1646 1468 1680 fretus
1488 1645 1637 1672 rationibus

846 1698 905 1725 quia
931 1691 992 1718 huic
1015 1691 1157 1726 ﬁrmandae
1179 1699 1212 1718 ea:
1231 1691 1295 1726 ipsis
1311 1691 1430 1726 epistolis
1449 1691 1635 1719 desumuutur.

846 1735 880 1764 Et
891 1736 986 1764 Daniel
1001 1737 1167 1765 Chamierus
1178 1758 1185 1770 ,
1210 1737 1238 1764 in
1256 1737 1482 1772 responsionibus
1501 1738 1534 1765 ad
1549 1737 1638 1765 Testi-

846 1784 939 1810 monia
956 1790 972 1810 a
986 1781 1152 1810 Bellarmlno
1177 1782 1294 1810 adducta
1306 1804 1313 1815 ,
1331 1783 1520 1810 auctoritatem
1542 1783 1637 1818 lgnatii

846 1835 987 1862 nunquam
1002 1827 1130 1855 declinat.
1158 1826 1249 1854 Semel
1263 1831 1369 1854 tantum
1386 1827 1425 1854 ait
1441 1837 1448 1854 :
1466 1827 1588 1862 Epistola
1602 1827 1638 1855 ad

846 1872 1032 1900 Antiochenses
1055 1872 1120 1899 ciris
1138 1871 1224 1899 doctis
1246 1880 1297 1899 non
1315 1872 1419 1899 videtur
1433 1872 1562 1908 legitima,
1574 1873 1639 1907 quia

847 1919 880 1946 ab
894 1918 1055 1953 Hieronymo
1068 1925 1120 1944 non
1131 1918 1261 1945 adnotata
1275 1918 1304 1945 in
1315 1925 1393 1945 censu
1406 1926 1514 1953 operum
1525 1917 1636 1954 lgnatii,

847 1964 964 2000 ipsisque
980 1964 1046 1991 adeo
1061 1962 1189 1991 veteribus
1203 1964 1239 1991 sit
1252 1963 1398 1998 incognita.

884 2011 980 2040 Daniel
1004 2009 1133 2039 Heinsius
1156 2010 1191 2038 ad
1214 2009 1322 2037 Novum
1350 2009 1556 2038 Testamentum
1579 2011 1637 2046 epi-

848 2057 934 2085 stolas
949 2056 1086 2092 quasdam
1100 2063 1196 2084 earum
1214 2063 1276 2091 quae
1295 2056 1376 2083 edita
1391 2060 1467 2089 sunt,
1480 2055 1576 2091 lgnatii
1594 2064 1638 2083 re-

846 2109 912 2130 vera
925 2101 1010 2130 luisse
1024 2100 1136 2134 indicat,
1149 2100 1218 2128 alias
1226 2108 1280 2128 non
1289 2100 1412 2128 item.Ad
1427 2099 1436 2127 Ι
1450 2100 1514 2128 Cor.
1525 2109 1570 2134 xv,
1583 2100 1618 2128 10
1628 2121 1635 2128 .

847 2148 930 2176 Pauli
946 2147 1061 2183 apostoli
1077 2155 1172 2182 parum
1185 2147 1301 2182 prudens
1315 2147 1447 2178 imitator,
1459 2146 1535 2181 cujus
1548 2154 1637 2173 omnes

847 2194 967 2231 epistolae
977 2194 1025 2222 sub
1037 2193 1141 2229 lgnatii
1151 2193 1275 2229 leguntur
1286 2194 1403 2227 nomine,
1416 2201 1475 2220 cum
1486 2197 1510 2220 et
1522 2192 1638 2219 aliorum

846 2242 912 2271 sint.
933 2240 973 2270 Ita
995 2241 1041 2269 ille
1065 2239 1276 2268 subobscurius.
1296 2238 1350 2267 Sed
1374 2238 1409 2266 ad
1425 2239 1435 2266 l
1449 2238 1521 2266 Tim.
1539 2246 1575 2271 iv,
1590 2237 1637 2271 l6,

848 2288 930 2325 paulo
943 2287 1062 2316 clarius:
1077 2287 1145 2320 Qua
1158 2293 1209 2314 vos:
1224 2285 1343 2321 (scilicet
1358 2285 1557 2321 βεδαρημένον)
1570 2284 1639 2311 inter

847 2343 904 2368 eos,
917 2342 984 2370 quas
1000 2333 1131 2369 expressit
1148 2333 1194 2368 qui
1207 2331 1334 2367 epistolas
1349 2330 1463 2366 lgnatii,
1478 2335 1556 2365 atque
1570 2330 1639 2356 inter

847 2388 892 2407 eas
903 2379 1040 2416 {quasdam
1055 2386 1107 2406 non
1129 2377 1216 2410 illius,
1232 2371 1337 2404 nomine
1353 2376 1422 2411 ejus,
1437 2383 1519 2410 neque
1541 2375 1637 2410 dignas

844 2434 877 2453 eo
892 2425 976 2453 dedit.
991 2422 1258 2453 Gerardusloannes
1271 2421 1399 2454 Vossius,
1421 2421 1461 2448 De
1472 2421 1557 2448 natali
1568 2429 1637 2448 anno

846 2470 962 2505 Christi,
979 2474 1047 2498 sect.
1062 2469 1116 2497 M:
1135 2467 1191 2496 Alii
1212 2468 1369 2503 respondent
1390 2467 1492 2503 lgnatii
1509 2467 1637 2501 epistolas

846 2524 902 2544 esse
913 2515 1109 2552 supposititias,
1126 2523 1172 2542 nec
1193 2513 1243 2542 ulli
1258 2518 1320 2541 ante
1338 2513 1480 2541 Nicetium
1494 2513 1637 2540 concilium

846 2565 1017 2590 memoratas.
1031 2560 1109 2588 Itone
1123 2569 1183 2588 vero
1192 2561 1205 2588 ?
1217 2560 1302 2593 Quasi
1313 2568 1366 2587 non
1381 2559 1529 2586 meminerit
1545 2567 1636 2586 earum

847 2605 967 2634 [renatus
980 2606 1027 2634 lib.
1041 2614 1068 2641 v,
1083 2614 1142 2641 cap.
1154 2606 1201 2641 28,
1224 2611 1250 2633 et
1271 2614 1301 2634 eo
1313 2606 1450 2641 antiquior
1464 2606 1566 2640 ipsique
1588 2613 1637 2639 par

846 2651 956 2687 Ignatio
966 2652 1144 2688 Polycorpus,
1164 2652 1235 2687 apud
1246 2651 1390 2680 Eusebium
1404 2651 1453 2678 lib.
1471 2659 1513 2684 tu,
1526 2659 1584 2681 cap.
1593 2649 1632 2681 λς.

848 2697 882 2725 Ut
905 2698 939 2726 dc
961 2697 1075 2732 Origene
1092 2701 1213 2731 taceam,
1233 2698 1278 2733 qui
1292 2697 1420 2733 quiddam
1433 2697 1495 2724 inde
1510 2696 1631 2728 adducit,

845 2742 937 2771 homil.
951 2742 968 2770 6
981 2743 1010 2770 in
1020 2742 1132 2770 Lucam.

881 2789 978 2817 Petrus
993 2793 1084 2817 autem
1097 2789 1216 2821 Halloix,
1226 2788 1342 2822 Jesuita,
1351 2797 1406 2818 non
1421 2792 1527 2817 tantum
1537 2796 1633 2816 omnes

846 2835 956 2864 Graecas
968 2835 1103 2871 genuinas
1115 2840 1142 2864 et
1154 2843 1299 2870 germanas
1313 2843 1375 2863 esse
1389 2842 1504 2870 operose
1519 2839 1632 2862 conten-

847 2883 902 2916 dit,
929 2883 976 2911 scd
1002 2886 1029 2910 et
1056 2883 1089 2911 dc
1111 2882 1200 2927 trjbus
1224 2881 1330 2911 Latinis
1354 2881 1536 2917 itajudicium
1549 2888 1630 2909 suum
