1874 3070
211 165 246 193 59

209 220 314 257 profert
328 227 336 247 :
363 219 420 248 Nec
439 219 481 247 ita
499 221 579 246 certa
590 220 664 251 sunt,
678 220 707 243 ut
728 214 910 242 indubitatam
924 212 1005 247 ﬁdem
1018 213 1040 240 Δ

209 267 281 303 apud
303 274 392 294 omnes
416 269 578 297 mereantur,
599 271 645 291 nec
669 263 708 289 ita
728 262 836 289 incertat
852 265 881 287 ut
897 266 999 286 omnem

209 312 334 348 perdant.
343 311 430 338 Aliter
440 315 532 338 tamen
545 308 692 344 Dionysius
701 305 841 338 Petavius,
853 305 917 332 licet
930 302 1002 338 ejus—

209 358 272 386 dem
282 357 388 385 ordinis
398 365 406 384 :
415 356 539 388 Constat,
550 354 650 390 inquit,
661 360 751 380 omnes
763 351 865 387 Ignatii
875 348 1000 385 epistolas

210 403 385 438 interpolatae
411 402 504 436 fuisse.
521 399 595 427 Nam
617 399 742 434 pleraque
762 405 795 424 ea;
808 396 865 424 illis
885 395 946 422 loca
967 393 1000 422 ab

211 450 329 485 antiquis
348 448 462 476 laudata
477 447 517 474 vel
534 446 563 473 in
580 446 618 474 eis
640 445 749 472 minime
768 443 948 478 reperiuntur,
962 439 1001 468 vel

210 496 288 530 longe
302 494 383 522 aliter
398 497 535 528 concepta.

246 542 279 570 Et
296 541 415 576 denique
429 539 509 567 Wale
524 538 691 567 Messalinus
705 546 713 565 :
730 537 808 572 Apud
834 544 875 564 me
897 539 1002 563 constat

210 597 300 616 omnes
314 587 377 615 illas
393 586 494 622 Ignalii
507 584 632 620 epistolas
655 583 839 619 supposititias
861 591 936 615 esse,
962 581 1002 608 vel

211 637 281 661 certe
289 632 381 660 multis
393 632 459 659 locis
472 630 658 665 interpolator,
671 633 699 656 ct
712 629 804 664 aliqua
819 628 927 662 recitat,
941 634 1003 662 quae

211 679 277 705 ratis
291 678 424 710 evincunt,
440 676 538 711 inquit,
552 684 604 703 non
626 683 702 710 posse
723 674 792 701 illud
812 681 878 708 opus
897 673 1003 700 auctori

211 731 287 758 quem
308 723 451 751 ementitur
472 721 582 750 ascribi.
596 720 636 748 Ac
651 728 767 749 rursus:
794 718 925 754 Epistolte
947 718 1003 746 illtz

211 774 283 797 naue
291 775 317 796 et
329 769 474 804 supposita:
484 768 608 795 videntur
615 768 688 794 circa
698 766 816 799 initium,
826 770 873 792 aut
885 765 1003 792 medium

211 815 320 842 secundi
333 815 437 849 saeculi,
452 823 504 850 quo
529 819 645 849 tempore
660 813 762 848 primus
783 811 929 847 singularis
946 811 1004 846 epi-

211 865 334 895 scopatus
347 868 429 894 supra
445 859 655 895 presbyteratus»
670 857 837 885 introductus
853 861 902 885 est.

516 937 633 966 CAPUT
652 937 697 965 Ν.

213 994 353 1023 Strictum:
368 995 491 1031 quedam
508 995 637 1022 auctoris.
651 994 722 1031 Quid
733 994 766 1031 de
775 994 857 1022 variis
867 994 1002 1021 hominum

434 1031 543 1064 iudiciis
557 1030 721 1057 sentiendum
732 1030 778 1057 sit.

247 1086 396 1123 llucusque
411 1088 535 1115 virorum
550 1088 694 1116 doctorum
713 1087 819 1122 judicia
830 1107 840 1122 ,
858 1087 916 1115 sive
936 1093 1003 1114 con-

210 1132 323 1167 jectura:
350 1133 440 1168 potius
461 1141 614 1168 progressae
638 1138 718 1167 sunt,
741 1133 807 1161 dum
830 1133 930 1166 editio,
948 1140 1003 1160 una

215 1178 322 1210 arma,
339 1178 403 1206 licet
418 1186 451 1205 ex
465 1178 575 1206 duobus
593 1186 661 1206 mss.
678 1179 894 1213 exemplaribus,
909 1183 940 1206 et
949 1186 1004 1206 una

212 1225 296 1251 etiam
318 1224 507 1259 interpretatio
519 1223 620 1252 Latina
634 1229 723 1259 vetus,
739 1225 778 1252 illi
796 1225 864 1253 satis
879 1230 941 1260 apte
961 1233 1005 1252 re-

213 1269 363 1303 spondens,
383 1274 431 1297 aut
445 1269 479 1298 ab
495 1270 556 1298 aliis
576 1271 610 1298 ad
629 1270 740 1300 Grzecos
760 1271 822 1299 illos
838 1271 947 1299 codices
961 1279 1004 1298 re-

213 1312 341 1346 formata,
356 1318 493 1349 exstaret;
518 1315 552 1343 de
575 1315 678 1351 quibus
703 1316 888 1352 conjecturis,
912 1316 1005 1352 prius-

213 1367 295 1395 quam
310 1361 425 1389 ulterius
437 1362 657 1398 progrediamur,
666 1363 799 1390 nonnulla
812 1363 893 1391 nobis
908 1367 1005 1391 notatu

213 1412 269 1432 non
282 1405 392 1441 indigna
405 1406 495 1434 visum
505 1411 548 1435 est
562 1407 719 1436 observare.

248 1450 350 1485 Primo,
366 1453 499 1481 sententia
514 1454 668 1482 decretoria
690 1454 803 1483 Parkeri
818 1459 846 1483 et
864 1453 1004 1488 Salmasii,

212 1497 260 1533 qui
286 1502 411 1526 statuunt
434 1507 532 1528 omnes
553 1500 685 1535 epistolas
708 1501 760 1528 sub
783 1501 896 1528 nomine
907 1500 1004 1536 lgnatii

213 1544 394 1578 editas.esse
417 1545 498 1581 plane
522 1546 730 1581 supposititias,
751 1547 866 1574 minime
891 1547 1004 1575 ferenda

212 1594 271 1617 est:
289 1595 346 1618 tum
365 1591 440 1626 quod
461 1599 558 1619 eorum
572 1598 732 1627 argumenta
751 1592 821 1620 nihil
835 1593 909 1621 aliud
928 1593 1004 1621 evin-

213 1641 280 1665 cunt
293 1645 375 1672 quam
393 1638 467 1673 quod
481 1646 497 1665 a
510 1639 616 1667 caeteris
636 1639 778 1672 statuitur,
791 1647 890 1675 nempe
908 1648 1004 1669 omnes

213 1688 262 1710 aut
282 1683 471 1718 supposititias
493 1691 564 1718 esse,
578 1689 626 1712 aut
646 1685 824 1720 interpolatas
839 1686 912 1720 (cum
929 1686 1004 1713 enim

213 1729 304 1756 adhuc
325 1729 464 1757 nescirent
481 1730 572 1765 qualis
594 1738 690 1758 revera
713 1731 887 1766 interpolatio
910 1731 1004 1767 fuerit,

213 1775 348 1810 quidquid
372 1775 426 1803 illis
445 1775 595 1811 displicuit,
610 1776 698 1811 potuit
724 1776 758 1804 ad
780 1777 1004 1813 interpolationes

214 1821 367 1856 pertinere)
392 1825 450 1848 tum
470 1822 542 1857 quod
566 1821 704 1850 Parkerus
726 1826 840 1856 statuat,
866 1823 1004 1851 neminem

214 1870 280 1894 ante
307 1867 454 1894 concilium
470 1866 612 1895 Nicaanum
625 1875 723 1896 earum
743 1868 914 1901 meminisse,
931 1868 1004 1904 quod

214 1912 386 1947 apertissime
403 1911 501 1940 falsum
517 1917 570 1941 est.

252 1957 391 1992 Secundo,
406 1958 503 1994 ingens
525 1958 674 1987 discrimen
693 1959 765 1986 inter
785 1963 840 1987 tres
854 1958 966 1988 Latinas
978 1964 1006 1988 et

214 2003 359 2032 duodecim
379 2004 489 2032 Graecas
508 2004 639 2040 epistolas
661 2009 735 2033 recte
750 2004 925 2032 observatum
948 2011 1004 2040 est;

214 2053 243 2077 et
255 2048 359 2078 Latina:
371 2050 491 2085 primum
504 2050 614 2078 emissae
633 2050 668 2078 ab
682 2050 819 2078 universis
836 2050 893 2078 fere
907 2051 1006 2078 merito

215 2099 280 2124 sunt
304 2096 425 2132 reiectae;
452 2101 510 2125 tum
538 2097 613 2132 quod
640 2095 743 2125 Graecis
758 2097 888 2124 omnibus
903 2096 1006 2125 l‘uerint

215 2143 370 2178 incognitae,
388 2151 476 2178 neque
491 2143 673 2171 Grazcismum
685 2142 798 2170 omnino
810 2143 960 2176 redoleant,
976 2148 1007 2171 ut

215 2195 272 2216 non
289 2189 324 2216 ab
343 2188 503 2224 interprete,
522 2189 570 2217 sed
594 2195 708 2217 auctore
734 2188 832 2217 Latino
862 2190 1005 2218 videantur

739 159 768 187 8.
788 156 962 188 ιθΝΑτιυε.
980 170 1016 176 -
1034 150 1301 183 PROLEGOIENA.

1017 1561 1039 1590 C

1054 213 1129 242 sunt,
1143 212 1226 242 atque
1237 206 1300 233 ideo
1312 204 1376 240 jure
1400 203 1444 231 vel
1459 202 1486 230 in
1502 200 1618 230 dubium
1635 199 1800 234 fvocantur,
1826 197 1867 223 vel

1052 254 1134 282 etiam
1162 252 1242 287 plane
1271 250 1449 285 rejiciuntur:
1468 249 1550 283 idque
1565 254 1620 274 non
1643 249 1770 276 tantum,
1790 243 1867 277 quia

1051 299 1202 327 verisimile
1216 304 1271 325 non
1287 300 1339 327 est,
1354 303 1402 322 eas
1416 294 1576 326 Eusebium,
1584 292 1608 320 si
1620 291 1682 326 ejus
1695 297 1760 318 arvo
1771 292 1869 316 exat-

1052 345 1163 378 tissent,
1182 345 1268 372 latere
1290 342 1424 378 potuisse,
1443 345 1490 368 aut
1505 340 1540 368 ab
1553 339 1661 371 eodem,
1677 337 1702 365 si
1721 336 1780 371 ipsi
1811 342 1867 362 co-

1052 391 1136 427 gnita:
1149 393 1252 422 essent,
1266 387 1419 424 praeteriri;
1438 385 1486 413 sed
1500 385 1583 414 etiam
1597 384 1662 419 quia
1680 383 1725 410 vel
1740 381 1780 409 ob
1794 388 1867 408 rno-

1052 438 1118 465 dum
1131 436 1273 472 loquendi,
1289 435 1324 462 ab
1344 432 1508 461 Eusebianis
1522 431 1639 458 multum
1657 429 1868 464 discrepantes

1053 487 1201 520 apparent,
1219 482 1263 510 vel
1277 481 1312 509 ob
1328 479 1484 512 materiam,
1498 477 1633 506 doctrina:
1644 497 1652 510 ,
1668 475 1819 503 institutis
1837 478 1868 500 et

1052 530 1177 558 moribus
1198 527 1361 564 posterioris
1385 524 1516 553 Ecclesiae
1541 523 1631 558 magis
1656 528 1810 553 consonaz,
1836 523 1868 546 et

1052 575 1201 611 lgnatianis
1209 572 1329 601 Eusebio
1337 571 1496 600 memoratis
1510 569 1568 598 sola
1578 567 1747 601 imitatione,
1762 573 1866 601 eaque

1054 622 1137 650 nimis
1153 620 1292 653 allectata,
1308 618 1423 646 similes.

1052 682 1063 692 ι-
1089 669 1204 703 Quarto,
1217 670 1291 694 recte
1305 663 1529 692 animadversum
1541 665 1584 689 est
1597 668 1613 688 a
1630 658 1865 695 quamplurimis

1053 715 1135 744 etiam
1150 713 1212 741 illas
1226 715 1330 747 septem
1347 708 1558 744 antiquissimas
1575 711 1602 734 et
1615 705 1738 733 maxime
1751 703 1865 739 genui-

1054 770 1105 790 nas
1118 760 1249 798 epistolas
1262 759 1290 786 in
1306 757 1426 785 editione
1443 755 1538 783 Grteca
1552 757 1618 780 tunc
1632 750 1770 786 temporis
1791 749 1862 776 vul-

1053 797 1140 846 gata,
1157 805 1336 840 interpolatas
1353 807 1381 830 et
1391 807 1535 836 corruptas
1559 799 1662 832 fuisse;
1685 797 1772 832 idque
1788 804 1862 824 cum

1054 842 1115 883 loca
1129 861 1145 881 a
1159 852 1300 880 veteribus
1315 849 1444 877 Patribus
1459 846 1588 879 adducta,
1603 852 1664 880 qua:
1683 843 1712 871 in
1732 850 1769 871 ea
1794 842 1862 869 edi-

1054 902 1128 929 tione
1141 902 1189 927 aut
1210 906 1265 925 non
1288 898 1456 931 comparent,
1469 897 1516 920 aut
1534 900 1589 919 non
1605 895 1678 918 recte
1690 896 1861 924 repraesen-

1054 951 1161 980 tantur,
1173 949 1230 972 tum
1244 943 1298 971 alia
1314 941 1396 969 etiam
1412 948 1467 967 non
1481 946 1579 975 pauca,
1591 945 1654 972 quas
1668 943 1762 971 neque
1777 934 1861 962 anti-

1052 991 1162 1028 quitati,
1172 997 1261 1025 neque
1271 987 1413 1017 sententiae
1427 984 1563 1020 S.lgnatii
1576 986 1747 1018 congruunt,
1760 988 1863 1015 neque

1052 1038 1141 1066 tenori
1167 1036 1347 1072 epistolarum
1372 1033 1440 1063 satis
1460 1031 1655 1061 convenienter
1671 1029 1859 1060 inseruntur,

1052 1084 1166 1120 planum
1178 1083 1293 1111 faciunt.

1088 1128 1202 1163 Quinto,
1215 1126 1352 1155 industria
1373 1124 1489 1157 Vedelil,
1505 1131 1590 1159 quam
1614 1122 1649 1150 ad
1671 1121 1732 1149 loca
1749 1120 1781 1147 in
1794 1118 1861 1154 epi-

1053 1176 1132 1205 stolis
1154 1174 1275 1202 Eusebio
1293 1171 1455 1200 memoratis
1477 1173 1607 1205 corrupta
1632 1172 1660 1196 et
1683 1166 1860 1201 interpolata

1054 1221 1218 1255 indicanda,
1238 1226 1267 1248 et
1291 1227 1307 1247 a
1332 1218 1462 1255 genuinis
1482 1215 1650 1245 secernenda
1669 1213 1814 1245 adhibuit,
1834 1213 1859 1240 si

1053 1274 1183 1297 conatum
1210 1270 1381 1302 spectemus,
1403 1262 1551 1296 laudanda,
1578 1261 1601 1289 si
1630 1264 1777 1291 eventum,
1793 1259 1860 1286 sive

1054 1320 1224 1345 successum,
1235 1311 1312 1346 parvi
1323 1309 1434 1346 quidem
1445 1306 1605 1337 aestimanda
1615 1305 1751 1333 videatur.
1760 1303 1858 1331 Tanta

1053 1360 1127 1387 enim
1149 1358 1290 1394 diligentia
1316 1355 1375 1384 hoc“
1400 1354 1510 1383 tandem
1536 1352 1663 1380 effectum
1689 1355 1743 1385 est,
1759 1355 1791 1378 ut
1819 1357 1857 1378 ex

1055 1412 1109 1432 una
1134 1408 1212 1439 parte
1233 1403 1337 1430 inserta
1350 1406 1378 1429 et
1399 1399 1564 1435 interpolata
1578 1398 1711 1434 pleraque
1732 1401 1857 1432 praeter-

1055 1450 1209 1483 mittantur,
1227 1456 1259 1476 ac
1284 1455 1334 1484 pro
1349 1446 1485 1483 ,genuinis
1510 1445 1696 1477 retineantur;
1711 1451 1746 1471 ex
1764 1443 1855 1470 altera

1054 1503 1132 1528 vero,
1148 1502 1276 1531 germana
1291 1499 1374 1529 atque
1396 1492 1515 1528 genuina
1530 1489 1694 1526 saepiuscule
1709 1495 1761 1523 pro
1776 1488 1856 1516 asci-

1056 1541 1126 1568 titiis
1137 1544 1266 1568 notentur
1280 1543 1307 1567 et
1321 1538 1491 1574 rejiciantur.
1505 1535 1637 1569 Quamvis
1651 1535 1736 1570 igitur
1751 1541 1856 1569 quam-

1057 1586 1169 1622 plurimi
1189 1585 1308 1621 optimas
1332 1583 1429 1620 Ignalii
1455 1582 1587 1618 epistolas
1616 1584 1765 1616 corruptas
1788 1587 1856 1608 esse

1052 1634 1219 1670 judicarent,
1234 1632 1368 1660 hactenus
1389 1635 1482 1658 tamen
1498 1630 1533 1657 ad
1549 1628 1684 1665 genuinas
1708 1635 1723 1655 a
1750 1634 1856 1654 corru-

1054 1680 1134 1716 ptelis
1153 1684 1228 1707 certo
1245 1678 1338 1713 aliquo
1358 1675 1470 1705 criterio
1485 1674 1666 1703 vindicandas
1685 1681 1786 1716 parum
1803 1677 1856 1713 aut

1055 1712 1124 1754 nihil
1138 1729 1180 1753 est
1193 1712 1332 1752 effectum.
1352 1722 1389 1750 Ut
1412 1729 1508 1749 verum
1525 1720 1592 1748 illud
1608 1720 1645 1748 sit
1659 1712 1733 1754 quod
1750 1727 1766 1745 a
1784 1717 1855 1745 Dal-

1055 1773 1106 1800 lteo
1122 1772 1303 1800 observatur:
1330 1769 1393 1797 Nisi
1411 1768 1541 1796 sincerius
1563 1766 1700 1801 exemplar
1724 1764 1854 1792 Usserius

1054 1824 1081 1847 ct
1099 1819 1209 1847 Vossius
1230 1817 1304 1846 nacti
1325 1820 1421 1848 essent,
1434 1814 1510 1842 nulla
1523 1813 1609 1849 fplane
1625 1821 1684 1848 spes
1702 1816 1855 1846 superesset

1055 1863 1255 1900 interpolatoris
1277 1861 1365 1890 aliena
1379 1869 1396 1888 α
1407 1860 1475 1889 ueris
1497 1860 1636 1894 scriptoris
1651 1858 1855 1885 internoscenda”

1055 1915 1081 1938 et
1096 1909 1259 1938 secernendi.

1366 1951 1481 1982 CAPUT
1502 1950 1535 1979 V.

1056 2002 1120 2030 Alia
1141 2007 1213 2029 vetus
1232 2000 1332 2028 Latina
1347 2000 1434 2028 oersio
1451 1999 1484 2026 ab
1504 1998 1673 2026 Armachano
1694 1996 1854 2031 publicata,

1090 2046 1142 2072 qua
1164 2037 1380 2072 interpolationes
1397 2035 1506 2072 detecta:
1523 2039 1596 2061 sunt.
1607 2033 1713 2072 _Gra:_ctz
1730 2032 1856 2072 epistola

1092 2067 1106 2099 ὲ
1125 2067 1242 2099 Mediceo
1269 2071 1359 2098 codice
1381 2078 1428 2105 per
1448 2069 1575 2096 lsaacum
1607 2068 1730 2105 Vossium
1744 2067 1853 2105 Hediae.

1091 2108 1163 2140 Quid
1178 2107 1229 2134 viri
1249 2106 1322 2134 docti
1335 2108 1367 2133 de
1381 2102 1501 2140 epistolis
1524 2105 1562 2131 ita
1575 2104 1698 2139 purgatis
1717 2102 1855 2138 editisque

1091 2143 1231 2170 senserint.

1092 2188 1183 2222 Quare
1197 2188 1317 2216 Jacobus
1334 2186 1479 2219 Usscrius,
1496 2185 1720 2220 archiepiscopus
1746 2184 1851 2211 Arma-

215 2234 363 2270 prol‘ectaa;
382 2239 439 2263 tum
455 2236 528 2271 quod
550 2236 578 2263 in
595 2235 790 2264 vetustissimis
807 2235 929 2271 vulgatae
943 2245 1005 2265 ver-
1022 2249 1044 2277 ι)
1055 2236 1172 2269 chanus,
1189 2234 1325 2263 Hibernia;
1340 2233 1455 2269 primas,
1470 2233 1512 2259 vir
1535 2232 1611 2259 mira:
1635 2231 1662 2258 in
1688 2231 1733 2258 his
1764 2231 1853 2258 rebus

216 2281 303 2309 sionis
321 2289 388 2309 mss.
403 2281 545 2310 codicibus
571 2289 626 2309 non
651 2282 836 2316 inveniantur,
849 2287 876 2310 et
889 2283 1004 2311 seorsim

217 2328 365 2362 aliquando
378 2328 487 2364 scriptae
499 2329 564 2360 sint,
579 2332 606 2356 et
622 2327 692 2356 inter
704 2327 819 2356 Latinos
833 2335 850 2356 a
866 2327 1006 2356 Bernardo

216 2372 491 2402 autPseudo-Dextro
502 2375 621 2409 primum
636 2379 809 2408 memoratas;
823 2379 880 2402 tum
889 2374 1007 2410 denique

217 2419 290 2454 quod
305 2420 350 2447 vix
371 2420 471 2448 rationi
498 2425 653 2455 temporum
675 2420 820 2448 videantur
839 2421 1006 2454 consentire,

217 2469 265 2492 aut
286 2472 349 2492 cum
367 2466 501 2494 institutis
516 2465 612 2502 Ignalii
628 2466 776 2502 quidquam
793 2474 938 2495 commune
957 2467 1007 2494 ha-

217 2510 282 2538 bere
296 2520 303 2538 :
324 2520 372 2546 pro
388 2513 483 2547 quibus
500 2513 603 2548 [rustra
621 2513 741 2540 nonnulli
758 2521 875 2548 pugnare
889 2513 1006 2548 aggressi

217 2563 279 2585 sunt
290 2563 352 2586 ante
365 2559 469 2595 aliquot
478 2568 561 2587 annos
570 2580 578 2594 ,
591 2565 621 2588 ut
635 2565 709 2588 recte
717 2559 852 2595 judicavit
863 2559 1006 2596 Philippus

218 2604 362 2634 Labbaeus.

253 2651 358 2686 Tertio,
376 2660 410 2681 ne
424 2653 490 2689 ipsae
510 2654 620 2690 quidem
635 2653 737 2682 Graecae
748 2653 891 2682 duodecim
912 2661 1007 2689 parem

218 2697 409 2726 auctoritatem
427 2699 480 2728 sibi
494 2700 652 2733 vindicant;
665 2705 692 2728 et
707 2704 781 2728 recte
793 2700 882 2735 posita
899 2700 1007 2728 videtur

217 2745 358 2773 distinctio
376 2746 447 2774 inter
465 2751 567 2782 septem
583 2747 725 2782 epistolas,
741 2754 803 2781 quae
822 2751 887 2774 sunt
899 2746 934 2773 ab
953 2745 1008 2774 Eu-

218 2791 295 2819 sebio
307 2797 475 2826 memoratae,
487 2792 656 2828 reliquisque
667 2792 868 2827 antiquissimis
880 2791 1008 2820 Patribus

218 2836 374 2872 lrequenter
387 2838 521 2872 laudatae,
548 2843 576 2866 et
589 2838 803 2875 quinquealias.
820 2846 882 2873 qua:
898 2838 1009 2866 nonnisi

219 2886 281 2918 post
295 2883 399 2921 aliquot
414 2885 514 2914 sazcula
528 2886 563 2914 ab
579 2886 635 2914 ullo
651 2885 745 2914 Greco
759 2886 894 2922 scriptore
909 2884 1010 2920 agnitae

1058 2281 1234 2318 perspicacia'.
1248 2280 1375 2315 ﬁdeique,
1390 2287 1452 2307 cum
1467 2278 1573 2306 videret
1589 2277 1691 2305 talibus
1706 2277 1853 2312 conjectu-

1058 2329 1098 2357 ris
1123 2328 1191 2356 nihil
1219 2326 1298 2360 ellici,
1321 2325 1604 2359 animadverteretque
1628 2328 1683 2351 tres
1710 2324 1738 2350 in
1754 2323 1853 2359 Anglia

1058 2380 1151 2403 nostra
1176 2374 1316 2409 theologos
1331 2373 1396 2400 olim
1410 2373 1501 2399 locum
1523 2370 1670 2407 quemdam
1684 2377 1718 2397 ex
1733 2370 1852 2404 epistola

1059 2421 1154 2457 Ignalii
1168 2428 1184 2448 a
1197 2419 1370 2447 Theodoreto
1383 2419 1507 2451 citatum,
1524 2425 1575 2445 nec
1587 2417 1615 2444 in
1628 2415 1856 2445 editioneC-raaca

1059 2473 1107 2496 aut
1124 2467 1239 2503 Vulgata
1262 2467 1387 2495 versione
1403 2470 1468 2493 tunc
1492 2470 1641 2501 repertum,
1657 2464 1753 2492 eodem
1769 2464 1852 2499 plane

1059 2515 1151 2548 modo,
1162 2521 1217 2550 quo
1226 2521 1242 2540 a
1251 2512 1421 2541 Theodorelo
1432 2512 1582 2547 productus
1594 2510 1695 2543 fuerat,
1706 2509 1850 2543 laudasse;

1059 2560 1272 2596 circumspicere
1287 2559 1381 2594 coepit,
1398 2566 1463 2586 num
1477 2557 1547 2585 forte
1558 2557 1585 2584 in
1598 2556 1695 2591 Anglia
1708 2555 1851 2590 exemplar

1060 2607 1172 2643 aliquod
1187 2605 1315 2633 Latinum
1328 2606 1418 2633 adhuc
1431 2604 1595 2632 delitescens
1611 2603 1726 2638 reperiri
1744 2607 1848 2637 posset,

1059 2662 1094 2682 ex
1108 2661 1164 2689 quo
1178 2661 1229 2682 sua
1243 2657 1299 2682 tres
1315 2653 1354 2681 illi
1372 2653 1490 2688 theologi
1506 2652 1668 2684 hauserunt,
1683 2655 1711 2679 et
1726 2651 1787 2679 loca
1804 2659 1849 2678 re-

1060 2700 1134 2736 liqua
1159 2707 1173 2727 a
1194 2699 1367 2728 Theodoreto
1393 2699 1508 2733 aliisque
1527 2697 1648 2732 antiquis
1667 2697 1796 2725 Patribus
1809 2698 1850 2724 ci-

1061 2751 1127 2780 tata,
1145 2746 1250 2782 integra
1271 2749 1471 2780 comparerent.
1485 2743 1565 2777 Cum,
1581 2751 1655 2776 ecce,
1674 2743 1762 2770 libros
1779 2744 1848 2771 duos

1060 2800 1127 2820 mss.
1148 2797 1245 2820 nactus
1260 2796 1312 2824 est,
1325 2799 1340 2819 e
1354 2791 1463 2826 publica
1487 2790 1595 2825 collegii
1619 2789 1741 2817 Gunvilli
1752 2795 1779 2817 et
1790 2789 1848 2817 (ἱεὶί

1061 2837 1133 2873 apud
1155 2838 1395 2872 Cantabrigienses
1419 2839 1530 2864 nostros
1550 2843 1647 2869 unum,
1663 2843 1678 2864 e
1694 2836 1801 2870 privata
1816 2835 1845 2863 Ι).

1061 2883 1172 2912 Ricardi
1190 2879 1351 2912 nontacutii
1367 2882 1543 2911 Norvicensis
1561 2890 1647 2918 nuper
1666 2882 1791 2919 episcopi
1808 2883 1845 2910 bi-
