1874 3070
1 165 27 192 “
387 168 410 196 J.
431 167 615 196 PEARSONH
634 167 796 196 VlNDlClJJ
815 166 1029 196 iGNA'l'lANE.
1048 184 1082 189 —
1100 167 1309 196 PROGIMIUM'.
1627 168 1662 196 η

0 224 148 252 biiotheca
171 225 326 259 alterum,
343 226 399 261 'qni
423 225 520 262 lgnatii
536 226 723 262 Epistolarum
741 227 824 254 lnter—
837 228 860 258 Α
876 226 1034 261 distinguit,
1058 231 1087 254 ut
1120 226 1148 254 in
1177 226 1297 254 editione
1324 223 1413 253 Vossii
1444 224 1660 261 distinguuntur.

0 272 200 305 pretationem
215 271 359 308 aVulgata
369 272 466 300 Latina
475 273 690 301 diversissimam
699 274 825 301 contine-
873 279 888 307 ί
912 273 1068 301 Salmasius
1094 280 1170 306 vero,
1185 272 1305 300 editione
1330 270 1436 299 Usserii
1461 274 1614 306 perspecta,
1636 275 1664 297 et

0 319 73 345 bant.
89 317 131 345 Et
146 319 257 346 statim
272 318 422 347 collatione
439 318 522 353 facta,
539 319 699 347 testimonia
711 319 824 347 Palmm
874 320 970 349 codice
987 319 1119 352 Mediceo,
1131 324 1276 354 antequam
1291 318 1430 351 ederetur,
1445 318 1504 345 viso
1516 338 1523 350 ,
1541 316 1664 344 auctori-

0 364 133 391 omnium
161 365 221 399 qui
247 365 323 392 intra
335 365 467 400 quinque,
480 369 511 392 ut
525 365 581 397 ait,
597 368 660 400 post
683 364 824 393 Christum
876 367 924 394 tati
939 366 1037 402 lgnatii
1053 365 1173 401 iniquior
1186 365 1277 393 factus
1289 369 1340 393 est.
1354 364 1424 392 Ecce
1435 365 1508 391 enim
1530 363 1559 390 in
1574 362 1665 397 Appa-

0 411 104 438 tzecula
138 411 325 445 ﬂoruerunt,
344 420 360 439 a
376 411 481 439 Graecis
496 411 658 447 Latinisque
680 411 825 440 codicibus
875 418 936 440 ratu
951 412 985 440 ad
1007 412 1093 439 libras
1112 411 1151 438 De
1166 411 1285 445 primatu
1310 409 1410 446 Papa:
1431 409 1540 442 Varias,
1563 407 1664 443 inquit.

0 458 179 485 dissidentia
193 478 203 490 ,
224 466 293 485 cum
320 458 373 485 hac
398 458 525 485 versione
548 458 651 493 optime
665 457 824 490 convenire,
876 456 975 484 diversi
991 455 1116 490 temporis
1127 456 1184 490 ejus
1197 455 1282 490 operis
1299 454 1516 489 interpolationes
1545 461 1600 480 esse
1624 452 1666 487 fa-

0 509 21 531 st
37 505 140 531 multa
159 512 179 531 a
195 504 343 532 Graeculis
357 503 558 539 posterioribus
580 503 685 531 inserta
698 507 726 530 et
742 502 827 530 inter—
876 506 934 528 ctas
949 500 1041 527 multis
1062 500 1179 527 ostendit
1192 499 1423 526 reverendissimtts
1446 504 1471 526 et
1495 498 1666 525 doctissimus

0 557 73 579 testa
90 552 135 579 ab
150 551 265 579 eadem
285 551 389 586 pariter
403 550 502 578 abesse
516 550 670 585 conspexit.
684 548 745 576 1am
760 556 827 576 vero
876 547 917 576 uir
928 546 1045 574 Iacobus
1060 546 1184 573 Usserius
1196 545 1392 573 Armashanus.
1418 544 1504 577 Quale
1520 549 1607 572 autem
1632 542 1665 570 ab

0 606 52 625 non
79 606 123 626 ex
145 597 271 625 levibus
299 596 477 632 conjecturis,
495 600 544 623 aut
555 603 590 623 ex
609 595 744 623 sententia
763 602 825 627 sua,
877 598 985 620 auctore
999 593 1114 627 primum
1127 591 1238 627 prodiit,
1264 599 1295 618 ne
1309 591 1450 626 genuinum
1466 590 1571 625 quidem
1583 588 1666 625 Igna-

0 650 26 671 ut
51 643 224 677 Vedelins,
240 644 293 671 sed
317 651 351 671 ex
369 643 470 671 veteris
492 642 628 670 versionis
645 642 698 669 ﬂde
717 641 827 669 Graecas
878 640 910 666 tii
925 647 991 672 esse,
1005 646 1112 674 possunt
1126 639 1198 665 omni
1217 638 1408 666 asseveratione
1425 637 1592 672 conﬁrmare.
1604 635 1668 663 Haec

0 690 103 726 lgnatii
133 689 288 725 epistolas
303 689 480 724 recognovit,
496 692 655 716 assumenta
668 687 827 715 stellionum
878 687 962 723 paulo
977 686 1109 714 sedatius.
1121 685 1189 719 Quae
1199 693 1255 713 non
1269 686 1348 721 longe
1359 689 1420 721 post
1431 689 1595 720 sequuntur,
1607 682 1669 710 Sal-

0 745 13 763 a
28 736 179 771 genuinis
199 735 291 763 facile
302 739 330 763 et
343 739 436 769 aperte
451 734 582 768 secrevit;
598 734 828 770 Polycarpianam
878 734 996 761 masium
1014 732 1103 767 magis
1130 733 1251 767 sapiunt.
1275 732 1336 765 Qua
1362 736 1451 759 autem
1471 735 1548 758 etate
1574 730 1668 758 vixerit

0 784 120 811 illarum
142 783 294 819 Syllogen
310 782 348 810 ita
363 781 551 809 excudendam
565 781 684 812 curavit,
699 785 730 808 ut
741 780 828 808 minio
878 779 922 805 hic
932 779 1071 813 impostor,
1083 778 1128 813 qui
1140 785 1232 805 nomen
1249 776 1350 813 lgnatii
1360 777 1502 805 ementitus
1516 780 1554 803 est
1566 776 1594 803 in
1608 775 1669 802 istis

0 830 27 857 in
43 834 131 858 textu
149 829 263 857 Graeco
279 828 390 856 lacinia:
403 828 456 856 illa:
468 828 656 863 signarentur,
671 834 741 862 quas
757 835 772 854 a
786 835 828 854 re.
878 825 997 861 epistolis
1011 824 1216 858 conscribendis,
1229 824 1416 859 inquirendum
1431 828 1481 850 est.
1497 822 1569 850 Nam
1585 822 1670 858 lgna-

0 876 130 904 centiori
154 875 370 911 interpolatore
384 880 494 902 assutas
507 873 606 907 fuisse,
622 874 723 901 veteris
737 872 826 900 Latini
880 873 946 899 tium
960 879 1075 898 nonesse
1084 878 1175 898 earum
1188 875 1322 897 auctorem
1335 874 1391 896 tam
1405 873 1504 896 certum
1515 873 1579 903 puto
1590 877 1670 903 quam

3 923 197 958 interpretis,
218 926 290 949 tunc
305 921 425 957 primum
446 920 481 948 ab
494 919 554 955 ipso
568 919 645 951 editi.
661 918 764 947 iudicio
780 918 828 946 dc-
844 915 866 943 Β
880 929 921 948 me
939 920 995 947 hinc
1008 918 1131 946 scribere.
1147 917 1197 945 llic
1209 925 1276 946 sane
1283 925 1382 953 purum
1396 921 1491 952 putum
1503 916 1670 944 Salmasium

2 970 225 1005 prehenderat.
241 967 320 995 Felix
335 967 389 995 hoc
404 966 514 1002 quidem
532 966 672 1001 inceptum
684 972 739 1000 quo
752 970 829 992 reve—
880 965 1024 993 habemus.
1040 964 1081 991 Ad
1095 969 1203 999 tempus
1215 968 1306 991 autem
1319 963 1392 998 quod
1410 963 1517 996 attinet,
1534 962 1670 997 imposto-

5 1014 125 1044 rendus'
134 1024 247 1048 senex,
263 1023 327 1043 cum
345 1014 458 1050 ingenii,
472 1014 567 1049 iudicii
583 1017 610 1041 et
622 1012 754 1040 doctrinae
767 1019 831 1047 spe-
879 1018 938 1038 rem
951 1010 1048 1038 eodem
1061 1018 1126 1038 cum
1142 1009 1289 1038 Valentino
1311 1009 1414 1037 vixisse
1428 1009 1600 1044 suspicatur;
1619 1008 1671 1035 im-

879 1061 1003 1092 perante,
1024 1056 1167 1089 nimirum,
1182 1056 1334 1090 Antonino,
1352 1061 1400 1083 aut
1412 1060 1485 1083 certe
1502 1055 1554 1083 sub
1579 1053 1671 1082 Marco

880 1102 1003 1130 Aurelio.
1028 1102 1118 1137 Atque
1140 1102 1198 1129 haec
1221 1105 1264 1129 est
1284 1108 1391 1128 summa
1405 1100 1548 1128 sententia:
1562 1099 1671 1126 Salma-

881 1148 977 1177 siante.
994 1147 1052 1183 Ipse
1069 1153 1160 1176 autem
1175 1155 1237 1176 cum
1259 1147 1318 1174 haec
1331 1147 1358 1174 in
1373 1147 1512 1181 Apparatu
1532 1151 1588 1173 tam
1603 1150 1672 1172 stre-

881 1202 936 1223 nue
949 1195 1124 1228 asseruisset,
1146 1195 1175 1222 in
1193 1194 1254 1230 ipso
1270 1201 1353 1229 opere
1375 1192 1542 1220 auctoritate
1571 1191 1671 1227 lgnatii

881 1241 1043 1276 ssepiuscule
1058 1241 1154 1268 utitur.
1171 1238 1237 1273 Quae
1252 1247 1315 1267 cum
1331 1239 1444 1267 vidisset
1462 1237 1595 1266 Claudius
1608 1237 1673 1265 Sar-

881 1287 985 1321 ravius,
1003 1294 1098 1314 aurem
1128 1285 1265 1313 Saimasio
1290 1285 1365 1312 vellit
1381 1289 1409 1312 et
1430 1284 1592 1312 admonuit:
1612 1281 1674 1309 Non

882 1333 968 1368 placet
983 1354 990 1365 ,
1020 1333 1089 1367 quod
1104 1341 1135 1359 ca
1150 1332 1178 1358 in
1203 1331 1342 1367 Apparatu
1374 1330 1474 1365 culpes,
1492 1337 1551 1365 quac
1571 1329 1599 1356 in
1614 1329 1672 1364 ipso

882 1387 958 1414 opere
971 1379 1076 1406 laudas.
1092 1378 1129 1405 De
1150 1377 1301 1413 Ignatianis
1313 1377 1442 1411 Epistolis
1459 1376 1590 1411 intelligo,
1607 1384 1674 1410 quas

882 1427 912 1455 in
921 1427 1071 1462 Apparatu,
1086 1426 1132 1460 qui
1148 1425 1223 1460 prior
1248 1424 1346 1460 legitur
1358 1444 1367 1456 ,
1394 1424 1488 1450 merito
1503 1423 1552 1458 τῆς
1569 1422 1674 1454 νοθείας

884 1473 1010 1501 revincis.
1027 1476 1053 1499 et
1069 1476 1158 1498 tamen
1172 1479 1265 1498 earum
1278 1470 1440 1497 auctoritate
1457 1473 1548 1504 postea
1563 1467 1675 1502 stepius-

885 1520 942 1548 cule
960 1519 1055 1551 uteris,
1071 1518 1148 1553 quasi
1165 1522 1250 1544 essent
1264 1516 1401 1552 legitima,
1417 1523 1462 1541 nec
1474 1514 1568 1541 titulus
1584 1518 1676 1540 aucto-

886 1574 940 1594 rem
953 1566 1119 1593 mentiretur.
1142 1563 1243 1592 Saltem
1260 1563 1293 1590 de
1312 1564 1367 1590 ista
1380 1568 1426 1588 tua
1439 1560 1575 1588 sementim
1587 1565 1676 1586 muta-

888 1612 957 1639 tione
969 1610 1073 1647 aliquid
1086 1611 1276 1647 signiﬁcasses.
1294 1609 1382 1644 Epist.
1400 1616 1428 1644 p.
1448 1607 1510 1635 181.
1528 1606 1601 1640 Haec,
1614 1606 1676 1641 cpi-

887 1666 949 1692 nor,
964 1658 991 1685 in
1011 1657 1160 1690 Sarravio,
1179 1656 1301 1684 maximo
1320 1655 1447 1683 Salmasii
1473 1652 1675 1690 hyperaspista,

886 1705 969 1733 etiam
985 1704 1024 1731 illi
1036 1703 1108 1731 terre
1124 1706 1252 1738 possunt,
1271 1702 1319 1738 qui
1332 1701 1429 1729 eadem
1457 1701 1486 1728 in
1503 1698 1676 1734 Hammondo

886 1758 941 1778 non
962 1749 1063 1777 ferunt.

922 1796 1007 1824 David
1031 1796 1114 1824 etiam
1139 1794 1308 1827 Blondellus,
1324 1798 1356 1821 ut
1380 1793 1440 1829 ipse
1463 1792 1491 1820 in
1514 1791 1677 1820 Prafatione

886 1842 1024 1878 Apologia
1040 1841 1152 1875 fatetur,
1166 1841 1373 1877 quamprimum
1396 1839 1576 1875 epistolarum
1601 1837 1678 1873 prio-

886 1896 949 1916 rum
969 1896 1016 1916 sex
1040 1888 1151 1916 lsaacus
1166 1887 1281 1915 Vossius
1298 1886 1405 1922 copiam
1424 1885 1498 1917 fecit,
1520 1892 1568 1912 eas
1588 1884 1676 1911 avidis

887 1935 975 1963 oculis
990 1935 1092 1969 hausit,
1108 1942 1192 1962 manu
1208 1933 1320 1969 propria
1335 1931 1488 1967 descripsit,
1503 1939 1566 1959 cum
1586 1930 1677 1958 citatis

888 1987 904 2006 a
917 1979 1054 2007 veteribus
1077 1979 1145 2006 locis
1171 1978 1293 2005 studiose
1311 1975 1438 2007 contulit,
1458 1975 1558 2003 saeculo
1581 1980 1677 2002 nostro

888 2026 1050 2062 gratulatus,
1072 2024 1146 2060 quod
1170 2024 1237 2051 illud
1260 2024 1351 2059 ipsum
1373 2021 1522 2057 exemplar,
1538 2028 1593 2056 quo
1615 2025 1678 2047 ante

888 2071 959 2099 1500
972 2079 1059 2098 annos
1073 2079 1141 2099 usus
1153 2075 1213 2098 erat
1233 2069 1380 2102 Eusebius,
1395 2075 1496 2095 novam
1513 2067 1564 2102 ipsi
1579 2073 1678 2102 propc-

888 2118 959 2146 diem
975 2117 1133 2145 allulsuram
1148 2116 1238 2143 lucem
1253 2114 1409 2150 sponderet.
1417 2112 1470 2141 Sed
1481 2117 1625 2149 postquam
1637 2115 1678 2138 at-

889 2164 1004 2192 tentiore
1019 2164 1111 2191 animo
1131 2161 1302 2196 singularum
1317 2165 1345 2188 et
1357 2160 1470 2195 phrasin
1492 2163 1520 2187 et
1534 2157 1677 2186 materiam

24 2223 140 2250 ι-ὶιιεαι.
889 2214 916 2238 et
935 2210 1060 2238 ordinem
1077 2209 1216 2244 expendit,
1229 2206 1399 2235 blandientes
1414 2210 1495 2233 antea
1517 2212 1580 2239 spes
1600 2203 1679 2238 pudi-

65 2270 173 2304 Qﬂal'e
184 2265 281 2295 statim
296 2271 330 2292 ex
345 2260 563 2298 protestantibus
574 2258 699 2286 Andreas
710 2256 836 2288 Rivetus.
852 2252 876 2288 b
889 2255 999 2284 bundus
1020 2255 1138 2290 abjicere
1152 2258 1275 2287 coactus,
1290 2253 1369 2280 bona:
1382 2251 1494 2278 Patrum
1508 2249 1570 2277 tidei
1586 2249 1678 2283 impu-

3 1064 99 1091 cimen
113 1061 276 1097 singulare
287 1060 422 1091 exhibuit,
435 1064 493 1086 tum
505 1058 636 1086 Ecclesiae
650 1057 829 1085 utilissimam

4 1114 32 1135 et
45 1109 132 1136 hisce
144 1105 333 1142 temporibus
344 1105 465 1132 maxime
480 1104 629 1132 salutarem
641 1110 752 1138 operam
760 1109 830 1138 pra:-

6 1156 92 1183 stitit.

44 1201 75 1229 ld
92 1208 169 1229 vero
189 1199 229 1227 ad
244 1198 388 1227 cumulum
407 1196 533 1228 accessit,
549 1196 624 1232 quod
637 1195 681 1223 vir
695 1199 830 1231 praestan-

7 1249 146 1276 tissimus
161 1251 193 1275 et
210 1246 293 1274 omni
311 1244 444 1272 doctrina:
457 1250 556 1278 genere
570 1241 720 1269 admodum
734 1240 830 1268 excul-

9 1300 67 1327 tus,
83 1293 216 1322 lsaacus
232 1290 353 1319 Vossius
364 1290 492 1318 Graecum
508 1288 648 1323 exemplar
662 1286 759 1321 (quod,
771 1285 832 1321 opi-

10 1350 75 1374 nor,
91 1339 225 1367 inﬁnitae
238 1337 369 1366 lectionis
389 1327 543 1367 Titrrianus,
555 1339 666 1363 centum
682 1334 738 1361 fere
752 1334 831 1360 annis

9 1392 77 1414 ante
94 1385 230 1418 viderat,
242 1388 272 1411 et
285 1383 504 1411 vetustissimum
520 1379 832 1413 emendatissimumque

9 1440 71 1461 esst
88 1436 225 1460 testatus
239 1428 296 1464 est)
320 1436 336 1456 e
349 1428 469 1456 Medicea
482 1426 651 1454 Bibliotheca
663 1424 831 1459 exscriptum

12 1478 206 1514 produceret,
227 1475 299 1503 viris
309 1473 478 1502 doctissimis
492 1471 661 1500 amicissime
675 1469 832 1498 communi-

14 1530 106 1557 caret,
125 1528 158 1551 et
181 1521 325 1558 quoniam
341 1520 447 1547 Latinae
460 1518 580 1547 versioni
601 1518 636 1545 ab
654 1516 768 1545 Usserio
781 1524 832 1551 pu-

16 1572 127 1599 blicata:
157 1567 298 1604 apprime
318 1573 472 1594 consonum
496 1564 700 1596 animadvertit,
716 1570 780 1591 cum
801 1569 833 1589 ea

17 1618 100 1645 simul
119 1614 355 1651 imprimendum
372 1620 404 1640 ac
419 1612 490 1639 notis
506 1610 701 1638 illustrandum
714 1613 833 1637 curaret.

17 1663 83 1696 ρων
105 1669 181 1690 cum
212 1664 272 1686 tam
297 1658 385 1685 amice
400 1657 602 1692 conspirarent,
617 1662 672 1682 non
695 1653 833 1682 dubitavit

18 1716 154 1737 asserere
179 1707 336 1734 doctorum
356 1703 479 1731 virorum
495 1710 556 1737 par,
573 1701 683 1730 easdem
699 1699 836 1735 Epistolas

16 1756 138 1783 tandem
152 1760 215 1781 nos
231 1751 346 1782 habere,
368 1757 440 1785 quas
456 1749 563 1782 [habuit
587 1747 741 1781 Eusebius,
767 1753 837 1781 quas

18 1801 109 1829 edidit
124 1800 323 1835 Polycarpus,
340 1804 409 1832 quas
426 1795 537 1830 scripsit
550 1795 683 1829 lgnatius.

54 1847 156 1881 Quam
174 1844 249 1871 viris
263 1842 379 1870 eruditis
391 1845 465 1878 grata
479 1840 562 1868 fuerit
574 1840 632 1868 haec
638 1839 728 1867 Vossii
741 1838 836 1872 editio,

20 1895 64 1922 vel
88 1893 163 1921 inde
189 1894 283 1927 patet,
302 1889 377 1927 quod
397 1887 529 1916 Claudius
553 1886 710 1919 Sarravius,
726 1889 837 1913 senator

20 1926 220 1970 Parisiensis,
234 1937 271 1964 ab
285 1926 349 1971 ipso
364 1935 391 1962 in
406 1934 480 1962 notis
493 1934 580 1961 obiter
595 1929 733 1965 laudatus,
743 1931 768 1959 ei
778 1931 838 1958 haec

21 1984 232 2022 rescripserit:
259 1982 317 2018 Ago
340 1982 430 2017 itaque
453 1980 568 2016 gratias,
591 1987 640 2014 ago
662 1979 766 2013 gratias
780 1977 838 2004 'tibi

23 2040 170 2064 sumi-as,
180 2030 222 2057 mi
242 2027 338 2061 Vossi,’
353 2033 478 2055 tetemum
494 2026 565 2053 enim
576 2033 616 2052 me
632 2024 680 2052 tibi
694 2023 837 2051 devinxisti

22 2085 108 2107 tanto
127 2084 156 2105 et
180 2081 240 2103 tam
253 2075 384 2111 prmelaro
402 2081 466 2108 erga
479 2073 658 2100 immerentem
673 2070 836 2097 testimonio.

30 2127 123 2153 Video
136 2124 215 2151 enini
226 2122 264 2149 ibi
277 2121 378 2157 famam
389 2127 476 2147 meam
488 2118 631 2146 aeternitati
647 2120 838 2149 consecratam,

21 2184 56 2202 eo
82 2174 286 2202 monumento,
313 2166 383 2203 quod
402 2173 469 2193 saxa
490 2169 515 2193 et
537 2172 674 2192 marmora
698 2163 839 2190 durattone

25 2302 99 2347 cum
118 2315 146 2343 ei
168 2312 303 2342 leserius
317 2316 418 2338 novam
434 2307 529 2344 lgnatii
545 2314 579 2334 ex
594 2305 680 2333 veteri
696 2304 768 2331 libro
782 2302 842 2330 edi-

26 2366 145 2393 tionem
161 2357 417 2389 communicasset.
440 2355 468 2382 in
484 2353 580 2381 ultima
600 2351 696 2379 Critici
713 2350 755 2378 sui
770 2348 841 2376 sacri

26 2407 236 2445 recognitione
251 2404 326 2432 illius
338 2401 473 2438 judicium
494 2403 606 2427 secutus
618 2401 679 2425 est:
706 2399 733 2424 et
748 2403 781 2422 ex
796 2393 842 2421 Je-

28 2440 126 2488 suitis
147 2452 299 2483 Petavius,
326 2448 430 2477 Graecis
452 2444 543 2473 Vossii
566 2448 594 2471 et
616 2443 722 2470 Latinis
736 2440 841 2469 Usserii

29 2500 206 2538 conspectis
223 2508 231 2527 :
251 2497 328 2529 Hec,
337 2495 437 2530 inquit,
453 2494 568 2528 prudens
589 2496 615 2519 et
636 2490 711 2525 justa
725 2488 842 2523 suspicio

29 2555 89 2583 est,
110 2537 179 2575 illas
202 2553 259 2572 esse
273 2542 402 2579 genuinas
418 2539 522 2576 Ignatii
536 2537 688 2573 Epistolas,
702 2543 768 2571 quas
793 2542 843 2560 an-

32 2581 184 2631 tignorum
199 2596 343 2617 consensus
357 2585 509 2614 illustribus
532 2581 690 2611 testimoniis
708 2588 842 2608 commen-

31 2625 125 2669 datus
139 2642 166 2665 et
187 2635 352 2671 approbatas
371 2631 489 2667 reliquit.
512 2628 586 2657 Idem
610 2628 692 2655 etiam
708 2625 842 2662 judicium

35 2688 151 2719 δίει)ιεί
175 2683 290 2713 Fabroti
319 2681 383 2713 fuit,
397 2684 427 2706 nt
452 2677 601 2706 ostendunt
628 2679 699 2703 notae
722 2674 783 2709 ejus
808 2673 843 2700 ad

37 2734 234 2764 Anastasium.
267 2728 299 2757 S.
330 2726 473 2762 Ignatius,
504 2721 626 2758 Epistola
652 2721 687 2748 ad
716 2719 843 2755 Ephesios

39 2784 48 2812 ζ
52 2780 142 2807 edidit
149 2777 274 2805 eruditus
286 2773 328 2802 vir
336 2771 451 2799 Isaacus
463 2767 584 2804 Vossius)
593 2771 620 2795 et
628 2767 720 2794 statim
730 2765 845 2792 Pseudo-

0 2839 2 2841 -
42 2811 171 2861 ignauus
186 2824 214 2851 in
230 2819 350 2857 epistola
371 2817 406 2844 ad
422 2814 609 2848 Antiocheam,
625 2817 652 2841 et
672 2812 748 2845 alibi,
766 2811 844 2838 Vetus

40 2857 174 2906 interpres
191 2866 328 2904 Epistolas
352 2863 388 2891 ad
402 2861 595 2897 Philippenses,
612 2867 670 2895 qius
691 2857 847 2906 S._lgnatio

44 2903 199 2946 ascribitur.
210 2915 252 2944 Ita
266 2915 314 2943 ille
330 2910 467 2948 genuinas
478 2906 616 2944 Epistolas
628 2913 644 2934 a
660 2903 761 2941 spuriis
775 2910 846 2938 saepe

891 2302 986 2330 denter
997 2300 1108 2328 illusum
1122 2299 1221 2333 doluit,
1244 2301 1272 2326 et
1295 2296 1464 2333 argumentis
1479 2295 1644 2332 quibusdam
1661 2302 1678 2322 a

891 2347 988 2384 priori,
995 2355 1077 2383 quam
1085 2347 1118 2375 de
1129 2345 1277 2382 lgnatianis
1284 2344 1409 2380 epistolis
1416 2341 1679 2377 imbiberat,opinio-

891 2401 927 2428 ne
947 2393 1088 2429 depulsus,
1102 2400 1150 2420 eas
1172 2399 1268 2419 omnes
1290 2390 1478 2426 supposititias
1500 2388 1611 2417 credere
1632 2395 1680 2415 co-

892 2444 969 2469 actus
992 2445 1044 2468 est.
1069 2439 1161 2476 ipsum
1185 2442 1277 2466 autem
1303 2437 1492 2473 impostorem,
1510 2435 1558 2471 qui
1582 2434 1679 2471 lgnatii

892 2487 1020 2522 martyris
1044 2494 1144 2514 nomen
1162 2489 1275 2520 septem,
1290 2483 1418 2516 Eusebio,
1434 2481 1595 2515 Athanasio,
1614 2479 1679 2508 Ilie-

892 2537 1009 2566 ronymo
1024 2529 1153 2562 laudatis,
1170 2528 1299 2564 Epistolis
1312 2527 1447 2564 appinxit,
1456 2526 1537 2562 longe
1550 2530 1614 2562 post
1629 2533 1679 2553 an-

893 2583 959 2604 num
983 2575 1163 2604 centesimum
1185 2575 1425 2611 quadragesimum
1440 2577 1578 2608 quartum,
1596 2571 1680 2599 adeo-

894 2629 948 2657 que
964 2626 1024 2657 post
1039 2621 1190 2649 Clementis
1202 2620 1390 2654 Alexandrini,
1408 2622 1465 2647 toto
1482 2619 1540 2647 fere
1549 2623 1679 2646 centena-

893 2669 936 2696 rio
952 2668 1057 2704 lgnatio
1068 2667 1240 2704 posterioris,
1254 2667 1370 2699 obitum,
1387 2665 1521 2701 prodiisse
1534 2665 1625 2692 tradit.

930 2715 1083 2750 Antequam
1099 2713 1157 2741 haec
1170 2720 1186 2740 a
1200 2711 1339 2740 Blondello
1356 2712 1512 2745 ederentur,
1535 2715 1680 2746 postquam

895 2768 961 2789 vero
975 2761 1009 2789 ab
1021 2760 1161 2795 opinione,
1184 2766 1268 2794 quam
1283 2766 1299 2785 e
1313 2757 1434 2786 Mediceo
1453 2757 1546 2785 codice
1561 2756 1680 2792 primum

896 2807 1050 2840 imbiberat,
1064 2805 1195 2841 depulsus
1206 2808 1259 2838 est,
1273 2804 1406 2832 sententia
1420 2804 1480 2839 ejus
1492 2802 1600 2837 Hngoni
1612 2801 1681 2829 Gro-

896 2855 946 2888 tio,
958 2853 1017 2881 viro
1030 2852 1161 2886 maximo,
1175 2849 1305 2884 innotuit,
1315 2850 1374 2886 qui,
1387 2850 1452 2885 quid
1467 2850 1500 2878 de
1513 2857 1544 2877 ea
1557 2849 1680 2881 sentiret.

898 2901 925 2930 in
938 2899 1053 2936 epistola
1068 2899 1100 2928 ad
1112 2897 1263 2928 Ger-arcium
1278 2896 1405 2926 Vossium
1421 2896 1483 2926 data
1499 2900 1627 2932 protenus
1640 2895 1679 2923 si-
