1874 3070
259 158 294 185 03
789 159 819 186 S.
837 157 1011 187 IGNATIUS.
1029 171 1066 179 —-
1083 157 1349 186 ΡῐιοιεαυιεΜ.
1860 159 1864 183 l

258 215 396 252 gnidcavtt
405 225 413 243 :
422 215 588 249 Blondellus,
603 223 704 251 magna
715 216 754 243 uir
766 215 973 251 diligentiae,“
986 223 1041 243 sum
1055 219 1078 248 Α
1092 215 1227 244 Salmasio
1236 220 1263 244 et
1272 214 1634 248 Blondello;dissertationes
1640 218 1771 249 quatuor,
1784 213 1864 248 quibi

257 261 330 296 parti
352 269 430 295 super
451 269 556 296 aequum
576 261 710 294 addictus,
734 262 797 296 quid
821 262 854 288 de
872 262 1000 296 episcopis
1017 266 1042 288 el

256 306 415 342 presbyteris
428 308 537 341 sentiat,
548 315 581 335 ea:
591 307 696 341 scriptis
708 307 764 342 ejus
775 307 886 334 antehac
900 307 978 334 editis
991 315 1042 334 non

256 353 397 381 obscurum
417 359 466 381 est.
484 353 653 389 [inprimitur
667 362 738 380 nunc
751 353 822 388 apud
835 353 958 380 Blauium
976 353 1043 380 liber

255 399 313 433 ejus
327 399 478 434 specialiter
495 399 527 426 de
540 407 570 426 eo
591 404 745 434 argumento
756 406 766 426 :
780 398 894 434 Cognovi
908 405 996 426 autem
1010 406 1043 426 es:

256 451 376 470 sermone
392 444 474 478 ipsius
488 444 594 470 omnino
606 452 666 471 eum
679 444 727 471 hoc
749 452 826 479 agere
837 443 911 476 velle,
935 448 964 470 ut
990 443 1043 470 ali-

255 489 320 520 quid
338 489 452 523 reperiat
469 488 537 515 unde
549 489 650 523 famam
668 493 788 524 spargat,
800 493 824 515 te
839 488 867 515 in
880 496 910 515 ea
923 497 951 515 re
965 488 1042 523 plane

255 543 342 563 secum
362 535 468 562 seruire.
491 533 592 570 [gnatis'
608 534 754 569 Epistolas,
768 542 835 570 quas
850 534 923 569 [ilius
936 538 997 561 tuus
1009 541 1052 570 ex,

256 580 340 607 Italia
353 580 444 607 attulit
459 588 541 614 puras
552 579 585 606 ab
600 579 721 607 omnibus
734 580 779 612 iis,
791 587 852 615 qute
864 579 962 606 eruditi
976 578 1042 605 Isae-

256 629 330 652 tenus
341 629 461 659 suspecta
476 625 599 658 habuere,
614 625 673 652 ideo
685 625 826 652 admittere
836 632 888 651 non
899 624 965 655 vult,
980 624 1042 659 quia

254 671 451 706 episcopatuum
466 671 591 698 vetustati
607 671 710 698 clarum
722 671 838 706 prmbent
852 670 1041 698 testimonium.

255 717 415 752 Argumenta
428 717 482 744 alio
496 725 547 744 nou
562 717 659 749 utitur,
683 725 762 752 qstam
780 718 848 753 quod
860 717 888 744 in
900 717 954 744 illis
964 716 1042 744 verba

255 763 375 797 quadam
384 768 529 798 appareant
541 763 703 799 elegantiora
713 771 792 799 quam
802 763 885 790 solent
896 763 923 790 in
936 767 1042 797 aposto-

255 810 366 836 licorum
391 809 497 843 scriptis
521 809 648 844 reperiri;
668 809 760 844 quales
783 813 844 835 sunt
871 808 1041 840 ἁξιέπαινοι,

255 854 503 891 ἀξιομνημόνευτα,
517 860 542 882 et
556 856 666 882 similia.
687 855 751 882 Dixi
769 863 828 890 ego,
844 855 917 889 paris
932 859 1042 880 moneta:

1091 261 1264 297 episcopatus
1281 261 1343 297 jura
1361 269 1393 288 es
1415 261 1517 289 sanctis
1533 260 1686 295 Scripturis
1705 264 1734 288 et
1751 260 1864 295 primas

1092 308 1254 343 antiquitate
1275 312 1448 338 astruuntur,
1463 307 1559 340 edidit,
1577 312 1604 334 et
1620 314 1716 334 earum
1731 306 1863 333 secunda

1092 353 1126 381 de
1141 352 1235 388 Ignatii
1251 353 1361 388 scriptis
1375 352 1502 380 instituit.
1518 351 1547 379 In
1569 352 1616 379 illa
1637 356 1730 379 autem
1751 351 1864 378 dissert

1093 399 1167 426 tione
1180 399 1270 434 primo
1285 398 1419 434 quidquid
1439 398 1473 425 ad
1488 398 1539 425 has
1558 396 1664 433 lgnatio
1683 396 1864 431 abjudicand;

1091 444 1221 479 epistolas
1234 444 1335 472 dictum
1350 449 1404 477 est,
1420 443 1579 471 solemniter
1589 442 1622 470 ad
1637 450 1755 470 examen
1766 443 1864 469 vocavi

1092 489 1212 518 Secundo
1225 490 1349 525 quaedam
1364 490 1479 523 addidit,
1496 497 1558 525 quae
1580 488 1741 517 earumdem
1766 493 1864 515 auctor

1092 539 1175 563 tatem
1189 535 1339 563 stabiliant.

1126 580 1167 608 Ad
1183 581 1242 608 hac
1254 580 1421 609 ﬂammandi
1438 581 1507 608 nihil
1521 580 1686 614 Salmasius,
1707 578 1785 607 nihil
1809 578 1864 606 ΒΙοι

1091 626 1180 654 delius
1202 627 1333 662 reposuit.
1357 626 1436 655 Domi
1461 632 1553 654 autem
1577 626 1736 661 theologus,
1763 624 1864 652 Joanru

1092 669 1211 700 Owenus
1242 676 1352 700 nostras
1374 672 1401 699 in
1429 671 1595 700 Praeiatione
1620 672 1743 707 quadam
1774 670 1864 706 Anglit

1092 715 1195 751 scripta
1210 717 1297 745 multa
1320 717 1349 745 in
1371 716 1589 745 Hammondiana
1610 715 1706 752 lgnatii
1721 716 1863 744 defensior

1091 761 1193 796 culpat,
1205 770 1267 797 qua
1287 763 1418 798 peculiari
1439 763 1553 799 scripto,
1569 763 1660 799 lingua
1681 763 1771 790 etiam
1795 767 1864 790 nosti

1092 805 1280 836 Hammondus
1299 808 1431 838 defendit.
1448 807 1507 836 Non
1533 813 1622 836 tamen
1645 807 1770 836 Owenus
1792 815 1864 836 eorm

1092 854 1255 881 sententiam
1278 854 1387 889 probat,
1400 855 1447 890 qui
1462 854 1594 890 epistolas
1608 861 1704 882 omnes
1726 853 1864 889 lgnatiana

255 901 381 928 vocabula
394 909 445 928 non
455 909 541 936 pauca
554 909 610 928 esse
621 902 648 928 in
662 900 803 928 Clementis
819 899 950 935 Epistola,
962 907 1042 935 quam
1057 912 1079 940 Β
1092 902 1223 934 tanquam
1244 900 1323 927 ﬁctas
1344 904 1371 928 et
1392 901 1582 936 supposititias
1605 899 1733 928 absolute
1752 900 1864 927 condem

253 951 400 982 suspectam
414 955 464 974 non
478 947 556 974 habet
571 956 581 975 :
596 947 737 975 adhesisse
752 946 808 974 haec
821 946 868 973 diu
882 953 915 972 es:
930 944 1041 972 lectione

254 992 417 1026 Grecorum,
433 993 479 1028 qui
490 993 602 1020 nitidius
617 994 790 1028 scripserant.

287 1038 496 1074 Quamprimum
512 1043 602 1066 autem
618 1038 802 1066 Blondelliana
821 1038 848 1065 in
872 1037 959 1064 lucem
974 1043 1039 1072 pro—

252 1084 353 1116 dirent,
365 1088 392 1112 et
407 1083 517 1112 lsaacus
526 1083 641 1112 Vossius
653 1084 776 1112 codicem
787 1083 950 1116 Mediceum,
958 1089 1040 1117 quem

253 1135 308 1158 tam
324 1130 439 1158 feliciter
450 1130 583 1161 ediderat.
595 1134 651 1157 tam
674 1130 745 1158 male
765 1133 910 1158 tractatum
924 1128 1039 1162 videret,

251 1177 345 1204 statim
359 1176 474 1211 epistola
489 1177 523 1204 ad
536 1175 662 1203 Rivetum
676 1175 797 1204 rationes
810 1173 979 1210 perscripsit,
989 1181 1040 1201 cur

251 1230 314 1250 cum
341 1230 397 1249 non
422 1222 536 1249 omnino
550 1228 710 1257 permovere
733 1220 871 1256 potuerint
885 1221 1040 1254 argumenta

250 1267 310 1301 illa,
322 1275 381 1302 qua
400 1266 486 1294 David
508 1265 663 1294 Blondellus
676 1266 711 1293 ad
727 1264 891 1292 evertendam
904 1262 1039 1298 Epistola-

250 1322 310 1341 rum
323 1313 423 1349 Ignatii
434 1314 569 1341 veritatem
580 1312 684 1340 attulit.
698 1311 767 1339 Huic
780 1310 901 1346 epistola:
911 1309 1038 1337 Blondel-

250 1359 295 1387 Ius
318 1360 445 1387 adnotata
471 1367 521 1387 sua
545 1359 671 1394 aspersit,
686 1362 714 1386 et
736 1361 867 1392 praeterea
894 1355 1038 1384 stricturas

249 1406 381 1440 quasdam
395 1404 430 1432 ad
445 1404 536 1432 Vossii
548 1403 633 1431 Notas
647 1407 711 1431 ante
721 1402 823 1435 editas;
836 1401 937 1437 quibus
952 1401 1038 1428 altera

248 1451 389 1487 prolixiori
401 1450 516 1485 epistola
528 1450 562 1478 ad
576 1449 702 1477 Rivetum
713 1449 816 1484 pariter
827 1448 911 1475 missa
925 1445 1039 1474 isaacus

248 1501 378 1524 accurate
395 1496 546 1532 respondit.
563 1494 627 1523 Hac
649 1498 740 1522 autem
766 1493 858 1522 omnia
880 1500 943 1520 cum
965 1491 1037 1526 apud

248 1541 338 1576 ipsum
352 1540 480 1568 Vossium
497 1540 545 1568 diu
564 1540 734 1573 delituerint,
751 1547 801 1574 pro
816 1545 923 1566 summa
939 1537 1037 1564 huma-

247 1587 342 1620 nitate,
355 1591 382 1614 et
393 1587 480 1614 bonas
493 1586 599 1614 litteras
613 1585 725 1621 iuvandi
737 1584 901 1619 studio,quo
916 1590 972 1618 pm
985 1589 1038 1609 ca:-
1051 1577 1073 1606 C

247 1633 315 1660 teris
341 1632 470 1660 omnibus
487 1632 561 1665 ,viris
585 1631 673 1660 doctis
698 1630 815 1666 ﬂagrare
836 1629 955 1661 videtur,
969 1627 1036 1654 mihi

247 1678 357 1706 tandem
375 1678 402 1705 in
419 1680 470 1706 hac
484 1685 566 1706 arena
580 1677 723 1705 desudanti
737 1675 902 1704 amicissime
912 1681 1038 1702 commu-

247 1724 360 1757 nicavit,
374 1727 402 1751 et
418 1724 575 1759 elllagitanti
591 1727 622 1751 ut
634 1730 697 1751 cum
710 1722 812 1750 nostris
830 1721 986 1752 ederentur,
1002 1719 1036 1747 li-

246 1769 408 1797 bentissime
421 1769 568 1797 concessit.

282 1814 437 1848 Quinetiam
453 1815 677 1849 archiepiscopus
687 1814 878 1842 Armacbanus
888 1812 916 1841 in
927 1812 1036 1848 Appen-

246 1860 317 1893 dice,
330 1859 455 1895 proximo
469 1864 531 1894 post
545 1858 677 1887 Blondelli
691 1859 850 1894 Apologiam
865 1865 939 1886 anno
950 1858 1033 1891 edita,

247 1909 342 1936 mirari
365 1909 432 1936 satis
454 1915 485 1936 se
507 1915 562 1936 non
588 1907 712 1943 potuisse
726 1907 878 1942 proﬁtetur,
893 1906 963 1934 duos
984 1905 1033 1933 hos

247 1954 339 1990 magni
365 1953 486 1982 nominis
508 1953 593 1986 viros,
616 1952 783 1980 Salmasium
803 1955 831 1979 et
849 1951 1032 1983 Blondellum,

246 1999 413 2035 coniecturis
424 1999 484 2027 suis
497 2003 604 2027 tantum
615 1999 758 2032 tribuisse,
769 2005 832 2026 cum
847 1996 986 2033 Polycarpi
998 1996 1033 2023 ad

247 2045 435 2081 Philippeuses
448 2045 564 2076 litteras.
580 2045 681 2080 quibus
697 2043 852 2080 lgnatianas
864 2050 880 2070 a
894 2050 926 2070 se
938 2041 1031 2077 subje-

248 2095 305 2119 ctas
318 2090 403 2118 fuisse
422 2091 482 2126 ipse
495 2090 650 2123 conﬁrmat,
668 2097 812 2125 germanas
826 2089 913 2117 fuisse
926 2088 1031 2116 fatean-

247 2141 301 2168 tur,
318 2141 346 2163 et
368 2136 418 2163 has
439 2135 512 2170 ipsas
528 2143 589 2170 qua:
602 2135 707 2170 Ignatio
721 2135 881 2163 tribuuntur
895 2134 1031 2170 Epistolas

246 2185 275 2213 in
288 2184 410 2212 Mediceo
425 2181 522 2210 codice
533 2188 548 2209 a
560 2180 671 2209 novitiis
684 2183 852 2209 assumentis
866 2184 977 2210 demum
999 2184 1032 2210 li-

1091 949 1158 972 nant
1171 953 1179 972 :
1195 944 1251 972 imo
1262 946 1291 973 in
1304 953 1399 973 earum
1412 946 1549 981 aliquibus
1564 954 1670 973 suavem
1683 950 1708 972 et
1723 945 1864 981 gratiosun

1091 995 1122 1018 ut
1133 995 1272 1020 nostrates
1285 992 1444 1027 loquuntur,
1456 993 1529 1028 ﬁdei,
1544 992 1706 1025 dilectionis,
1717 993 1864 1020 sanctitati:

1089 1041 1115 1064 et
1129 1037 1180 1064 zeli
1195 1037 1245 1065 Dei
1259 1038 1384 1073 spiritum
1407 1039 1551 1073 spirantem
1575 1043 1600 1066 et
1626 1043 1784 1074 operantem
1800 1045 1864 1073 agno

1090 1083 1153 1110 scit.
1169 1082 1286 1111 Ministri
1299 1084 1381 1112 etiam
1397 1084 1586 1112 Londinenses
1597 1092 1660 1112 cum
1675 1084 1816 1116 Sculteto,
1832 1083 1864 1111 γε

1089 1128 1162 1156 dclio
1179 1133 1207 1156 et
1229 1128 1326 1157 Riveto
1348 1129 1464 1165 professi
1487 1135 1552 1158 sunt
1581 1138 1612 1158 se
1642 1130 1761 1158 minime
1789 1138 1864 1158 omne

1089 1173 1255 1209 reprobare;
1274 1175 1321 1203 sed
1337 1175 1374 1203 ita
1387 1176 1422 1203 de
1433 1176 1598 1211 corruptelis
1611 1176 1698 1204 locuti
1717 1180 1799 1208 sunt,
1813 1183 1845 1203 ac
1858 1184 1864 1203 ε

1088 1218 1223 1247 editiones
1248 1218 1351 1248 Usserii
1379 1220 1525 1256 Vossiique
1551 1229 1694 1257 nunquam
1721 1222 1856 1250 vidissent

1088 1270 1161 1294 certe
1176 1267 1241 1301 quid
1256 1267 1290 1294 de
1305 1266 1434 1302 Epistolis
1450 1267 1588 1296 delazcatis
1606 1268 1754 1304 sentirent,
1770 1269 1864 1297 minim

1089 1311 1254 1339 indicarunt.

1123 1356 1291 1393 Theophilus
1302 1363 1393 1386 autem
1405 1357 1571 1394 Raynaudus
1583 1359 1612 1387 in
1623 1358 1826 1388 Erotematibus
1834 1368 1864 1388 ne

1088 1407 1134 1438 gat
1142 1403 1285 1438 epistolam
1298 1405 1332 1432 ad
1344 1404 1458 1432 Mariam
1470 1404 1612 1440 Deiparam
1621 1413 1683 1434 esse
1697 1406 1862 1441 Ignatianam

1088 1447 1238 1483 Epistolam
1261 1454 1359 1483 tamen,
1380 1450 1480 1486 inquit,
1501 1451 1536 1478 ad
1560 1451 1677 1478 Mariam
1694 1451 1864 1479 Cassobolitet

1087 1501 1142 1520 esse
1155 1493 1184 1521 S.
1198 1493 1300 1530 lgnatii
1313 1495 1404 1529 fatum
1418 1497 1570 1531 genuinum,
1582 1502 1659 1524 extra
1672 1498 1864 1525 controuersiam

1087 1546 1175 1573 pono;
1195 1540 1324 1576 quidquid
1349 1541 1512 1568 contrarium
1534 1542 1614 1576 pauci
1633 1542 1745 1577 quidam
1774 1541 1862 1569 uetari

1088 1583 1259 1618 eﬁ‘utiocrint.

1122 1628 1283 1658 Edmundus
1295 1630 1378 1658 etiam
1392 1630 1550 1659 Albertinus
1565 1631 1670 1660 Usserii
1688 1632 1863 1668 responsioni

1086 1675 1138 1703 bus
1160 1680 1188 1704 et
1211 1676 1377 1705 ﬂammandi
1396 1677 1585 1706 dissertationi
1599 1679 1713 1706 minime
1728 1679 1862 1714 acquievit.

1088 1722 1136 1749 sed
1157 1722 1184 1749 in
1208 1722 1288 1750 libris
1311 1723 1350 1750 De
1371 1723 1533 1751 eucharistia
1552 1723 1649 1752 Latine
1660 1724 1744 1753 editis
1758 1725 1862 1753 decreto

1085 1767 1155 1795 riam
1183 1769 1347 1796 sententiam
1378 1769 1407 1796 in
1434 1769 1494 1798 haec
1519 1769 1603 1798 verba
1634 1770 1752 1805 protulit
1779 1780 1786 1798 :
1814 1769 1862 1796 Νοι

1085 1815 1231 1849 negaverim
1243 1814 1380 1850 Ignatium
1390 1815 1516 1851 epistolas
1528 1816 1633 1851 aliquas
1647 1817 1788 1850 scripsisse
1799 1824 1808 1843 :
1818 1816 1862 1846 sed,

1084 1859 1108 1886 si
1123 1868 1188 1895 quas
1202 1861 1320 1895 scripsit,
1339 1860 1395 1888 ille:
1414 1861 1548 1896 perierunt
1563 1869 1574 1889 :
1587 1866 1613 1889 et
1634 1862 1724 1897 plures
1748 1862 1810 1889 alite
1825 1862 1861 1888 sui

1084 1905 1158 1933 illius
1169 1907 1273 1934 nomine
1285 1907 1357 1934 circa
1369 1907 1484 1934 medium
1497 1908 1606 1934 secundi
1617 1907 1710 1935 saeculi
1719 1908 1861 1943 composila

1083 1957 1156 1986 sunt,
1182 1961 1215 1980 ac
1235 1954 1341 1980 incaute
1365 1957 1390 1980 et
1407 1953 1504 1989 absque
1520 1954 1643 1981 examine
1657 1962 1673 1981 a
1686 1955 1818 1982 ueteribus
1831 1962 1861 1980 re<

1083 2003 1174 2034 cepte.
1189 1997 1223 2026 Et
1239 1999 1335 2026 eodem
1356 2005 1430 2026 anno
1451 1998 1572 2027 Joannes
1594 1999 1724 2033 Dallteus.
1749 2000 1820 2029 libro
1834 1999 1860 2027 De

1078 2044 1190 2079 jejuniis
1212 2050 1237 2072 et
1262 2045 1475 2080 Quadragesima
1497 2045 1590 2079 tertio,
1607 2045 1702 2073 Totum
1727 2047 1782 2074 hoc
1803 2046 1860 2082 quod

1083 2089 1183 2126 Ignatii
1200 2091 1304 2119 nomine
1318 2091 1505 2126 circumfertur
1519 2091 1701 2126 Epistolarum
1721 2101 1792 2129 opus
1811 2100 1860 2127 ssp-

1081 2137 1230 2172 posititium
1243 2145 1310 2169 esse,
1326 2137 1545 2173 sanctissimeque
1565 2138 1677 2173 martyri
1699 2146 1756 2166 non
1781 2139 1860 2174 paucis

1081 2187 1139 2217 post
1153 2183 1210 2218 ejus
1224 2187 1334 2210 mortem
1348 2183 1426 2211 annis
1442 2183 1512 2218 [also
1532 2189 1557 2211 et
1576 2192 1623 2218 per
1643 2184 1772 2219 fraudem
1790 2184 1859 2212 ami-

245 2232 366 2261 beratas.
384 2237 439 2258 non
455 2229 547 2258 minus
557 2235 640 2257 uuam
657 2228 798 2263 Polycarpi
810 2228 909 2264 ipsam,
924 2230 1032 2259 Eusebii
1045 2245 1068 2273 υ
1081 2234 1156 2264 ptum
1181 2229 1263 2264 fuisse
1285 2234 1341 2256 tam
1366 2229 1528 2256 evidentibus
1546 2234 1617 2265 patet
1639 2230 1816 2264 documentis,
1836 2234 1857 2256 It

246 2274 413 2309 temporibus
427 2274 454 2301 in
468 2275 592 2302 omnium
606 2274 734 2303 manibus
748 2273 834 2303 fuisse
849 2282 904 2302 non
912 2278 1028 2310 negent;

246 2327 272 2346 In
283 2319 359 2347 hisce
371 2324 462 2347 tamen
474 2319 633 2355 eﬂingendis
649 2320 825 2356 impostorem
843 2320 962 2356 aliquem
978 2328 1030 2347 no-

245 2372 307 2392 men
331 2364 428 2401 lgnatii
451 2366 614 2393 ementitum
631 2373 702 2399 esse,
717 2365 950 2394 conﬁdentissime
964 2373 1029 2400 pro-

245 2410 380 2438 nuntient.
394 2410 512 2446 Pupugit
527 2411 695 2438 Blondellum
712 2419 806 2438 severa
821 2411 879 2439 haec
890 2410 1029 2439 mitissimi

244 2455 318 2483 senis
343 2456 529 2491 reprehensio,
555 2455 716 2483 admirantis
740 2460 842 2483 tantam
865 2464 899 2484 ex
924 2456 1030 2484 levibus

244 2500 408 2535 coniecturis
424 2501 617 2529 conﬁdentiam
634 2510 641 2528 :
657 2508 744 2536 quare
767 2501 883 2536 epistola
907 2501 942 2529 ad
965 2509 1029 2529 eum

243 2545 316 2578 data,
329 2550 357 2573 et
371 2551 490 2581 quatuor
502 2546 644 2581 productis
665 2548 843 2582 argumentis,
859 2555 920 2583 quae
938 2548 1028 2582 ipsum

243 2591 405 2619 sententiam
430 2597 537 2620 mutare
557 2597 690 2626 vetarent,
718 2592 821 2621 haerere
834 2600 865 2621 se
877 2593 1028 2622 etiamnum

243 2639 381 2673 professus
395 2642 447 2666 est.

277 2684 376 2712 Postea
401 2684 516 2720 insignis
539 2685 686 2713 admodum
711 2685 869 2722 theologus,
892 2685 1028 2715 Henricus

242 2730 440 2764 Hammondus,
452 2739 515 2758 cum
527 2731 628 2759 videret
639 2731 805 2768 tbeologicas
818 2733 909 2761 theses
922 2733 950 2760 in
963 2733 1027 2761 Gal-

241 2776 277 2804 lia
291 2777 455 2812 propositas,
468 2777 676 2813 proclamantes,
688 2779 760 2807 litem
772 2786 800 2808 et
811 2780 1025 2808 controversiam

240 2822 274 2849 de
285 2829 475 2857 episcoporum
496 2831 579 2858 supra
594 2824 766 2860 presbyteros
783 2826 960 2862 praerogativa
975 2826 1025 2854 de-

241 2867 345 2897 ﬁnitam
357 2869 414 2905 jam
427 2868 510 2899 videri
526 2878 540 2898 a
558 2870 625 2899 viris
640 2870 720 2908 longe
733 2871 900 2902 doctissimis
912 2872 1024 2904 domino

1082 2275 1179 2302 mirum
1200 2275 1246 2307 sit,
1267 2275 1335 2302 hanc
1356 2276 1529 2310 imposturam
1546 2275 1664 2303 homines
1674 2277 1859 2305 eruditissimos

1083 2321 1175 2348 tandiu
1197 2321 1281 2349 latere
1303 2322 1431 2357 potuisse,
1448 2325 1477 2350 et
1501 2321 1535 2350 de
1557 2329 1605 2350 sex
1621 2322 1686 2355 illis,
1700 2331 1775 2358 quas
1789 2323 1856 2351 lisse-

1080 2367 1140 2395 rius
1160 2367 1246 2395 voluit
1263 2375 1324 2395 esse
1346 2375 1410 2395 vere
1424 2367 1579 2403 lgnatianas
1594 2377 1603 2396 :
1617 2367 1669 2396 Sed
1686 2371 1762 2404 quod
1782 2368 1858 2404 magni

1080 2413 1131 2440 viri
1145 2421 1208 2447 pace
1222 2413 1323 2440 dictum
1335 2414 1383 2447 sit,
1396 2422 1427 2441 ne
1442 2415 1502 2442 istte
1515 2415 1631 2450 quidem,
1642 2423 1709 2450 quas
1725 2417 1774 2444 ille
1784 2415 1853 2452 publi-

1080 2458 1161 2490 cavit,
1175 2466 1193 2485 a
1210 2459 1314 2486 meliori
1328 2467 1408 2494 quam
1419 2464 1522 2488 eceterae
1537 2469 1617 2488 manu
1629 2470 1686 2489 esse
1698 2463 1826 2491 videntur.

1115 2504 1226 2532 Interim
1243 2509 1332 2532 tamen
1349 2513 1405 2533 non
1430 2511 1472 2534 est
1493 2507 1686 2542 omittendum,
1702 2510 1818 2538 nobilem
1831 2508 1851 2534 in

1080 2550 1214 2586 theologia
1237 2551 1374 2585 criticum,
1394 2550 1528 2580 Joannem
1542 2552 1688 2585 Morinum,
1705 2556 1811 2584 collatis
1821 2554 1851 2582 di-

1078 2597 1166 2625 versis
1181 2597 1347 2626 editionibus
1364 2605 1398 2626 es
1419 2598 1580 2634 Augustano
1596 2605 1622 2628 et
1634 2600 1797 2630 Florentino
1813 2608 1848 2629 co-

1077 2643 1185 2672 dicibus
1196 2644 1374 2679 depromptis,
1389 2645 1416 2672 in
1432 2645 1513 2672 aliam
1529 2646 1609 2681 plane
1623 2646 1766 2677 diversam
1778 2647 1848 2677 mssi-

1077 2696 1175 2725 meque
1187 2690 1339 2717 mirandam
1353 2691 1516 2719 sententiam
1530 2692 1668 2720 incidisse.
1677 2693 1805 2730 Antiqua,
1815 2694 1846 2720 in-

1076 2736 1156 2771 quit,
1177 2735 1382 2772 Ignatianarum
1403 2736 1587 2772 Epistolarum
1611 2739 1694 2766 editio
1720 2730 1856 2776 germinant"

1076 2786 1175 2808 textum
1187 2781 1261 2809 nobis
1272 2781 1385 2816 exhibet,
1400 2789 1467 2809 nava
1480 2790 1538 2810 vero
1550 2790 1673 2810 mancum
1682 2788 1710 2812 et
1720 2784 1849 2820 interpola,

1071 2833 1141 2857 tum.
1846 2832 1849 2835 ⁴

1111 2875 1221 2904 Samuel
1235 2880 1326 2904 autem
1339 2874 1501 2910 Bocbartus,
1517 2876 1558 2904 vir
1571 2876 1764 2913 doctissimus,
1778 2887 1801 2907 in
1813 2877 1842 2904 ini
