1874 3070
12 154 36 182 ﬁ
359 153 382 181 J.
405 149 579 180 PEARSONII
599 149 759 179 VINDICIE
782 147 993 178 IGNA'I'IANE.
1013 164 1047 169 —
1066 146 1265 176 PMKEMIUM

1602 145 1637 173 ω

10 212 65 246 prati
88 218 187 247 opere,
208 210 391 244 llierozolco,
415 210 560 245 Epistolam
584 209 618 237 ad
639 208 790 242 Romanos,
806 211 828 239 Α
843 214 931 234 revera
944 206 1090 240 scripsisse.
1103 206 1157 233 sive
1169 205 1204 232 ad
1216 204 1406 240 Polycarpum,
1418 206 1472 233 sine
1484 206 1518 232 ad
1532 205 1637 240 Philip-

7 258 110 287 Eesebio
134 259 242 292 visam,
269 259 427 294 probatam,
442 261 525 292 atque
548 255 719 288 deﬂoratam,
734 263 789 283 non

5 310 55 332 nte
63 300 247 332 Constantini
262 303 437 340 imperatoris
450 310 538 331 aevum
551 302 681 338 scriptam
693 302 789 336 fuisse,

5 358 116 379 maere
130 359 191 380 non
205 351 358 380 dubitavit.

308 419 424 447 CAPUT
445 419 489 448 VI.

3 465 131 492 Sententia
163 465 272 498 Dallwi,
298 465 403 501 aliquas
422 466 549 501 epistolas
571 465 709 528 [inclitam
724 467 792 494 scri-

33 502 123 528 psisse.
141 501 291 528 Epistolas.
306 510 372 528 uuas
383 501 518 528 habemus.
533 510 576 528 eas
596 511 636 528 em
650 510 715 528 esse.
727 510 791 528 auat

31 502 123 535 psisse.
141 501 291 537 Epistolas,
303 510 372 537 [θυαε
383 501 518 537 habemus,
533 501 636 530 easdem
650 510 715 533 esse,
727 510 791 537 quas

33 537 122 562 habuit
137 536 281 572 Eusebius.
297 536 349 563 Sea:
358 538 391 563 ab
406 536 517 564 Eusebio
526 542 697 570 memoratas,
710 536 792 572 fuisse

29 580 79 599 un
91 573 125 599 ab
144 571 254 607 Ignatio
263 574 388 606 scriptas,
401 573 446 599 sed
457 572 489 598 ab
504 573 656 607 importare,
671 573 792 600 ducentis

31 612 87 643 post
100 607 206 642 Ignatii
221 612 330 634 mortem
345 608 435 643 annis!
449 609 584 642 con/ictas.
598 607 745 643 Epistolam
757 608 792 634 ad

32 642 214 677 Polycarpum
238 650 289 678 non
311 643 392 677 fuisse
411 642 523 678 Eusebio
541 644 684 678 cognitam,
700 643 745 670 sed
760 643 792 669 ab

29 678 81 704 alio
92 678 252 712 importare,
266 677 385 704 ducentis
401 684 458 712 post
473 677 615 705 Eusebium
626 679 714 710 annis,
728 686 792 712 sup-

32 714 158 746 potitant.
171 713 310 740 beatentia
321 718 424 740 nostra.
442 713 545 748 Septem
555 713 680 748 epistolas
693 714 725 740 ab
738 713 794 740 Eu-

33 748 100 788 sebio
115 749 284 788 memorari;
302 756 398 783 easque
421 756 509 775 omnes
525 749 606 788 {uisse
628 748 660 775 ab
686 748 793 784 Ignatio

33 784 87 816 ipso
102 784 279 810 sanctissimo
298 788 415 818 martyre
430 785 604 818 conscriptas.

34 839 156 868 Tandem
169 839 293 867 Joannes
308 839 437 875 Dallaaus,
455 841 598 877 theologus
613 849 628 869 e
643 841 731 870 Gallia
746 850 794 870 ce-

841 260 945 287 penses,
961 252 1015 279 sive
1029 251 1064 278 ad
1077 250 1144 278 alios
1158 251 1261 278 litteras
1273 251 1285 278 2
1298 251 1379 286 Atqui
1392 259 1442 278 non
1458 251 1526 278 illud
1539 251 1638 287 quieri-

841 303 895 331 tur,
915 305 950 324 an
973 296 1097 332 Ignatius
1114 296 1240 331 epistolas
1255 295 1361 331 aliquas
1375 297 1511 331 scripserit
1540 297 1638 331 (incre—
1665 289 1668 292 Α

840 345 922 373 dibile
939 350 994 378 est,
1011 344 1164 380 hujusmodi
1180 344 1265 370 virum
1278 341 1367 370 nullas
1386 343 1542 377 scripsisse;
1559 351 1639 374 neque

841 391 978 427 scripsisse
991 390 1096 426 aliquas
1111 390 1251 426 quisquam
1264 390 1352 425 negat)
1365 391 1508 425 quaeritur,
1524 397 1559 417 an
1576 390 1636 420 has.

841 446 907 473 quas
928 445 997 465 nunc
1019 436 1156 468 habemus,
1168 435 1327 470 scripserit?
1340 434 1400 462 Non
1418 435 1501 470 igitur
1514 442 1585 470 opus
1597 438 1638 462 est

843 488 873 512 ut
892 483 1042 519 probemus
1063 482 1170 517 aliquas
1182 482 1217 509 ab
1232 482 1293 517 ipso
1307 481 1336 509 S.
1350 481 1456 516 lgnatio
1467 481 1639 516 conscriptas

843 529 929 557 fuisse
944 528 1086 564 epistolas,
1102 527 1226 562 adeoque
1248 527 1388 555 exstitisse
1411 527 1561 562 alibuando
1586 526 1638 554 ali-

842 575 905 603 cubi
923 575 1032 610 aliquas
1055 573 1206 609 genuinas;
1232 573 1258 600 id
1273 573 1346 601 enim
1361 573 1424 608 jure
1439 580 1490 607 pro
1504 579 1639 600 concesso

844 620 990 652 sumimus,
1002 627 1065 648 cum
1080 619 1268 647 adversarium
1284 619 1459 646 conﬁtentem
1475 617 1636 645 habemus.

879 664 1006 692 Secundo
1030 664 1164 699 epistolas
1189 671 1246 696 eas,
1266 671 1336 698 quas
1362 671 1436 691 nunc
1460 663 1595 691 habemus
1609 662 1637 690 in

844 710 1011 738 editionibus
1027 708 1132 737 Usserii
1145 714 1172 737 et
1188 708 1278 737 Vossii
1298 709 1334 736 ab
1351 708 1519 736 assumentis
1539 708 1640 736 liberas

844 757 954 785 easdem
983 757 1098 785 omnino
1124 764 1198 789 esse,
1214 764 1284 792 quas
1298 756 1395 784 habuit
1409 755 1556 790 Eusebius,
1575 763 1638 784 cum

846 802 986 831 Blondello
1000 810 1052 831 suo
1067 802 1171 830 fatetur
1183 801 1313 831 Dallteus.
1328 801 1362 829 In
1379 810 1470 829 eorum
1490 801 1638 836 codicibus,

846 848 946 883 inquit,
961 848 1002 876 lue
1014 848 1079 883 ipsa
1090 847 1209 882 epistola
1219 847 1359 882 descripta
1370 851 1444 880 sunt,
1455 847 1534 882 plane
1548 846 1639 882 quales

5 887 173 918 'dteﬂimusu
188 886 372 922 ριιιτῑωίεψιθ
395 887 421 915 in
446 888 499 916 hoc
518 889 670 923 Pmsemm
697 897 795 925 genere
813 887 832 914 Β
847 894 968 928 Eusebii,
979 894 1132 926 Athanasii,
1147 898 1171 920 et
1185 898 1341 920 ceterorum
1355 901 1420 928 quos
1434 893 1553 920 diximus
1567 892 1640 929 (llic-

5 934 253 961 controversiarum
276 934 424 962 elaboratis
451 936 580 970 operibus
607 936 769 964 notissimus
784 956 792 967 .

6 987 53 1007 non
68 985 219 1009 contentus
238 981 272 1008 iis
286 989 348 1016 quae
363 981 398 1009 de
412 981 557 1010 manifesta
572 982 723 1018 impostura
736 983 796 1010 obi—

6 1031 50 1059 ter,
64 1025 137 1054 libro
150 1025 192 1054 De
201 1026 327 1061 jejuniis.
344 1033 499 1061 monuerat,
514 1033 542 1056 et
557 1028 586 1055 in
600 1036 699 1056 novam
716 1030 795 1064 plane

5 1073 165 1101 sententiam
180 1073 216 1101 de
232 1078 311 1101 attate
327 1073 486 1109 impostoris
507 1074 646 1110 delapsus,
670 1075 796 1110 miraque

5 1127 56 1147 suae
79 1120 252 1154 conjecturae
274 1120 420 1148 dulcedine
447 1125 553 1156 captus,
578 1121 794 1149 controversiam

7 1167 71 1194 hanc
99 1174 205 1202 magna
233 1165 318 1194 animi
346 1166 521 1194 contentione
544 1167 750 1202 redintegravit,
769 1173 796 1195 et

6 1213 95 1247 grandi
110 1213 254 1241 volumine
265 1213 400 1241 adversus
412 1221 508 1242 omnes
520 1221 749 1249 quarumcunque
764 1213 792 1242 S.

7 1259 95 1294 lgnatii
108 1259 298 1295 Epistolarum
312 1259 474 1288 defensores
495 1259 549 1288 late
561 1259 721 1295 disputavit.
738 1260 797 1288 Sub

7 1306 60 1340 ejus
72 1306 146 1334 enim
163 1306 278 1334 nomine
292 1306 456 1342 prodierunt
486 1306 526 1333 De
543 1307 662 1342 scriptis,
675 1315 734 1342 (μιν
746 1307 796 1334 sub

6 1352 122 1388 Dionysii
136 1353 310 1388 Areopagitae
324 1356 349 1379 ct
361 1351 466 1387 Ignatis'
479 1353 635 1379 Antiocheni
646 1352 797 1380 nominibus

6 1399 237 1434 circumferuntur,
252 1398 316 1426 libri
330 1399 385 1426 duo
401 1406 410 1426 :
429 1399 523 1434 quibus
535 1398 743 1432 demonstratur,
758 1399 797 1426 uti

7 1448 109 1479 praefert
123 1445 245 1479 Titulus,
260 1445 310 1473 illa
327 1445 468 1473 subdititia
482 1453 547 1478 esse,
562 1445 609 1472 diu
625 1450 685 1480 post
697 1451 798 1481 marty-

6 1501 70 1525 rum,
83 1492 185 1528 quibus
203 1492 274 1527 falso
289 1493 455 1525 tribuuntur,
467 1491 567 1519 obitum
582 1492 656 1526 ﬁcta.

846 939 965 976 ronymi,
998 939 1114 971 scilicet.
1140 938 1304 966 Theodoreti
1328 943 1410 974 atque
1433 938 1568 973 Gelasii),
1585 946 1640 966 mo

845 986 978 1014 exstitisse
988 985 1209 1013 verisimillimum
1219 989 1268 1012 est.
1296 984 1378 1020 quue
1389 984 1491 1019 liquido
1502 993 1638 1019 apparere,

847 1033 935 1068 capite
948 1032 1070 1060 secundo
1086 1032 1175 1059 tribus
1186 1031 1357 1067 argumentis
1372 1031 1480 1066 probat.
1492 1030 1533 1059 Ad
1548 1035 1641 1059 osten-

846 1079 963 1108 dendam
979 1078 1062 1114 igitur
1075 1077 1279 1113 lgnatianorum
1294 1077 1438 1105 veritatem
1450 1084 1506 1104 non
1518 1084 1588 1113 opus
1598 1081 1641 1104 est

847 1131 877 1153 ut
897 1125 1044 1160 probemus
1060 1124 1170 1152 easdem
1195 1131 1247 1152 nos
1270 1123 1402 1159 epistolas
1427 1123 1548 1155 habere,
1571 1131 1640 1158 quas

848 1171 943 1200 habuit
960 1171 1111 1204 Eusebius;
1129 1171 1181 1199 hoc
1195 1171 1269 1198 enim
1288 1170 1369 1198 nobis
1381 1169 1497 1206 largitur
1511 1169 1641 1197 adversa-

846 1218 916 1246 ‘ius.
929 1217 986 1246 Hoc
998 1222 1103 1245 tantum
1119 1217 1322 1245 observandum
1334 1221 1386 1250 est,
1401 1216 1503 1244 habere
1517 1223 1569 1244 nos
1583 1216 1642 1251 epi-

847 1263 933 1292 stolas
946 1263 1058 1298 Eusebii
1073 1270 1132 1291 aevo
1155 1263 1290 1299 cognitas,
1305 1263 1354 1291 sed
1369 1270 1402 1290 eo
1416 1262 1499 1290 modo
1514 1269 1530 1290 a
1555 1262 1640 1289 libra-

848 1310 897 1338 riis
911 1315 1054 1344 tractatas,
1070 1316 1126 1345 quo
1145 1309 1199 1336 alia
1214 1313 1337 1337 veterum
1353 1309 1454 1343 scripta
1471 1307 1506 1336 ab
1528 1308 1562 1336 iis
1586 1312 1642 1335 tra-

846 1356 916 1385 ctari
933 1356 1032 1389 solent,
1046 1356 1099 1383 hoc
1113 1359 1166 1388 est,
1179 1354 1342 1389 siepiuscule
1355 1359 1403 1382 aut
1417 1355 1582 1388 litterarum,
1594 1359 1642 1382 aut

848 1403 931 1430 etiam
956 1400 1154 1430 vocabulorum
1181 1400 1424 1435 permutationem,
1454 1399 1525 1428 forte
1558 1400 1640 1427 etiam

848 1447 1077 1476 sententiolarum
1094 1446 1294 1473 mutilationem
1318 1445 1419 1473 alicubi
1438 1453 1546 1480 passas.
1561 1445 1640 1479 Quod

831 1499 912 1523 ’cum
935 1494 963 1521 in
988 1494 1105 1521 aliorum
1132 1492 1242 1527 scriptis
1256 1499 1309 1519 usu
1321 1491 1416 1519 venire
1430 1491 1526 1525 soleat,
1550 1499 1600 1520 cur
1614 1492 1641 1519 in

36 1539 67 1566 Et
84 1539 200 1574 quidem
213 1539 247 1566 de
260 1538 416 1566 indubitata
429 1538 620 1573 suppositione
635 1538 798 1574 scriptorum
812 1556 834 1585 α
851 1540 952 1569 nostris
965 1540 1037 1567 idem
1055 1539 1157 1567 factum
1175 1539 1237 1574 quis
1254 1543 1344 1574 neget,
1364 1537 1435 1565 ratio
1446 1537 1521 1565 nulla
1536 1543 1595 1572 est;
1612 1543 1643 1566 ut

8 1585 122 1621 Dionysii
139 1586 321 1620 Areopagitae
337 1584 438 1613 Dallaae
456 1585 535 1620 plane
550 1585 702 1618 assentior;
718 1585 800 1620 idque

7 1638 65 1666 pato
86 1637 154 1660 ante
178 1631 323 1664 Dallaeum,
350 1630 538 1664 Sirmondum,
557 1630 708 1665 Petavium,
727 1631 800 1659 Lau-

9 1685 114 1713 noyam,
130 1677 284 1710 Horinum,
299 1677 426 1712 aliosque
439 1678 482 1705 vel
495 1677 562 1712 ipsis
575 1678 723 1712 pontiﬁciis
738 1685 801 1713 per-

8 1726 134 1753 suasisse.
161 1723 217 1752 Sed
231 1724 267 1752 de
281 1728 361 1751 aetate
381 1723 516 1758 auctoris,
534 1725 581 1760 qui
597 1732 629 1752 ea
649 1725 758 1760 scripsit
771 1731 800 1752 et

9 1771 174 1807 ampagitte
198 1770 354 1806 supposuit,
370 1770 529 1806 quicunque
550 1770 611 1804 fuit,
626 1771 661 1799 ab
674 1778 707 1798 eo
721 1778 800 1806 pror—

8 1823 50 1844 sus
61 1817 217 1850 dissentio;
231 1821 259 1844 et
272 1816 326 1844 erit
339 1816 419 1844 nobis
432 1815 460 1843 in
475 1816 528 1844 hoc
541 1817 602 1851 ipso
616 1824 699 1852 opere
713 1817 799 1845 ratio-

9 1870 53 1890 nes
63 1863 209 1891 sententiae
220 1867 324 1891 nostra:
334 1861 466 1890 aferendi
476 1863 586 1891 occasio
597 1870 653 1898 non
669 1863 799 1899 inoppor-

8 1913 78 1936 lIl'tI.

41 1956 76 1984 De
100 1955 208 1992 lgnatio
229 1955 366 1990 duplicem
392 1954 508 1983 Dallaeus
529 1955 658 1991 proponit
669 1955 798 1991 quaestio-

7 2009 77 2036 netu,
99 2009 220 2037 quarum
244 2002 333 2036 prima
349 2001 409 2029 hac
429 2005 472 2029 est
484 2010 492 2029 :
506 2001 548 2028 An
567 2009 656 2029 omnes
667 2000 796 2036 epistolae,

8 2054 62 2080 quc
72 2051 119 2074 sub
132 2046 192 2079 eius
204 2047 309 2074 nomine
315 2047 550 2081 circumferuntur,
560 2047 677 2082 ejusdem
689 2047 742 2074 sint
748 2055 797 2082 pa-

10 2094 104 2120 nuis?
114 2092 193 2121 lianc
209 2096 309 2127 negat;
321 2100 410 2128 neque
420 2100 470 2128 ego
481 2092 598 2126 allirmo,
609 2097 658 2120 aut
670 2093 704 2120 de
716 2100 747 2120 ea
761 2092 796 2120 li-

7 2144 60 2166 tem
76 2146 183 2167 moveo.
201 2138 327 2167 Secunda
349 2139 467 2175 quaestio
483 2143 526 2167 est
542 2148 549 2166 :
564 2139 608 2167 An
629 2148 721 2167 earum
737 2139 795 2174 epi-

7 2185 143 2219 stularum,
169 2193 230 2220 quis
245 2189 308 2212 sunt
331 2185 365 2212 ab
389 2184 503 2213 Eusebio
522 2190 548 2212 et
566 2184 727 2221 Hieronymo
742 2192 796 2212 me-

851 1596 884 1616 ea
893 1588 961 1616 locis
972 1587 1064 1615 minus
1077 1587 1153 1615 sanis
1165 1586 1302 1614 medicina
1317 1585 1416 1613 merito
1429 1585 1584 1612 adhibenda
1595 1585 1641 1618 sit,

851 1641 913 1670 quae
927 1634 989 1662 aliis
1003 1637 1126 1661 veterum
1144 1632 1254 1667 scriptis
1275 1631 1347 1659 male
1371 1631 1496 1658 tractatis
1518 1630 1643 1659 adhiberi

850 1682 932 1709 solet.

885 1727 980 1755 Tertio
1002 1727 1131 1762 epistolas
1152 1726 1224 1759 illas,
1241 1733 1311 1762 quas
1336 1725 1433 1753 habuit
1444 1725 1590 1759 Eusebius,
1607 1725 1642 1754 ab

850 1773 955 1809 lgnatio
967 1774 1084 1809 scriptas
1102 1773 1189 1801 fuisse
1200 1777 1301 1808 negat;
1325 1772 1360 1800 ab
1380 1773 1532 1807 impostore
1547 1772 1642 1808 aliquo

849 1820 927 1848 ﬁctas
941 1824 968 1848 et
982 1820 1139 1855 suppositas
1158 1818 1283 1846 atlirmat.
1299 1817 1481 1854 lmpostorem
1495 1819 1572 1846 illum
1587 1826 1642 1846 non

849 1867 924 1895 circa
940 1866 1060 1894 medium
1084 1865 1196 1893 secundi
1219 1864 1323 1898 saeculi,
1338 1868 1369 1891 ut
1389 1863 1566 1898 Albertinus;
1587 1871 1642 1892 non

848 1912 901 1941 sub
923 1911 1065 1939 Antonino
1090 1911 1134 1938 vel
1161 1910 1199 1938 Μ.
1215 1911 1340 1944 Auri-lio,
1354 1915 1383 1938 ut
1401 1910 1571 1945 Salmasius;
1587 1918 1641 1938 non

848 1958 941 1986 statim
966 1962 1029 1993 post
1055 1957 1204 1986 Clementis
1228 1957 1408 1985 Alexandrini
1433 1958 1640 1989 dormitionem.

846 2005 906 2032 sive
920 2010 1028 2032 centum
1044 2004 1079 2032 ab
1093 2004 1190 2040 lgnatii
1203 2008 1293 2032 morte
1305 2004 1397 2038 annis,
1413 2008 1444 2032 ut
1461 2004 1619 2032 Blondellus
1632 2013 1640 2037 ;

847 2050 894 2078 sed
909 2050 1042 2085 praecipiti
1058 2050 1141 2078 tertio
1159 2050 1260 2078 saeculo
1281 2049 1419 2085 Epistolas
1444 2050 1593 2084 eﬂinxisse,
1615 2055 1643 2078 et

846 2104 916 2132 opus
939 2096 1056 2125 edictum
1077 2097 1105 2124 in
1128 2097 1218 2124 lucem
1241 2097 1344 2124 exiisse
1360 2097 1434 2125 circa
1454 2097 1527 2125 tertii
1550 2097 1641 2126 saeculi

846 2141 940 2176 ﬁnem,
953 2142 997 2170 vel
1012 2142 1103 2178 quarti
1120 2142 1209 2176 initia,
1232 2142 1376 2170 ariolatur.
1393 2142 1460 2176 lmo,
1477 2147 1507 2170 ut
1522 2142 1586 2169 alibi
1602 2142 1643 2169 lo-

847 2189 952 2224 quitur,
968 2189 1095 2216 ducentis
1108 2193 1170 2224 post
1185 2188 1321 2225 lgnatium
1346 2190 1427 2217 annis
1450 2189 1495 2217 hic
1508 2189 1643 2224 impostor

6 2235 126 2263 monte,
148 2238 209 2257 uere
229 2234 325 2257 auctor
344 2230 380 2256 sit
400 2230 441 2257 uir
456 2230 642 2258 sanctissimus
663 2230 798 2266 lgnatius,
815 2233 838 2261 D
852 2235 930 2269 vixit,
943 2234 1108 2270 scripsitque
1124 2240 1199 2268 tunc,
1214 2243 1273 2262 cum
1283 2235 1377 2270 aliqua
1391 2235 1447 2270 jam
1458 2240 1514 2262 erat
1524 2235 1555 2262 de
1570 2235 1641 2262 Con-

5 2277 51 2310 qui
64 2284 131 2303 uno
146 2276 261 2311 Traiani
283 2276 424 2304 undecimo
437 2277 596 2311 martyrium
611 2276 703 2304 Romse
715 2277 776 2310 fecit
787 2277 801 2304 7

7 2322 83 2351 Hane
99 2323 145 2351 ille
162 2323 266 2358 pariter
279 2327 380 2358 negat;
396 2330 448 2358 ego
462 2323 539 2350 nullo
551 2322 634 2350 modo
646 2323 798 2358 negandam

6 2374 83 2404 puto,
97 2375 125 2397 et
136 2369 213 2398 omni
229 2369 436 2398 asseveratione
453 2370 544 2405 potius
560 2369 676 2397 afﬁrmo.

42 2413 80 2442 lit
91 2419 182 2442 autem
196 2416 343 2450 utriusque
353 2419 481 2443 nostrum
493 2415 630 2444 sententia
643 2415 733 2443 adhuc
744 2423 800 2443 ma-

6 2461 132 2489 nifestius
156 2461 288 2496 pateﬁat,
318 2461 451 2489 nonnulla
485 2461 601 2489 ulterius
628 2461 799 2490 observanda

6 2508 147 2539 duximus,
164 2512 247 2543 atque
263 2507 332 2535 illud
355 2507 490 2542 imprimis
505 2517 512 2534 :
533 2507 681 2542 Scripsisse
693 2508 799 2543 aliquas

8 2555 142 2589 lgnatium
166 2554 298 2589 epistolas
318 2561 376 2581 non
395 2558 477 2589 negat
497 2553 631 2587 Dallazus;
646 2559 674 2582 et
689 2563 722 2583 ne
736 2555 799 2582 talis

8 2600 60 2635 ipsi
78 2600 221 2634 aﬂingatur
234 2600 384 2633 sententia,
401 2607 577 2635 summopere
593 2606 680 2629 cavet.
694 2601 800 2634 Quaeri-

7 2653 61 2678 tur,
75 2647 173 2682 inquit,
187 2655 240 2673 non
256 2655 291 2673 an
301 2646 429 2680 epistolas
444 2647 580 2681 scripserit
592 2646 714 2682 Ignotius
729 2648 799 2684 (quis

9 2696 76 2721 cuius
88 2700 143 2721 tam
155 2695 244 2728 fatuus
255 2698 307 2725 est.
318 2698 347 2721 ut
356 2693 495 2728 scripsisse
507 2701 565 2721 eum
573 2694 677 2729 aliquas
688 2695 798 2730 negem,

9 2742 62 2773 sed,
77 2749 114 2768 an
131 2741 189 2774 Im,
206 2749 265 2776 qua:
280 2740 519 2775 circumferuntur,
532 2741 690 2774 scripserit?
703 2740 735 2768 Ει
750 2741 801 2768 ali-

10 2787 33 2814 bi
53 2797 60 2814 :
76 2787 162 2820 Quasi
177 2785 236 2815 itero
249 2788 393 2824 quisquam
405 2795 489 2822 usque
506 2787 571 2814 adeo
583 2787 697 2815 stolidus
708 2788 755 2821 sit,
770 2792 800 2814 ut

11 2839 81 2869 tuqu
94 2835 264 2868 amplissima:
277 2834 396 2861 civitatis
407 2833 568 2868 episcopum,
581 2833 616 2860 ad
624 2833 680 2860 haec
695 2838 801 2868 aposto-

11 2882 41 2906 lor
48 2888 93 2907 um
102 2880 270 2915 discipulum,
278 2880 352 2907 ullas
362 2879 403 2907 vel
412 2879 526 2907 scribere
533 2880 660 2915 potuisse,
670 2880 708 2908 uel
719 2881 798 2908 etiam

849 2281 944 2310 stantii
958 2280 997 2309 uel
1008 2281 1180 2309 Constantini
1189 2281 1247 2316 ejus
1258 2281 1310 2316 ﬁlii
1324 2281 1363 2308 vel
1374 2281 1590 2314 Christianismo,
1603 2282 1642 2309 uel

849 2328 884 2356 ad
896 2327 1131 2356 Christianismum
1140 2328 1312 2363 propensione
1324 2336 1418 2363 sparsa
1429 2328 1503 2361 fama
1514 2336 1523 2356 :
1538 2333 1566 2354 et
1581 2327 1642 2362 ejus

848 2375 925 2409 operi
946 2375 973 2402 in
990 2373 1080 2401 lucem
1101 2374 1256 2410 erumpenti
1280 2373 1416 2402 Eusebius
1432 2382 1464 2402 a.
1482 2372 1515 2400 D.
1533 2373 1642 2401 circiter

849 2421 903 2449 ’550
918 2421 1114 2449 obstetricatus
1135 2425 1186 2448 est.
1213 2419 1314 2455 Lepida
1330 2420 1412 2455 plane
1427 2420 1485 2447 haec
1498 2418 1602 2452 fabula,
1615 2425 1642 2447 et

849 2471 912 2494 ante
933 2467 1006 2495 hunc
1020 2467 1092 2495 diem
1108 2466 1249 2500 inaudita;
1265 2466 1317 2494 nisi
1332 2468 1405 2501 quod
1421 2466 1504 2493 etiam
1520 2464 1637 2493 Bocllar-

850 2517 894 2540 tus
915 2513 1059 2547 epistolam
1082 2513 1116 2540 ad
1141 2512 1282 2539 Romanos
1303 2512 1354 2539 sub
1369 2511 1550 2539 Constantino
1573 2511 1642 2538 scri-

848 2562 923 2594 ptam
938 2559 1094 2586 somniavit.

885 2605 941 2641 Ego
958 2609 1032 2633 certe
1046 2613 1061 2633 e
1076 2609 1183 2639 contra,
1198 2606 1245 2640 qui
1263 2605 1297 2633 de
1312 2605 1462 2639 impostore
1483 2603 1542 2636 illo,
1558 2610 1639 2638 quem

849 2651 896 2678 alii
910 2651 1042 2683 secundo,
1059 2651 1105 2678 alii
1128 2652 1219 2684 tertio,
1235 2651 1280 2678 alii
1303 2655 1402 2686 quarto
1422 2649 1523 2677 saeculo
1536 2649 1640 2676 vixisse

849 2701 984 2731 statuunt,
1002 2697 1071 2725 nihil
1089 2705 1211 2732 unquam
1226 2705 1240 2724 a
1255 2697 1385 2732 quopiam
1409 2700 1472 2724 ante
1488 2695 1540 2723 hoc
1553 2703 1639 2723 samu-

850 2744 906 2771 lum
922 2745 1055 2779 scriptum
1070 2744 1171 2779 reperi,
1181 2743 1229 2778 qui
1246 2743 1279 2770 de
1292 2743 1443 2778 impostura
1459 2742 1514 2769 ulla
1532 2741 1558 2767 in
1574 2740 1638 2775 Epi-

850 2790 928 2818 stolis
942 2789 1062 2818 Eusebio
1075 2789 1142 2818 visis
1156 2789 1260 2816 nullam
1274 2796 1395 2823 unquam
1409 2787 1592 2822 suspicionem
1610 2785 1636 2812 in

851 2834 971 2862 Ecclesia
993 2835 1140 2862 excitatam
1163 2834 1237 2865 novi,
1262 2834 1309 2869 qui
1333 2833 1502 2868 ipsissimum
1515 2831 1544 2858 S.
1560 2830 1638 2866 lgna-

853 2880 921 2908 tium
940 2888 1034 2909 carum
1051 2885 1191 2910 auctorem
1203 2879 1276 2908 omni
1294 2880 1328 2907 ab
1343 2879 1427 2914 ipsius
1443 2881 1521 2906 :rtate
1538 2876 1638 2905 saeculo
