1874 3070
245 139 279 168 67
779 138 808 166 S.
830 138 1004 168 lGNA’l’lUS.
1021 153 1056 159 —
1071 139 1341 169 PROLEGOMENA.
1843 145 1851 172 l

243 201 365 237 agnitum
385 199 578 234 animadverti,
597 198 644 234 qui
669 206 764 227 omnes
779 199 911 235 epistolas
926 207 942 227 a
957 203 1034 227 tanto

1085 209 1123 236 νῳ
1133 203 1300 236 προσφωνεῖ,
1308 201 1378 237 apud
1391 201 1567 238 Hesychium,
1582 208 1609 231 et
1619 203 1732 236 ἰδιάσαι,
1743 206 1805 232 κατ’
1812 206 1851 234 ἱδιι

242 248 303 275 viro
324 247 442 281 scriptas
463 246 556 273 statim
581 245 697 280 periisse
719 244 843 272 animum
859 245 990 272 inducere
1003 249 1034 273 ut

242 293 352 322 credam
367 291 481 319 minime
495 298 626 326 possum;
648 298 702 318 non
727 294 834 317 tantum
855 290 963 325 aliquas
976 290 1034 325 epi-

243 339 328 368 stolas
342 345 474 374 agnoseo,
487 337 535 364 sed
548 341 575 364 et
590 337 737 371 hasjipsas,
747 337 782 364 ab
794 336 913 364 Eusebio
928 343 1035 364 memo-

243 389 329 417 ratas,
344 389 373 412 et
395 388 471 412 tanto
487 383 547 409 viro
568 389 768 418 usquequaque
790 382 980 417 dignissimas,
999 382 1034 410 ab

244 432 306 466 ipso
329 430 443 467 lgnatio,
471 429 648 457 sanctissimo
673 429 721 456 illo
753 433 885 464 martyre,
907 433 1035 456 exaratas

247 477 333 505 luisse
347 483 451 504 assero.
810 499 812 502 .

280 523 393 556 Quarto,
405 521 438 549 de
454 528 569 548 numero
575 520 755 556 epistolarum
769 528 831 555 qua:
843 519 964 548 Eusebio
975 528 1034 548 me-

244 573 358 596 morata:
366 573 440 600 sunt,
454 567 601 603 aliquando
612 567 720 594 dubitat
730 567 858 598 Dallreus,
872 573 975 601 easque
987 574 1035 594 sex

245 619 382 650 septemve
392 621 463 649 saepe
473 613 612 648 nominat;
623 621 657 640 ex
665 613 782 648 vulgari,
791 613 897 640 scilicet
905 612 1036 647 opinione

245 665 359 695 septem,
367 667 401 687 ex
411 660 542 695 singulari
552 659 656 687 Usserii
667 659 801 687 sententia
811 667 875 687 sex:
886 658 1034 694 aliquando

245 714 390 734 numerum
407 706 473 734 satis
483 705 652 734 conﬁdenter
668 705 800 740 assignat,
818 709 846 732 et
860 712 908 732 sex
928 709 1034 732 tantum

244 752 351 780 asserit.
359 751 436 784 Quod
449 760 519 784 vero,
537 751 635 786 inquit,
644 751 721 785 vulgo
734 755 829 785 putant
845 750 990 785 quamdam
1002 749 1034 776 ab

245 798 360 825 Eusebio
373 799 514 825 memorari
525 806 643 825 seorsum
660 797 695 824 ad
710 797 892 832 Polycarpum
906 797 1036 832 scriptam

244 844 412 871 doctissimus
426 843 546 871 Usserius
560 844 628 871 hanc
643 852 694 871 non
705 844 900 876 diversam,sed
918 851 999 870 unam
1009 847 1035 870 et

1083 245 1224 281 ὁμιλῆσαι,
1241 246 1279 273 Ita
1293 247 1365 281 apud
1378 246 1587 282 Xenophontem
1602 249 1759 283 Agesilaus,
1773 249 1808 277 de
1821 259 1851 286 ep

1085 291 1155 318 stola
1173 299 1189 318 a
1213 291 1359 319 Persarum
1375 301 1439 328 rege
1452 293 1487 321 ad
1500 293 1590 329 ipsum
1607 294 1702 328 missa,
1726 302 1780 323 nec
1798 296 1832 323 ab
1846 305 1851 324 ι

1086 342 1206 372 recepta,
1227 337 1267 372 τῷ
1283 338 1393 374 φέροντι
1414 336 1492 365 εἶπεν
1514 339 1683 374 ἀπαγγεῖλαι
1703 340 1823 375 βασιλεῖ,
1843 341 1851 368 ἰ

1087 383 1141 418 ἰδίᾳ
1161 383 1211 419 μὲν
1226 383 1295 419 πρὸς
1316 383 1397 410 αὐτὸν
1413 384 1491 411 οὐδὲν
1508 384 1562 411 δέοι
1582 385 1730 418 ἐπιστολὰς
1750 386 1851 421 πέμπει

1086 428 1157 455 Eum
1172 437 1188 456 α
1199 437 1251 464 quo
1265 429 1351 456 allata
1361 434 1410 461 est,
1425 430 1578 457 renuntiare
1584 431 1667 465 jussit
1681 432 1752 466 regi,
1762 440 1814 458 non
1825 441 1851 458 es.

1085 475 1255 511 quamobrem
1273 477 1401 511 privatim
1421 477 1526 504 litteras
1549 478 1584 504 ad
1601 486 1628 505 se
1650 478 1812 505 missitaret.
1842 478 1851 505 l

1085 522 1183 558 Cyrus,
1192 521 1264 557 apud
1275 523 1412 556 eumdem,
1424 523 1458 550 ad
1473 522 1639 558 Cyaxarem:
1654 524 1749 556 Εὐθὺς
1759 524 1851 560 ἔπεμπε

1085 569 1154 604 πρός
1166 577 1197 595 τε
1204 569 1234 595 τὸ
1242 568 1355 605 Περσῶν
1369 569 1469 601 κοινδν,
1482 569 1643 605 συμμάχους
1652 570 1732 596 diem}
1737 578 1827 605 μενος,
1835 580 1851 597 at

1085 615 1154 651 πρὸς
1167 615 1218 650 ἐμὲ
1239 614 1302 651 ἰδίᾳ,
1323 615 1451 650 δεόμενος
1470 615 1618 651 πειρᾶσθαι
1636 616 1720 643 αὐτόν
1739 624 1775 652 με
1797 616 1851 643 ὲλθε

1085 661 1246 697 ἡγούμενον,
1263 661 1367 693 εῐτινες
1381 661 1494 697 Περσῶν
1510 662 1584 691 ἴοιεν,
1595 661 1675 689 Illico
1686 667 1748 689 tum
1764 663 1801 690 ad
1813 672 1851 690 con

1085 716 1164 735 mune
1183 707 1326 735 Persarum
1342 708 1450 741 misisti,
1464 708 1641 735 subsidiarias
1651 709 1747 743 copias
1758 717 1851 743 posces:

1087 759 1142 780 tum
1165 753 1200 780 ad
1218 761 1258 779 me
1279 754 1415 788 privatim,
1435 761 1530 789 rogans
1546 759 1575 780 ut
1591 762 1697 789 operam
1720 755 1815 782 darem
1831 763 1851 790 ql

1086 798 1200 825 venirem
1218 798 1284 832 ipse,
1299 798 1486 832 copiarumque
1503 797 1684 830 Persicorum,
1696 799 1723 826 si
1739 807 1801 834 quin
1811 801 1842 826 ad

1086 845 1165 876 irent,
1178 844 1274 870 ductor
1283 852 1376 871 essent.
1393 843 1466 871 Idem
1481 844 1550 871 valet
1566 844 1648 878 ἰδίως,
1666 846 1746 881 quod
1769 854 1851 881 usurpi

244 890 363 917 eamdem
377 898 466 918 revera
481 898 540 916 cum
555 890 668 925 epistola
686 898 745 925 qua:
762 894 801 917 est
819 889 854 916 ad
868 889 1030 924 Smyrnazos,

1085 889 1228 917 Eusebius.
1246 889 1363 917 Suidas:
1386 889 1479 921 Ἰδίως,
1494 891 1661 926 καταμόνας.
1679 891 1782 927 χωρίς.
1798 891 1827 918 Et
1842 892 1851 918 il

245 936 279 962 ob
296 935 409 963 Eusebio
420 935 532 971 intelligi
542 940 567 962 et
583 936 736 963 acutissime
747 936 866 971 conjicit,
881 941 907 962 et
920 943 952 962 ea:
965 934 1030 961 Hie-

245 989 355 1016 ronymo
365 981 540 1008 demonstrat.
558 980 592 1008 Et
614 972 683 1008 lianc
695 982 788 1008 merito
803 981 836 1008 ab
848 980 1033 1016 Epistolarum

245 1026 279 1053 ab
294 1026 409 1054 Eusebio
433 1027 570 1061 dictorum
592 1035 672 1054 censu
689 1027 891 1062 expungendum
906 1027 1032 1062 colligit;

245 1078 416 1108 numeratque
427 1073 496 1100 inter
509 1081 563 1106 eas,
579 1082 646 1108 quas
663 1074 781 1100 nondum
801 1073 909 1100 Eusebii
923 1078 949 1099 et
966 1072 1033 1100 Hie-

246 1119 349 1153 ronymi
357 1119 516 1153 temporibus
523 1120 657 1146 exstitisse
667 1119 830 1146 validissime
839 1118 945 1152 probat.
958 1118 1034 1146 Hanc

245 1164 328 1200 igitur
340 1165 483 1199 epistolam
492 1165 526 1192 ad
534 1165 714 1201 Polycarpum
722 1165 756 1192 ab
763 1165 818 1192 alio
827 1165 976 1200 impostore
982 1165 1034 1192 sub

245 1211 343 1246 quinto
357 1211 458 1238 seculo
471 1211 559 1238 lictain
574 1215 661 1245 putat.

281 1256 338 1292 Ego
357 1263 423 1284 vero
449 1264 500 1284 nec
525 1257 661 1292 priorem,
685 1264 736 1284 nec
750 1257 930 1292 posteriore.
950 1256 1035 1291 hius

245 1303 368 1337 epistola:
384 1303 506 1330 lictorem
523 1311 654 1338 agnosco,
672 1308 700 1331 et
716 1304 788 1331 inter
800 1308 903 1339 septem
916 1303 1035 1331 Eusebio

246 1353 422 1379 memoratas,
437 1352 464 1375 et
476 1355 491 1374 a
506 1348 586 1376 nobis
602 1347 786 1376 defendendas
807 1349 921 1376 omnino
937 1356 1034 1376 nume-

246 1394 360 1421 randam
380 1401 490 1421 censeo.
510 1393 603 1429 Neque
616 1395 689 1421 enim
711 1395 906 1431 Hieronymum
922 1395 967 1423 hic
981 1396 1034 1423 im-

246 1440 342 1475 primis
354 1440 532 1474 spectandum
542 1448 604 1468 esse
619 1445 686 1475 puto
703 1451 709 1468 :
727 1449 817 1476 neque
833 1441 985 1469 Eusebium
1001 1449 1035 1469 ελ(

246 1485 412 1521 Hieronymo
436 1486 610 1521 interpretor,
638 1487 685 1514 sed
694 1508 702 1520 ,
718 1487 757 1514 uti
771 1495 822 1522 par
835 1493 887 1521 est,
901 1487 1035 1524 Hierony-

246 1541 320 1560 mum
336 1541 369 1560 ex
380 1532 509 1565 Eusebio,
524 1539 539 1560 e
549 1540 605 1568 quo
620 1541 670 1561 sua
680 1535 829 1562 transtulit.
839 1534 1035 1572 Primoitaque
1048 1553 1071 1584 ε

247 1579 397 1607 Eusebium
415 1587 510 1608 assero
525 1585 628 1615 septem
642 1581 754 1608 omnino
776 1582 906 1616 epistolas
919 1591 1034 1611 enume-

245 1633 333 1658 rasse,
345 1631 373 1653 et
385 1627 459 1654 illius
474 1627 508 1654 ad
523 1626 704 1662 Polycarpum
720 1631 850 1662 tanquam
865 1629 899 1656 ab
916 1637 949 1657 ea
973 1637 1035 1664 quae

245 1672 347 1706 scripta
363 1675 406 1699 est
417 1673 450 1699 ad
471 1671 627 1708 Smyrnaaos
640 1673 720 1708 plane
733 1673 849 1701 diversa!
864 1675 1033 1703 meminisse.

245 1716 313 1744 Nam
325 1721 444 1752 quatuor
458 1725 473 1744 e
488 1717 604 1753 Smyrna
631 1718 741 1752 missas,
766 1720 871 1747 scilicet
895 1721 927 1748 ad
947 1720 1036 1756 Ephe-

245 1763 313 1796 sios,
327 1763 361 1790 ad
375 1763 580 1799 Magnesianos,
596 1765 630 1792 ad
651 1764 816 1798 Trallianos,
839 1766 873 1794 ad
896 1765 1035 1795 Romanos

247 1805 378 1843 tanquam
393 1809 540 1837 distinctas
560 1810 708 1838 Eusebium
726 1819 896 1839 memorasse
915 1812 1035 1840 fatentur

247 1862 344 1882 omnes
363 1863 370 1882 :
389 1860 445 1884 tres
459 1861 550 1884 autem
566 1865 581 1885 e
594 1857 701 1886 Troade
719 1859 819 1886 missas
833 1860 937 1894 pariter
946 1860 1035 1888 diver-

247 1908 294 1928 sas
308 1906 390 1936 atque
404 1902 550 1930 distinctas
566 1903 624 1930 hate
638 1902 748 1931 Eusebii
765 1905 848 1932 verba
863 1913 918 1932 non
942 1906 1034 1933 minus

246 1952 322 1974 certo
337 1947 481 1975 evincunt:
492 1949 562 1985 Ἤδη
575 1949 603 1975 δὲ
618 1950 803 1986 ὲπέκεινατῆς
819 1951 946 1988 Σμύρνης
957 1953 1034 1986 γενο-

248 2001 338 2028 μενος,
356 1993 409 2021 ἀπὸ
421 1994 547 2030 Τρωάδος
559 1997 615 2027 τοῖς
628 2004 659 2022 τε
673 1997 702 2022 ἐν
717 1996 892 2033 Φιλαδελφεᾱε.
905 1996 982 2030 αὖθις
991 1999 1034 2026 διὰ

246 2040 355 2075 γραφῆς
367 2041 467 2076 ὁμιλεῖ,
486 2042 534 2068 καὶ
549 2043 583 2077 τῇ
600 2042 762 2078 Σμυρναίων
784 2043 942 2080 Ἐκκλησίᾳ,
962 2045 1035 2077 ἰδίως

245 2094 276 2112 τε
291 2086 330 2122 τῷ
346 2086 448 2122 ταύτης
459 2089 656 2124 πραηγουμένῳ
672 2089 856 2125 Πολυκάρπῳ.
871 2090 937 2117 Cum
946 2095 1034 2118 autem

246 2132 301 2166 iam
315 2132 386 2159 ultra
402 2132 542 2167 Smyrnam
556 2140 633 2166 esset,
645 2143 658 2161 e
674 2134 778 2162 Troade
786 2144 876 2163 rursus
892 2142 947 2164 tum
958 2137 1034 2164 Pllll-

246 2177 414 2212 adelphenos,
427 2182 482 2204 tum
490 2177 686 2214 Smyrnaorum
695 2179 851 2214 Ecclesium,
859 2185 914 2208 tum
924 2185 1033 2210 seorsim

1082 935 1157 970 loqui
1175 935 1311 963 Eusebius
1323 935 1394 963 solet
1410 945 1416 962 :
1433 940 1463 962 ut
1476 944 1538 964 cum
1552 936 1586 964 de
1602 936 1736 964 Melitone
1756 942 1784 965 et
1797 938 1851 972 Apo

1083 981 1164 1008 linari
1191 981 1265 1017 agit:
1281 981 1312 1010 οἳ
1336 981 1480 1016 Ῥωμαίων
1498 981 1602 1017 βασιλεῖ
1618 982 1717 1017 λόγους
1735 983 1808 1019 ὑπὲρ
1829 983 1851 1009 ri

1082 1027 1202 1059 πίστεως
1231 1027 1303 1058 ἰδίως
1321 1027 1451 1063 ἑκάτερος
1471 1027 1620 1062 ἀπολογίας
1645 1029 1851 1065 προσεφώνησω

1084 1072 1204 1105 Quorum
1231 1078 1339 1108 uterque
1370 1073 1504 1101 orationes
1541 1082 1588 1108 pro
1614 1075 1667 1109 ﬁde
1696 1076 1851 1111 apologetict

1084 1128 1200 1146 seorsum
1214 1120 1373 1155 nuncupauit
1391 1119 1472 1154 (Hist.
1485 1121 1504 1147 l.
1517 1129 1553 1154 Iv,
1567 1129 1592 1148 c.
1609 1121 1671 1155 26);
1684 1129 1752 1149 cum
1765 1122 1799 1150 de
1814 1123 1851 1150 ΡΜ

1084 1165 1145 1192 rino
1152 1170 1179 1192 et
1187 1165 1279 1192 Blasto
1288 1166 1423 1193 haireticis
1436 1175 1442 1192 :
1456 1166 1575 1202 Θάτερος
1588 1166 1659 1198 ἰδίως
1671 1168 1739 1202 περὶ
1751 1167 1801 1203 τὴν
1814 1168 1851 1194 ἁλι

1084 1211 1159 1239 θείαν
1174 1212 1346 1248 νεωτερίζειν
1362 1212 1542 1248 πειρώμενος.
1555 1213 1622 1239 Cum
1639 1218 1752 1249 uterque
1769 1215 1851 1241 seorsil

1084 1265 1180 1284 nouam
1199 1258 1349 1285 doctrinam
1370 1259 1493 1285 adversus
1515 1259 1578 1293 ﬁdei
1601 1259 1740 1287 veritatem
1762 1261 1851 1287 iure/tet

1061 1296 1070 1302 ’
1084 1303 1217 1331 laboraret
1233 1303 1263 1335 ll.
1277 1312 1303 1337 ν,
1320 1311 1345 1331 c.
1360 1304 1404 1339 15)
1415 1313 1422 1338 ;
1434 1312 1496 1332 cum
1512 1305 1545 1332 de
1557 1304 1692 1340 Origene:
1718 1306 1804 1337 ’ἰδίως
1826 1306 1851 1342 τὴ

1092 1349 1203 1376 Ἀκύλου
1213 1350 1260 1376 καὶ
1267 1350 1302 1376 Συ
1307 1350 1426 1385 μμάχου,
1434 1351 1482 1378 καὶ
1488 1350 1776 1382 Θεοδοτίωνοςέκδοσιν
1782 1352 1834 1386 ἃμα
1840 1360 1851 1377 τ

1084 1395 1344 1431 τῶνἙὸδομήκοντα
1358 1397 1386 1423 ὲν
1404 1398 1461 1428 τοῖς
1476 1397 1636 1433 τετραπλοίς
1654 1398 1851 1424 ἑπικατασκευά

1087 1451 1146 1474 σας.
1161 1441 1312 1470 Editionem
1326 1444 1439 1478 Aquilae,
1450 1448 1474 1471 et
1489 1443 1641 1479 Symmachi
1651 1450 1676 1472 et
1691 1445 1851 1472 Tlteodotioui

1085 1495 1146 1514 cum
1155 1487 1204 1514 LX
1207 1487 1233 1514 Χ
1240 1487 1418 1522 Interpretum
1424 1490 1542 1517 versione
1546 1498 1662 1518 seorsum
1671 1491 1699 1517 in
1706 1492 1826 1526 tetraplis
1831 1491 1851 1517 di

1086 1533 1167 1568 gessit
1177 1533 1207 1567 (Ι.
1215 1541 1252 1566 vt,
1262 1541 1286 1561 c.
1295 1534 1350 1569 16).
1364 1534 1402 1562 Ita
1410 1535 1449 1562 illi
1461 1536 1596 1570 peculiare
1607 1536 1717 1571 aliquod
1730 1538 1851 1572 scriptum

1086 1586 1161 1606 nunc
1168 1579 1220 1606 ἰδία
1228 1580 1330 1615 γραφή,
1341 1584 1388 1607 aut
1404 1580 1456 1607 ἰδία
1465 1581 1556 1617 σχολή,
1570 1590 1643 1609 nunc
1657 1581 1722 1608 ἴδιον
1731 1582 1851 1617 σύγγραμ

1087 1635 1136 1662 μα,
1162 1626 1205 1653 vel
1233 1626 1297 1653 ῐδιον
1323 1627 1483 1662 σπούδασμα
1513 1627 1675 1662 appellatur.
1702 1627 1851 1655 Peculiaren

1086 1672 1169 1707 igitur
1181 1671 1323 1706 epistolam
1336 1673 1445 1707 (praeter
1451 1680 1511 1700 eam
1519 1673 1552 1700 ad
1566 1672 1724 1708 Smyrnaeos
1731 1674 1851 1708 scriptam

1085 1722 1113 1744 et
1123 1717 1237 1745 seorsim
1252 1717 1405 1752 Polycarpo
1413 1722 1599 1752 nuncupatam
1612 1718 1726 1745 omnino
1743 1717 1851 1745 intellexi

1085 1762 1230 1791 Eusebius.

1120 1807 1213 1844 Neque
1230 1813 1336 1837 tantum
1353 1810 1451 1837 modus
1460 1810 1503 1837 hic
1513 1810 1653 1846 loquendi,
1667 1811 1714 1846 qui
1735 1811 1814 1838 aliter
1823 1818 1849 1838 CI

1087 1854 1183 1889 plicari
1199 1863 1255 1882 non
1270 1861 1371 1890 potest,
1386 1856 1434 1883 sed
1446 1861 1473 1883 et
1486 1864 1518 1883 ea
1532 1864 1594 1891 qua:
1617 1861 1784 1890 sequuntur,
1801 1857 1851 1882 itien

1085 1901 1224 1928 evincunt.
1240 1901 1307 1928 Nam
1322 1909 1384 1928 eum
1403 1901 1537 1937 lgnatium
1557 1902 1673 1928 seorsim
1688 1902 1723 1929 ad
1748 1902 1851 1936 Polycar

1086 1953 1150 1980 pum
1166 1945 1310 1980 scripsisse
1323 1951 1512 1978 memorasset.
1525 1946 1658 1974 rationem
1673 1947 1737 1981 ejus
1753 1947 1792 1974 rei
1807 1945 1851 1981 οριή

1086 2000 1158 2019 mam
1174 1992 1306 2026 assignat,
1322 1993 1498 2020 tenerrimam
1514 2000 1622 2028 nempe,
1639 1993 1732 2028 gregis
1752 1992 1795 2020 sui
1817 1992 1851 2018 Au

1085 2039 1203 2067 tiocbeni
1211 2047 1305 2067 curam
1317 2039 1355 2066 illi
1366 2039 1540 2074 potissimum
1552 2039 1764 2067 demandatam:
1777 2040 1820 2065 'Ov
1826 2036 1851 2064 oi

1083 2086 1113 2112 δὲ
1128 2086 1305 2113 ἀποστολικὸν
1325 2085 1410 2121 ἄνδρα
1426 2083 1455 2112 εὖ
1475 2085 1548 2121 μάλα
1568 2085 1721 2121 γνωρίζων,
1742 2086 1792 2121 τὴν
1813 2093 1851 2111 κατ

1091 2133 1252 2168 Ἀντιόχειαν
1262 2132 1336 2168 αὑτῷ
1347 2132 1474 2168 ποίμνην,
1489 2133 1527 2163 ὼς
1540 2132 1573 2159 ἃν
1586 2133 1695 2167 γνήσιος
1710 2132 1762 2159 καὶ
1776 2131 1851 2166 ἀγαθὰ

1084 2179 1186 2214 ποιμὴν
1206 2179 1395 2214 παρατίθεται,
1422 2178 1471 2213 τὴν
1491 2179 1555 2214 περὶ
1572 2178 1656 2213 αὐτῆς
1679 2178 1810 2214 φροντίδα.
1827 2177 1851 2203 ὃιέ

246 2223 424 2258 Polycarpum
445 2225 523 2259 hujus
540 2224 667 2253 Ecclesia:
681 2226 832 2261 episcopum
854 2228 951 2263 scripto
965 2229 1031 2255 allo-

1085 2226 1202 2261 σπουδῆς
1218 2225 1290 2261 ἔχειν
1303 2225 1384 2252 αὑτὸν
1400 2225 1495 2258 ἀξιῶν.
1524 2225 1605 2256 Quem
1621 2233 1682 2251 cum
1697 2224 1851 2259 apostolicus

245 2270 348 2304 quitur.
363 2268 411 2296 His
426 2270 518 2297 verbis
532 2274 588 2298 tres
602 2271 725 2305 epistola:
736 2278 752 2298 e
763 2270 870 2299 Troade
886 2273 978 2299 missae
991 2272 1034 2300 di-

247 2320 319 2344 serte
338 2316 499 2350 traduntur;
516 2324 604 2351 neque
628 2317 719 2344 minus
735 2317 780 2344 illa
801 2318 836 2345 ad
852 2317 1032 2353 Polycarpum

245 2362 423 2397 distinguitur
437 2362 472 2388 ab
489 2362 573 2389 altera
593 2362 627 2388 ad
649 2361 851 2397 Smyrnmorum
871 2362 1031 2394 Ecclesiam.

245 2416 327 2443 quam
345 2408 390 2435 illa
403 2408 438 2435 ad
445 2407 601 2443 Smyrmeos
612 2408 647 2435 ab
655 2408 740 2436 altera
751 2408 784 2435 ad
795 2408 1030 2443 Philadelphenos.

245 2453 324 2481 Hattd
347 2454 427 2480 aliter
453 2453 604 2480 Eusebium
626 2454 784 2481 intellexere
798 2453 894 2488 Gcazei.
910 2453 949 2481 Ita
966 2461 1032 2481 sane

245 2498 416 2533 Nicephorus
430 2508 437 2525 :
454 2499 510 2526 Kal.
524 2499 686 2535 Σμυρναίοις
700 2499 783 2534 ἄλλην
790 2499 975 2535 διαχαράττει,
984 2500 1033 2527 καὶ

245 2545 321 2580 αὐτῷ
334 2545 362 2572 δὲ
377 2545 429 2581 ἰδίᾳ
439 2544 479 2580 τῷ
495 2545 618 2581 προέὸρῳ
630 2545 732 2582 ταύτης
741 2545 914 2581 Πολυκάρπῳ
933 2546 1031 2581 ἑτέραν

245 2591 400 2618 ἐπέστελλε.
414 2591 449 2618 Et
465 2593 499 2619 ad
515 2591 666 2627 Smyrnam:
685 2592 767 2618 aliam
781 2591 918 2627 epistolam
932 2600 1032 2619 exara-

245 2639 293 2670 vit,
315 2642 341 2664 et
364 2638 472 2665 seorsim
489 2638 524 2665 ad
540 2638 625 2672 ipsum
640 2638 718 2672 hujus
745 2637 869 2665 Ecclesitz
883 2637 1031 2664 antistitem

245 2682 330 2709 aliam
344 2683 427 2710 misit.
444 2681 537 2718 Neque
549 2687 579 2710 ut
588 2683 666 2710 aliter
673 2682 822 2710 Eusebium
836 2683 1030 2718 intelligamus,

245 2733 303 2756 tum
321 2729 453 2763 particula
464 2729 637 2764 coniunctiva
655 2737 685 2756 τε
700 2734 741 2757 ter
755 2730 883 2764 repetita,
897 2737 959 2756 eum
977 2736 1031 2756 vox

246 2773 293 2801 illa
307 2773 390 2807 ἰδίως,
403 2775 525 2808 seorsim,
541 2775 767 2809 sive'scparatim,
782 2775 933 2810 patiuntur.
950 2773 1030 2802 Nice-

246 2821 350 2854 phorus
363 2827 414 2855 pro
434 2820 517 2852 ἰδίως,
533 2821 587 2856 ἰδίᾳ
606 2821 684 2854 dixit,
709 2826 738 2848 ut
750 2820 836 2848 Graeci
849 2820 1029 2855 elegantioraa

246 2865 318 2901 loqui
331 2867 430 2895 solent.
438 2866 550 2895 Suidas:
561 2866 634 2901 'l5lq.,
645 2866 735 2902 χωρίς.
746 2865 821 2895 Unde
830 2866 970 2899 ἰδιάςεται,
981 2865 1030 2901 μό-

1085 2272 1169 2299 uirum
1181 2280 1237 2298 esse
1255 2271 1332 2306 plane
1346 2275 1521 2306 cognosceret.
1536 2271 1588 2305 ipsi
1605 2275 1734 2304 tanquam
1756 2274 1831 2297 bonus
1841 2277 1851 2294 ﬂ

1084 2318 1169 2352 ﬁdelis
1183 2325 1275 2352 pastor
1290 2325 1392 2352 gregem
1403 2316 1573 2343 Antiocliente
1588 2315 1716 2342 Ecclesia:
1741 2324 1851 2343 conamur

1083 2363 1167 2394 (lavit,
1183 2370 1278 2397 rogans
1294 2366 1322 2388 ut
1344 2362 1416 2388 omni
1434 2369 1499 2387 cura
1512 2369 1542 2387 ac
1557 2359 1698 2395 diligentia
1713 2369 1776 2388 eam
1789 2361 1851 2396 fore"

1083 2409 1167 2436 vellet.
1181 2410 1215 2435 At
1230 2408 1257 2434 in
1271 2408 1322 2435 hac
1335 2408 1368 2434 ad
1386 2407 1566 2442 Polycarpum
1580 2407 1694 2442 epistola
1714 2407 1803 2441 ipsius
1819 2407 1851 2432 Po

1083 2454 1186 2490 lyearpi
1203 2461 1277 2481 curae
1298 2457 1380 2487 atque
1396 2452 1544 2488 diligentiae
1558 2452 1708 2480 Ecclesiam
1726 2453 1851 2480 Antioche

1083 2508 1146 2527 nam
1161 2499 1346 2530 commendat,
1359 2498 1424 2525 alibi
1446 2505 1594 2532 nusquam.
1617 2497 1687 2525 Nam
1707 2499 1738 2525 in
1759 2497 1851 2534 epistol:

1082 2547 1116 2573 ad
1129 2545 1320 2580 Smyrnenses,
1331 2543 1480 2572 Ecclesiam
1497 2544 1570 2571 illam
1585 2549 1674 2578 rogat,
1697 2549 1730 2572 ut
1745 2545 1851 2579 θεοπρεσ·

1083 2592 1181 2627 ὃευτήν
1199 2592 1393 2624 instituerent;
1414 2591 1461 2619 sed
1484 2590 1665 2626 Polycarpum
1682 2591 1799 2618 omnino
1815 2595 1851 2616 non

1082 2638 1242 2673 alloquitur,
1266 2645 1355 2673 neque
1370 2645 1433 2665 eum
1451 2637 1478 2664 in
1500 2641 1556 2664 tota
1574 2637 1620 2664 illa
1636 2635 1756 2671 epistola
1772 2638 1851 2664 diserlt

1082 2684 1217 2715 nominat,
1235 2690 1316 2718 quem
1336 2684 1364 2710 in
1378 2682 1503 2718 epistolis
1520 2682 1554 2709 ad
1567 2681 1702 2716 Ephesios
1718 2688 1748 2710 et
1757 2684 1790 2711 ad
1811 2681 1851 2708 ila-

1083 2729 1232 2764 gnesianos
1256 2729 1456 2756 nominaverat.
1481 2726 1566 2762 Cujus
1588 2727 1629 2754 rei
1653 2727 1700 2754 vix
1722 2729 1777 2756 alia
1801 2728 1851 2754 ratio

1082 2774 1215 2809 assignari
1225 2779 1325 2808 potest,
1334 2781 1416 2809 quam
1430 2774 1502 2808 quod
1514 2773 1608 2800 eodem
1620 2777 1746 2808 tetnmre
1758 2774 1850 2803 seorsim

1082 2820 1116 2847 ad
1137 2821 1228 2855 ipsum
1248 2821 1431 2856 Polycarpum
1443 2819 1594 2854 scripserit.
1614 2819 1644 2847 in
1667 2821 1786 2855 epistola
1799 2825 1851 2848 certe

1083 2865 1116 2893 ad
1131 2874 1192 2894 eum
1209 2867 1384 2902 peculiariter
1406 2867 1480 2901 data,
1502 2869 1553 2895 hoc
1574 2866 1716 2902 negotium
1742 2868 1793 2903 ipsi
1806 2866 1848 2894 diii-
