  <div class='ocr_page' id='page_1' title='image "/cluster/home/n/w/nwhite01/storage/ocr_20150623/5/njp.32101077772372/052.png"; bbox 0 0 1874 3070; ppageno 0'>
   <div class='ocr_carea' id='block_1_1' title="bbox 45 134 71 161">
    <p class='ocr_par' dir='ltr' id='par_1_1' title="bbox 45 134 71 161">
     <span class='ocr_line' id='line_1_1' title="bbox 45 134 71 161; baseline 0 -3"><span class='ocrx_word' id='word_1_1' title='bbox 45 134 71 161; x_wconf 72' lang='grc'><strong>69</strong></span> 
     </span>
    </p>
   </div>
   <div class='ocr_carea' id='block_1_2' title="bbox 397 133 819 168">
    <p class='ocr_par' dir='ltr' id='par_1_2' title="bbox 397 133 803 163">
     <span class='ocr_line' id='line_1_2' title="bbox 397 133 803 163; baseline 0.002 -1"><span class='ocrx_word' id='word_1_2' title='bbox 397 133 421 162; x_wconf 86' lang='lat' dir='ltr'><strong>J.</strong></span> <span class='ocrx_word' id='word_1_3' title='bbox 442 134 622 163; x_wconf 77' lang='lat' dir='ltr'><strong>PEARSONH</strong></span> <span class='ocrx_word' id='word_1_4' title='bbox 643 134 803 163; x_wconf 65' lang='grc' dir='ltr'>νιΝιιιοιΑὲ</span> 
     </span>
    </p>
   </div>
   <div class='ocr_carea' id='block_1_3' title="bbox 865 133 1313 168">
    <p class='ocr_par' dir='ltr' id='par_1_3' title="bbox 865 135 1313 168">
     <span class='ocr_line' id='line_1_3' title="bbox 865 135 1313 168; baseline 0.002 -5"><span class='ocrx_word' id='word_1_5' title='bbox 865 135 1034 165; x_wconf 57' lang='grc' dir='ltr'><strong>ῚΑΤΙΑΝΛΕ.</strong></span> <span class='ocrx_word' id='word_1_6' title='bbox 1052 152 1086 159; x_wconf 88' lang='grc'><strong><em>-</em></strong></span> <span class='ocrx_word' id='word_1_7' title='bbox 1103 137 1313 168; x_wconf 70' lang='grc' dir='ltr'>Ριιοωιιιυιι.</span> 
     </span>
    </p>
   </div>
   <div class='ocr_carea' id='block_1_4' title="bbox 1632 144 1667 172">
    <p class='ocr_par' dir='ltr' id='par_1_4' title="bbox 1632 144 1667 172">
     <span class='ocr_line' id='line_1_4' title="bbox 1632 144 1667 172; baseline -0.057 0"><span class='ocrx_word' id='word_1_8' title='bbox 1632 144 1667 172; x_wconf 78' lang='lat'><strong>70</strong></span> 
     </span>
    </p>
   </div>
   <div class='ocr_carea' id='block_1_5' title="bbox 8 192 819 235">
    <p class='ocr_par' dir='ltr' id='par_1_5' title="bbox 8 192 819 227">
     <span class='ocr_line' id='line_1_5' title="bbox 8 192 819 227; baseline 0.004 -8"><span class='ocrx_word' id='word_1_9' title='bbox 8 207 9 213; x_wconf 64' lang='grc' dir='ltr'><strong>ι</strong></span> <span class='ocrx_word' id='word_1_10' title='bbox 42 192 195 227; x_wconf 75' lang='lat' dir='ltr'><strong>gentissime</strong></span> <span class='ocrx_word' id='word_1_11' title='bbox 209 192 400 226; x_wconf 77' lang='lat' dir='ltr'><strong>commendat,</strong></span> <span class='ocrx_word' id='word_1_12' title='bbox 415 198 444 220; x_wconf 92' lang='lat' dir='ltr'><strong>ut</strong></span> <span class='ocrx_word' id='word_1_13' title='bbox 458 194 604 222; x_wconf 73' lang='lat' dir='ltr'><strong>concilium</strong></span> <span class='ocrx_word' id='word_1_14' title='bbox 621 194 648 221; x_wconf 92' lang='lat' dir='ltr'><strong>in</strong></span> <span class='ocrx_word' id='word_1_15' title='bbox 663 202 726 222; x_wconf 89' lang='lat' dir='ltr'><strong>eum</strong></span> <span class='ocrx_word' id='word_1_16' title='bbox 742 194 819 222; x_wconf 79' lang='lat' dir='ltr'><strong>linem</strong></span> 
     </span>
    </p>
   </div>
   <div class='ocr_carea' id='block_1_6' title="bbox 865 192 1666 235">
    <p class='ocr_par' dir='ltr' id='par_1_6' title="bbox 875 195 1666 235">
     <span class='ocr_line' id='line_1_6' title="bbox 875 195 1666 235; baseline 0.005 -13"><span class='ocrx_word' id='word_1_17' title='bbox 875 195 918 223; x_wconf 90' lang='lat' dir='ltr'><strong>rio</strong></span> <span class='ocrx_word' id='word_1_18' title='bbox 942 196 980 223; x_wconf 84' lang='lat' dir='ltr'><strong>ita</strong></span> <span class='ocrx_word' id='word_1_19' title='bbox 1007 196 1172 224; x_wconf 88' lang='lat' dir='ltr'><strong>sumendum</strong></span> <span class='ocrx_word' id='word_1_20' title='bbox 1197 202 1256 230; x_wconf 82' lang='lat' dir='ltr'><strong>est,</strong></span> <span class='ocrx_word' id='word_1_21' title='bbox 1283 202 1312 225; x_wconf 93' lang='lat' dir='ltr'><strong>ut</strong></span> <span class='ocrx_word' id='word_1_22' title='bbox 1328 199 1342 225; x_wconf 80' lang='grc' dir='ltr'><strong>ό</strong></span> <span class='ocrx_word' id='word_1_23' title='bbox 1358 197 1380 223; x_wconf 80' lang='grc' dir='ltr'><strong>δ’</strong></span> <span class='ocrx_word' id='word_1_24' title='bbox 1398 197 1479 229; x_wconf 76' lang='grc' dir='ltr'>αὐτὸς</span> <span class='ocrx_word' id='word_1_25' title='bbox 1504 198 1666 235; x_wconf 74' lang='grc' dir='ltr'><strong>Σμυρναίοις</strong></span> 
     </span>
    </p>
   </div>
   <div class='ocr_carea' id='block_1_7' title="bbox 40 239 824 278">
    <p class='ocr_par' dir='ltr' id='par_1_7' title="bbox 40 239 824 278">
     <span class='ocr_line' id='line_1_7' title="bbox 40 239 824 278; baseline 0.004 -13"><span class='ocrx_word' id='word_1_26' title='bbox 40 243 168 266; x_wconf 78' lang='lat' dir='ltr'><strong>convocet</strong></span> <span class='ocrx_word' id='word_1_27' title='bbox 189 239 333 273; x_wconf 75' lang='lat' dir='ltr'><strong>hortatur,</strong></span> <span class='ocrx_word' id='word_1_28' title='bbox 357 246 386 268; x_wconf 89' lang='lat' dir='ltr'><strong>ut</strong></span> <span class='ocrx_word' id='word_1_29' title='bbox 405 241 493 268; x_wconf 83' lang='lat' dir='ltr'><strong>virum</strong></span> <span class='ocrx_word' id='word_1_30' title='bbox 510 241 593 276; x_wconf 81' lang='lat' dir='ltr'><strong>eligat</strong></span> <span class='ocrx_word' id='word_1_31' title='bbox 609 243 751 278; x_wconf 78' lang='grc' dir='ltr'>ἀγαπητὸν</span> <span class='ocrx_word' id='word_1_32' title='bbox 766 243 824 269; x_wconf 78' lang='grc' dir='ltr'>λίαν</span> 
     </span>
    </p>
   </div>
   <div class='ocr_carea' id='block_1_8' title="bbox 39 286 825 325">
    <p class='ocr_par' dir='ltr' id='par_1_8' title="bbox 39 286 825 325">
     <span class='ocr_line' id='line_1_8' title="bbox 39 286 825 325; baseline 0.006 -13"><span class='ocrx_word' id='word_1_33' title='bbox 39 286 79 312; x_wconf 66' lang='lat' dir='ltr'><strong>ut</strong></span> <span class='ocrx_word' id='word_1_34' title='bbox 93 286 203 319; x_wconf 69' lang='grc' dir='ltr'>ἄοκνον,</span> <span class='ocrx_word' id='word_1_35' title='bbox 219 286 351 315; x_wconf 77' lang='lat' dir='ltr'><strong>dilectum</strong></span> <span class='ocrx_word' id='word_1_36' title='bbox 367 288 497 323; x_wconf 89' lang='lat' dir='ltr'><strong>imprimis</strong></span> <span class='ocrx_word' id='word_1_37' title='bbox 508 294 585 324; x_wconf 83' lang='lat' dir='ltr'><strong>atque</strong></span> <span class='ocrx_word' id='word_1_38' title='bbox 599 290 788 325; x_wconf 81' lang='lat' dir='ltr'><strong>impigrum,ut</strong></span> <span class='ocrx_word' id='word_1_39' title='bbox 798 289 825 317; x_wconf 87' lang='lat' dir='ltr'><strong>id</strong></span> 
     </span>
    </p>
   </div>
   <div class='ocr_carea' id='block_1_9' title="bbox 39 332 823 369">
    <p class='ocr_par' dir='ltr' id='par_1_9' title="bbox 39 332 823 369">
     <span class='ocr_line' id='line_1_9' title="bbox 39 332 823 369; baseline 0.005 -10"><span class='ocrx_word' id='word_1_40' title='bbox 39 339 86 359; x_wconf 74' lang='lat' dir='ltr'><strong>non</strong></span> <span class='ocrx_word' id='word_1_41' title='bbox 104 337 215 360; x_wconf 81' lang='lat' dir='ltr'><strong>tantum</strong></span> <span class='ocrx_word' id='word_1_42' title='bbox 239 332 377 369; x_wconf 63' lang='lat' dir='ltr'><strong>Smyrnae;</strong></span> <span class='ocrx_word' id='word_1_43' title='bbox 391 335 436 362; x_wconf 85' lang='lat' dir='ltr'><strong>sed</strong></span> <span class='ocrx_word' id='word_1_44' title='bbox 449 339 477 362; x_wconf 89' lang='lat' dir='ltr'><strong>et</strong></span> <span class='ocrx_word' id='word_1_45' title='bbox 490 335 525 362; x_wconf 89' lang='lat' dir='ltr'><strong>ab</strong></span> <span class='ocrx_word' id='word_1_46' title='bbox 537 335 599 363; x_wconf 88' lang='lat' dir='ltr'><strong>aliis</strong></span> <span class='ocrx_word' id='word_1_47' title='bbox 611 334 741 363; x_wconf 83' lang='lat' dir='ltr'><strong>Ecclesiis</strong></span> <span class='ocrx_word' id='word_1_48' title='bbox 763 335 823 363; x_wconf 83' lang='lat' dir='ltr'><strong>ﬂeri</strong></span> 
     </span>
    </p>
   </div>
   <div class='ocr_carea' id='block_1_10' title="bbox 37 378 824 417">
    <p class='ocr_par' dir='ltr' id='par_1_10' title="bbox 37 378 824 417">
     <span class='ocr_line' id='line_1_10' title="bbox 37 378 824 417; baseline 0.008 -13"><span class='ocrx_word' id='word_1_49' title='bbox 37 384 119 410; x_wconf 81' lang='lat' dir='ltr'><strong>curet,</strong></span> <span class='ocrx_word' id='word_1_50' title='bbox 135 382 168 405; x_wconf 92' lang='lat' dir='ltr'><strong>ut</strong></span> <span class='ocrx_word' id='word_1_51' title='bbox 183 378 220 406; x_wconf 89' lang='lat' dir='ltr'><strong>ab</strong></span> <span class='ocrx_word' id='word_1_52' title='bbox 233 379 288 407; x_wconf 81' lang='lat' dir='ltr'><strong>illis</strong></span> <span class='ocrx_word' id='word_1_53' title='bbox 300 379 382 407; x_wconf 87' lang='lat' dir='ltr'><strong>etiam</strong></span> <span class='ocrx_word' id='word_1_54' title='bbox 396 381 485 408; x_wconf 93' lang='lat' dir='ltr'><strong>nuntii</strong></span> <span class='ocrx_word' id='word_1_55' title='bbox 496 386 524 408; x_wconf 83' lang='lat' dir='ltr'><strong>et</strong></span> <span class='ocrx_word' id='word_1_56' title='bbox 535 381 659 416; x_wconf 71' lang='lat' dir='ltr'><strong>epistola:</strong></span> <span class='ocrx_word' id='word_1_57' title='bbox 675 382 762 416; x_wconf 78' lang='lat' dir='ltr'><strong>ipsius</strong></span> <span class='ocrx_word' id='word_1_58' title='bbox 773 389 824 417; x_wconf 92' lang='lat' dir='ltr'><strong>ope</strong></span> 
     </span>
    </p>
   </div>
   <div class='ocr_carea' id='block_1_11' title="bbox 35 425 824 463">
    <p class='ocr_par' dir='ltr' id='par_1_11' title="bbox 35 425 824 463">
     <span class='ocr_line' id='line_1_11' title="bbox 35 425 824 463; baseline 0.005 -12"><span class='ocrx_word' id='word_1_59' title='bbox 35 425 64 451; x_wconf 77' lang='lat' dir='ltr'><strong>ad</strong></span> <span class='ocrx_word' id='word_1_60' title='bbox 83 425 278 454; x_wconf 78' lang='lat' dir='ltr'><strong>Antiochenos</strong></span> <span class='ocrx_word' id='word_1_61' title='bbox 294 426 455 460; x_wconf 72' lang='lat' dir='ltr'><strong>mittantur;</strong></span> <span class='ocrx_word' id='word_1_62' title='bbox 472 427 545 454; x_wconf 87' lang='lat' dir='ltr'><strong>unde</strong></span> <span class='ocrx_word' id='word_1_63' title='bbox 555 432 582 455; x_wconf 88' lang='lat' dir='ltr'><strong>et</strong></span> <span class='ocrx_word' id='word_1_64' title='bbox 599 428 714 462; x_wconf 80' lang='lat' dir='ltr'><strong>gratiam</strong></span> <span class='ocrx_word' id='word_1_65' title='bbox 728 435 824 463; x_wconf 85' lang='lat' dir='ltr'><strong>preca-</strong></span> 
     </span>
    </p>
   </div>
   <div class='ocr_carea' id='block_1_12' title="bbox 35 472 823 509">
    <p class='ocr_par' dir='ltr' id='par_1_12' title="bbox 35 472 823 509">
     <span class='ocr_line' id='line_1_12' title="bbox 35 472 823 509; baseline 0.005 -11"><span class='ocrx_word' id='word_1_66' title='bbox 35 477 84 503; x_wconf 86' lang='lat' dir='ltr'><strong>tnr,</strong></span> <span class='ocrx_word' id='word_1_67' title='bbox 101 478 129 499; x_wconf 87' lang='lat' dir='ltr'><strong>et</strong></span> <span class='ocrx_word' id='word_1_68' title='bbox 142 472 183 499; x_wconf 89' lang='lat' dir='ltr'><strong>illi</strong></span> <span class='ocrx_word' id='word_1_69' title='bbox 200 473 248 508; x_wconf 86' lang='lat' dir='ltr'><strong>qui</strong></span> <span class='ocrx_word' id='word_1_70' title='bbox 262 472 428 506; x_wconf 83' lang='lat' dir='ltr'><strong>mitteretur,</strong></span> <span class='ocrx_word' id='word_1_71' title='bbox 445 478 473 501; x_wconf 89' lang='lat' dir='ltr'><strong>et</strong></span> <span class='ocrx_word' id='word_1_72' title='bbox 496 473 546 508; x_wconf 87' lang='lat' dir='ltr'><strong>ipsi</strong></span> <span class='ocrx_word' id='word_1_73' title='bbox 562 474 609 509; x_wconf 89' lang='lat' dir='ltr'><strong>qui</strong></span> <span class='ocrx_word' id='word_1_74' title='bbox 627 481 689 502; x_wconf 89' lang='lat' dir='ltr'><strong>eum</strong></span> <span class='ocrx_word' id='word_1_75' title='bbox 703 474 823 502; x_wconf 77' lang='lat' dir='ltr'><strong>mitteret</strong></span> 
     </span>
    </p>
   </div>
   <div class='ocr_carea' id='block_1_13' title="bbox 34 518 822 558">
    <p class='ocr_par' dir='ltr' id='par_1_13' title="bbox 34 518 822 558">
     <span class='ocr_line' id='line_1_13' title="bbox 34 518 822 558; baseline 0.005 -13"><span class='ocrx_word' id='word_1_76' title='bbox 34 518 195 555; x_wconf 83' lang='lat' dir='ltr'><strong>Polycarpo.</strong></span> <span class='ocrx_word' id='word_1_77' title='bbox 221 520 288 554; x_wconf 62' lang='lat' dir='ltr'><strong>Quae</strong></span> <span class='ocrx_word' id='word_1_78' title='bbox 303 521 397 548; x_wconf 91' lang='lat' dir='ltr'><strong>omnia</strong></span> <span class='ocrx_word' id='word_1_79' title='bbox 420 521 508 556; x_wconf 83' lang='lat' dir='ltr'><strong>ipsius</strong></span> <span class='ocrx_word' id='word_1_80' title='bbox 528 521 671 557; x_wconf 84' lang='lat' dir='ltr'><strong>Polycarpi</strong></span> <span class='ocrx_word' id='word_1_81' title='bbox 693 522 822 558; x_wconf 74' lang='grc' dir='ltr'><strong>φροντίδα</strong></span> 
     </span>
    </p>
   </div>
   <div class='ocr_carea' id='block_1_14' title="bbox 32 566 822 602">
    <p class='ocr_par' dir='ltr' id='par_1_14' title="bbox 32 566 822 602">
     <span class='ocr_line' id='line_1_14' title="bbox 32 566 822 602; baseline 0.004 -9"><span class='ocrx_word' id='word_1_82' title='bbox 32 566 73 593; x_wconf 65' lang='grc' dir='ltr'><strong>διὰ</strong></span> <span class='ocrx_word' id='word_1_83' title='bbox 89 567 226 602; x_wconf 70' lang='grc' dir='ltr'><strong>σπουδῆς,</strong></span> <span class='ocrx_word' id='word_1_84' title='bbox 242 572 270 594; x_wconf 83' lang='grc' dir='ltr'><strong>ιιι</strong></span> <span class='ocrx_word' id='word_1_85' title='bbox 280 568 403 602; x_wconf 90' lang='lat' dir='ltr'><strong>loquitur</strong></span> <span class='ocrx_word' id='word_1_86' title='bbox 414 568 561 602; x_wconf 84' lang='lat' dir='ltr'><strong>Eusebius,</strong></span> <span class='ocrx_word' id='word_1_87' title='bbox 573 577 666 596; x_wconf 87' lang='lat' dir='ltr'><strong>curam</strong></span> <span class='ocrx_word' id='word_1_88' title='bbox 677 577 737 596; x_wconf 85' lang='lat' dir='ltr'><strong>cum</strong></span> <span class='ocrx_word' id='word_1_89' title='bbox 757 568 822 596; x_wconf 87' lang='lat' dir='ltr'><strong>dili-</strong></span> 
     </span>
    </p>
   </div>
   <div class='ocr_carea' id='block_1_15' title="bbox 32 612 555 647">
    <p class='ocr_par' dir='ltr' id='par_1_15' title="bbox 32 612 555 647">
     <span class='ocr_line' id='line_1_15' title="bbox 32 612 555 647; baseline 0.006 -9"><span class='ocrx_word' id='word_1_90' title='bbox 32 612 117 646; x_wconf 73' lang='lat' dir='ltr'><strong>gentia</strong></span> <span class='ocrx_word' id='word_1_91' title='bbox 131 612 315 647; x_wconf 83' lang='lat' dir='ltr'><strong>conjunctam,</strong></span> <span class='ocrx_word' id='word_1_92' title='bbox 328 613 398 640; x_wconf 90' lang='lat' dir='ltr'><strong>mire</strong></span> <span class='ocrx_word' id='word_1_93' title='bbox 409 614 555 642; x_wconf 86' lang='lat' dir='ltr'><strong>illustrant.</strong></span> 
     </span>
    </p>
   </div>
   <div class='ocr_carea' id='block_1_16' title="bbox 64 658 823 695">
    <p class='ocr_par' dir='ltr' id='par_1_16' title="bbox 64 658 823 695">
     <span class='ocr_line' id='line_1_16' title="bbox 64 658 823 695; baseline 0.004 -10"><span class='ocrx_word' id='word_1_94' title='bbox 64 658 226 691; x_wconf 84' lang='lat' dir='ltr'><strong>Quinetiam</strong></span> <span class='ocrx_word' id='word_1_95' title='bbox 239 658 321 687; x_wconf 79' lang='lat' dir='ltr'><strong>verba</strong></span> <span class='ocrx_word' id='word_1_96' title='bbox 334 667 398 695; x_wconf 54' lang='lat' dir='ltr'><strong>quae</strong></span> <span class='ocrx_word' id='word_1_97' title='bbox 409 667 563 695; x_wconf 87' lang='lat' dir='ltr'><strong>sequuntur</strong></span> <span class='ocrx_word' id='word_1_98' title='bbox 575 669 630 688; x_wconf 88' lang='lat' dir='ltr'><strong>non</strong></span> <span class='ocrx_word' id='word_1_99' title='bbox 642 661 724 688; x_wconf 90' lang='lat' dir='ltr'><strong>aliam</strong></span> <span class='ocrx_word' id='word_1_100' title='bbox 737 661 823 689; x_wconf 78' lang='lat' dir='ltr'><strong>fuisse</strong></span> 
     </span>
    </p>
   </div>
   <div class='ocr_carea' id='block_1_17' title="bbox 31 704 822 742">
    <p class='ocr_par' dir='ltr' id='par_1_17' title="bbox 31 704 822 742">
     <span class='ocr_line' id='line_1_17' title="bbox 31 704 822 742; baseline 0.004 -11"><span class='ocrx_word' id='word_1_101' title='bbox 31 704 138 732; x_wconf 83' lang='lat' dir='ltr'><strong>Eusebii</strong></span> <span class='ocrx_word' id='word_1_102' title='bbox 149 711 271 733; x_wconf 82' lang='lat' dir='ltr'><strong>mentem</strong></span> <span class='ocrx_word' id='word_1_103' title='bbox 285 711 378 740; x_wconf 87' lang='lat' dir='ltr'><strong>aperte</strong></span> <span class='ocrx_word' id='word_1_104' title='bbox 393 706 556 734; x_wconf 87' lang='lat' dir='ltr'><strong>ostendunt:</strong></span> <span class='ocrx_word' id='word_1_105' title='bbox 571 707 600 733; x_wconf 90' lang='lat'><strong>&#39;0</strong></span> <span class='ocrx_word' id='word_1_106' title='bbox 610 706 632 733; x_wconf 83' lang='grc' dir='ltr'><strong>δ’</strong></span> <span class='ocrx_word' id='word_1_107' title='bbox 640 707 721 739; x_wconf 81' lang='grc' dir='ltr'>αὐτὸς</span> <span class='ocrx_word' id='word_1_108' title='bbox 732 707 822 742; x_wconf 87' lang='grc' dir='ltr'><strong>Σμυρ-</strong></span> 
     </span>
    </p>
   </div>
   <div class='ocr_carea' id='block_1_18' title="bbox 31 750 822 789">
    <p class='ocr_par' dir='ltr' id='par_1_18' title="bbox 31 750 822 789">
     <span class='ocr_line' id='line_1_18' title="bbox 31 750 822 789; baseline 0.003 -11"><span class='ocrx_word' id='word_1_109' title='bbox 31 753 110 784; x_wconf 78' lang='grc' dir='ltr'>ναίοις</span> <span class='ocrx_word' id='word_1_110' title='bbox 117 753 248 788; x_wconf 76' lang='grc' dir='ltr'><strong>γράφων,</strong></span> <span class='ocrx_word' id='word_1_111' title='bbox 259 752 309 778; x_wconf 84' lang='grc' dir='ltr'><strong>οὐκ</strong></span> <span class='ocrx_word' id='word_1_112' title='bbox 319 750 472 779; x_wconf 82' lang='grc' dir='ltr'>οἷδ’ὀπόθεν</span> <span class='ocrx_word' id='word_1_113' title='bbox 481 754 574 789; x_wconf 78' lang='grc' dir='ltr'><strong>ῥητοῖς</strong></span> <span class='ocrx_word' id='word_1_114' title='bbox 590 753 730 789; x_wconf 82' lang='grc' dir='ltr'><strong>κέχρηται.</strong></span> <span class='ocrx_word' id='word_1_115' title='bbox 746 753 822 781; x_wconf 88' lang='lat' dir='ltr'><strong>ldent</strong></span> 
     </span>
    </p>
   </div>
   <div class='ocr_carea' id='block_1_19' title="bbox 30 797 820 834">
    <p class='ocr_par' dir='ltr' id='par_1_19' title="bbox 30 797 820 834">
     <span class='ocr_line' id='line_1_19' title="bbox 30 797 820 834; baseline 0.001 -9"><span class='ocrx_word' id='word_1_116' title='bbox 30 804 112 826; x_wconf 72' lang='lat' dir='ltr'><strong>autem</strong></span> <span class='ocrx_word' id='word_1_117' title='bbox 125 799 293 834; x_wconf 86' lang='lat' dir='ltr'><strong>lguatiusad</strong></span> <span class='ocrx_word' id='word_1_118' title='bbox 307 797 459 833; x_wconf 72' lang='lat' dir='ltr'><strong>Smyrnazos</strong></span> <span class='ocrx_word' id='word_1_119' title='bbox 473 800 600 833; x_wconf 85' lang='lat' dir='ltr'><strong>scribens,</strong></span> <span class='ocrx_word' id='word_1_120' title='bbox 617 800 701 827; x_wconf 76' lang='lat' dir='ltr'><strong>verbis</strong></span> <span class='ocrx_word' id='word_1_121' title='bbox 722 800 820 833; x_wconf 80' lang='lat' dir='ltr'><strong>utitur,</strong></span> 
     </span>
    </p>
   </div>
   <div class='ocr_carea' id='block_1_20' title="bbox 30 845 820 882">
    <p class='ocr_par' dir='ltr' id='par_1_20' title="bbox 30 845 820 882">
     <span class='ocr_line' id='line_1_20' title="bbox 30 845 820 882; baseline 0.001 -10"><span class='ocrx_word' id='word_1_122' title='bbox 30 854 83 880; x_wconf 69' lang='lat' dir='ltr'><strong>qua</strong></span> <span class='ocrx_word' id='word_1_123' title='bbox 100 847 172 873; x_wconf 75' lang='lat' dir='ltr'><strong>unde</strong></span> <span class='ocrx_word' id='word_1_124' title='bbox 192 847 335 882; x_wconf 83' lang='lat' dir='ltr'><strong>acceperit,</strong></span> <span class='ocrx_word' id='word_1_125' title='bbox 362 847 466 882; x_wconf 81' lang='lat' dir='ltr'><strong>ignaro.</strong></span> <span class='ocrx_word' id='word_1_126' title='bbox 489 845 635 881; x_wconf 79' lang='lat' dir='ltr'><strong>Nunquam</strong></span> <span class='ocrx_word' id='word_1_127' title='bbox 655 846 692 874; x_wconf 83' lang='lat' dir='ltr'><strong>ita</strong></span> <span class='ocrx_word' id='word_1_128' title='bbox 712 846 820 874; x_wconf 87' lang='lat' dir='ltr'><strong>locutus</strong></span> 
     </span>
    </p>
   </div>
   <div class='ocr_carea' id='block_1_21' title="bbox 31 892 818 926">
    <p class='ocr_par' dir='ltr' id='par_1_21' title="bbox 31 892 818 926">
     <span class='ocr_line' id='line_1_21' title="bbox 31 892 818 926; baseline 0.001 -7"><span class='ocrx_word' id='word_1_129' title='bbox 31 893 123 920; x_wconf 81' lang='lat' dir='ltr'><strong>luisset</strong></span> <span class='ocrx_word' id='word_1_130' title='bbox 137 892 289 926; x_wconf 80' lang='lat' dir='ltr'><strong>Eusebius,</strong></span> <span class='ocrx_word' id='word_1_131' title='bbox 305 897 337 920; x_wconf 89' lang='lat' dir='ltr'><strong>ut</strong></span> <span class='ocrx_word' id='word_1_132' title='bbox 349 897 423 920; x_wconf 90' lang='lat' dir='ltr'><strong>recte</strong></span> <span class='ocrx_word' id='word_1_133' title='bbox 431 893 559 920; x_wconf 76' lang='lat' dir='ltr'><strong>observat</strong></span> <span class='ocrx_word' id='word_1_134' title='bbox 570 892 681 920; x_wconf 86' lang='lat' dir='ltr'><strong>lsaacus</strong></span> <span class='ocrx_word' id='word_1_135' title='bbox 693 892 818 925; x_wconf 83' lang='lat' dir='ltr'><strong>Vossius,</strong></span> 
     </span>
    </p>
   </div>
   <div class='ocr_carea' id='block_1_22' title="bbox 31 938 819 974">
    <p class='ocr_par' dir='ltr' id='par_1_22' title="bbox 31 938 819 974">
     <span class='ocr_line' id='line_1_22' title="bbox 31 938 819 974; baseline 0.001 -9"><span class='ocrx_word' id='word_1_136' title='bbox 31 939 52 966; x_wconf 83' lang='lat' dir='ltr'><strong>si</strong></span> <span class='ocrx_word' id='word_1_137' title='bbox 62 946 95 965; x_wconf 72' lang='lat' dir='ltr'><strong>ex</strong></span> <span class='ocrx_word' id='word_1_138' title='bbox 107 939 207 966; x_wconf 86' lang='lat' dir='ltr'><strong>eadem</strong></span> <span class='ocrx_word' id='word_1_139' title='bbox 223 938 349 974; x_wconf 87' lang='lat' dir='ltr'><strong>epistola,</strong></span> <span class='ocrx_word' id='word_1_140' title='bbox 361 938 396 966; x_wconf 90' lang='lat' dir='ltr'><strong>de</strong></span> <span class='ocrx_word' id='word_1_141' title='bbox 409 946 463 973; x_wconf 87' lang='lat' dir='ltr'><strong>qua</strong></span> <span class='ocrx_word' id='word_1_142' title='bbox 474 938 608 966; x_wconf 78' lang='lat' dir='ltr'><strong>hactenus</strong></span> <span class='ocrx_word' id='word_1_143' title='bbox 617 938 725 966; x_wconf 89' lang='lat' dir='ltr'><strong>locutus</strong></span> <span class='ocrx_word' id='word_1_144' title='bbox 736 944 819 972; x_wconf 89' lang='lat' dir='ltr'><strong>esset,</strong></span> 
     </span>
    </p>
   </div>
   <div class='ocr_carea' id='block_1_23' title="bbox 30 983 820 1019">
    <p class='ocr_par' dir='ltr' id='par_1_23' title="bbox 30 983 820 1019">
     <span class='ocr_line' id='line_1_23' title="bbox 30 983 820 1019; baseline 0 -8"><span class='ocrx_word' id='word_1_145' title='bbox 30 985 169 1019; x_wconf 77' lang='lat' dir='ltr'><strong>sequentia</strong></span> <span class='ocrx_word' id='word_1_146' title='bbox 185 989 281 1012; x_wconf 85' lang='lat' dir='ltr'><strong>essent</strong></span> <span class='ocrx_word' id='word_1_147' title='bbox 288 984 443 1019; x_wconf 80' lang='lat' dir='ltr'><strong>desumpta.</strong></span> <span class='ocrx_word' id='word_1_148' title='bbox 458 983 491 1011; x_wconf 89' lang='lat' dir='ltr'><strong>Et</strong></span> <span class='ocrx_word' id='word_1_149' title='bbox 504 983 674 1011; x_wconf 81' lang='lat' dir='ltr'><strong>adversativa</strong></span> <span class='ocrx_word' id='word_1_150' title='bbox 689 984 747 1012; x_wconf 64' lang='lat' dir='ltr'><strong>haec</strong></span> <span class='ocrx_word' id='word_1_151' title='bbox 757 992 820 1012; x_wconf 88' lang='lat' dir='ltr'><strong>sen-</strong></span> 
     </span>
    </p>
   </div>
   <div class='ocr_carea' id='block_1_24' title="bbox 30 1028 818 1065">
    <p class='ocr_par' dir='ltr' id='par_1_24' title="bbox 30 1028 818 1065">
     <span class='ocr_line' id='line_1_24' title="bbox 30 1028 818 1065; baseline 0.001 -10"><span class='ocrx_word' id='word_1_152' title='bbox 30 1029 118 1061; x_wconf 77' lang='lat' dir='ltr'><strong>tentia,</strong></span> <span class='ocrx_word' id='word_1_153' title='bbox 133 1037 200 1056; x_wconf 91' lang='lat' dir='ltr'><strong>cum</strong></span> <span class='ocrx_word' id='word_1_154' title='bbox 215 1028 338 1063; x_wconf 57' lang='lat' dir='ltr'><strong>epistolae.</strong></span> <span class='ocrx_word' id='word_1_155' title='bbox 352 1028 552 1061; x_wconf 86' lang='lat' dir='ltr'><strong>nominatione,</strong></span> <span class='ocrx_word' id='word_1_156' title='bbox 571 1036 624 1056; x_wconf 92' lang='lat' dir='ltr'><strong>non</strong></span> <span class='ocrx_word' id='word_1_157' title='bbox 640 1029 721 1056; x_wconf 88' lang='lat' dir='ltr'><strong>aliam</strong></span> <span class='ocrx_word' id='word_1_158' title='bbox 735 1037 818 1065; x_wconf 91' lang='lat' dir='ltr'><strong>quam</strong></span> 
     </span>
    </p>
   </div>
   <div class='ocr_carea' id='block_1_25' title="bbox 30 1074 818 1111">
    <p class='ocr_par' dir='ltr' id='par_1_25' title="bbox 30 1074 818 1111">
     <span class='ocr_line' id='line_1_25' title="bbox 30 1074 818 1111; baseline 0.003 -10"><span class='ocrx_word' id='word_1_159' title='bbox 30 1075 95 1102; x_wconf 77' lang='lat' dir='ltr'><strong>hanc</strong></span> <span class='ocrx_word' id='word_1_160' title='bbox 109 1075 368 1110; x_wconf 84' lang='lat' dir='ltr'><strong>interpretationem</strong></span> <span class='ocrx_word' id='word_1_161' title='bbox 393 1075 515 1110; x_wconf 79' lang='lat' dir='ltr'><strong>patitur:</strong></span> <span class='ocrx_word' id='word_1_162' title='bbox 532 1075 606 1103; x_wconf 90' lang='lat' dir='ltr'><strong>Idem</strong></span> <span class='ocrx_word' id='word_1_163' title='bbox 622 1075 667 1103; x_wconf 90' lang='lat' dir='ltr'><strong>ille</strong></span> <span class='ocrx_word' id='word_1_164' title='bbox 685 1074 818 1111; x_wconf 73' lang='lat' dir='ltr'><strong>lgnatius,</strong></span> 
     </span>
    </p>
   </div>
   <div class='ocr_carea' id='block_1_26' title="bbox 28 1120 818 1157">
    <p class='ocr_par' dir='ltr' id='par_1_26' title="bbox 28 1120 818 1157">
     <span class='ocr_line' id='line_1_26' title="bbox 28 1120 818 1157; baseline 0.001 -9"><span class='ocrx_word' id='word_1_165' title='bbox 28 1121 71 1155; x_wconf 83' lang='lat' dir='ltr'><strong>qui</strong></span> <span class='ocrx_word' id='word_1_166' title='bbox 83 1121 202 1149; x_wconf 84' lang='lat' dir='ltr'><strong>seorsim</strong></span> <span class='ocrx_word' id='word_1_167' title='bbox 219 1120 253 1148; x_wconf 87' lang='lat' dir='ltr'><strong>ad</strong></span> <span class='ocrx_word' id='word_1_168' title='bbox 272 1121 454 1157; x_wconf 88' lang='lat' dir='ltr'><strong>Polycarpum</strong></span> <span class='ocrx_word' id='word_1_169' title='bbox 469 1121 589 1156; x_wconf 86' lang='lat' dir='ltr'><strong>scripsit,</strong></span> <span class='ocrx_word' id='word_1_170' title='bbox 605 1121 721 1157; x_wconf 83' lang='lat' dir='ltr'><strong>ejusque</strong></span> <span class='ocrx_word' id='word_1_171' title='bbox 746 1129 818 1150; x_wconf 70' lang='lat' dir='ltr'><strong>cura:</strong></span> 
     </span>
    </p>
   </div>
   <div class='ocr_carea' id='block_1_27' title="bbox 29 1165 818 1202">
    <p class='ocr_par' dir='ltr' id='par_1_27' title="bbox 29 1165 818 1202">
     <span class='ocr_line' id='line_1_27' title="bbox 29 1165 818 1202; baseline 0.001 -9"><span class='ocrx_word' id='word_1_172' title='bbox 29 1172 105 1201; x_wconf 75' lang='lat' dir='ltr'><strong>atque</strong></span> <span class='ocrx_word' id='word_1_173' title='bbox 116 1166 271 1202; x_wconf 71' lang='lat' dir='ltr'><strong>diligentia!</strong></span> <span class='ocrx_word' id='word_1_174' title='bbox 290 1165 444 1194; x_wconf 87' lang='lat' dir='ltr'><strong>Ecclesiam</strong></span> <span class='ocrx_word' id='word_1_175' title='bbox 464 1166 663 1194; x_wconf 80' lang='lat' dir='ltr'><strong>Antiochenam</strong></span> <span class='ocrx_word' id='word_1_176' title='bbox 678 1174 818 1194; x_wconf 88' lang='lat' dir='ltr'><strong>commen-</strong></span> 
     </span>
    </p>
   </div>
   <div class='ocr_carea' id='block_1_28' title="bbox 29 1211 819 1248">
    <p class='ocr_par' dir='ltr' id='par_1_28' title="bbox 29 1211 819 1248">
     <span class='ocr_line' id='line_1_28' title="bbox 29 1211 819 1248; baseline 0.003 -9"><span class='ocrx_word' id='word_1_177' title='bbox 29 1213 107 1245; x_wconf 82' lang='lat' dir='ltr'><strong>davit,</strong></span> <span class='ocrx_word' id='word_1_178' title='bbox 122 1213 151 1240; x_wconf 87' lang='lat' dir='ltr'><strong>in</strong></span> <span class='ocrx_word' id='word_1_179' title='bbox 169 1213 257 1240; x_wconf 82' lang='lat' dir='ltr'><strong>altera</strong></span> <span class='ocrx_word' id='word_1_180' title='bbox 270 1212 398 1248; x_wconf 84' lang='lat' dir='ltr'><strong>epistola,</strong></span> <span class='ocrx_word' id='word_1_181' title='bbox 411 1220 494 1248; x_wconf 88' lang='lat' dir='ltr'><strong>quam</strong></span> <span class='ocrx_word' id='word_1_182' title='bbox 510 1212 544 1240; x_wconf 87' lang='lat' dir='ltr'><strong>ad</strong></span> <span class='ocrx_word' id='word_1_183' title='bbox 558 1211 743 1248; x_wconf 87' lang='lat' dir='ltr'><strong>Smyrnenses</strong></span> <span class='ocrx_word' id='word_1_184' title='bbox 753 1214 819 1241; x_wconf 85' lang='lat' dir='ltr'><strong>scri-</strong></span> 
     </span>
    </p>
   </div>
   <div class='ocr_carea' id='block_1_29' title="bbox 30 1258 819 1294">
    <p class='ocr_par' dir='ltr' id='par_1_29' title="bbox 30 1258 819 1294">
     <span class='ocr_line' id='line_1_29' title="bbox 30 1258 819 1294; baseline 0.001 -9"><span class='ocrx_word' id='word_1_185' title='bbox 30 1259 85 1292; x_wconf 83' lang='lat' dir='ltr'><strong>psit,</strong></span> <span class='ocrx_word' id='word_1_186' title='bbox 99 1259 189 1285; x_wconf 83' lang='lat' dir='ltr'><strong>utitur</strong></span> <span class='ocrx_word' id='word_1_187' title='bbox 205 1258 368 1285; x_wconf 89' lang='lat' dir='ltr'><strong>testimonio</strong></span> <span class='ocrx_word' id='word_1_188' title='bbox 388 1259 482 1286; x_wconf 91' lang='lat' dir='ltr'><strong>nescio</strong></span> <span class='ocrx_word' id='word_1_189' title='bbox 503 1259 577 1286; x_wconf 86' lang='lat' dir='ltr'><strong>unde</strong></span> <span class='ocrx_word' id='word_1_190' title='bbox 597 1259 752 1294; x_wconf 78' lang='lat' dir='ltr'><strong>desumpta.</strong></span> <span class='ocrx_word' id='word_1_191' title='bbox 783 1258 819 1286; x_wconf 87' lang='lat' dir='ltr'><strong>Ut</strong></span> 
     </span>
    </p>
   </div>
   <div class='ocr_carea' id='block_1_30' title="bbox 27 1303 818 1339">
    <p class='ocr_par' dir='ltr' id='par_1_30' title="bbox 27 1303 818 1339">
     <span class='ocr_line' id='line_1_30' title="bbox 27 1303 818 1339; baseline 0.005 -11"><span class='ocrx_word' id='word_1_192' title='bbox 27 1304 44 1329; x_wconf 92' lang='lat' dir='ltr'><strong>l.</strong></span> <span class='ocrx_word' id='word_1_193' title='bbox 58 1311 91 1336; x_wconf 80' lang='lat' dir='ltr'><strong>iv,</strong></span> <span class='ocrx_word' id='word_1_194' title='bbox 105 1312 133 1331; x_wconf 89' lang='lat' dir='ltr'><strong>c.</strong></span> <span class='ocrx_word' id='word_1_195' title='bbox 146 1305 175 1338; x_wconf 86' lang='grc'><strong>’1,</strong></span> <span class='ocrx_word' id='word_1_196' title='bbox 203 1312 268 1332; x_wconf 91' lang='lat' dir='ltr'><strong>cum</strong></span> <span class='ocrx_word' id='word_1_197' title='bbox 289 1304 323 1332; x_wconf 87' lang='lat' dir='ltr'><strong>de</strong></span> <span class='ocrx_word' id='word_1_198' title='bbox 343 1303 472 1331; x_wconf 77' lang='lat' dir='ltr'><strong>Melitone</strong></span> <span class='ocrx_word' id='word_1_199' title='bbox 494 1304 615 1339; x_wconf 88' lang='lat' dir='ltr'><strong>loquitur</strong></span> <span class='ocrx_word' id='word_1_200' title='bbox 630 1314 636 1332; x_wconf 89' lang='lat'>:</span> <span class='ocrx_word' id='word_1_201' title='bbox 656 1305 700 1331; x_wconf 89' lang='grc' dir='ltr'>Ἐν</span> <span class='ocrx_word' id='word_1_202' title='bbox 716 1305 744 1332; x_wconf 71' lang='grc' dir='ltr'><strong>δὲ</strong></span> <span class='ocrx_word' id='word_1_203' title='bbox 758 1307 818 1338; x_wconf 86' lang='grc' dir='ltr'><strong>ταῖς</strong></span> 
     </span>
    </p>
   </div>
   <div class='ocr_carea' id='block_1_31' title="bbox 27 1349 818 1387">
    <p class='ocr_par' dir='ltr' id='par_1_31' title="bbox 27 1349 818 1387">
     <span class='ocr_line' id='line_1_31' title="bbox 27 1349 818 1387; baseline 0.003 -10"><span class='ocrx_word' id='word_1_204' title='bbox 27 1351 185 1385; x_wconf 65' lang='grc' dir='ltr'>γραφείσαις</span> <span class='ocrx_word' id='word_1_205' title='bbox 203 1349 280 1385; x_wconf 77' lang='grc' dir='ltr'>αὐτῷ</span> <span class='ocrx_word' id='word_1_206' title='bbox 293 1350 421 1384; x_wconf 77' lang='grc' dir='ltr'><strong>ἐκλογαῖς</strong></span> <span class='ocrx_word' id='word_1_207' title='bbox 431 1351 446 1376; x_wconf 82' lang='grc' dir='ltr'><strong>ὁ</strong></span> <span class='ocrx_word' id='word_1_208' title='bbox 462 1350 543 1382; x_wconf 80' lang='grc' dir='ltr'>αὐτὸς</span> <span class='ocrx_word' id='word_1_209' title='bbox 553 1350 624 1377; x_wconf 80' lang='grc' dir='ltr'>κατὰ</span> <span class='ocrx_word' id='word_1_210' title='bbox 634 1351 665 1378; x_wconf 82' lang='grc' dir='ltr'><strong>τὸ</strong></span> <span class='ocrx_word' id='word_1_211' title='bbox 677 1352 818 1387; x_wconf 82' lang='grc' dir='ltr'>προοίμιον</span> 
     </span>
    </p>
   </div>
   <div class='ocr_carea' id='block_1_32' title="bbox 28 1397 816 1433">
    <p class='ocr_par' dir='ltr' id='par_1_32' title="bbox 28 1397 816 1433">
     <span class='ocr_line' id='line_1_32' title="bbox 28 1397 816 1433; baseline 0.003 -10"><span class='ocrx_word' id='word_1_212' title='bbox 28 1398 182 1433; x_wconf 69' lang='grc' dir='ltr'><strong>ἀρχόμενος.</strong></span> <span class='ocrx_word' id='word_1_213' title='bbox 191 1397 268 1424; x_wconf 82' lang='lat' dir='ltr'><strong>Idem</strong></span> <span class='ocrx_word' id='word_1_214' title='bbox 276 1397 302 1424; x_wconf 89' lang='lat' dir='ltr'><strong>in</strong></span> <span class='ocrx_word' id='word_1_215' title='bbox 311 1398 443 1432; x_wconf 72' lang='lat' dir='ltr'><strong>excerptis</strong></span> <span class='ocrx_word' id='word_1_216' title='bbox 454 1397 486 1424; x_wconf 88' lang='lat' dir='ltr'><strong>ab</strong></span> <span class='ocrx_word' id='word_1_217' title='bbox 497 1398 555 1432; x_wconf 79' lang='lat' dir='ltr'><strong>ipso</strong></span> <span class='ocrx_word' id='word_1_218' title='bbox 566 1399 715 1432; x_wconf 72' lang='lat' dir='ltr'><strong>compositis</strong></span> <span class='ocrx_word' id='word_1_219' title='bbox 726 1400 816 1425; x_wconf 88' lang='lat' dir='ltr'><strong>statint</strong></span> 
     </span>
    </p>
   </div>
   <div class='ocr_carea' id='block_1_33' title="bbox 27 1443 815 1479">
    <p class='ocr_par' dir='ltr' id='par_1_33' title="bbox 27 1443 815 1479">
     <span class='ocr_line' id='line_1_33' title="bbox 27 1443 815 1479; baseline 0.001 -9"><span class='ocrx_word' id='word_1_220' title='bbox 27 1444 193 1478; x_wconf 74' lang='lat' dir='ltr'><strong>ilpn‘tu&#39;ipia</strong></span> <span class='ocrx_word' id='word_1_221' title='bbox 205 1444 304 1478; x_wconf 85' lang='lat' dir='ltr'><strong>aperis,</strong></span> <span class='ocrx_word' id='word_1_222' title='bbox 327 1451 342 1470; x_wconf 93' lang='lat' dir='ltr'><strong>a</strong></span> <span class='ocrx_word' id='word_1_223' title='bbox 359 1443 431 1470; x_wconf 91' lang='lat' dir='ltr'><strong>libro</strong></span> <span class='ocrx_word' id='word_1_224' title='bbox 450 1443 497 1478; x_wconf 90' lang='lat' dir='ltr'><strong>qui</strong></span> <span class='ocrx_word' id='word_1_225' title='bbox 516 1443 644 1479; x_wconf 78' lang='lat' dir='ltr'><strong>Apologia</strong></span> <span class='ocrx_word' id='word_1_226' title='bbox 663 1445 815 1478; x_wconf 83' lang='lat' dir='ltr'><strong>dicebatur,</strong></span> 
     </span>
    </p>
   </div>
   <div class='ocr_carea' id='block_1_34' title="bbox 26 1490 816 1526">
    <p class='ocr_par' dir='ltr' id='par_1_34' title="bbox 26 1490 816 1526">
     <span class='ocr_line' id='line_1_34' title="bbox 26 1490 816 1526; baseline 0.001 -10"><span class='ocrx_word' id='word_1_227' title='bbox 26 1491 55 1516; x_wconf 82' lang='lat' dir='ltr'><strong>ad</strong></span> <span class='ocrx_word' id='word_1_228' title='bbox 72 1491 159 1517; x_wconf 86' lang='lat' dir='ltr'><strong>alium</strong></span> <span class='ocrx_word' id='word_1_229' title='bbox 183 1490 310 1525; x_wconf 82' lang='lat' dir='ltr'><strong>ejusdem</strong></span> <span class='ocrx_word' id='word_1_230' title='bbox 333 1490 468 1522; x_wconf 84' lang='lat' dir='ltr'><strong>auctoris,</strong></span> <span class='ocrx_word' id='word_1_231' title='bbox 480 1490 524 1518; x_wconf 92' lang='lat' dir='ltr'><strong>cui</strong></span> <span class='ocrx_word' id='word_1_232' title='bbox 546 1491 682 1526; x_wconf 76' lang='grc' dir='ltr'><strong>Ἐκλοται</strong></span> <span class='ocrx_word' id='word_1_233' title='bbox 696 1499 743 1519; x_wconf 88' lang='lat' dir='ltr'><strong>seu</strong></span> <span class='ocrx_word' id='word_1_234' title='bbox 763 1491 816 1517; x_wconf 70' lang='lat' dir='ltr'><strong>Ex-</strong></span> 
     </span>
    </p>
   </div>
   <div class='ocr_carea' id='block_1_35' title="bbox 837 871 858 899">
    <p class='ocr_par' dir='ltr' id='par_1_35' title="bbox 837 871 858 899">
     <span class='ocr_line' id='line_1_35' title="bbox 837 871 858 899; baseline 0 0"><span class='ocrx_word' id='word_1_235' title='bbox 837 871 858 899; x_wconf 88' lang='grc' dir='ltr'><strong>Β</strong></span> 
     </span>
    </p>
   </div>
   <div class='ocr_carea' id='block_1_36' title="bbox 875 242 1667 282">
    <p class='ocr_par' dir='ltr' id='par_1_36' title="bbox 875 242 1667 282">
     <span class='ocr_line' id='line_1_36' title="bbox 875 242 1667 282; baseline 0.008 -13"><span class='ocrx_word' id='word_1_236' title='bbox 875 243 989 278; x_wconf 78' lang='grc' dir='ltr'>γράφων</span> <span class='ocrx_word' id='word_1_237' title='bbox 1015 243 1087 278; x_wconf 89' lang='lat' dir='ltr'><strong>apud</strong></span> <span class='ocrx_word' id='word_1_238' title='bbox 1111 242 1271 277; x_wconf 80' lang='lat' dir='ltr'><strong>Eusebium,</strong></span> <span class='ocrx_word' id='word_1_239' title='bbox 1286 252 1320 272; x_wconf 85' lang='lat' dir='ltr'><strong>ex</strong></span> <span class='ocrx_word' id='word_1_240' title='bbox 1335 251 1393 279; x_wconf 90' lang='lat' dir='ltr'><strong>quo</strong></span> <span class='ocrx_word' id='word_1_241' title='bbox 1410 253 1459 272; x_wconf 86' lang='lat' dir='ltr'><strong>sua</strong></span> <span class='ocrx_word' id='word_1_242' title='bbox 1484 244 1667 282; x_wconf 75' lang='lat' dir='ltr'><strong>Hieronymus</strong></span> 
     </span>
    </p>
   </div>
   <div class='ocr_carea' id='block_1_37' title="bbox 875 288 1665 324">
    <p class='ocr_par' dir='ltr' id='par_1_37' title="bbox 875 288 1665 324">
     <span class='ocr_line' id='line_1_37' title="bbox 875 288 1665 324; baseline 0.006 -8"><span class='ocrx_word' id='word_1_243' title='bbox 875 289 1058 324; x_wconf 83' lang='lat' dir='ltr'><strong>transcripsit.</strong></span> <span class='ocrx_word' id='word_1_244' title='bbox 1074 288 1104 317; x_wconf 87' lang='lat' dir='ltr'><strong>Id</strong></span> <span class='ocrx_word' id='word_1_245' title='bbox 1117 294 1210 317; x_wconf 84' lang='lat' dir='ltr'><strong>autem</strong></span> <span class='ocrx_word' id='word_1_246' title='bbox 1229 295 1260 317; x_wconf 92' lang='lat' dir='ltr'><strong>ut</strong></span> <span class='ocrx_word' id='word_1_247' title='bbox 1271 290 1328 323; x_wconf 84' lang='lat' dir='ltr'><strong>ﬂat,</strong></span> <span class='ocrx_word' id='word_1_248' title='bbox 1350 291 1455 318; x_wconf 88' lang='lat' dir='ltr'><strong>nullum</strong></span> <span class='ocrx_word' id='word_1_249' title='bbox 1471 299 1533 319; x_wconf 85' lang='lat' dir='ltr'><strong>esse</strong></span> <span class='ocrx_word' id='word_1_250' title='bbox 1551 292 1665 321; x_wconf 88' lang='lat' dir='ltr'><strong>dubium</strong></span> 
     </span>
    </p>
   </div>
   <div class='ocr_carea' id='block_1_38' title="bbox 872 337 1666 376">
    <p class='ocr_par' dir='ltr' id='par_1_38' title="bbox 872 337 1666 376">
     <span class='ocr_line' id='line_1_38' title="bbox 872 337 1666 376; baseline 0.004 -12"><span class='ocrx_word' id='word_1_251' title='bbox 872 337 1036 372; x_wconf 83' lang='lat' dir='ltr'><strong>jampridem</strong></span> <span class='ocrx_word' id='word_1_252' title='bbox 1061 338 1180 365; x_wconf 79' lang='lat' dir='ltr'><strong>asseruit</strong></span> <span class='ocrx_word' id='word_1_253' title='bbox 1195 338 1308 366; x_wconf 88' lang='lat' dir='ltr'><strong>lsaacus</strong></span> <span class='ocrx_word' id='word_1_254' title='bbox 1323 337 1514 371; x_wconf 80' lang='lat' dir='ltr'><strong>Casaubonus,</strong></span> <span class='ocrx_word' id='word_1_255' title='bbox 1532 340 1599 374; x_wconf 90' lang='lat' dir='ltr'><strong>quin</strong></span> <span class='ocrx_word' id='word_1_256' title='bbox 1617 349 1666 376; x_wconf 86' lang='lat' dir='ltr'><strong>pa-</strong></span> 
     </span>
    </p>
   </div>
   <div class='ocr_carea' id='block_1_39' title="bbox 874 383 1666 420">
    <p class='ocr_par' dir='ltr' id='par_1_39' title="bbox 874 383 1666 420">
     <span class='ocr_line' id='line_1_39' title="bbox 874 383 1666 420; baseline 0.005 -10"><span class='ocrx_word' id='word_1_257' title='bbox 874 383 1033 411; x_wconf 84' lang='lat' dir='ltr'><strong>rentheseos</strong></span> <span class='ocrx_word' id='word_1_258' title='bbox 1049 384 1121 412; x_wconf 86' lang='lat' dir='ltr'><strong>notis</strong></span> <span class='ocrx_word' id='word_1_259' title='bbox 1136 383 1250 419; x_wconf 83' lang='lat' dir='ltr'><strong>adjectis</strong></span> <span class='ocrx_word' id='word_1_260' title='bbox 1261 384 1306 412; x_wconf 91' lang='lat' dir='ltr'><strong>hic</strong></span> <span class='ocrx_word' id='word_1_261' title='bbox 1317 383 1475 420; x_wconf 80' lang='lat' dir='ltr'><strong>Hieronymi</strong></span> <span class='ocrx_word' id='word_1_262' title='bbox 1492 385 1568 414; x_wconf 89' lang='lat' dir='ltr'><strong>locus</strong></span> <span class='ocrx_word' id='word_1_263' title='bbox 1580 387 1616 414; x_wconf 90' lang='lat' dir='ltr'><strong>ita</strong></span> <span class='ocrx_word' id='word_1_264' title='bbox 1630 387 1666 415; x_wconf 87' lang='lat' dir='ltr'><strong>sit</strong></span> 
     </span>
    </p>
   </div>
   <div class='ocr_carea' id='block_1_40' title="bbox 874 429 1665 468">
    <p class='ocr_par' dir='ltr' id='par_1_40' title="bbox 874 429 1665 468">
     <span class='ocr_line' id='line_1_40' title="bbox 874 429 1665 468; baseline 0.003 -11"><span class='ocrx_word' id='word_1_265' title='bbox 874 430 1070 464; x_wconf 89' lang='lat' dir='ltr'><strong>concipiendus</strong></span> <span class='ocrx_word' id='word_1_266' title='bbox 1085 439 1091 457; x_wconf 90' lang='lat'>:</span> <span class='ocrx_word' id='word_1_267' title='bbox 1109 429 1221 465; x_wconf 80' lang='lat' dir='ltr'><strong>Scripsit</strong></span> <span class='ocrx_word' id='word_1_268' title='bbox 1234 430 1268 457; x_wconf 86' lang='lat' dir='ltr'><strong>ad</strong></span> <span class='ocrx_word' id='word_1_269' title='bbox 1282 430 1483 465; x_wconf 77' lang='lat' dir='ltr'><strong>Philadelphas,</strong></span> <span class='ocrx_word' id='word_1_270' title='bbox 1490 436 1514 458; x_wconf 89' lang='lat' dir='ltr'><strong>et</strong></span> <span class='ocrx_word' id='word_1_271' title='bbox 1524 432 1559 458; x_wconf 85' lang='lat' dir='ltr'><strong>ad</strong></span> <span class='ocrx_word' id='word_1_272' title='bbox 1573 431 1665 468; x_wconf 75' lang='lat' dir='ltr'><strong>Smyr-</strong></span> 
     </span>
    </p>
   </div>
   <div class='ocr_carea' id='block_1_41' title="bbox 875 477 1665 514">
    <p class='ocr_par' dir='ltr' id='par_1_41' title="bbox 875 477 1665 514">
     <span class='ocr_line' id='line_1_41' title="bbox 875 477 1665 514; baseline 0.004 -12"><span class='ocrx_word' id='word_1_273' title='bbox 875 483 957 509; x_wconf 77' lang='lat' dir='ltr'><strong>nteos,</strong></span> <span class='ocrx_word' id='word_1_274' title='bbox 973 480 1028 503; x_wconf 92' lang='lat' dir='ltr'><strong>tum</strong></span> <span class='ocrx_word' id='word_1_275' title='bbox 1046 477 1205 511; x_wconf 81' lang='lat' dir='ltr'><strong>parenthesi</strong></span> <span class='ocrx_word' id='word_1_276' title='bbox 1226 477 1348 504; x_wconf 87' lang='lat' dir='ltr'><strong>adhibita</strong></span> <span class='ocrx_word' id='word_1_277' title='bbox 1362 478 1398 512; x_wconf 84' lang='lat' dir='ltr'><strong>(et</strong></span> <span class='ocrx_word' id='word_1_278' title='bbox 1411 478 1517 512; x_wconf 76' lang='lat' dir='ltr'><strong>proprie</strong></span> <span class='ocrx_word' id='word_1_279' title='bbox 1535 478 1569 504; x_wconf 86' lang='lat' dir='ltr'><strong>ad</strong></span> <span class='ocrx_word' id='word_1_280' title='bbox 1585 478 1665 514; x_wconf 77' lang='lat' dir='ltr'><strong>Poly-</strong></span> 
     </span>
    </p>
   </div>
   <div class='ocr_carea' id='block_1_42' title="bbox 874 523 1663 557">
    <p class='ocr_par' dir='ltr' id='par_1_42' title="bbox 874 523 1663 557">
     <span class='ocr_line' id='line_1_42' title="bbox 874 523 1663 557; baseline 0.004 -8"><span class='ocrx_word' id='word_1_281' title='bbox 874 530 983 557; x_wconf 76' lang='lat' dir='ltr'><strong>carpum</strong></span> <span class='ocrx_word' id='word_1_282' title='bbox 993 523 1179 550; x_wconf 70' lang='lat' dir='ltr'><strong>commendans</strong></span> <span class='ocrx_word' id='word_1_283' title='bbox 1190 523 1232 550; x_wconf 93' lang='lat' dir='ltr'><strong>illi</strong></span> <span class='ocrx_word' id='word_1_284' title='bbox 1249 524 1447 552; x_wconf 62' lang='lat' dir='ltr'><strong>Antiochenam</strong></span> <span class='ocrx_word' id='word_1_285' title='bbox 1460 525 1618 557; x_wconf 79' lang='lat' dir='ltr'><strong>Ecclesium)</strong></span> <span class='ocrx_word' id='word_1_286' title='bbox 1636 526 1663 552; x_wconf 80' lang='lat' dir='ltr'><strong>in</strong></span> 
     </span>
    </p>
   </div>
   <div class='ocr_carea' id='block_1_43' title="bbox 872 567 1663 605">
    <p class='ocr_par' dir='ltr' id='par_1_43' title="bbox 872 567 1663 605">
     <span class='ocr_line' id='line_1_43' title="bbox 872 567 1663 605; baseline 0.004 -10"><span class='ocrx_word' id='word_1_287' title='bbox 872 576 937 603; x_wconf 87' lang='lat' dir='ltr'><strong>qua,</strong></span> <span class='ocrx_word' id='word_1_288' title='bbox 951 573 1004 596; x_wconf 88' lang='lat' dir='ltr'><strong>etc.</strong></span> <span class='ocrx_word' id='word_1_289' title='bbox 1020 567 1216 597; x_wconf 84' lang='lat' dir='ltr'><strong>EtRichardus</strong></span> <span class='ocrx_word' id='word_1_290' title='bbox 1232 568 1419 597; x_wconf 72' lang='lat' dir='ltr'><strong>Hontacutius</strong></span> <span class='ocrx_word' id='word_1_291' title='bbox 1434 570 1580 605; x_wconf 86' lang='lat' dir='ltr'><strong>episcopus</strong></span> <span class='ocrx_word' id='word_1_292' title='bbox 1594 570 1663 598; x_wconf 72' lang='lat' dir='ltr'><strong>Nor.-</strong></span> 
     </span>
    </p>
   </div>
   <div class='ocr_carea' id='block_1_44' title="bbox 872 614 1663 651">
    <p class='ocr_par' dir='ltr' id='par_1_44' title="bbox 872 614 1663 651">
     <span class='ocr_line' id='line_1_44' title="bbox 872 614 1663 651; baseline 0.005 -10"><span class='ocrx_word' id='word_1_293' title='bbox 872 614 1001 646; x_wconf 86' lang='lat' dir='ltr'><strong>vicensis,</strong></span> <span class='ocrx_word' id='word_1_294' title='bbox 1017 614 1065 649; x_wconf 87' lang='lat' dir='ltr'><strong>qui</strong></span> <span class='ocrx_word' id='word_1_295' title='bbox 1079 615 1178 649; x_wconf 83' lang='lat' dir='ltr'><strong>quavis</strong></span> <span class='ocrx_word' id='word_1_296' title='bbox 1193 615 1250 643; x_wconf 81' lang='lat' dir='ltr'><strong>fere</strong></span> <span class='ocrx_word' id='word_1_297' title='bbox 1264 615 1410 644; x_wconf 84' lang='lat' dir='ltr'><strong>occasione</strong></span> <span class='ocrx_word' id='word_1_298' title='bbox 1424 621 1532 651; x_wconf 87' lang='lat' dir='ltr'><strong>arrepta</strong></span> <span class='ocrx_word' id='word_1_299' title='bbox 1558 616 1663 645; x_wconf 79' lang='lat' dir='ltr'><strong>Casau—</strong></span> 
     </span>
    </p>
   </div>
   <div class='ocr_carea' id='block_1_45' title="bbox 872 659 1661 698">
    <p class='ocr_par' dir='ltr' id='par_1_45' title="bbox 872 659 1661 698">
     <span class='ocr_line' id='line_1_45' title="bbox 872 659 1661 698; baseline 0.005 -11"><span class='ocrx_word' id='word_1_300' title='bbox 872 659 975 687; x_wconf 77' lang='lat' dir='ltr'><strong>bonum</strong></span> <span class='ocrx_word' id='word_1_301' title='bbox 991 661 1118 688; x_wconf 80' lang='lat' dir='ltr'><strong>vellicare</strong></span> <span class='ocrx_word' id='word_1_302' title='bbox 1135 661 1216 693; x_wconf 87' lang='lat' dir='ltr'><strong>solet,</strong></span> <span class='ocrx_word' id='word_1_303' title='bbox 1235 661 1279 689; x_wconf 83' lang='lat' dir='ltr'><strong>hic</strong></span> <span class='ocrx_word' id='word_1_304' title='bbox 1301 662 1404 689; x_wconf 84' lang='lat' dir='ltr'><strong>laudat.</strong></span> <span class='ocrx_word' id='word_1_305' title='bbox 1422 662 1502 694; x_wconf 83' lang='lat' dir='ltr'><strong>Bene.</strong></span> <span class='ocrx_word' id='word_1_306' title='bbox 1524 663 1624 698; x_wconf 87' lang='lat' dir='ltr'><strong>inquit,</strong></span> <span class='ocrx_word' id='word_1_307' title='bbox 1635 669 1661 691; x_wconf 82' lang='lat' dir='ltr'><strong>et</strong></span> 
     </span>
    </p>
   </div>
   <div class='ocr_carea' id='block_1_46' title="bbox 871 705 1663 743">
    <p class='ocr_par' dir='ltr' id='par_1_46' title="bbox 871 705 1663 743">
     <span class='ocr_line' id='line_1_46' title="bbox 871 705 1663 743; baseline 0.005 -12"><span class='ocrx_word' id='word_1_308' title='bbox 871 710 948 732; x_wconf 78' lang='lat' dir='ltr'><strong>acute</strong></span> <span class='ocrx_word' id='word_1_309' title='bbox 969 705 1141 734; x_wconf 82' lang='lat' dir='ltr'><strong>doctissimus</strong></span> <span class='ocrx_word' id='word_1_310' title='bbox 1160 706 1333 734; x_wconf 81' lang='lat' dir='ltr'><strong>Casaubanus</strong></span> <span class='ocrx_word' id='word_1_311' title='bbox 1345 708 1481 734; x_wconf 77' lang='lat' dir='ltr'><strong>adnatant</strong></span> <span class='ocrx_word' id='word_1_312' title='bbox 1496 717 1550 735; x_wconf 76' lang='lat' dir='ltr'><strong>esse</strong></span> <span class='ocrx_word' id='word_1_313' title='bbox 1567 717 1663 743; x_wconf 82' lang='lat' dir='ltr'><strong>paren-</strong></span> 
     </span>
    </p>
   </div>
   <div class='ocr_carea' id='block_1_47' title="bbox 872 750 1662 789">
    <p class='ocr_par' dir='ltr' id='par_1_47' title="bbox 872 750 1662 789">
     <span class='ocr_line' id='line_1_47' title="bbox 872 750 1662 789; baseline 0.006 -12"><span class='ocrx_word' id='word_1_314' title='bbox 872 750 938 778; x_wconf 71' lang='lat' dir='ltr'><strong>thesi</strong></span> <span class='ocrx_word' id='word_1_315' title='bbox 953 751 1112 779; x_wconf 77' lang='lat' dir='ltr'><strong>includenda</strong></span> <span class='ocrx_word' id='word_1_316' title='bbox 1127 753 1265 787; x_wconf 80' lang='lat' dir='ltr'><strong>interjecla</strong></span> <span class='ocrx_word' id='word_1_317' title='bbox 1278 753 1355 780; x_wconf 84' lang='lat' dir='ltr'><strong>verba</strong></span> <span class='ocrx_word' id='word_1_318' title='bbox 1370 754 1440 780; x_wconf 81' lang='lat' dir='ltr'><strong>inter</strong></span> <span class='ocrx_word' id='word_1_319' title='bbox 1453 753 1619 789; x_wconf 75' lang='lat' dir='ltr'><strong>Smyrnteos,</strong></span> <span class='ocrx_word' id='word_1_320' title='bbox 1634 759 1662 782; x_wconf 88' lang='lat' dir='ltr'><strong>ct</strong></span> 
     </span>
    </p>
   </div>
   <div class='ocr_carea' id='block_1_48' title="bbox 871 796 1662 832">
    <p class='ocr_par' dir='ltr' id='par_1_48' title="bbox 871 796 1662 832">
     <span class='ocr_line' id='line_1_48' title="bbox 871 796 1662 832; baseline 0.005 -9"><span class='ocrx_word' id='word_1_321' title='bbox 871 796 899 824; x_wconf 92' lang='lat' dir='ltr'><strong>in</strong></span> <span class='ocrx_word' id='word_1_322' title='bbox 907 804 971 832; x_wconf 85' lang='lat' dir='ltr'><strong>qua.</strong></span> <span class='ocrx_word' id='word_1_323' title='bbox 983 798 1042 831; x_wconf 84' lang='lat' dir='ltr'><strong>ipse</strong></span> <span class='ocrx_word' id='word_1_324' title='bbox 1055 797 1136 824; x_wconf 89' lang='lat' dir='ltr'><strong>etiam</strong></span> <span class='ocrx_word' id='word_1_325' title='bbox 1147 797 1274 825; x_wconf 84' lang='lat' dir='ltr'><strong>Usserius</strong></span> <span class='ocrx_word' id='word_1_326' title='bbox 1289 798 1485 826; x_wconf 84' lang='lat' dir='ltr'><strong>Casaubonum</strong></span> <span class='ocrx_word' id='word_1_327' title='bbox 1500 803 1528 827; x_wconf 89' lang='lat' dir='ltr'><strong>et</strong></span> <span class='ocrx_word' id='word_1_328' title='bbox 1542 799 1662 827; x_wconf 81' lang='lat' dir='ltr'><strong>Baronio</strong></span> 
     </span>
    </p>
   </div>
   <div class='ocr_carea' id='block_1_49' title="bbox 871 841 1661 880">
    <p class='ocr_par' dir='ltr' id='par_1_49' title="bbox 871 841 1661 880">
     <span class='ocr_line' id='line_1_49' title="bbox 871 841 1661 880; baseline 0.006 -11"><span class='ocrx_word' id='word_1_329' title='bbox 871 847 899 870; x_wconf 88' lang='lat' dir='ltr'><strong>et</strong></span> <span class='ocrx_word' id='word_1_330' title='bbox 924 841 1061 870; x_wconf 81' lang='lat' dir='ltr'><strong>Halloixio</strong></span> <span class='ocrx_word' id='word_1_331' title='bbox 1076 844 1227 872; x_wconf 84' lang='lat' dir='ltr'><strong>acutiorem</strong></span> <span class='ocrx_word' id='word_1_332' title='bbox 1243 845 1322 879; x_wconf 82' lang='lat' dir='ltr'><strong>longe</strong></span> <span class='ocrx_word' id='word_1_333' title='bbox 1337 846 1479 880; x_wconf 73' lang='lat' dir='ltr'><strong>agnoscit,</strong></span> <span class='ocrx_word' id='word_1_334' title='bbox 1492 854 1554 874; x_wconf 91' lang='lat' dir='ltr'><strong>eum</strong></span> <span class='ocrx_word' id='word_1_335' title='bbox 1571 853 1661 874; x_wconf 88' lang='lat' dir='ltr'><strong>tamen</strong></span> 
     </span>
    </p>
   </div>
   <div class='ocr_carea' id='block_1_50' title="bbox 871 889 1661 925">
    <p class='ocr_par' dir='ltr' id='par_1_50' title="bbox 871 889 1661 925">
     <span class='ocr_line' id='line_1_50' title="bbox 871 889 1661 925; baseline 0.006 -9"><span class='ocrx_word' id='word_1_336' title='bbox 871 889 984 922; x_wconf 87' lang='lat' dir='ltr'><strong>deserit,</strong></span> <span class='ocrx_word' id='word_1_337' title='bbox 1013 889 1071 917; x_wconf 91' lang='lat' dir='ltr'><strong>sola</strong></span> <span class='ocrx_word' id='word_1_338' title='bbox 1086 890 1349 925; x_wconf 79' lang='lat' dir='ltr'><strong>Augustodunensis</strong></span> <span class='ocrx_word' id='word_1_339' title='bbox 1364 890 1479 920; x_wconf 85' lang='lat' dir='ltr'><strong>Honorii</strong></span> <span class='ocrx_word' id='word_1_340' title='bbox 1498 894 1661 921; x_wconf 84' lang='lat' dir='ltr'><strong>auctoritate</strong></span> 
     </span>
    </p>
   </div>
   <div class='ocr_carea' id='block_1_51' title="bbox 871 935 1661 973">
    <p class='ocr_par' dir='ltr' id='par_1_51' title="bbox 871 935 1661 973">
     <span class='ocr_line' id='line_1_51' title="bbox 871 935 1661 973; baseline 0.006 -11"><span class='ocrx_word' id='word_1_341' title='bbox 871 939 1022 969; x_wconf 78' lang='lat' dir='ltr'><strong>permotus,</strong></span> <span class='ocrx_word' id='word_1_342' title='bbox 1044 936 1091 971; x_wconf 89' lang='lat' dir='ltr'><strong>qui</strong></span> <span class='ocrx_word' id='word_1_343' title='bbox 1117 935 1267 971; x_wconf 74' lang='lat' dir='ltr'><strong>Epistulam</strong></span> <span class='ocrx_word' id='word_1_344' title='bbox 1286 937 1322 964; x_wconf 86' lang='lat' dir='ltr'><strong>ad</strong></span> <span class='ocrx_word' id='word_1_345' title='bbox 1341 937 1520 973; x_wconf 79' lang='lat' dir='ltr'><strong>Polycarpum</strong></span> <span class='ocrx_word' id='word_1_346' title='bbox 1537 939 1565 966; x_wconf 90' lang='lat' dir='ltr'><strong>in</strong></span> <span class='ocrx_word' id='word_1_347' title='bbox 1582 948 1661 967; x_wconf 81' lang='lat' dir='ltr'><strong>censu</strong></span> 
     </span>
    </p>
   </div>
   <div class='ocr_carea' id='block_1_52' title="bbox 870 981 1661 1020">
    <p class='ocr_par' dir='ltr' id='par_1_52' title="bbox 870 981 1661 1020">
     <span class='ocr_line' id='line_1_52' title="bbox 870 981 1661 1020; baseline 0.009 -14"><span class='ocrx_word' id='word_1_348' title='bbox 870 981 1029 1015; x_wconf 78' lang='lat' dir='ltr'><strong>scriptorum</strong></span> <span class='ocrx_word' id='word_1_349' title='bbox 1041 981 1142 1018; x_wconf 76' lang='lat' dir='ltr'><strong>Ignatii</strong></span> <span class='ocrx_word' id='word_1_350' title='bbox 1160 983 1238 1015; x_wconf 80' lang='lat' dir='ltr'><strong>plane</strong></span> <span class='ocrx_word' id='word_1_351' title='bbox 1252 984 1506 1017; x_wconf 69' lang='lat' dir='ltr'><strong>praetermittendam</strong></span> <span class='ocrx_word' id='word_1_352' title='bbox 1519 993 1575 1012; x_wconf 84' lang='lat' dir='ltr'><strong>esse</strong></span> <span class='ocrx_word' id='word_1_353' title='bbox 1584 985 1661 1020; x_wconf 77' lang='lat' dir='ltr'><strong>judi-</strong></span> 
     </span>
    </p>
   </div>
   <div class='ocr_carea' id='block_1_53' title="bbox 870 1027 1660 1066">
    <p class='ocr_par' dir='ltr' id='par_1_53' title="bbox 870 1027 1660 1066">
     <span class='ocr_line' id='line_1_53' title="bbox 870 1027 1660 1066; baseline 0.009 -13"><span class='ocrx_word' id='word_1_354' title='bbox 870 1027 950 1059; x_wconf 84' lang='lat' dir='ltr'><strong>cavit,</strong></span> <span class='ocrx_word' id='word_1_355' title='bbox 962 1027 1011 1060; x_wconf 89' lang='lat' dir='ltr'><strong>ita,</strong></span> <span class='ocrx_word' id='word_1_356' title='bbox 1024 1027 1155 1061; x_wconf 76' lang='lat' dir='ltr'><strong>videlicet,</strong></span> <span class='ocrx_word' id='word_1_357' title='bbox 1170 1029 1253 1056; x_wconf 82' lang='lat' dir='ltr'><strong>verbis</strong></span> <span class='ocrx_word' id='word_1_358' title='bbox 1274 1029 1431 1065; x_wconf 77' lang='lat' dir='ltr'><strong>Hieronymi</strong></span> <span class='ocrx_word' id='word_1_359' title='bbox 1449 1032 1576 1066; x_wconf 81' lang='lat' dir='ltr'><strong>acceptis,</strong></span> <span class='ocrx_word' id='word_1_360' title='bbox 1590 1041 1622 1060; x_wconf 82' lang='lat' dir='ltr'><strong>ac</strong></span> <span class='ocrx_word' id='word_1_361' title='bbox 1636 1033 1660 1060; x_wconf 84' lang='lat' dir='ltr'><strong>si</strong></span> 
     </span>
    </p>
   </div>
   <div class='ocr_carea' id='block_1_54' title="bbox 870 1073 1660 1112">
    <p class='ocr_par' dir='ltr' id='par_1_54' title="bbox 870 1073 1660 1112">
     <span class='ocr_line' id='line_1_54' title="bbox 870 1073 1660 1112; baseline 0.009 -12"><span class='ocrx_word' id='word_1_362' title='bbox 870 1073 945 1100; x_wconf 87' lang='lat' dir='ltr'><strong>nulla</strong></span> <span class='ocrx_word' id='word_1_363' title='bbox 959 1074 1103 1108; x_wconf 80' lang='lat' dir='ltr'><strong>peculiaris</strong></span> <span class='ocrx_word' id='word_1_364' title='bbox 1111 1075 1146 1101; x_wconf 83' lang='lat' dir='ltr'><strong>ad</strong></span> <span class='ocrx_word' id='word_1_365' title='bbox 1154 1074 1337 1110; x_wconf 83' lang='lat' dir='ltr'><strong>Polycarpum</strong></span> <span class='ocrx_word' id='word_1_366' title='bbox 1351 1076 1417 1104; x_wconf 87' lang='lat' dir='ltr'><strong>data</strong></span> <span class='ocrx_word' id='word_1_367' title='bbox 1429 1077 1472 1103; x_wconf 60' lang='lat' dir='ltr'><strong>hic</strong></span> <span class='ocrx_word' id='word_1_368' title='bbox 1483 1078 1552 1105; x_wconf 89' lang='lat' dir='ltr'><strong>abeo</strong></span> <span class='ocrx_word' id='word_1_369' title='bbox 1566 1079 1660 1112; x_wconf 78' lang='lat' dir='ltr'><strong>fuisset</strong></span> 
     </span>
    </p>
   </div>
   <div class='ocr_carea' id='block_1_55' title="bbox 870 1119 1660 1156">
    <p class='ocr_par' dir='ltr' id='par_1_55' title="bbox 870 1119 1660 1156">
     <span class='ocr_line' id='line_1_55' title="bbox 870 1119 1660 1156; baseline 0.008 -10"><span class='ocrx_word' id='word_1_370' title='bbox 870 1119 1004 1154; x_wconf 77' lang='lat' dir='ltr'><strong>Epistula.</strong></span> <span class='ocrx_word' id='word_1_371' title='bbox 1022 1120 1074 1148; x_wconf 88' lang='lat' dir='ltr'><strong>Sed</strong></span> <span class='ocrx_word' id='word_1_372' title='bbox 1091 1121 1154 1156; x_wconf 87' lang='lat' dir='ltr'><strong>quis</strong></span> <span class='ocrx_word' id='word_1_373' title='bbox 1172 1122 1259 1149; x_wconf 83' lang='lat' dir='ltr'><strong>ucscit</strong></span> <span class='ocrx_word' id='word_1_374' title='bbox 1280 1121 1433 1150; x_wconf 88' lang='lat' dir='ltr'><strong>Honorium</strong></span> <span class='ocrx_word' id='word_1_375' title='bbox 1456 1123 1533 1151; x_wconf 91' lang='lat' dir='ltr'><strong>illum</strong></span> <span class='ocrx_word' id='word_1_376' title='bbox 1560 1126 1660 1153; x_wconf 87' lang='lat' dir='ltr'><strong>mentis</strong></span> 
     </span>
    </p>
   </div>
   <div class='ocr_carea' id='block_1_56' title="bbox 869 1165 1659 1206">
    <p class='ocr_par' dir='ltr' id='par_1_56' title="bbox 869 1165 1659 1206">
     <span class='ocr_line' id='line_1_56' title="bbox 869 1165 1659 1206; baseline 0.006 -13"><span class='ocrx_word' id='word_1_377' title='bbox 869 1165 1026 1202; x_wconf 84' lang='lat' dir='ltr'><strong>Hieronymi</strong></span> <span class='ocrx_word' id='word_1_378' title='bbox 1046 1168 1196 1202; x_wconf 80' lang='lat' dir='ltr'><strong>pessimum</strong></span> <span class='ocrx_word' id='word_1_379' title='bbox 1218 1176 1279 1196; x_wconf 90' lang='lat' dir='ltr'><strong>esse</strong></span> <span class='ocrx_word' id='word_1_380' title='bbox 1293 1169 1480 1204; x_wconf 88' lang='lat' dir='ltr'><strong>interpretem,</strong></span> <span class='ocrx_word' id='word_1_381' title='bbox 1496 1174 1523 1197; x_wconf 91' lang='lat' dir='ltr'><strong>et</strong></span> <span class='ocrx_word' id='word_1_382' title='bbox 1545 1179 1659 1206; x_wconf 84' lang='lat' dir='ltr'><strong>operum</strong></span> 
     </span>
    </p>
   </div>
   <div class='ocr_carea' id='block_1_57' title="bbox 868 1214 1659 1252">
    <p class='ocr_par' dir='ltr' id='par_1_57' title="bbox 868 1214 1659 1252">
     <span class='ocr_line' id='line_1_57' title="bbox 868 1214 1659 1252; baseline 0.006 -12"><span class='ocrx_word' id='word_1_383' title='bbox 868 1214 904 1241; x_wconf 90' lang='lat' dir='ltr'><strong>ab</strong></span> <span class='ocrx_word' id='word_1_384' title='bbox 919 1221 952 1241; x_wconf 93' lang='lat' dir='ltr'><strong>eo</strong></span> <span class='ocrx_word' id='word_1_385' title='bbox 968 1214 1173 1242; x_wconf 88' lang='lat' dir='ltr'><strong>nominatorum</strong></span> <span class='ocrx_word' id='word_1_386' title='bbox 1195 1215 1396 1250; x_wconf 83' lang='lat' dir='ltr'><strong>ineptissimum</strong></span> <span class='ocrx_word' id='word_1_387' title='bbox 1413 1221 1520 1250; x_wconf 84' lang='lat' dir='ltr'><strong>testem,</strong></span> <span class='ocrx_word' id='word_1_388' title='bbox 1536 1218 1582 1252; x_wconf 86' lang='lat' dir='ltr'><strong>qui</strong></span> <span class='ocrx_word' id='word_1_389' title='bbox 1604 1217 1659 1245; x_wconf 88' lang='lat' dir='ltr'><strong>Ca-</strong></span> 
     </span>
    </p>
   </div>
   <div class='ocr_carea' id='block_1_58' title="bbox 870 1259 1658 1297">
    <p class='ocr_par' dir='ltr' id='par_1_58' title="bbox 870 1259 1658 1297">
     <span class='ocr_line' id='line_1_58' title="bbox 870 1259 1658 1297; baseline 0.006 -11"><span class='ocrx_word' id='word_1_390' title='bbox 870 1259 988 1294; x_wconf 85' lang='lat' dir='ltr'><strong>talagum</strong></span> <span class='ocrx_word' id='word_1_391' title='bbox 1011 1268 1093 1295; x_wconf 88' lang='lat' dir='ltr'><strong>quem</strong></span> <span class='ocrx_word' id='word_1_392' title='bbox 1124 1265 1237 1288; x_wconf 83' lang='lat' dir='ltr'><strong>secutus</strong></span> <span class='ocrx_word' id='word_1_393' title='bbox 1254 1265 1310 1295; x_wconf 81' lang='lat' dir='ltr'><strong>&#39;est,</strong></span> <span class='ocrx_word' id='word_1_394' title='bbox 1339 1270 1411 1297; x_wconf 77' lang='lat' dir='ltr'><strong>saepe</strong></span> <span class='ocrx_word' id='word_1_395' title='bbox 1433 1271 1489 1290; x_wconf 93' lang='lat' dir='ltr'><strong>non</strong></span> <span class='ocrx_word' id='word_1_396' title='bbox 1511 1263 1658 1297; x_wconf 77' lang='lat' dir='ltr'><strong>intellexit,</strong></span> 
     </span>
    </p>
   </div>
   <div class='ocr_carea' id='block_1_59' title="bbox 869 1305 1659 1344">
    <p class='ocr_par' dir='ltr' id='par_1_59' title="bbox 869 1305 1659 1344">
     <span class='ocr_line' id='line_1_59' title="bbox 869 1305 1659 1344; baseline 0.005 -12"><span class='ocrx_word' id='word_1_397' title='bbox 869 1305 969 1340; x_wconf 63' lang='lat' dir='ltr'><strong>saepius</strong></span> <span class='ocrx_word' id='word_1_398' title='bbox 984 1305 1157 1333; x_wconf 85' lang='lat' dir='ltr'><strong>decurtavit?</strong></span> <span class='ocrx_word' id='word_1_399' title='bbox 1170 1305 1238 1338; x_wconf 84' lang='lat' dir='ltr'><strong>Quis</strong></span> <span class='ocrx_word' id='word_1_400' title='bbox 1253 1306 1287 1334; x_wconf 88' lang='lat' dir='ltr'><strong>de</strong></span> <span class='ocrx_word' id='word_1_401' title='bbox 1298 1307 1389 1334; x_wconf 81' lang='lat' dir='ltr'><strong>verbis</strong></span> <span class='ocrx_word' id='word_1_402' title='bbox 1409 1307 1567 1344; x_wconf 88' lang='lat' dir='ltr'><strong>Hieronymi</strong></span> <span class='ocrx_word' id='word_1_403' title='bbox 1583 1309 1659 1336; x_wconf 84' lang='lat' dir='ltr'><strong>acci-</strong></span> 
     </span>
    </p>
   </div>
   <div class='ocr_carea' id='block_1_60' title="bbox 868 1351 1659 1390">
    <p class='ocr_par' dir='ltr' id='par_1_60' title="bbox 868 1351 1659 1390">
     <span class='ocr_line' id='line_1_60' title="bbox 868 1351 1659 1390; baseline 0.003 -11"><span class='ocrx_word' id='word_1_404' title='bbox 868 1352 976 1387; x_wconf 88' lang='lat' dir='ltr'><strong>piendis</strong></span> <span class='ocrx_word' id='word_1_405' title='bbox 990 1352 1029 1379; x_wconf 90' lang='lat' dir='ltr'><strong>illi</strong></span> <span class='ocrx_word' id='word_1_406' title='bbox 1046 1352 1165 1380; x_wconf 89' lang='lat' dir='ltr'><strong>conlidet</strong></span> <span class='ocrx_word' id='word_1_407' title='bbox 1185 1352 1212 1379; x_wconf 90' lang='lat' dir='ltr'><strong>in</strong></span> <span class='ocrx_word' id='word_1_408' title='bbox 1230 1351 1350 1386; x_wconf 80' lang='lat' dir='ltr'><strong>Ignatio,</strong></span> <span class='ocrx_word' id='word_1_409' title='bbox 1364 1354 1410 1388; x_wconf 90' lang='lat' dir='ltr'><strong>qui</strong></span> <span class='ocrx_word' id='word_1_410' title='bbox 1427 1355 1520 1381; x_wconf 82' lang='lat' dir='ltr'><strong>statim</strong></span> <span class='ocrx_word' id='word_1_411' title='bbox 1535 1355 1562 1381; x_wconf 89' lang='lat' dir='ltr'><strong>in</strong></span> <span class='ocrx_word' id='word_1_412' title='bbox 1579 1354 1659 1390; x_wconf 85' lang='lat' dir='ltr'><strong>Poly-</strong></span> 
     </span>
    </p>
   </div>
   <div class='ocr_carea' id='block_1_61' title="bbox 867 1397 1659 1435">
    <p class='ocr_par' dir='ltr' id='par_1_61' title="bbox 867 1397 1659 1435">
     <span class='ocr_line' id='line_1_61' title="bbox 867 1397 1659 1435; baseline 0.004 -11"><span class='ocrx_word' id='word_1_413' title='bbox 867 1405 963 1432; x_wconf 88' lang='lat' dir='ltr'><strong>carpo,</strong></span> <span class='ocrx_word' id='word_1_414' title='bbox 981 1397 1047 1425; x_wconf 88' lang='lat' dir='ltr'><strong>dicit</strong></span> <span class='ocrx_word' id='word_1_415' title='bbox 1063 1405 1124 1424; x_wconf 89' lang='lat' dir='ltr'><strong>eum</strong></span> <span class='ocrx_word' id='word_1_416' title='bbox 1143 1397 1288 1432; x_wconf 81' lang='lat' dir='ltr'><strong>scripsisse</strong></span> <span class='ocrx_word' id='word_1_417' title='bbox 1313 1398 1347 1424; x_wconf 82' lang='lat' dir='ltr'><strong>ad</strong></span> <span class='ocrx_word' id='word_1_418' title='bbox 1362 1398 1544 1434; x_wconf 78' lang='lat' dir='ltr'><strong>Philippenscs</strong></span> <span class='ocrx_word' id='word_1_419' title='bbox 1559 1402 1659 1435; x_wconf 83' lang='lat' dir='ltr'><strong>episto-</strong></span> 
     </span>
    </p>
   </div>
   <div class='ocr_carea' id='block_1_62' title="bbox 868 1443 1658 1482">
    <p class='ocr_par' dir='ltr' id='par_1_62' title="bbox 868 1443 1658 1482">
     <span class='ocr_line' id='line_1_62' title="bbox 868 1443 1658 1482; baseline 0.005 -12"><span class='ocrx_word' id='word_1_420' title='bbox 868 1443 936 1477; x_wconf 88' lang='lat' dir='ltr'><strong>lam,</strong></span> <span class='ocrx_word' id='word_1_421' title='bbox 955 1448 979 1470; x_wconf 87' lang='lat' dir='ltr'><strong>et</strong></span> <span class='ocrx_word' id='word_1_422' title='bbox 994 1444 1117 1478; x_wconf 65' lang='lat' dir='ltr'><strong>quaedam</strong></span> <span class='ocrx_word' id='word_1_423' title='bbox 1133 1444 1165 1470; x_wconf 84' lang='lat' dir='ltr'><strong>de</strong></span> <span class='ocrx_word' id='word_1_424' title='bbox 1181 1445 1224 1470; x_wconf 86' lang='lat' dir='ltr'><strong>die</strong></span> <span class='ocrx_word' id='word_1_425' title='bbox 1249 1444 1374 1476; x_wconf 64' lang='lat' dir='ltr'><strong>Pascha,</strong></span> <span class='ocrx_word' id='word_1_426' title='bbox 1391 1453 1453 1472; x_wconf 92' lang='lat' dir='ltr'><strong>cum</strong></span> <span class='ocrx_word' id='word_1_427' title='bbox 1473 1445 1658 1482; x_wconf 85' lang='lat' dir='ltr'><strong>Hieronymus</strong></span> 
     </span>
    </p>
   </div>
   <div class='ocr_carea' id='block_1_63' title="bbox 867 1489 1658 1524">
    <p class='ocr_par' dir='ltr' id='par_1_63' title="bbox 867 1489 1658 1524">
     <span class='ocr_line' id='line_1_63' title="bbox 867 1489 1658 1524; baseline 0.005 -8"><span class='ocrx_word' id='word_1_428' title='bbox 867 1497 929 1517; x_wconf 90' lang='lat' dir='ltr'><strong>eum</strong></span> <span class='ocrx_word' id='word_1_429' title='bbox 947 1489 1138 1516; x_wconf 89' lang='lat' dir='ltr'><strong>tantummodo</strong></span> <span class='ocrx_word' id='word_1_430' title='bbox 1152 1495 1258 1524; x_wconf 86' lang='lat' dir='ltr'><strong>propter</strong></span> <span class='ocrx_word' id='word_1_431' title='bbox 1270 1492 1400 1519; x_wconf 83' lang='lat' dir='ltr'><strong>quasdam</strong></span> <span class='ocrx_word' id='word_1_432' title='bbox 1409 1499 1487 1524; x_wconf 81' lang='lat' dir='ltr'><strong>super</strong></span> <span class='ocrx_word' id='word_1_433' title='bbox 1495 1492 1539 1518; x_wconf 81' lang='lat' dir='ltr'><strong>die</strong></span> <span class='ocrx_word' id='word_1_434' title='bbox 1547 1491 1658 1520; x_wconf 73' lang='lat' dir='ltr'><strong>Pascha:</strong></span> 
     </span>
    </p>
   </div>
   <div class='ocr_carea' id='block_1_64' title="bbox 26 1534 1654 1573">
    <p class='ocr_par' dir='ltr' id='par_1_64' title="bbox 26 1534 1654 1573">
     <span class='ocr_line' id='line_1_64' title="bbox 26 1534 1654 1573; baseline 0 -8"><span class='ocrx_word' id='word_1_435' title='bbox 26 1542 108 1570; x_wconf 64' lang='lat' dir='ltr'><strong>caput</strong></span> <span class='ocrx_word' id='word_1_436' title='bbox 132 1537 233 1565; x_wconf 76' lang='lat' dir='ltr'><strong>titulus</strong></span> <span class='ocrx_word' id='word_1_437' title='bbox 258 1537 329 1569; x_wconf 80' lang='lat' dir='ltr'><strong>fuit,</strong></span> <span class='ocrx_word' id='word_1_438' title='bbox 357 1538 505 1565; x_wconf 84' lang='lat' dir='ltr'><strong>transiens.</strong></span> <span class='ocrx_word' id='word_1_439' title='bbox 527 1537 591 1566; x_wconf 72' lang='lat' dir='ltr'><strong>Haec</strong></span> <span class='ocrx_word' id='word_1_440' title='bbox 611 1538 704 1566; x_wconf 86' lang='lat' dir='ltr'><strong>omnia</strong></span> <span class='ocrx_word' id='word_1_441' title='bbox 726 1538 817 1566; x_wconf 86' lang='lat' dir='ltr'><strong>minus</strong></span> <span class='ocrx_word' id='word_1_442' title='bbox 831 1545 852 1573; x_wconf 75' lang='grc' dir='ltr'><strong>ο</strong></span> <span class='ocrx_word' id='word_1_443' title='bbox 869 1535 1027 1570; x_wconf 65' lang='lat' dir='ltr'><strong>quastione:</strong></span> <span class='ocrx_word' id='word_1_444' title='bbox 1045 1534 1157 1561; x_wconf 85' lang='lat' dir='ltr'><strong>Romam</strong></span> <span class='ocrx_word' id='word_1_445' title='bbox 1175 1535 1275 1562; x_wconf 68' lang='lat' dir='ltr'><strong>venisse</strong></span> <span class='ocrx_word' id='word_1_446' title='bbox 1291 1535 1398 1569; x_wconf 82' lang='lat' dir='ltr'><strong>tradat;</strong></span> <span class='ocrx_word' id='word_1_447' title='bbox 1428 1536 1475 1571; x_wconf 91' lang='lat' dir='ltr'><strong>qui</strong></span> <span class='ocrx_word' id='word_1_448' title='bbox 1505 1537 1533 1563; x_wconf 87' lang='lat' dir='ltr'><strong>in</strong></span> <span class='ocrx_word' id='word_1_449' title='bbox 1564 1537 1654 1564; x_wconf 82' lang='lat' dir='ltr'><strong>Evan-</strong></span> 
     </span>
    </p>
   </div>
   <div class='ocr_carea' id='block_1_65' title="bbox 25 1583 815 1619">
    <p class='ocr_par' dir='ltr' id='par_1_65' title="bbox 25 1583 815 1619">
     <span class='ocr_line' id='line_1_65' title="bbox 25 1583 815 1619; baseline 0.001 -9"><span class='ocrx_word' id='word_1_450' title='bbox 25 1583 129 1617; x_wconf 77' lang='lat' dir='ltr'><strong>quidem</strong></span> <span class='ocrx_word' id='word_1_451' title='bbox 147 1588 281 1611; x_wconf 87' lang='lat' dir='ltr'><strong>accurate</strong></span> <span class='ocrx_word' id='word_1_452' title='bbox 294 1584 492 1618; x_wconf 82' lang='lat' dir='ltr'><strong>interpretatus</strong></span> <span class='ocrx_word' id='word_1_453' title='bbox 503 1588 555 1615; x_wconf 89' lang='lat' dir='ltr'><strong>est,</strong></span> <span class='ocrx_word' id='word_1_454' title='bbox 563 1588 636 1612; x_wconf 77' lang='lat' dir='ltr'><strong>recte</strong></span> <span class='ocrx_word' id='word_1_455' title='bbox 647 1589 737 1611; x_wconf 89' lang='lat' dir='ltr'><strong>tamen</strong></span> <span class='ocrx_word' id='word_1_456' title='bbox 744 1585 815 1619; x_wconf 87' lang='lat' dir='ltr'><strong>cepit</strong></span> 
     </span>
    </p>
   </div>
   <div class='ocr_carea' id='block_1_66' title="bbox 26 1629 814 1665">
    <p class='ocr_par' dir='ltr' id='par_1_66' title="bbox 26 1629 814 1665">
     <span class='ocr_line' id='line_1_66' title="bbox 26 1629 814 1665; baseline 0 -9"><span class='ocrx_word' id='word_1_457' title='bbox 26 1629 209 1665; x_wconf 76' lang='lat' dir='ltr'><strong>Ruﬂinus,qui</strong></span> <span class='ocrx_word' id='word_1_458' title='bbox 218 1630 255 1657; x_wconf 84' lang='lat' dir='ltr'><strong>ita</strong></span> <span class='ocrx_word' id='word_1_459' title='bbox 264 1630 358 1657; x_wconf 84' lang='lat' dir='ltr'><strong>vertit:</strong></span> <span class='ocrx_word' id='word_1_460' title='bbox 367 1629 461 1658; x_wconf 67' lang='lat' dir='ltr'><strong>Hcce!</strong></span> <span class='ocrx_word' id='word_1_461' title='bbox 469 1630 553 1657; x_wconf 87' lang='lat' dir='ltr'><strong>multa</strong></span> <span class='ocrx_word' id='word_1_462' title='bbox 561 1630 617 1657; x_wconf 87' lang='lat' dir='ltr'><strong>alia</strong></span> <span class='ocrx_word' id='word_1_463' title='bbox 625 1630 666 1657; x_wconf 83' lang='lat' dir='ltr'><strong>his</strong></span> <span class='ocrx_word' id='word_1_464' title='bbox 672 1630 772 1657; x_wconf 76' lang='lat' dir='ltr'><strong>similia</strong></span> <span class='ocrx_word' id='word_1_465' title='bbox 779 1630 814 1656; x_wconf 90' lang='lat' dir='ltr'><strong>ad</strong></span> 
     </span>
    </p>
   </div>
   <div class='ocr_carea' id='block_1_67' title="bbox 24 1675 816 1711">
    <p class='ocr_par' dir='ltr' id='par_1_67' title="bbox 24 1675 816 1711">
     <span class='ocr_line' id='line_1_67' title="bbox 24 1675 816 1711; baseline 0 -9"><span class='ocrx_word' id='word_1_466' title='bbox 24 1677 135 1702; x_wconf 76' lang='lat' dir='ltr'><strong>diversas</strong></span> <span class='ocrx_word' id='word_1_467' title='bbox 145 1675 287 1703; x_wconf 83' lang='lat' dir='ltr'><strong>Ecclesias</strong></span> <span class='ocrx_word' id='word_1_468' title='bbox 300 1676 412 1708; x_wconf 80' lang='lat' dir='ltr'><strong>scribit;</strong></span> <span class='ocrx_word' id='word_1_469' title='bbox 423 1676 468 1703; x_wconf 76' lang='lat' dir='ltr'><strong>sed</strong></span> <span class='ocrx_word' id='word_1_470' title='bbox 476 1681 500 1703; x_wconf 86' lang='lat' dir='ltr'><strong>et</strong></span> <span class='ocrx_word' id='word_1_471' title='bbox 511 1676 545 1702; x_wconf 87' lang='lat' dir='ltr'><strong>ad</strong></span> <span class='ocrx_word' id='word_1_472' title='bbox 554 1675 733 1711; x_wconf 83' lang='lat' dir='ltr'><strong>Palycarpum</strong></span> <span class='ocrx_word' id='word_1_473' title='bbox 747 1676 816 1703; x_wconf 82' lang='lat' dir='ltr'><strong>velut</strong></span> 
     </span>
    </p>
   </div>
   <div class='ocr_carea' id='block_1_68' title="bbox 25 1720 815 1755">
    <p class='ocr_par' dir='ltr' id='par_1_68' title="bbox 25 1720 815 1755">
     <span class='ocr_line' id='line_1_68' title="bbox 25 1720 815 1755; baseline 0 -8"><span class='ocrx_word' id='word_1_474' title='bbox 25 1721 199 1755; x_wconf 79' lang='lat' dir='ltr'><strong>apostolicum</strong></span> <span class='ocrx_word' id='word_1_475' title='bbox 206 1722 294 1748; x_wconf 80' lang='lat' dir='ltr'><strong>virum</strong></span> <span class='ocrx_word' id='word_1_476' title='bbox 309 1721 498 1752; x_wconf 80' lang='lat' dir='ltr'><strong>datislitteris,</strong></span> <span class='ocrx_word' id='word_1_477' title='bbox 511 1721 704 1748; x_wconf 77' lang='lat' dir='ltr'><strong>Antiochenam</strong></span> <span class='ocrx_word' id='word_1_478' title='bbox 719 1721 743 1748; x_wconf 86' lang='lat' dir='ltr'><strong>ei</strong></span> <span class='ocrx_word' id='word_1_479' title='bbox 761 1720 815 1747; x_wconf 78' lang='lat' dir='ltr'><strong>Ec—</strong></span> 
     </span>
    </p>
   </div>
   <div class='ocr_carea' id='block_1_69' title="bbox 24 1767 817 1803">
    <p class='ocr_par' dir='ltr' id='par_1_69' title="bbox 24 1767 817 1803">
     <span class='ocr_line' id='line_1_69' title="bbox 24 1767 817 1803; baseline 0.001 -10"><span class='ocrx_word' id='word_1_480' title='bbox 24 1768 126 1794; x_wconf 76' lang='lat' dir='ltr'><strong>rlesiam</strong></span> <span class='ocrx_word' id='word_1_481' title='bbox 134 1769 273 1802; x_wconf 72' lang='lat' dir='ltr'><strong>prccipue</strong></span> <span class='ocrx_word' id='word_1_482' title='bbox 282 1767 504 1794; x_wconf 67' lang='lat' dir='ltr'><strong>commendamtd</strong></span> <span class='ocrx_word' id='word_1_483' title='bbox 516 1767 668 1803; x_wconf 70' lang='lat' dir='ltr'><strong>Smyrncos</strong></span> <span class='ocrx_word' id='word_1_484' title='bbox 677 1776 741 1795; x_wconf 81' lang='lat' dir='ltr'><strong>sane</strong></span> <span class='ocrx_word' id='word_1_485' title='bbox 752 1767 817 1794; x_wconf 79' lang='lat' dir='ltr'><strong>scri—</strong></span> 
     </span>
    </p>
   </div>
   <div class='ocr_carea' id='block_1_70' title="bbox 23 1812 814 1848">
    <p class='ocr_par' dir='ltr' id='par_1_70' title="bbox 23 1812 814 1848">
     <span class='ocr_line' id='line_1_70' title="bbox 23 1812 814 1848; baseline 0.004 -11"><span class='ocrx_word' id='word_1_486' title='bbox 23 1812 185 1845; x_wconf 74' lang='lat' dir='ltr'><strong>bens,utttur</strong></span> <span class='ocrx_word' id='word_1_487' title='bbox 192 1812 276 1839; x_wconf 76' lang='lat' dir='ltr'><strong>verbis</strong></span> <span class='ocrx_word' id='word_1_488' title='bbox 281 1813 516 1847; x_wconf 81' lang='lat' dir='ltr'><strong>quibusdamunde</strong></span> <span class='ocrx_word' id='word_1_489' title='bbox 524 1813 667 1848; x_wconf 76' lang='lat' dir='ltr'><strong>assumptis</strong></span> <span class='ocrx_word' id='word_1_490' title='bbox 674 1813 814 1840; x_wconf 74' lang='lat' dir='ltr'><strong>nescimus.</strong></span> 
     </span>
    </p>
   </div>
   <div class='ocr_carea' id='block_1_71' title="bbox 55 1857 815 1894">
    <p class='ocr_par' dir='ltr' id='par_1_71' title="bbox 55 1857 815 1894">
     <span class='ocr_line' id='line_1_71' title="bbox 55 1857 815 1894; baseline 0.001 -10"><span class='ocrx_word' id='word_1_491' title='bbox 55 1857 244 1894; x_wconf 85' lang='lat' dir='ltr'><strong>Hieronymus</strong></span> <span class='ocrx_word' id='word_1_492' title='bbox 269 1858 352 1885; x_wconf 89' lang='lat' dir='ltr'><strong>etiam</strong></span> <span class='ocrx_word' id='word_1_493' title='bbox 373 1858 430 1893; x_wconf 89' lang='lat' dir='ltr'><strong>ipse</strong></span> <span class='ocrx_word' id='word_1_494' title='bbox 453 1866 505 1885; x_wconf 91' lang='lat' dir='ltr'><strong>non</strong></span> <span class='ocrx_word' id='word_1_495' title='bbox 526 1859 605 1886; x_wconf 87' lang='lat' dir='ltr'><strong>aliter</strong></span> <span class='ocrx_word' id='word_1_496' title='bbox 622 1858 771 1893; x_wconf 81' lang='lat' dir='ltr'><strong>capiendus</strong></span> <span class='ocrx_word' id='word_1_497' title='bbox 787 1858 815 1885; x_wconf 90' lang='lat' dir='ltr'><strong>in</strong></span> 
     </span>
    </p>
   </div>
   <div class='ocr_carea' id='block_1_72' title="bbox 24 1901 816 1938">
    <p class='ocr_par' dir='ltr' id='par_1_72' title="bbox 24 1901 816 1938">
     <span class='ocr_line' id='line_1_72' title="bbox 24 1901 816 1938; baseline 0 -9"><span class='ocrx_word' id='word_1_498' title='bbox 24 1901 148 1938; x_wconf 79' lang='lat' dir='ltr'><strong>Catalago</strong></span> <span class='ocrx_word' id='word_1_499' title='bbox 161 1903 326 1937; x_wconf 84' lang='lat' dir='ltr'><strong>scriptorum</strong></span> <span class='ocrx_word' id='word_1_500' title='bbox 335 1903 586 1935; x_wconf 79' lang='lat' dir='ltr'><strong>ecclesiasticarum,</strong></span> <span class='ocrx_word' id='word_1_501' title='bbox 599 1903 644 1931; x_wconf 87' lang='lat' dir='ltr'><strong>ubi</strong></span> <span class='ocrx_word' id='word_1_502' title='bbox 660 1904 699 1930; x_wconf 85' lang='lat' dir='ltr'><strong>ait</strong></span> <span class='ocrx_word' id='word_1_503' title='bbox 713 1911 746 1931; x_wconf 79' lang='lat' dir='ltr'><strong>ex</strong></span> <span class='ocrx_word' id='word_1_504' title='bbox 761 1903 816 1930; x_wconf 85' lang='lat' dir='ltr'><strong>Eu-</strong></span> 
     </span>
    </p>
   </div>
   <div class='ocr_carea' id='block_1_73' title="bbox 24 1949 815 1985">
    <p class='ocr_par' dir='ltr' id='par_1_73' title="bbox 24 1949 815 1985">
     <span class='ocr_line' id='line_1_73' title="bbox 24 1949 815 1985; baseline 0 -9"><span class='ocrx_word' id='word_1_505' title='bbox 24 1950 94 1977; x_wconf 72' lang='lat' dir='ltr'><strong>sebio</strong></span> <span class='ocrx_word' id='word_1_506' title='bbox 108 1960 116 1977; x_wconf 86' lang='lat'>:</span> <span class='ocrx_word' id='word_1_507' title='bbox 130 1950 202 1977; x_wconf 83' lang='lat' dir='ltr'><strong>Inde</strong></span> <span class='ocrx_word' id='word_1_508' title='bbox 211 1950 348 1984; x_wconf 76' lang='lat' dir='ltr'><strong>egrediens</strong></span> <span class='ocrx_word' id='word_1_509' title='bbox 361 1950 469 1984; x_wconf 82' lang='lat' dir='ltr'><strong>scripsit</strong></span> <span class='ocrx_word' id='word_1_510' title='bbox 481 1950 516 1976; x_wconf 88' lang='lat' dir='ltr'><strong>ad</strong></span> <span class='ocrx_word' id='word_1_511' title='bbox 527 1949 728 1985; x_wconf 71' lang='lat' dir='ltr'><strong>Philadelphus,</strong></span> <span class='ocrx_word' id='word_1_512' title='bbox 743 1954 768 1976; x_wconf 87' lang='lat' dir='ltr'><strong>et</strong></span> <span class='ocrx_word' id='word_1_513' title='bbox 779 1950 815 1976; x_wconf 89' lang='lat' dir='ltr'><strong>ad</strong></span> 
     </span>
    </p>
   </div>
   <div class='ocr_carea' id='block_1_74' title="bbox 24 1994 814 2031">
    <p class='ocr_par' dir='ltr' id='par_1_74' title="bbox 24 1994 814 2031">
     <span class='ocr_line' id='line_1_74' title="bbox 24 1994 814 2031; baseline 0 -9"><span class='ocrx_word' id='word_1_514' title='bbox 24 1994 185 2031; x_wconf 59' lang='grc' dir='ltr'><strong>διηγῆται,</strong></span> <span class='ocrx_word' id='word_1_515' title='bbox 202 2001 227 2023; x_wconf 87' lang='lat' dir='ltr'><strong>et</strong></span> <span class='ocrx_word' id='word_1_516' title='bbox 245 1997 351 2030; x_wconf 84' lang='lat' dir='ltr'><strong>proprie</strong></span> <span class='ocrx_word' id='word_1_517' title='bbox 368 1995 402 2022; x_wconf 84' lang='lat' dir='ltr'><strong>ad</strong></span> <span class='ocrx_word' id='word_1_518' title='bbox 419 1995 608 2030; x_wconf 82' lang='lat' dir='ltr'><strong>Palycarpum,</strong></span> <span class='ocrx_word' id='word_1_519' title='bbox 628 1996 814 2023; x_wconf 84' lang='lat' dir='ltr'><strong>commendans</strong></span> 
     </span>
    </p>
   </div>
   <div class='ocr_carea' id='block_1_75' title="bbox 22 2041 815 2076">
    <p class='ocr_par' dir='ltr' id='par_1_75' title="bbox 22 2041 815 2076">
     <span class='ocr_line' id='line_1_75' title="bbox 22 2041 815 2076; baseline 0.003 -9"><span class='ocrx_word' id='word_1_520' title='bbox 22 2041 60 2068; x_wconf 85' lang='lat' dir='ltr'><strong>illi</strong></span> <span class='ocrx_word' id='word_1_521' title='bbox 80 2041 288 2069; x_wconf 74' lang='lat' dir='ltr'><strong>Antiacltensem</strong></span> <span class='ocrx_word' id='word_1_522' title='bbox 308 2041 465 2068; x_wconf 74' lang='lat' dir='ltr'><strong>Ecclesium.</strong></span> <span class='ocrx_word' id='word_1_523' title='bbox 480 2041 550 2073; x_wconf 84' lang='lat' dir='ltr'><strong>Quid</strong></span> <span class='ocrx_word' id='word_1_524' title='bbox 561 2041 685 2069; x_wconf 86' lang='lat' dir='ltr'><strong>clarius?</strong></span> <span class='ocrx_word' id='word_1_525' title='bbox 701 2041 815 2076; x_wconf 87' lang='lat' dir='ltr'><strong>Proprie</strong></span> 
     </span>
    </p>
   </div>
   <div class='ocr_carea' id='block_1_76' title="bbox 23 2087 815 2122">
    <p class='ocr_par' dir='ltr' id='par_1_76' title="bbox 23 2087 815 2122">
     <span class='ocr_line' id='line_1_76' title="bbox 23 2087 815 2122; baseline 0 -8"><span class='ocrx_word' id='word_1_526' title='bbox 23 2088 92 2115; x_wconf 88' lang='lat' dir='ltr'><strong>enim</strong></span> <span class='ocrx_word' id='word_1_527' title='bbox 110 2088 157 2115; x_wconf 87' lang='lat' dir='ltr'><strong>hic</strong></span> <span class='ocrx_word' id='word_1_528' title='bbox 180 2087 253 2114; x_wconf 84' lang='lat' dir='ltr'><strong>nihil</strong></span> <span class='ocrx_word' id='word_1_529' title='bbox 274 2087 349 2115; x_wconf 87' lang='lat' dir='ltr'><strong>aliud</strong></span> <span class='ocrx_word' id='word_1_530' title='bbox 369 2092 460 2120; x_wconf 87' lang='lat' dir='ltr'><strong>sonat,</strong></span> <span class='ocrx_word' id='word_1_531' title='bbox 475 2095 558 2122; x_wconf 90' lang='lat' dir='ltr'><strong>quam</strong></span> <span class='ocrx_word' id='word_1_532' title='bbox 576 2087 733 2122; x_wconf 84' lang='lat' dir='ltr'><strong>separatim,</strong></span> <span class='ocrx_word' id='word_1_533' title='bbox 757 2088 815 2115; x_wconf 85' lang='lat' dir='ltr'><strong>sive</strong></span> 
     </span>
    </p>
   </div>
   <div class='ocr_carea' id='block_1_77' title="bbox 22 2132 814 2169">
    <p class='ocr_par' dir='ltr' id='par_1_77' title="bbox 22 2132 814 2169">
     <span class='ocr_line' id='line_1_77' title="bbox 22 2132 814 2169; baseline -0.001 -8"><span class='ocrx_word' id='word_1_534' title='bbox 22 2135 140 2161; x_wconf 84' lang='lat' dir='ltr'><strong>seorsim.</strong></span> <span class='ocrx_word' id='word_1_535' title='bbox 167 2134 207 2161; x_wconf 86' lang='lat' dir='ltr'><strong>Ita</strong></span> <span class='ocrx_word' id='word_1_536' title='bbox 230 2132 408 2169; x_wconf 65' lang='lat' dir='ltr'><strong>Sophroaius</strong></span> <span class='ocrx_word' id='word_1_537' title='bbox 434 2133 579 2169; x_wconf 87' lang='lat' dir='ltr'><strong>interpres,</strong></span> <span class='ocrx_word' id='word_1_538' title='bbox 610 2133 715 2165; x_wconf 84' lang='grc' dir='ltr'><strong>Ίδικῶς</strong></span> <span class='ocrx_word' id='word_1_539' title='bbox 745 2134 814 2169; x_wconf 80' lang='grc' dir='ltr'>πρὸς</span> 
     </span>
    </p>
   </div>
   <div class='ocr_carea' id='block_1_78' title="bbox 21 2179 812 2216">
    <p class='ocr_par' dir='ltr' id='par_1_78' title="bbox 21 2179 812 2216">
     <span class='ocr_line' id='line_1_78' title="bbox 21 2179 812 2216; baseline 0 -9"><span class='ocrx_word' id='word_1_540' title='bbox 21 2180 210 2216; x_wconf 72' lang='grc' dir='ltr'><strong>Πολύκαρτων.</strong></span> <span class='ocrx_word' id='word_1_541' title='bbox 233 2179 282 2208; x_wconf 84' lang='lat' dir='ltr'><strong>Est</strong></span> <span class='ocrx_word' id='word_1_542' title='bbox 304 2185 395 2207; x_wconf 88' lang='lat' dir='ltr'><strong>autem</strong></span> <span class='ocrx_word' id='word_1_543' title='bbox 421 2179 523 2212; x_wconf 83' lang='grc' dir='ltr'>ιδικῶς,</span> <span class='ocrx_word' id='word_1_544' title='bbox 547 2180 693 2215; x_wconf 76' lang='lat' dir='ltr'><strong>interprete</strong></span> <span class='ocrx_word' id='word_1_545' title='bbox 718 2180 812 2213; x_wconf 90' lang='lat' dir='ltr'><strong>Suida,</strong></span> 
     </span>
    </p>
   </div>
   <div class='ocr_carea' id='block_1_79' title="bbox 19 2224 814 2261">
    <p class='ocr_par' dir='ltr' id='par_1_79' title="bbox 19 2224 814 2261">
     <span class='ocr_line' id='line_1_79' title="bbox 19 2224 814 2261; baseline 0 -8"><span class='ocrx_word' id='word_1_546' title='bbox 19 2226 190 2261; x_wconf 70' lang='grc' dir='ltr'>καταμόνας.</span> <span class='ocrx_word' id='word_1_547' title='bbox 207 2224 267 2260; x_wconf 88' lang='lat' dir='ltr'><strong>Ipse</strong></span> <span class='ocrx_word' id='word_1_548' title='bbox 283 2225 468 2260; x_wconf 56' lang='lat' dir='ltr'><strong>lieronymus</strong></span> <span class='ocrx_word' id='word_1_549' title='bbox 482 2227 518 2252; x_wconf 88' lang='lat' dir='ltr'><strong>ita</strong></span> <span class='ocrx_word' id='word_1_550' title='bbox 536 2225 600 2252; x_wconf 86' lang='lat' dir='ltr'><strong>alibi</strong></span> <span class='ocrx_word' id='word_1_551' title='bbox 618 2226 693 2260; x_wconf 87' lang='lat' dir='ltr'><strong>loqui</strong></span> <span class='ocrx_word' id='word_1_552' title='bbox 714 2226 741 2252; x_wconf 93' lang='lat' dir='ltr'><strong>in</strong></span> <span class='ocrx_word' id='word_1_553' title='bbox 762 2227 814 2254; x_wconf 86' lang='lat' dir='ltr'><strong>hoc</strong></span> 
     </span>
    </p>
   </div>
   <div class='ocr_carea' id='block_1_80' title="bbox 19 2271 814 2307">
    <p class='ocr_par' dir='ltr' id='par_1_80' title="bbox 19 2271 814 2307">
     <span class='ocr_line' id='line_1_80' title="bbox 19 2271 814 2307; baseline -0.003 -6"><span class='ocrx_word' id='word_1_554' title='bbox 19 2274 78 2304; x_wconf 80' lang='lat' dir='ltr'><strong>ipso</strong></span> <span class='ocrx_word' id='word_1_555' title='bbox 99 2273 247 2307; x_wconf 86' lang='lat' dir='ltr'><strong>Catalogo,</strong></span> <span class='ocrx_word' id='word_1_556' title='bbox 262 2272 413 2299; x_wconf 84' lang='lat' dir='ltr'><strong>Clementis</strong></span> <span class='ocrx_word' id='word_1_557' title='bbox 428 2271 604 2299; x_wconf 79' lang='lat' dir='ltr'><strong>Alexandrini</strong></span> <span class='ocrx_word' id='word_1_558' title='bbox 621 2279 703 2306; x_wconf 89' lang='lat' dir='ltr'><strong>opera</strong></span> <span class='ocrx_word' id='word_1_559' title='bbox 717 2279 814 2299; x_wconf 82' lang='lat' dir='ltr'><strong>recen-</strong></span> 
     </span>
    </p>
   </div>
   <div class='ocr_carea' id='block_1_81' title="bbox 16 2318 814 2353">
    <p class='ocr_par' dir='ltr' id='par_1_81' title="bbox 16 2318 814 2353">
     <span class='ocr_line' id='line_1_81' title="bbox 16 2318 814 2353; baseline -0.001 -7"><span class='ocrx_word' id='word_1_560' title='bbox 16 2327 92 2347; x_wconf 85' lang='lat' dir='ltr'><strong>sens.</strong></span> <span class='ocrx_word' id='word_1_561' title='bbox 107 2319 149 2346; x_wconf 87' lang='lat' dir='ltr'><strong>De</strong></span> <span class='ocrx_word' id='word_1_562' title='bbox 159 2318 308 2346; x_wconf 82' lang='lat' dir='ltr'><strong>canonibus</strong></span> <span class='ocrx_word' id='word_1_563' title='bbox 322 2318 520 2351; x_wconf 72' lang='lat' dir='ltr'><strong>ecclesiasticis,</strong></span> <span class='ocrx_word' id='word_1_564' title='bbox 535 2323 560 2345; x_wconf 84' lang='lat' dir='ltr'><strong>et</strong></span> <span class='ocrx_word' id='word_1_565' title='bbox 570 2318 695 2345; x_wconf 79' lang='lat' dir='ltr'><strong>adversus</strong></span> <span class='ocrx_word' id='word_1_566' title='bbox 702 2326 756 2351; x_wconf 82' lang='lat' dir='ltr'><strong>eos,</strong></span> <span class='ocrx_word' id='word_1_567' title='bbox 768 2319 814 2353; x_wconf 86' lang='lat' dir='ltr'><strong>qui</strong></span> 
     </span>
    </p>
   </div>
   <div class='ocr_carea' id='block_1_82' title="bbox 18 2365 814 2400">
    <p class='ocr_par' dir='ltr' id='par_1_82' title="bbox 18 2365 814 2400">
     <span class='ocr_line' id='line_1_82' title="bbox 18 2365 814 2400; baseline 0 -8"><span class='ocrx_word' id='word_1_568' title='bbox 18 2365 178 2393; x_wconf 69' lang='lat' dir='ltr'><strong>linteorum</strong></span> <span class='ocrx_word' id='word_1_569' title='bbox 196 2369 343 2400; x_wconf 81' lang='lat' dir='ltr'><strong>sequuntur</strong></span> <span class='ocrx_word' id='word_1_570' title='bbox 357 2373 473 2392; x_wconf 83' lang='lat' dir='ltr'><strong>errarem</strong></span> <span class='ocrx_word' id='word_1_571' title='bbox 489 2365 555 2392; x_wconf 88' lang='lat' dir='ltr'><strong>liber</strong></span> <span class='ocrx_word' id='word_1_572' title='bbox 573 2373 652 2398; x_wconf 84' lang='lat' dir='ltr'><strong>unus,</strong></span> <span class='ocrx_word' id='word_1_573' title='bbox 666 2373 740 2400; x_wconf 80' lang='lat' dir='ltr'><strong>quem</strong></span> <span class='ocrx_word' id='word_1_574' title='bbox 752 2373 814 2400; x_wconf 72' lang='lat' dir='ltr'><strong>pra-</strong></span> 
     </span>
    </p>
   </div>
   <div class='ocr_carea' id='block_1_83' title="bbox 17 2410 813 2448">
    <p class='ocr_par' dir='ltr' id='par_1_83' title="bbox 17 2410 813 2448">
     <span class='ocr_line' id='line_1_83' title="bbox 17 2410 813 2448; baseline -0.004 -9"><span class='ocrx_word' id='word_1_575' title='bbox 17 2412 73 2446; x_wconf 85' lang='lat' dir='ltr'><strong>prie</strong></span> <span class='ocrx_word' id='word_1_576' title='bbox 98 2411 259 2439; x_wconf 73' lang='lat' dir='ltr'><strong>Alexandra</strong></span> <span class='ocrx_word' id='word_1_577' title='bbox 286 2410 534 2446; x_wconf 81' lang='lat' dir='ltr'><strong>Hierosolymorum</strong></span> <span class='ocrx_word' id='word_1_578' title='bbox 563 2411 684 2446; x_wconf 82' lang='lat' dir='ltr'><strong>episcopo</strong></span> <span class='ocrx_word' id='word_1_579' title='bbox 711 2419 813 2448; x_wconf 83' lang='grc' dir='ltr'><strong>προσε-</strong></span> 
     </span>
    </p>
   </div>
   <div class='ocr_carea' id='block_1_84' title="bbox 18 2455 813 2492">
    <p class='ocr_par' dir='ltr' id='par_1_84' title="bbox 18 2455 813 2492">
     <span class='ocr_line' id='line_1_84' title="bbox 18 2455 813 2492; baseline -0.003 -8"><span class='ocrx_word' id='word_1_580' title='bbox 18 2457 140 2492; x_wconf 77' lang='grc' dir='ltr'><strong>φώνησε.</strong></span> <span class='ocrx_word' id='word_1_581' title='bbox 167 2456 202 2483; x_wconf 86' lang='grc' dir='ltr'>Ει</span> <span class='ocrx_word' id='word_1_582' title='bbox 224 2456 259 2483; x_wconf 84' lang='lat' dir='ltr'><strong>de</strong></span> <span class='ocrx_word' id='word_1_583' title='bbox 279 2456 426 2491; x_wconf 79' lang='lat' dir='ltr'><strong>Apollonio</strong></span> <span class='ocrx_word' id='word_1_584' title='bbox 446 2463 550 2491; x_wconf 80' lang='lat' dir='ltr'><strong>agens:</strong></span> <span class='ocrx_word' id='word_1_585' title='bbox 571 2455 752 2482; x_wconf 79' lang='lat' dir='ltr'><strong>Terlullianus</strong></span> <span class='ocrx_word' id='word_1_586' title='bbox 767 2464 813 2482; x_wconf 77' lang='lat' dir='ltr'><strong>sea:</strong></span> 
     </span>
    </p>
   </div>
   <div class='ocr_carea' id='block_1_85' title="bbox 18 2501 812 2536">
    <p class='ocr_par' dir='ltr' id='par_1_85' title="bbox 18 2501 812 2536">
     <span class='ocr_line' id='line_1_85' title="bbox 18 2501 812 2536; baseline -0.003 -6"><span class='ocrx_word' id='word_1_587' title='bbox 18 2503 199 2530; x_wconf 66' lang='lat' dir='ltr'><strong>rallminibus</strong></span> <span class='ocrx_word' id='word_1_588' title='bbox 214 2502 342 2529; x_wconf 80' lang='lat' dir='ltr'><strong>adversus</strong></span> <span class='ocrx_word' id='word_1_589' title='bbox 356 2501 503 2528; x_wconf 81' lang='lat' dir='ltr'><strong>Ecclesium</strong></span> <span class='ocrx_word' id='word_1_590' title='bbox 517 2502 607 2534; x_wconf 80' lang='lat' dir='ltr'><strong>editis,</strong></span> <span class='ocrx_word' id='word_1_591' title='bbox 623 2509 682 2536; x_wconf 72' lang='lat' dir='ltr'><strong>quae</strong></span> <span class='ocrx_word' id='word_1_592' title='bbox 706 2502 812 2536; x_wconf 79' lang='lat' dir='ltr'><strong>scripsit</strong></span> 
     </span>
    </p>
   </div>
   <div class='ocr_carea' id='block_1_86' title="bbox 17 2546 813 2585">
    <p class='ocr_par' dir='ltr' id='par_1_86' title="bbox 17 2546 813 2585">
     <span class='ocr_line' id='line_1_86' title="bbox 17 2546 813 2585; baseline -0.004 -9"><span class='ocrx_word' id='word_1_593' title='bbox 17 2551 82 2585; x_wconf 76' lang='grc' dir='ltr'>περὶ</span> <span class='ocrx_word' id='word_1_594' title='bbox 94 2548 265 2581; x_wconf 69' lang='grc' dir='ltr'><strong>ἐκστάσεως,</strong></span> <span class='ocrx_word' id='word_1_595' title='bbox 287 2548 430 2582; x_wconf 85' lang='lat' dir='ltr'><strong>septimum</strong></span> <span class='ocrx_word' id='word_1_596' title='bbox 440 2547 545 2581; x_wconf 78' lang='lat' dir='ltr'><strong>proprie</strong></span> <span class='ocrx_word' id='word_1_597' title='bbox 559 2546 684 2574; x_wconf 78' lang='lat' dir='ltr'><strong>adversus</strong></span> <span class='ocrx_word' id='word_1_598' title='bbox 703 2547 813 2582; x_wconf 84' lang='lat' dir='ltr'><strong>Apolla-</strong></span> 
     </span>
    </p>
   </div>
   <div class='ocr_carea' id='block_1_87' title="bbox 17 2591 814 2628">
    <p class='ocr_par' dir='ltr' id='par_1_87' title="bbox 17 2591 814 2628">
     <span class='ocr_line' id='line_1_87' title="bbox 17 2591 814 2628; baseline -0.008 -6"><span class='ocrx_word' id='word_1_599' title='bbox 17 2596 92 2622; x_wconf 78' lang='lat' dir='ltr'><strong>tsians</strong></span> <span class='ocrx_word' id='word_1_600' title='bbox 101 2593 297 2626; x_wconf 77' lang='lat' dir='ltr'><strong>elaboravit,in</strong></span> <span class='ocrx_word' id='word_1_601' title='bbox 310 2600 362 2628; x_wconf 79' lang='lat' dir='ltr'><strong>quo</strong></span> <span class='ocrx_word' id='word_1_602' title='bbox 375 2592 464 2619; x_wconf 87' lang='lat' dir='ltr'><strong>omnia</strong></span> <span class='ocrx_word' id='word_1_603' title='bbox 475 2599 534 2626; x_wconf 72' lang='lat' dir='ltr'><strong>quas</strong></span> <span class='ocrx_word' id='word_1_604' title='bbox 540 2591 587 2618; x_wconf 84' lang='lat' dir='ltr'><strong>ille</strong></span> <span class='ocrx_word' id='word_1_605' title='bbox 597 2591 685 2626; x_wconf 83' lang='lat' dir='ltr'><strong>arguit</strong></span> <span class='ocrx_word' id='word_1_606' title='bbox 699 2595 814 2617; x_wconf 85' lang='lat' dir='ltr'><strong>canatur</strong></span> 
     </span>
    </p>
   </div>
   <div class='ocr_carea' id='block_1_88' title="bbox 16 2636 812 2676">
    <p class='ocr_par' dir='ltr' id='par_1_88' title="bbox 16 2636 812 2676">
     <span class='ocr_line' id='line_1_88' title="bbox 16 2636 812 2676; baseline -0.008 -7"><span class='ocrx_word' id='word_1_607' title='bbox 16 2642 171 2676; x_wconf 74' lang='lat' dir='ltr'><strong>defendere.</strong></span> <span class='ocrx_word' id='word_1_608' title='bbox 187 2638 339 2674; x_wconf 85' lang='lat' dir='ltr'><strong>Utrobique</strong></span> <span class='ocrx_word' id='word_1_609' title='bbox 352 2638 468 2673; x_wconf 87' lang='lat' dir='ltr'><strong>proprie,</strong></span> <span class='ocrx_word' id='word_1_610' title='bbox 481 2637 616 2672; x_wconf 79' lang='lat' dir='ltr'><strong>signiﬁcat</strong></span> <span class='ocrx_word' id='word_1_611' title='bbox 632 2636 812 2671; x_wconf 76' lang='lat' dir='ltr'><strong>peculiariter,</strong></span> 
     </span>
    </p>
   </div>
   <div class='ocr_carea' id='block_1_89' title="bbox 18 2683 813 2720">
    <p class='ocr_par' dir='ltr' id='par_1_89' title="bbox 18 2683 813 2720">
     <span class='ocr_line' id='line_1_89' title="bbox 18 2683 813 2720; baseline -0.009 -4"><span class='ocrx_word' id='word_1_612' title='bbox 18 2694 45 2716; x_wconf 84' lang='lat' dir='ltr'><strong>et</strong></span> <span class='ocrx_word' id='word_1_613' title='bbox 56 2688 178 2715; x_wconf 83' lang='lat' dir='ltr'><strong>vertitur</strong></span> <span class='ocrx_word' id='word_1_614' title='bbox 192 2693 208 2714; x_wconf 75' lang='grc' dir='ltr'><strong>ι</strong></span> <span class='ocrx_word' id='word_1_615' title='bbox 221 2685 380 2720; x_wconf 88' lang='lat' dir='ltr'><strong>Sophronio</strong></span> <span class='ocrx_word' id='word_1_616' title='bbox 397 2684 498 2716; x_wconf 77' lang='grc' dir='ltr'>ίδικῶς,</span> <span class='ocrx_word' id='word_1_617' title='bbox 510 2688 542 2711; x_wconf 82' lang='grc' dir='ltr'><strong>ιιι</strong></span> <span class='ocrx_word' id='word_1_618' title='bbox 559 2684 588 2711; x_wconf 91' lang='lat' dir='ltr'><strong>in</strong></span> <span class='ocrx_word' id='word_1_619' title='bbox 605 2683 718 2720; x_wconf 79' lang='lat' dir='ltr'><strong>lgnatio.</strong></span> <span class='ocrx_word' id='word_1_620' title='bbox 735 2683 813 2716; x_wconf 87' lang='lat' dir='ltr'><strong>Quod</strong></span> 
     </span>
    </p>
   </div>
   <div class='ocr_carea' id='block_1_90' title="bbox 20 2729 814 2768">
    <p class='ocr_par' dir='ltr' id='par_1_90' title="bbox 20 2729 814 2768">
     <span class='ocr_line' id='line_1_90' title="bbox 20 2729 814 2768; baseline -0.008 -7"><span class='ocrx_word' id='word_1_621' title='bbox 20 2739 113 2762; x_wconf 78' lang='lat' dir='ltr'><strong>autem</strong></span> <span class='ocrx_word' id='word_1_622' title='bbox 131 2733 268 2768; x_wconf 75' lang='lat' dir='ltr'><strong>sequitur,</strong></span> <span class='ocrx_word' id='word_1_623' title='bbox 283 2733 311 2759; x_wconf 85' lang='lat' dir='ltr'><strong>in</strong></span> <span class='ocrx_word' id='word_1_624' title='bbox 325 2740 378 2767; x_wconf 78' lang='lat' dir='ltr'><strong>qua</strong></span> <span class='ocrx_word' id='word_1_625' title='bbox 397 2735 424 2758; x_wconf 82' lang='lat' dir='ltr'><strong>et</strong></span> <span class='ocrx_word' id='word_1_626' title='bbox 437 2731 470 2758; x_wconf 87' lang='lat' dir='ltr'><strong>de</strong></span> <span class='ocrx_word' id='word_1_627' title='bbox 485 2730 629 2766; x_wconf 82' lang='lat' dir='ltr'><strong>Evangelia</strong></span> <span class='ocrx_word' id='word_1_628' title='bbox 641 2729 710 2765; x_wconf 84' lang='lat' dir='ltr'><strong>quod</strong></span> <span class='ocrx_word' id='word_1_629' title='bbox 731 2738 814 2764; x_wconf 77' lang='lat' dir='ltr'><strong>nuper</strong></span> 
     </span>
    </p>
   </div>
   <div class='ocr_carea' id='block_1_91' title="bbox 20 2777 813 2813">
    <p class='ocr_par' dir='ltr' id='par_1_91' title="bbox 20 2777 813 2813">
     <span class='ocr_line' id='line_1_91' title="bbox 20 2777 813 2813; baseline -0.004 -6"><span class='ocrx_word' id='word_1_630' title='bbox 20 2790 36 2807; x_wconf 87' lang='lat' dir='ltr'><strong>a</strong></span> <span class='ocrx_word' id='word_1_631' title='bbox 51 2789 92 2807; x_wconf 86' lang='lat' dir='ltr'><strong>me</strong></span> <span class='ocrx_word' id='word_1_632' title='bbox 105 2779 266 2807; x_wconf 69' lang='lat' dir='ltr'><strong>translatum</strong></span> <span class='ocrx_word' id='word_1_633' title='bbox 279 2783 319 2806; x_wconf 82' lang='lat' dir='ltr'><strong>est</strong></span> <span class='ocrx_word' id='word_1_634' title='bbox 328 2799 337 2812; x_wconf 92' lang='lat'><strong>,</strong></span> <span class='ocrx_word' id='word_1_635' title='bbox 353 2786 432 2812; x_wconf 79' lang='lat' dir='ltr'><strong>super</strong></span> <span class='ocrx_word' id='word_1_636' title='bbox 444 2785 555 2812; x_wconf 84' lang='lat' dir='ltr'><strong>persona</strong></span> <span class='ocrx_word' id='word_1_637' title='bbox 567 2777 669 2805; x_wconf 71' lang='lat' dir='ltr'><strong>Christi</strong></span> <span class='ocrx_word' id='word_1_638' title='bbox 683 2777 756 2813; x_wconf 88' lang='lat' dir='ltr'><strong>ponit</strong></span> <span class='ocrx_word' id='word_1_639' title='bbox 775 2783 813 2804; x_wconf 85' lang='lat' dir='ltr'><strong>te-</strong></span> 
     </span>
    </p>
   </div>
   <div class='ocr_carea' id='block_1_92' title="bbox 20 2824 813 2860">
    <p class='ocr_par' dir='ltr' id='par_1_92' title="bbox 20 2824 813 2860">
     <span class='ocr_line' id='line_1_92' title="bbox 20 2824 813 2860; baseline -0.004 -7"><span class='ocrx_word' id='word_1_640' title='bbox 20 2827 189 2858; x_wconf 74' lang='lat' dir='ltr'><strong>stinonistm,</strong></span> <span class='ocrx_word' id='word_1_641' title='bbox 203 2826 268 2854; x_wconf 92' lang='lat' dir='ltr'><strong>illud</strong></span> <span class='ocrx_word' id='word_1_642' title='bbox 287 2827 314 2852; x_wconf 89' lang='lat' dir='ltr'><strong>in</strong></span> <span class='ocrx_word' id='word_1_643' title='bbox 332 2833 386 2860; x_wconf 85' lang='lat' dir='ltr'><strong>qua</strong></span> <span class='ocrx_word' id='word_1_644' title='bbox 399 2832 461 2852; x_wconf 91' lang='lat' dir='ltr'><strong>cum</strong></span> <span class='ocrx_word' id='word_1_645' title='bbox 472 2831 632 2860; x_wconf 79' lang='lat' dir='ltr'><strong>expressum</strong></span> <span class='ocrx_word' id='word_1_646' title='bbox 648 2831 702 2850; x_wconf 94' lang='lat' dir='ltr'><strong>non</strong></span> <span class='ocrx_word' id='word_1_647' title='bbox 716 2824 813 2851; x_wconf 72' lang='lat' dir='ltr'><strong>habeat</strong></span> 
     </span>
    </p>
   </div>
   <div class='ocr_carea' id='block_1_93' title="bbox 21 2869 812 2907">
    <p class='ocr_par' dir='ltr' id='par_1_93' title="bbox 21 2869 812 2907">
     <span class='ocr_line' id='line_1_93' title="bbox 21 2869 812 2907; baseline -0.003 -7"><span class='ocrx_word' id='word_1_648' title='bbox 21 2874 187 2902; x_wconf 70' lang='lat' dir='ltr'><strong>vocabulum</strong></span> <span class='ocrx_word' id='word_1_649' title='bbox 201 2873 377 2906; x_wconf 77' lang='lat' dir='ltr'><strong>antecedens,</strong></span> <span class='ocrx_word' id='word_1_650' title='bbox 394 2872 427 2900; x_wconf 89' lang='lat' dir='ltr'><strong>ad</strong></span> <span class='ocrx_word' id='word_1_651' title='bbox 443 2871 517 2907; x_wconf 87' lang='lat' dir='ltr'><strong>quod</strong></span> <span class='ocrx_word' id='word_1_652' title='bbox 533 2869 675 2905; x_wconf 74' lang='lat' dir='ltr'><strong>referatur,</strong></span> <span class='ocrx_word' id='word_1_653' title='bbox 687 2878 812 2899; x_wconf 73' lang='lat' dir='ltr'><strong>necessa-</strong></span> 
     </span>
    </p>
   </div>
   <div class='ocr_carea' id='block_1_94' title="bbox 830 2213 852 2240">
    <p class='ocr_par' dir='ltr' id='par_1_94' title="bbox 830 2213 852 2240">
     <span class='ocr_line' id='line_1_94' title="bbox 830 2213 852 2240; baseline 0 0"><span class='ocrx_word' id='word_1_654' title='bbox 830 2213 852 2240; x_wconf 93' lang='lat' dir='ltr'><strong>D</strong></span> 
     </span>
    </p>
   </div>
   <div class='ocr_carea' id='block_1_95' title="bbox 868 1580 1656 1616">
    <p class='ocr_par' dir='ltr' id='par_1_95' title="bbox 868 1580 1656 1616">
     <span class='ocr_line' id='line_1_95' title="bbox 868 1580 1656 1616; baseline 0.005 -9"><span class='ocrx_word' id='word_1_655' title='bbox 868 1580 965 1616; x_wconf 86' lang='lat' dir='ltr'><strong>gelium</strong></span> <span class='ocrx_word' id='word_1_656' title='bbox 980 1580 1051 1607; x_wconf 77' lang='grc' dir='ltr'>κατὰ</span> <span class='ocrx_word' id='word_1_657' title='bbox 1066 1580 1206 1608; x_wconf 81' lang='grc' dir='ltr'>Ματθαῖον</span> <span class='ocrx_word' id='word_1_658' title='bbox 1221 1581 1439 1609; x_wconf 86' lang='lat' dir='ltr'><strong>Commentarios</strong></span> <span class='ocrx_word' id='word_1_659' title='bbox 1456 1583 1570 1610; x_wconf 87' lang='lat' dir='ltr'><strong>ascribit</strong></span> <span class='ocrx_word' id='word_1_660' title='bbox 1593 1583 1656 1611; x_wconf 87' lang='lat' dir='ltr'><strong>Ori-</strong></span> 
     </span>
    </p>
   </div>
   <div class='ocr_carea' id='block_1_96' title="bbox 868 1626 1656 1664">
    <p class='ocr_par' dir='ltr' id='par_1_96' title="bbox 868 1626 1656 1664">
     <span class='ocr_line' id='line_1_96' title="bbox 868 1626 1656 1664; baseline 0.005 -11"><span class='ocrx_word' id='word_1_661' title='bbox 868 1626 955 1662; x_wconf 82' lang='lat' dir='ltr'><strong>geni,</strong></span> <span class='ocrx_word' id='word_1_662' title='bbox 984 1634 1053 1661; x_wconf 90' lang='lat' dir='ltr'><strong>quos</strong></span> <span class='ocrx_word' id='word_1_663' title='bbox 1083 1626 1264 1663; x_wconf 86' lang='lat' dir='ltr'><strong>Hieronymus</strong></span> <span class='ocrx_word' id='word_1_664' title='bbox 1297 1628 1431 1656; x_wconf 88' lang='lat' dir='ltr'><strong>tribuerat</strong></span> <span class='ocrx_word' id='word_1_665' title='bbox 1464 1628 1656 1664; x_wconf 85' lang='lat' dir='ltr'><strong>Symmacho;</strong></span> 
     </span>
    </p>
   </div>
   <div class='ocr_carea' id='block_1_97' title="bbox 866 1671 1655 1709">
    <p class='ocr_par' dir='ltr' id='par_1_97' title="bbox 866 1671 1655 1709">
     <span class='ocr_line' id='line_1_97' title="bbox 866 1671 1655 1709; baseline 0.004 -10"><span class='ocrx_word' id='word_1_666' title='bbox 866 1671 915 1707; x_wconf 89' lang='lat' dir='ltr'><strong>qui</strong></span> <span class='ocrx_word' id='word_1_667' title='bbox 947 1671 1104 1699; x_wconf 82' lang='lat' dir='ltr'><strong>Anatolium</strong></span> <span class='ocrx_word' id='word_1_668' title='bbox 1145 1672 1234 1699; x_wconf 81' lang='lat' dir='ltr'><strong>decem</strong></span> <span class='ocrx_word' id='word_1_669' title='bbox 1272 1672 1353 1700; x_wconf 86' lang='lat' dir='ltr'><strong>libras</strong></span> <span class='ocrx_word' id='word_1_670' title='bbox 1395 1674 1427 1700; x_wconf 85' lang='lat' dir='ltr'><strong>de</strong></span> <span class='ocrx_word' id='word_1_671' title='bbox 1467 1675 1655 1709; x_wconf 82' lang='lat' dir='ltr'><strong>arilhmelica,</strong></span> 
     </span>
    </p>
   </div>
   <div class='ocr_carea' id='block_1_98' title="bbox 867 1719 1655 1755">
    <p class='ocr_par' dir='ltr' id='par_1_98' title="bbox 867 1719 1655 1755">
     <span class='ocr_line' id='line_1_98' title="bbox 867 1719 1655 1755; baseline 0.004 -9"><span class='ocrx_word' id='word_1_672' title='bbox 867 1720 1009 1755; x_wconf 82' lang='lat' dir='ltr'><strong>geometria</strong></span> <span class='ocrx_word' id='word_1_673' title='bbox 1023 1740 1031 1753; x_wconf 89' lang='lat'><strong>,</strong></span> <span class='ocrx_word' id='word_1_674' title='bbox 1060 1719 1226 1746; x_wconf 77' lang='lat' dir='ltr'><strong>astronomia</strong></span> <span class='ocrx_word' id='word_1_675' title='bbox 1240 1739 1248 1752; x_wconf 89' lang='lat'><strong>,</strong></span> <span class='ocrx_word' id='word_1_676' title='bbox 1279 1721 1454 1754; x_wconf 84' lang='lat' dir='ltr'><strong>grammatica</strong></span> <span class='ocrx_word' id='word_1_677' title='bbox 1467 1741 1475 1753; x_wconf 90' lang='lat'><strong>,</strong></span> <span class='ocrx_word' id='word_1_678' title='bbox 1504 1721 1635 1749; x_wconf 81' lang='lat' dir='ltr'><strong>rhetorica</strong></span> <span class='ocrx_word' id='word_1_679' title='bbox 1647 1742 1655 1755; x_wconf 91' lang='lat'><strong>,</strong></span> 
     </span>
    </p>
   </div>
   <div class='ocr_carea' id='block_1_99' title="bbox 866 1763 1656 1802">
    <p class='ocr_par' dir='ltr' id='par_1_99' title="bbox 866 1763 1656 1802">
     <span class='ocr_line' id='line_1_99' title="bbox 866 1763 1656 1802; baseline 0.006 -12"><span class='ocrx_word' id='word_1_680' title='bbox 866 1763 1018 1797; x_wconf 85' lang='lat' dir='ltr'><strong>dialectica,</strong></span> <span class='ocrx_word' id='word_1_681' title='bbox 1043 1764 1234 1798; x_wconf 88' lang='lat' dir='ltr'><strong>composuisse</strong></span> <span class='ocrx_word' id='word_1_682' title='bbox 1257 1764 1350 1798; x_wconf 85' lang='lat' dir='ltr'><strong>refert,</strong></span> <span class='ocrx_word' id='word_1_683' title='bbox 1371 1773 1453 1800; x_wconf 81' lang='lat' dir='ltr'><strong>quem</strong></span> <span class='ocrx_word' id='word_1_684' title='bbox 1473 1765 1656 1802; x_wconf 87' lang='lat' dir='ltr'><strong>Hieronymus</strong></span> 
     </span>
    </p>
   </div>
   <div class='ocr_carea' id='block_1_100' title="bbox 866 1810 1655 1845">
    <p class='ocr_par' dir='ltr' id='par_1_100' title="bbox 866 1810 1655 1845">
     <span class='ocr_line' id='line_1_100' title="bbox 866 1810 1655 1845; baseline 0.005 -8"><span class='ocrx_word' id='word_1_685' title='bbox 866 1810 944 1837; x_wconf 74' lang='lat' dir='ltr'><strong>mirae</strong></span> <span class='ocrx_word' id='word_1_686' title='bbox 960 1810 1092 1838; x_wconf 73' lang='lat' dir='ltr'><strong>doctrinae</strong></span> <span class='ocrx_word' id='word_1_687' title='bbox 1105 1811 1196 1838; x_wconf 90' lang='lat' dir='ltr'><strong>virum</strong></span> <span class='ocrx_word' id='word_1_688' title='bbox 1220 1811 1246 1837; x_wconf 95' lang='lat' dir='ltr'><strong>in</strong></span> <span class='ocrx_word' id='word_1_689' title='bbox 1267 1810 1309 1838; x_wconf 89' lang='lat' dir='ltr'><strong>his</strong></span> <span class='ocrx_word' id='word_1_690' title='bbox 1334 1810 1430 1845; x_wconf 83' lang='lat' dir='ltr'><strong>fuisse,</strong></span> <span class='ocrx_word' id='word_1_691' title='bbox 1452 1811 1542 1840; x_wconf 37' lang='lat' dir='ltr'><strong>libros‘</strong></span> <span class='ocrx_word' id='word_1_692' title='bbox 1563 1818 1655 1841; x_wconf 78' lang='lat' dir='ltr'><strong>autent</strong></span> 
     </span>
    </p>
   </div>
   <div class='ocr_carea' id='block_1_101' title="bbox 866 1856 1657 1894">
    <p class='ocr_par' dir='ltr' id='par_1_101' title="bbox 866 1856 1657 1894">
     <span class='ocr_line' id='line_1_101' title="bbox 866 1856 1657 1894; baseline 0.005 -10"><span class='ocrx_word' id='word_1_693' title='bbox 866 1856 960 1884; x_wconf 86' lang='lat' dir='ltr'><strong>decem</strong></span> <span class='ocrx_word' id='word_1_694' title='bbox 990 1856 1025 1884; x_wconf 84' lang='lat' dir='ltr'><strong>de</strong></span> <span class='ocrx_word' id='word_1_695' title='bbox 1054 1856 1234 1884; x_wconf 66' lang='lat' dir='ltr'><strong>arithmetica:</strong></span> <span class='ocrx_word' id='word_1_696' title='bbox 1263 1856 1481 1886; x_wconf 84' lang='lat' dir='ltr'><strong>institutionibus</strong></span> <span class='ocrx_word' id='word_1_697' title='bbox 1512 1859 1657 1894; x_wconf 86' lang='lat' dir='ltr'><strong>scripsisse</strong></span> 
     </span>
    </p>
   </div>
   <div class='ocr_carea' id='block_1_102' title="bbox 866 1901 1656 1938">
    <p class='ocr_par' dir='ltr' id='par_1_102' title="bbox 866 1901 1656 1938">
     <span class='ocr_line' id='line_1_102' title="bbox 866 1901 1656 1938; baseline 0.005 -9"><span class='ocrx_word' id='word_1_698' title='bbox 866 1902 973 1934; x_wconf 79' lang='lat' dir='ltr'><strong>innuit;</strong></span> <span class='ocrx_word' id='word_1_699' title='bbox 987 1902 1035 1937; x_wconf 89' lang='lat' dir='ltr'><strong>qui</strong></span> <span class='ocrx_word' id='word_1_700' title='bbox 1051 1902 1078 1930; x_wconf 93' lang='lat' dir='ltr'><strong>in</strong></span> <span class='ocrx_word' id='word_1_701' title='bbox 1087 1901 1227 1929; x_wconf 77' lang='lat' dir='ltr'><strong>Clemente</strong></span> <span class='ocrx_word' id='word_1_702' title='bbox 1241 1901 1438 1936; x_wconf 81' lang='lat' dir='ltr'><strong>Alexandrino,</strong></span> <span class='ocrx_word' id='word_1_703' title='bbox 1455 1911 1505 1938; x_wconf 91' lang='lat' dir='ltr'><strong>pro</strong></span> <span class='ocrx_word' id='word_1_704' title='bbox 1522 1905 1577 1932; x_wconf 84' lang='lat' dir='ltr'><strong>illis</strong></span> <span class='ocrx_word' id='word_1_705' title='bbox 1591 1905 1656 1933; x_wconf 90' lang='lat' dir='ltr'><strong>Hie-</strong></span> 
     </span>
    </p>
   </div>
   <div class='ocr_carea' id='block_1_103' title="bbox 865 1949 1654 1986">
    <p class='ocr_par' dir='ltr' id='par_1_103' title="bbox 865 1949 1654 1986">
     <span class='ocr_line' id='line_1_103' title="bbox 865 1949 1654 1986; baseline 0.004 -10"><span class='ocrx_word' id='word_1_706' title='bbox 865 1949 1130 1985; x_wconf 78' lang='lat' dir='ltr'><strong>ronymi,Ptedagogi</strong></span> <span class='ocrx_word' id='word_1_707' title='bbox 1138 1949 1200 1975; x_wconf 82' lang='lat' dir='ltr'><strong>libri</strong></span> <span class='ocrx_word' id='word_1_708' title='bbox 1211 1953 1274 1981; x_wconf 82' lang='lat' dir='ltr'><strong>tres,</strong></span> <span class='ocrx_word' id='word_1_709' title='bbox 1282 1949 1407 1976; x_wconf 84' lang='lat' dir='ltr'><strong>babetDe</strong></span> <span class='ocrx_word' id='word_1_710' title='bbox 1418 1950 1568 1986; x_wconf 64' lang='lat' dir='ltr'><strong>paedagogis</strong></span> <span class='ocrx_word' id='word_1_711' title='bbox 1575 1960 1654 1986; x_wconf 78' lang='lat' dir='ltr'><strong>unus,</strong></span> 
     </span>
    </p>
   </div>
   <div class='ocr_carea' id='block_1_104' title="bbox 862 1995 1654 2030">
    <p class='ocr_par' dir='ltr' id='par_1_104' title="bbox 862 1995 1654 2030">
     <span class='ocr_line' id='line_1_104' title="bbox 862 1995 1654 2030; baseline 0.003 -8"><span class='ocrx_word' id='word_1_712' title='bbox 862 1999 892 2022; x_wconf 84' lang='lat' dir='ltr'><strong>et</strong></span> <span class='ocrx_word' id='word_1_713' title='bbox 906 2002 956 2029; x_wconf 92' lang='lat' dir='ltr'><strong>pro</strong></span> <span class='ocrx_word' id='word_1_714' title='bbox 971 1995 1035 2027; x_wconf 90' lang='lat' dir='ltr'><strong>illis,</strong></span> <span class='ocrx_word' id='word_1_715' title='bbox 1053 1995 1091 2022; x_wconf 86' lang='lat' dir='ltr'><strong>De</strong></span> <span class='ocrx_word' id='word_1_716' title='bbox 1109 1995 1214 2029; x_wconf 70' lang='lat' dir='ltr'><strong>Jejunia</strong></span> <span class='ocrx_word' id='word_1_717' title='bbox 1233 1995 1404 2030; x_wconf 79' lang='lat' dir='ltr'><strong>disceptatio,</strong></span> <span class='ocrx_word' id='word_1_718' title='bbox 1430 1995 1486 2023; x_wconf 53' lang='lat' dir='ltr'><strong>huc</strong></span> <span class='ocrx_word' id='word_1_719' title='bbox 1502 1997 1654 2030; x_wconf 87' lang='lat' dir='ltr'><strong>substituit,</strong></span> 
     </span>
    </p>
   </div>
   <div class='ocr_carea' id='block_1_105' title="bbox 866 2039 1656 2076">
    <p class='ocr_par' dir='ltr' id='par_1_105' title="bbox 866 2039 1656 2076">
     <span class='ocr_line' id='line_1_105' title="bbox 866 2039 1656 2076; baseline 0.003 -9"><span class='ocrx_word' id='word_1_720' title='bbox 866 2039 904 2067; x_wconf 87' lang='lat' dir='ltr'><strong>De</strong></span> <span class='ocrx_word' id='word_1_721' title='bbox 913 2040 1017 2075; x_wconf 85' lang='lat' dir='ltr'><strong>jejunio</strong></span> <span class='ocrx_word' id='word_1_722' title='bbox 1040 2049 1119 2073; x_wconf 76' lang='lat' dir='ltr'><strong>unus,</strong></span> <span class='ocrx_word' id='word_1_723' title='bbox 1131 2041 1163 2067; x_wconf 82' lang='lat' dir='ltr'><strong>de</strong></span> <span class='ocrx_word' id='word_1_724' title='bbox 1177 2041 1368 2075; x_wconf 81' lang='lat' dir='ltr'><strong>disceptatione</strong></span> <span class='ocrx_word' id='word_1_725' title='bbox 1389 2050 1474 2073; x_wconf 83' lang='lat' dir='ltr'><strong>unus;</strong></span> <span class='ocrx_word' id='word_1_726' title='bbox 1491 2042 1538 2076; x_wconf 89' lang='lat' dir='ltr'><strong>qui</strong></span> <span class='ocrx_word' id='word_1_727' title='bbox 1557 2042 1583 2069; x_wconf 88' lang='lat' dir='ltr'><strong>in</strong></span> <span class='ocrx_word' id='word_1_728' title='bbox 1597 2042 1656 2069; x_wconf 89' lang='lat' dir='ltr'><strong>Ori-</strong></span> 
     </span>
    </p>
   </div>
   <div class='ocr_carea' id='block_1_106' title="bbox 865 2085 1655 2122">
    <p class='ocr_par' dir='ltr' id='par_1_106' title="bbox 865 2085 1655 2122">
     <span class='ocr_line' id='line_1_106' title="bbox 865 2085 1655 2122; baseline 0.001 -9"><span class='ocrx_word' id='word_1_729' title='bbox 865 2093 943 2121; x_wconf 86' lang='lat' dir='ltr'><strong>gene,</strong></span> <span class='ocrx_word' id='word_1_730' title='bbox 957 2086 1086 2121; x_wconf 88' lang='lat' dir='ltr'><strong>quoniatn</strong></span> <span class='ocrx_word' id='word_1_731' title='bbox 1099 2085 1281 2121; x_wconf 80' lang='lat' dir='ltr'><strong>Hieronymus</strong></span> <span class='ocrx_word' id='word_1_732' title='bbox 1293 2087 1410 2114; x_wconf 88' lang='lat' dir='ltr'><strong>indicem</strong></span> <span class='ocrx_word' id='word_1_733' title='bbox 1422 2095 1536 2122; x_wconf 90' lang='lat' dir='ltr'><strong>operum</strong></span> <span class='ocrx_word' id='word_1_734' title='bbox 1553 2087 1655 2115; x_wconf 80' lang='lat' dir='ltr'><strong>omise-</strong></span> 
     </span>
    </p>
   </div>
   <div class='ocr_carea' id='block_1_107' title="bbox 865 2131 1653 2167">
    <p class='ocr_par' dir='ltr' id='par_1_107' title="bbox 865 2131 1653 2167">
     <span class='ocr_line' id='line_1_107' title="bbox 865 2131 1653 2167; baseline -0.001 -8"><span class='ocrx_word' id='word_1_735' title='bbox 865 2137 916 2164; x_wconf 85' lang='lat' dir='ltr'><strong>rat,</strong></span> <span class='ocrx_word' id='word_1_736' title='bbox 937 2132 996 2167; x_wconf 85' lang='lat' dir='ltr'><strong>ejus</strong></span> <span class='ocrx_word' id='word_1_737' title='bbox 1020 2131 1082 2159; x_wconf 86' lang='lat' dir='ltr'><strong>loco</strong></span> <span class='ocrx_word' id='word_1_738' title='bbox 1096 2131 1189 2164; x_wconf 83' lang='lat' dir='ltr'><strong>habet,</strong></span> <span class='ocrx_word' id='word_1_739' title='bbox 1215 2139 1260 2158; x_wconf 76' lang='lat' dir='ltr'><strong>sex</strong></span> <span class='ocrx_word' id='word_1_740' title='bbox 1276 2131 1363 2157; x_wconf 85' lang='lat' dir='ltr'><strong>millia</strong></span> <span class='ocrx_word' id='word_1_741' title='bbox 1383 2131 1511 2158; x_wconf 87' lang='lat' dir='ltr'><strong>librorum</strong></span> <span class='ocrx_word' id='word_1_742' title='bbox 1535 2132 1653 2166; x_wconf 74' lang='lat' dir='ltr'><strong>scripsit,</strong></span> 
     </span>
    </p>
   </div>
   <div class='ocr_carea' id='block_1_108' title="bbox 865 2177 1653 2213">
    <p class='ocr_par' dir='ltr' id='par_1_108' title="bbox 865 2177 1653 2213">
     <span class='ocr_line' id='line_1_108' title="bbox 865 2177 1653 2213; baseline 0 -8"><span class='ocrx_word' id='word_1_743' title='bbox 865 2177 939 2213; x_wconf 87' lang='lat' dir='ltr'><strong>quod</strong></span> <span class='ocrx_word' id='word_1_744' title='bbox 962 2178 997 2205; x_wconf 92' lang='lat' dir='ltr'><strong>ab</strong></span> <span class='ocrx_word' id='word_1_745' title='bbox 1023 2177 1182 2212; x_wconf 87' lang='lat' dir='ltr'><strong>Hieronymi</strong></span> <span class='ocrx_word' id='word_1_746' title='bbox 1203 2181 1294 2204; x_wconf 89' lang='lat' dir='ltr'><strong>mente</strong></span> <span class='ocrx_word' id='word_1_747' title='bbox 1308 2177 1428 2204; x_wconf 79' lang='lat' dir='ltr'><strong>maxime</strong></span> <span class='ocrx_word' id='word_1_748' title='bbox 1447 2177 1567 2204; x_wconf 88' lang='lat' dir='ltr'><strong>alienum</strong></span> <span class='ocrx_word' id='word_1_749' title='bbox 1593 2185 1653 2205; x_wconf 84' lang='lat' dir='ltr'><strong>esse</strong></span> 
     </span>
    </p>
   </div>
   <div class='ocr_carea' id='block_1_109' title="bbox 867 2221 1654 2259">
    <p class='ocr_par' dir='ltr' id='par_1_109' title="bbox 867 2221 1654 2259">
     <span class='ocr_line' id='line_1_109' title="bbox 867 2221 1654 2259; baseline -0.003 -8"><span class='ocrx_word' id='word_1_750' title='bbox 867 2223 1053 2259; x_wconf 69' lang='lat' dir='ltr'><strong>cognoscitur,</strong></span> <span class='ocrx_word' id='word_1_751' title='bbox 1072 2231 1107 2251; x_wconf 77' lang='lat' dir='ltr'><strong>ex</strong></span> <span class='ocrx_word' id='word_1_752' title='bbox 1130 2223 1263 2258; x_wconf 80' lang='lat' dir='ltr'><strong>Apologia</strong></span> <span class='ocrx_word' id='word_1_753' title='bbox 1287 2222 1407 2250; x_wconf 88' lang='lat' dir='ltr'><strong>secunda</strong></span> <span class='ocrx_word' id='word_1_754' title='bbox 1430 2222 1560 2250; x_wconf 83' lang='lat' dir='ltr'><strong>adversus</strong></span> <span class='ocrx_word' id='word_1_755' title='bbox 1573 2221 1654 2250; x_wconf 80' lang='lat' dir='ltr'><strong>Rulli-</strong></span> 
     </span>
    </p>
   </div>
   <div class='ocr_carea' id='block_1_110' title="bbox 866 2268 1653 2303">
    <p class='ocr_par' dir='ltr' id='par_1_110' title="bbox 866 2268 1653 2303">
     <span class='ocr_line' id='line_1_110' title="bbox 866 2268 1653 2303; baseline -0.003 -7"><span class='ocrx_word' id='word_1_756' title='bbox 866 2278 931 2296; x_wconf 86' lang='lat' dir='ltr'><strong>ntun</strong></span> <span class='ocrx_word' id='word_1_757' title='bbox 946 2277 953 2295; x_wconf 90' lang='lat'><strong>:</strong></span> <span class='ocrx_word' id='word_1_758' title='bbox 973 2268 1094 2296; x_wconf 83' lang='lat' dir='ltr'><strong>Numera</strong></span> <span class='ocrx_word' id='word_1_759' title='bbox 1117 2269 1218 2296; x_wconf 85' lang='lat' dir='ltr'><strong>indices</strong></span> <span class='ocrx_word' id='word_1_760' title='bbox 1243 2269 1371 2295; x_wconf 83' lang='lat' dir='ltr'><strong>librorum</strong></span> <span class='ocrx_word' id='word_1_761' title='bbox 1390 2268 1459 2302; x_wconf 82' lang='lat' dir='ltr'><strong>eius,</strong></span> <span class='ocrx_word' id='word_1_762' title='bbox 1474 2269 1519 2303; x_wconf 88' lang='lat' dir='ltr'><strong>qui</strong></span> <span class='ocrx_word' id='word_1_763' title='bbox 1536 2268 1563 2294; x_wconf 89' lang='lat' dir='ltr'><strong>in</strong></span> <span class='ocrx_word' id='word_1_764' title='bbox 1575 2269 1653 2295; x_wconf 84' lang='lat' dir='ltr'><strong>tertio</strong></span> 
     </span>
    </p>
   </div>
   <div class='ocr_carea' id='block_1_111' title="bbox 865 2313 1653 2350">
    <p class='ocr_par' dir='ltr' id='par_1_111' title="bbox 865 2313 1653 2350">
     <span class='ocr_line' id='line_1_111' title="bbox 865 2313 1653 2350; baseline -0.004 -6"><span class='ocrx_word' id='word_1_765' title='bbox 865 2316 996 2344; x_wconf 78' lang='lat' dir='ltr'><strong>volumine</strong></span> <span class='ocrx_word' id='word_1_766' title='bbox 1003 2315 1123 2348; x_wconf 79' lang='lat' dir='ltr'><strong>Eusebii,</strong></span> <span class='ocrx_word' id='word_1_767' title='bbox 1133 2316 1160 2342; x_wconf 89' lang='lat' dir='ltr'><strong>in</strong></span> <span class='ocrx_word' id='word_1_768' title='bbox 1171 2323 1222 2350; x_wconf 85' lang='lat' dir='ltr'><strong>qua</strong></span> <span class='ocrx_word' id='word_1_769' title='bbox 1237 2314 1329 2342; x_wconf 82' lang='lat' dir='ltr'><strong>scribit</strong></span> <span class='ocrx_word' id='word_1_770' title='bbox 1342 2315 1423 2341; x_wconf 89' lang='lat' dir='ltr'><strong>vitam</strong></span> <span class='ocrx_word' id='word_1_771' title='bbox 1440 2313 1576 2348; x_wconf 77' lang='lat' dir='ltr'><strong>Pamphili</strong></span> <span class='ocrx_word' id='word_1_772' title='bbox 1590 2322 1653 2341; x_wconf 88' lang='lat' dir='ltr'><strong>con-</strong></span> 
     </span>
    </p>
   </div>
   <div class='ocr_carea' id='block_1_112' title="bbox 866 2361 1652 2395">
    <p class='ocr_par' dir='ltr' id='par_1_112' title="bbox 866 2361 1652 2395">
     <span class='ocr_line' id='line_1_112' title="bbox 866 2361 1652 2395; baseline -0.004 -5"><span class='ocrx_word' id='word_1_773' title='bbox 866 2365 993 2395; x_wconf 84' lang='lat' dir='ltr'><strong>tinentur,</strong></span> <span class='ocrx_word' id='word_1_774' title='bbox 999 2368 1023 2390; x_wconf 87' lang='lat' dir='ltr'><strong>et</strong></span> <span class='ocrx_word' id='word_1_775' title='bbox 1033 2371 1084 2390; x_wconf 86' lang='lat' dir='ltr'><strong>non</strong></span> <span class='ocrx_word' id='word_1_776' title='bbox 1093 2362 1153 2389; x_wconf 83' lang='lat' dir='ltr'><strong>dico</strong></span> <span class='ocrx_word' id='word_1_777' title='bbox 1159 2369 1205 2389; x_wconf 75' lang='lat' dir='ltr'><strong>sea:</strong></span> <span class='ocrx_word' id='word_1_778' title='bbox 1213 2361 1310 2395; x_wconf 90' lang='lat' dir='ltr'><strong>millia,</strong></span> <span class='ocrx_word' id='word_1_779' title='bbox 1320 2361 1364 2388; x_wconf 85' lang='lat' dir='ltr'><strong>sed</strong></span> <span class='ocrx_word' id='word_1_780' title='bbox 1371 2361 1477 2388; x_wconf 87' lang='lat' dir='ltr'><strong>tertiam</strong></span> <span class='ocrx_word' id='word_1_781' title='bbox 1486 2366 1588 2395; x_wconf 86' lang='lat' dir='ltr'><strong>partem</strong></span> <span class='ocrx_word' id='word_1_782' title='bbox 1600 2369 1652 2388; x_wconf 83' lang='lat' dir='ltr'><strong>non</strong></span> 
     </span>
    </p>
   </div>
   <div class='ocr_carea' id='block_1_113' title="bbox 865 2405 1651 2443">
    <p class='ocr_par' dir='ltr' id='par_1_113' title="bbox 865 2405 1651 2443">
     <span class='ocr_line' id='line_1_113' title="bbox 865 2405 1651 2443; baseline -0.004 -8"><span class='ocrx_word' id='word_1_783' title='bbox 865 2409 999 2443; x_wconf 80' lang='lat' dir='ltr'><strong>reperies;</strong></span> <span class='ocrx_word' id='word_1_784' title='bbox 1014 2408 1062 2443; x_wconf 89' lang='lat' dir='ltr'><strong>qui</strong></span> <span class='ocrx_word' id='word_1_785' title='bbox 1080 2407 1175 2434; x_wconf 65' lang='lat' dir='ltr'><strong>Gratca</strong></span> <span class='ocrx_word' id='word_1_786' title='bbox 1188 2405 1244 2434; x_wconf 81' lang='lat' dir='ltr'><strong>fere</strong></span> <span class='ocrx_word' id='word_1_787' title='bbox 1260 2406 1352 2433; x_wconf 90' lang='lat' dir='ltr'><strong>omnia</strong></span> <span class='ocrx_word' id='word_1_788' title='bbox 1368 2406 1439 2441; x_wconf 90' lang='lat' dir='ltr'><strong>apud</strong></span> <span class='ocrx_word' id='word_1_789' title='bbox 1455 2405 1651 2440; x_wconf 86' lang='lat' dir='ltr'><strong>Hieronymum</strong></span> 
     </span>
    </p>
   </div>
   <div class='ocr_carea' id='block_1_114' title="bbox 865 2451 1653 2488">
    <p class='ocr_par' dir='ltr' id='par_1_114' title="bbox 865 2451 1653 2488">
     <span class='ocr_line' id='line_1_114' title="bbox 865 2451 1653 2488; baseline -0.005 -6"><span class='ocrx_word' id='word_1_790' title='bbox 865 2454 892 2482; x_wconf 90' lang='lat' dir='ltr'><strong>in</strong></span> <span class='ocrx_word' id='word_1_791' title='bbox 915 2453 1040 2481; x_wconf 88' lang='lat' dir='ltr'><strong>Latinam</strong></span> <span class='ocrx_word' id='word_1_792' title='bbox 1056 2453 1177 2488; x_wconf 76' lang='lat' dir='ltr'><strong>linguam</strong></span> <span class='ocrx_word' id='word_1_793' title='bbox 1195 2456 1251 2479; x_wconf 86' lang='lat' dir='ltr'><strong>tam</strong></span> <span class='ocrx_word' id='word_1_794' title='bbox 1268 2451 1338 2479; x_wconf 78' lang='lat' dir='ltr'><strong>male</strong></span> <span class='ocrx_word' id='word_1_795' title='bbox 1360 2457 1441 2487; x_wconf 82' lang='lat' dir='ltr'><strong>atque</strong></span> <span class='ocrx_word' id='word_1_796' title='bbox 1453 2452 1578 2486; x_wconf 84' lang='lat' dir='ltr'><strong>imperite</strong></span> <span class='ocrx_word' id='word_1_797' title='bbox 1592 2460 1653 2479; x_wconf 76' lang='lat' dir='ltr'><strong>ver-</strong></span> 
     </span>
    </p>
   </div>
   <div class='ocr_carea' id='block_1_115' title="bbox 864 2497 1651 2534">
    <p class='ocr_par' dir='ltr' id='par_1_115' title="bbox 864 2497 1651 2534">
     <span class='ocr_line' id='line_1_115' title="bbox 864 2497 1651 2534; baseline -0.004 -7"><span class='ocrx_word' id='word_1_798' title='bbox 864 2500 914 2528; x_wconf 86' lang='lat' dir='ltr'><strong>tit?</strong></span> <span class='ocrx_word' id='word_1_799' title='bbox 932 2500 991 2527; x_wconf 87' lang='lat' dir='ltr'><strong>lmo</strong></span> <span class='ocrx_word' id='word_1_800' title='bbox 1005 2499 1068 2534; x_wconf 90' lang='lat' dir='ltr'><strong>quis</strong></span> <span class='ocrx_word' id='word_1_801' title='bbox 1082 2499 1115 2526; x_wconf 89' lang='lat' dir='ltr'><strong>de</strong></span> <span class='ocrx_word' id='word_1_802' title='bbox 1132 2506 1248 2526; x_wconf 90' lang='lat' dir='ltr'><strong>numero</strong></span> <span class='ocrx_word' id='word_1_803' title='bbox 1263 2498 1439 2533; x_wconf 88' lang='lat' dir='ltr'><strong>epistolarum</strong></span> <span class='ocrx_word' id='word_1_804' title='bbox 1456 2497 1527 2533; x_wconf 89' lang='lat' dir='ltr'><strong>apud</strong></span> <span class='ocrx_word' id='word_1_805' title='bbox 1553 2497 1651 2524; x_wconf 87' lang='lat' dir='ltr'><strong>Hicro-</strong></span> 
     </span>
    </p>
   </div>
   <div class='ocr_carea' id='block_1_116' title="bbox 865 2544 1649 2583">
    <p class='ocr_par' dir='ltr' id='par_1_116' title="bbox 865 2544 1649 2583">
     <span class='ocr_line' id='line_1_116' title="bbox 865 2544 1649 2583; baseline -0.004 -9"><span class='ocrx_word' id='word_1_806' title='bbox 865 2555 976 2583; x_wconf 89' lang='lat' dir='ltr'><strong>nymum</strong></span> <span class='ocrx_word' id='word_1_807' title='bbox 994 2546 1116 2573; x_wconf 87' lang='lat' dir='ltr'><strong>Honorio</strong></span> <span class='ocrx_word' id='word_1_808' title='bbox 1135 2545 1230 2573; x_wconf 88' lang='lat' dir='ltr'><strong>credet</strong></span> <span class='ocrx_word' id='word_1_809' title='bbox 1245 2546 1274 2572; x_wconf 87' lang='lat' dir='ltr'><strong>in</strong></span> <span class='ocrx_word' id='word_1_810' title='bbox 1296 2545 1412 2578; x_wconf 77' lang='lat' dir='ltr'><strong>lgnatio,</strong></span> <span class='ocrx_word' id='word_1_811' title='bbox 1430 2545 1477 2580; x_wconf 93' lang='lat' dir='ltr'><strong>qui</strong></span> <span class='ocrx_word' id='word_1_812' title='bbox 1498 2544 1574 2572; x_wconf 88' lang='lat' dir='ltr'><strong>novit</strong></span> <span class='ocrx_word' id='word_1_813' title='bbox 1589 2552 1649 2572; x_wconf 92' lang='lat' dir='ltr'><strong>eum</strong></span> 
     </span>
    </p>
   </div>
   <div class='ocr_carea' id='block_1_117' title="bbox 864 2589 1651 2627">
    <p class='ocr_par' dir='ltr' id='par_1_117' title="bbox 864 2589 1651 2627">
     <span class='ocr_line' id='line_1_117' title="bbox 864 2589 1651 2627; baseline -0.005 -7"><span class='ocrx_word' id='word_1_814' title='bbox 864 2591 1035 2627; x_wconf 62' lang='lat' dir='ltr'><strong>in,Epitome</strong></span> <span class='ocrx_word' id='word_1_815' title='bbox 1053 2598 1103 2619; x_wconf 91' lang='lat' dir='ltr'><strong>sua</strong></span> <span class='ocrx_word' id='word_1_816' title='bbox 1125 2595 1166 2618; x_wconf 90' lang='lat' dir='ltr'><strong>tot</strong></span> <span class='ocrx_word' id='word_1_817' title='bbox 1188 2590 1320 2626; x_wconf 87' lang='lat' dir='ltr'><strong>opuscula</strong></span> <span class='ocrx_word' id='word_1_818' title='bbox 1341 2589 1518 2624; x_wconf 71' lang='lat' dir='ltr'><strong>praeteriisse,</strong></span> <span class='ocrx_word' id='word_1_819' title='bbox 1540 2597 1602 2625; x_wconf 74' lang='lat' dir='ltr'><strong>quae</strong></span> <span class='ocrx_word' id='word_1_820' title='bbox 1616 2590 1651 2616; x_wconf 89' lang='lat' dir='ltr'><strong>ab</strong></span> 
     </span>
    </p>
   </div>
   <div class='ocr_carea' id='block_1_118' title="bbox 864 2634 1649 2675">
    <p class='ocr_par' dir='ltr' id='par_1_118' title="bbox 864 2634 1649 2675">
     <span class='ocr_line' id='line_1_118' title="bbox 864 2634 1649 2675; baseline -0.008 -8"><span class='ocrx_word' id='word_1_821' title='bbox 864 2639 1032 2675; x_wconf 87' lang='lat' dir='ltr'><strong>Hieronymo</strong></span> <span class='ocrx_word' id='word_1_822' title='bbox 1048 2637 1076 2665; x_wconf 91' lang='lat' dir='ltr'><strong>in</strong></span> <span class='ocrx_word' id='word_1_823' title='bbox 1091 2636 1220 2672; x_wconf 85' lang='lat' dir='ltr'><strong>Catalogo</strong></span> <span class='ocrx_word' id='word_1_824' title='bbox 1235 2635 1503 2664; x_wconf 84' lang='lat' dir='ltr'><strong>commemorantur?</strong></span> <span class='ocrx_word' id='word_1_825' title='bbox 1526 2634 1554 2662; x_wconf 94' lang='lat' dir='ltr'><strong>In</strong></span> <span class='ocrx_word' id='word_1_826' title='bbox 1575 2634 1649 2661; x_wconf 77' lang='lat' dir='ltr'><strong>Meli-</strong></span> 
     </span>
    </p>
   </div>
   <div class='ocr_carea' id='block_1_119' title="bbox 865 2681 1652 2719">
    <p class='ocr_par' dir='ltr' id='par_1_119' title="bbox 865 2681 1652 2719">
     <span class='ocr_line' id='line_1_119' title="bbox 865 2681 1652 2719; baseline -0.008 -6"><span class='ocrx_word' id='word_1_827' title='bbox 865 2691 939 2718; x_wconf 89' lang='lat' dir='ltr'><strong>tone,</strong></span> <span class='ocrx_word' id='word_1_828' title='bbox 956 2685 1026 2719; x_wconf 78' lang='grc' dir='ltr'><strong>Περὶ</strong></span> <span class='ocrx_word' id='word_1_829' title='bbox 1039 2683 1215 2718; x_wconf 78' lang='grc' dir='ltr'><strong>ἐνσωμάτου</strong></span> <span class='ocrx_word' id='word_1_830' title='bbox 1231 2683 1316 2716; x_wconf 80' lang='grc' dir='ltr'><strong>Θεοῦ,</strong></span> <span class='ocrx_word' id='word_1_831' title='bbox 1328 2682 1424 2709; x_wconf 88' lang='lat' dir='ltr'><strong>librum</strong></span> <span class='ocrx_word' id='word_1_832' title='bbox 1440 2689 1541 2713; x_wconf 88' lang='lat' dir='ltr'><strong>unum;</strong></span> <span class='ocrx_word' id='word_1_833' title='bbox 1554 2681 1580 2708; x_wconf 94' lang='lat' dir='ltr'><strong>in</strong></span> <span class='ocrx_word' id='word_1_834' title='bbox 1591 2681 1652 2707; x_wconf 82' lang='lat' dir='ltr'><strong>Ale-</strong></span> 
     </span>
    </p>
   </div>
   <div class='ocr_carea' id='block_1_120' title="bbox 864 2726 1649 2765">
    <p class='ocr_par' dir='ltr' id='par_1_120' title="bbox 864 2726 1649 2765">
     <span class='ocr_line' id='line_1_120' title="bbox 864 2726 1649 2765; baseline -0.009 -5"><span class='ocrx_word' id='word_1_835' title='bbox 864 2731 979 2764; x_wconf 81' lang='lat' dir='ltr'><strong>xandro,</strong></span> <span class='ocrx_word' id='word_1_836' title='bbox 996 2729 1145 2765; x_wconf 77' lang='lat' dir='ltr'><strong>Epistulam</strong></span> <span class='ocrx_word' id='word_1_837' title='bbox 1159 2729 1194 2756; x_wconf 86' lang='lat' dir='ltr'><strong>ad</strong></span> <span class='ocrx_word' id='word_1_838' title='bbox 1205 2728 1373 2758; x_wconf 78' lang='lat' dir='ltr'><strong>Antinoitas;</strong></span> <span class='ocrx_word' id='word_1_839' title='bbox 1388 2728 1414 2754; x_wconf 88' lang='lat' dir='ltr'><strong>in</strong></span> <span class='ocrx_word' id='word_1_840' title='bbox 1426 2727 1498 2754; x_wconf 86' lang='lat' dir='ltr'><strong>Julio</strong></span> <span class='ocrx_word' id='word_1_841' title='bbox 1511 2726 1649 2758; x_wconf 81' lang='lat' dir='ltr'><strong>Africano,</strong></span> 
     </span>
    </p>
   </div>
   <div class='ocr_carea' id='block_1_121' title="bbox 864 2772 1649 2813">
    <p class='ocr_par' dir='ltr' id='par_1_121' title="bbox 864 2772 1649 2813">
     <span class='ocr_line' id='line_1_121' title="bbox 864 2772 1649 2813; baseline -0.009 -8"><span class='ocrx_word' id='word_1_842' title='bbox 864 2777 1015 2813; x_wconf 81' lang='lat' dir='ltr'><strong>Epistolam</strong></span> <span class='ocrx_word' id='word_1_843' title='bbox 1027 2776 1062 2804; x_wconf 86' lang='lat' dir='ltr'><strong>ad</strong></span> <span class='ocrx_word' id='word_1_844' title='bbox 1089 2775 1229 2810; x_wconf 86' lang='lat' dir='ltr'><strong>Origenem</strong></span> <span class='ocrx_word' id='word_1_845' title='bbox 1250 2782 1329 2809; x_wconf 85' lang='lat' dir='ltr'><strong>super</strong></span> <span class='ocrx_word' id='word_1_846' title='bbox 1344 2774 1488 2809; x_wconf 67' lang='lat' dir='ltr'><strong>qua‘slione</strong></span> <span class='ocrx_word' id='word_1_847' title='bbox 1502 2772 1649 2805; x_wconf 64' lang='lat' dir='ltr'><strong>Susanna,</strong></span> 
     </span>
    </p>
   </div>
   <div class='ocr_carea' id='block_1_122' title="bbox 863 2818 1649 2855">
    <p class='ocr_par' dir='ltr' id='par_1_122' title="bbox 863 2818 1649 2855">
     <span class='ocr_line' id='line_1_122' title="bbox 863 2818 1649 2855; baseline -0.009 -4"><span class='ocrx_word' id='word_1_848' title='bbox 863 2830 887 2852; x_wconf 88' lang='lat' dir='ltr'><strong>et</strong></span> <span class='ocrx_word' id='word_1_849' title='bbox 913 2824 996 2850; x_wconf 88' lang='lat' dir='ltr'><strong>aliam</strong></span> <span class='ocrx_word' id='word_1_850' title='bbox 1016 2823 1051 2850; x_wconf 88' lang='lat' dir='ltr'><strong>ad</strong></span> <span class='ocrx_word' id='word_1_851' title='bbox 1067 2821 1213 2849; x_wconf 79' lang='lat' dir='ltr'><strong>Aristidem</strong></span> <span class='ocrx_word' id='word_1_852' title='bbox 1237 2822 1270 2847; x_wconf 86' lang='lat' dir='ltr'><strong>tte</strong></span> <span class='ocrx_word' id='word_1_853' title='bbox 1282 2820 1434 2855; x_wconf 80' lang='lat' dir='ltr'><strong>genealogia</strong></span> <span class='ocrx_word' id='word_1_854' title='bbox 1447 2818 1609 2850; x_wconf 79' lang='lat' dir='ltr'><strong>Servatoris;</strong></span> <span class='ocrx_word' id='word_1_855' title='bbox 1621 2819 1649 2845; x_wconf 92' lang='lat' dir='ltr'><strong>in</strong></span> 
     </span>
    </p>
   </div>
   <div class='ocr_carea' id='block_1_123' title="bbox 865 2863 1637 2904">
    <p class='ocr_par' dir='ltr' id='par_1_123' title="bbox 865 2863 1637 2904">
     <span class='ocr_line' id='line_1_123' title="bbox 865 2863 1637 2904; baseline -0.008 -6"><span class='ocrx_word' id='word_1_856' title='bbox 865 2869 1025 2904; x_wconf 79' lang='lat' dir='ltr'><strong>Novatiauo,</strong></span> <span class='ocrx_word' id='word_1_857' title='bbox 1036 2869 1134 2897; x_wconf 89' lang='lat' dir='ltr'><strong>librum</strong></span> <span class='ocrx_word' id='word_1_858' title='bbox 1144 2867 1182 2896; x_wconf 84' lang='lat' dir='ltr'><strong>De</strong></span> <span class='ocrx_word' id='word_1_859' title='bbox 1197 2866 1343 2898; x_wconf 79' lang='lat' dir='ltr'><strong>instantia;</strong></span> <span class='ocrx_word' id='word_1_860' title='bbox 1352 2866 1378 2893; x_wconf 92' lang='lat' dir='ltr'><strong>in</strong></span> <span class='ocrx_word' id='word_1_861' title='bbox 1391 2865 1552 2899; x_wconf 78' lang='lat' dir='ltr'><strong>Malchionc,</strong></span> <span class='ocrx_word' id='word_1_862' title='bbox 1563 2863 1637 2892; x_wconf 77' lang='lat' dir='ltr'><strong>Gron</strong></span> 
     </span>
    </p>
   </div>
  </div>
