1874 3070
214 145 244 171 71

211 206 270 232 dem
284 203 422 239 epistolam
436 203 471 230 ad
489 200 641 236 Dionysium
660 202 684 224 et
703 195 850 222 Maximum
863 200 872 224 ;
884 193 911 219 in
927 191 996 239 Gre-
1012 194 1031 220 Α

211 250 288 285 εοι-ἰο
298 236 533 280 ’Νθοοωςιιι-οεηεί,
542 243 732 279 Panegyricum
743 241 777 267 ad
794 239 950 274 Origenem;
967 236 994 262 in

212 282 367 325 Lactantio,
384 293 564 328 Symposium,
576 295 604 318 et
614 288 656 316 Ad
686 286 882 314 Demetrianum
892 282 996 328 episto-

212 342 300 370 larum
314 340 395 368 libros
405 326 476 366 auos
488 347 497 371 ;
513 338 540 365 in
553 334 714 366 Athanasio,
740 326 924 360 lleortasticas
937 328 996 363 epi-

212 388 311 420 stolas;
327 388 354 414 in
370 386 478 418 Acacio,
489 383 668 418 Συμμίκτων
680 377 852 413 ζητημάτων
860 374 998 402 volumina

213 442 275 467 sex;
291 434 319 461 in
336 432 482 460 Theodoro
502 427 710 458 Commentarios
723 425 752 451 iu
772 421 953 452 Psalterium;
970 420 998 447 in

213 466 316 518 Cyl-illo
341 477 545 514 Κατηχήσεις;
566 475 593 503 in
621 472 733 504 Basilio,
749 467 941 518 Ἀσκητξκιξη
970 466 999 493 in

214 512 533 562 GregorioNaziauzeno,
540 521 609 554 Περὶ
619 515 836 555 φιλοπτωχειας
842 522 852 546 ;
858 514 886 541 in
895 512 1000 562 Joapne

215 558 393 603 Antiocheno,
404 569 474 603 Περὶ
489 567 653 602 [spuand
665 572 674 597 ;
687 565 714 591 in
731 563 792 597 ipso
802 560 920 595 denique
933 558 998 586 Ilie-

214 624 339 653 ronymo,
361 615 552 643 Hebraicorum
576 612 712 638 nominum
728 609 825 636 librum
840 613 932 638 anum,
951 604 1001 631 ad-

214 651 303 691 versus
326 661 496 694 Iovinianum
510 659 592 686 libros
604 657 683 690 duos,
702 659 730 683 et
748 654 782 681 ad
795 651 1000 681 Pammachium

215 708 412 745 Apologeticum
440 712 468 735 et
488 703 663 740 Epitaphium
686 700 797 737 penitus
818 697 921 730 omisit,
939 703 1002 732 quae

215 743 305 782 omnia
331 753 358 780 in
388 750 547 786 Hieronymi
569 748 698 783 Catalogo
726 746 816 774 adhuc
830 747 948 772 exstant.
970 743 999 770 ln

215 799 346 836 Dionysio
360 803 452 826 autem
466 795 664 828 Alexandrino,
678 798 719 821 tot
731 791 862 828 epistolas
876 795 904 819 et
917 797 1002 825 opus-

215 835 402 875 cularintaeta
436 842 581 879 praeteriit,
610 845 641 868 ut
663 840 722 868 sine
741 838 861 866 maximo
890 835 1002 864 lectoris

737 136 765 163 S.
786 130 960 163 lGNATlllS.
981 147 1015 150 ——
1032 125 1305 156 PROLEGOMENA.

1840 118 1872 137 ’τι

1046 188 1096 219 tio,
1110 194 1191 221 quam
1206 190 1318 213 secutus
1327 188 1370 211 est
1392 183 1528 218 interpres
1544 182 1615 216 ejus,
1630 185 1658 208 et
1672 187 1735 215 quae
1758 178 1798 205 in
1820 177 1872 202 Mrs

1047 234 1124 261 dieeo
1137 233 1232 260 codice
1246 235 1436 263 conservatur,
1457 230 1576 257 multum
1591 235 1606 254 a
1619 225 1781 254 recentiori
1805 222 1872 250 edit

1048 279 1121 306 tione
1133 277 1234 310 diﬂert,
1245 284 1307 311 quas
1318 284 1334 303 e
1348 275 1463 310 reliquis
1479 273 1624 301 codicibus
1634 271 1791 306 descripta
1812 271 1872 295 est,

1048 329 1074 352 et
1088 324 1187 359 partim
1200 331 1215 350 a
1230 322 1341 357 vulgato
1365 321 1514 355 interprete
1532 325 1676 346 conversa.
1701 316 1773 344 Duo
1795 322 1872 350 pra!

1049 371 1127 406 cipue
1148 369 1208 397 loca
1236 367 1406 400 memorabo,
1429 374 1463 393 ex
1487 364 1668 399 inscriptione
1687 369 1810 393 unum,
1844 367 1872 387 e1

1049 424 1165 452 corpore
1184 414 1313 450 Epistula
1333 413 1463 445 alterum,
1482 415 1513 438 ut
1524 408 1734 444 lntcrpolatoris
1747 414 1872 435 manu:

1050 459 1196 488 manifeste
1217 462 1356 494 appareat.
1383 457 1476 484 Codex
1503 455 1660 482 Mcdiceus:
1684 453 1852 488 Ἰγνάτιος
1871 465 1872 473 ι

1050 506 1097 533 καὶ
1107 504 1250 540 Θεοφόρος,
1259 503 1431 537 Πολυκάρπῳ
1438 498 1754 535 ὲπισκόπῳἘκκλησίας
1770 498 1800 524 Σ
1804 506 1854 533 μυ
1858 505 1872 532 5

1050 552 1142 579 ναίων.
1159 550 1298 584 lnterpres
1314 547 1496 575 Usserianus:
1518 545 1653 581 Ignatius,
1666 545 1713 580 qui
1725 549 1751 571 et
1775 544 1872 571 Theo

1050 598 1161 633 phorus,
1177 595 1325 630 Polycarpo
1348 594 1469 628 episcopo
1492 592 1619 618 Ecclesiae
1635 590 1872 626 Smyrntzorum

1051 642 1161 678 Vulgati
1187 641 1274 669 Gra'ci
1305 639 1431 667 codices:
1455 638 1586 672 Ἰγνάτιος
1607 636 1785 673 [ἐπίσκοπος
1810 636 1872 662 Ἂν

1050 688 1178 724 τιοχεῑας,
1197 687 1212 714 ὁ
1226 686 1272 714 καὶ
1288 686 1392 721 μάρτυς
1413 683 1500 720 Ἰησοῦ
1514 682 1658 719 Χριστοῦ],
1675 682 1872 718 Πολυκάρπη

1051 733 1193 768 ὲπισκὸπῳ
1208 730 1371 766 Ἑκκλησίας
1388 729 1561 766 Σμυρναίων.
1585 728 1619 756 Ει
1645 728 1797 763 Vulgatus
1834 728 1872 754 in

1051 785 1173 815 terpres:
1189 778 1309 814 Ignatius
1322 775 1469 812 [episcopus
1480 774 1638 806 Antiochiet,
1652 774 1701 810 qui
1711 779 1737 801 et
1749 778 1872 808 marry

1052 826 1115 854 Jesu
1127 823 1251 860 Christi],
1268 822 1418 858 Polycarpo
1440 822 1562 856 episcopo
1589 819 1827 855 Smyrnensium.
1850 819 1872 846 ll

215 865 278 875 w...
300 865 402 874 κων...
438 865 581 879 ,...--.-.-,
612 865 640 868 _-
663 865 720 868 κη
741 865 756 866 η
774 865 784 866 η

215 892 297 921 taedio
311 899 343 920 ea
357 896 519 919 enumerare
531 896 585 916 non
601 887 717 923 possim.
732 884 832 918 Quidni
845 883 928 919 igitur
941 889 955 910 e

1131 877 1168 897 ire
1194 867 1323 903 Epistolas
1356 866 1442 894 codex
1472 865 1632 893 Mediceus:
1658 865 1744 892 Πλέον
1773 874 1871 891 σπου

1180 915 1186 923 r
1265 910 1279 923 ’Ῐ
1299 911 1320 923 ,7
1347 913 1384 923 A.‘
1402 921 1408 923 _
1434 911 1548 923 .A_.--3.-
1574 911 1796 923 .Α...-....Δ..Δμ..--
1827 910 1871 923 -λλ

216 939 315 968 stolam
330 936 438 974 Ignatii,
463 935 573 972 proprie
596 934 631 962 ad
654 932 835 968 Polycarpum
852 930 999 965 scriptam,

215 985 326 1022 pariter,
339 981 496 1011 omitteret?
519 980 591 1008 Leve
607 982 650 1006 est
674 977 792 1008 idcirco,
818 975 875 1002 imo
888 980 1002 1008 prorsus

215 1020 362 1060 evanidum
378 1031 582 1064 argumentum,
606 1024 680 1059 quod
694 1031 728 1050 ex
743 1021 852 1050 silentio
864 1020 1003 1055 Augusto-

215 1078 348 1106 dunensis
362 1073 486 1106 Honorii,
502 1078 558 1100 tam
574 1070 638 1098 mali
657 1068 824 1104 interpretis,
840 1070 897 1094 tam
926 1065 1003 1092 inlidi

216 1121 416 1159 epitomatoris,
435 1119 543 1148 deducit
556 1116 758 1148 Armachanus,
773 1113 877 1141 utinde
891 1111 1003 1140 conclu-

217 1157 274 1202 dat,
285 1169 313 1196 in
327 1175 369 1201 ea,
386 1173 447 1202 quae
457 1163 616 1199 Hieronymi
632 1165 711 1189 aetate
726 1160 848 1202 omnium
866 1157 1004 1186 terebatur

217 1201 346 1244 munibus
360 1201 564 1248 lgnatiauarum
577 1201 756 1244 epistularum
771 1205 884 1242 sylloge,
900 1204 1002 1231 nullam

218 1261 369 1297 Polycarpo
377 1257 506 1294 privatim
521 1255 682 1289 inscriptam
697 1252 836 1280 exstitisse
843 1250 1002 1286 epistolam:

217 1296 369 1342 praesertim
378 1311 442 1332 cum
450 1302 585 1330 Eusebius
596 1301 679 1334 ἰδίως,
691 1298 872 1334 Hieronymus
887 1296 1004 1332 proprie,

219 1353 273 1380 hoc
293 1356 337 1380 est
361 1353 498 1388 priuatim,
509 1348 662 1384 Polycarpo
677 1345 838 1380 inscriptam
856 1343 942 1371 fuisse
969 1347 1007 1370 tc-

218 1402 334 1426 stentur.
362 1397 443 1424 Certe
458 1395 516 1431 pari
534 1397 696 1430 argumento
725 1392 861 1420 deducere
888 1393 1005 1425 poterat,

218 1448 296 1472 aetate
310 1442 420 1471 Eusebii
438 1441 542 1469 nullam
568 1439 665 1475 lgnatii
688 1438 721 1466 ad
737 1436 947 1472 Philadelpheos
961 1442 1007 1461 ex-

219 1491 321 1519 stitisse
328 1488 482 1525 epistolam,
495 1485 568 1522 quod
575 1493 635 1514 eam
651 1483 776 1512 Bullinus
783 1481 1008 1517 interpretatione

218 1545 269 1566 sua
284 1536 418 1564 omiserit.

253 1583 388 1610 Praeterea
402 1584 482 1608 mtate
496 1577 657 1614 Hieronymi
675 1575 785 1611 scripsit
799 1574 828 1602 S.
841 1574 1005 1610 Chrysosto-

219 1638 292 1661 mus,
309 1634 335 1656 et
349 1627 551 1663 lgnatiauarum
565 1624 741 1660 epistolarum
754 1621 863 1657 Sylloge
874 1628 942 1648 usus
954 1624 1007 1653 est,

219 1684 280 1711 quae
296 1673 441 1710 epistola'm
456 1671 585 1707 privatim
601 1669 752 1705 Polycarpo
767 1667 926 1702 inscriptam
942 1674 1009 1693 con-

220 1721 333 1749 tinebat.
344 1719 413 1746 Nam
427 1719 454 1745 in
465 1717 602 1748 oratione,
618 1715 695 1748 Quod
706 1722 774 1741 unus
791 1713 891 1740 Veteris
903 1717 927 1739 et
940 1711 1009 1739 Novi

222 1761 384 1795 Testamenti
395 1763 542 1799 legislator,
555 1761 773 1797 ipsiaveteribus
789 1759 932 1791 attributa,
945 1766 1009 1786 sen-

220 1813 333 1840 tentiam
345 1810 506 1846 quamdam,
527 1809 578 1837 sub
593 1807 692 1843 lgnatii
710 1806 820 1834 nomine
839 1813 872 1833 ex
885 1806 936 1832 hac
951 1805 1010 1840 ipsa

221 1857 339 1894 cpistola
353 1854 501 1891 depromit,
519 1861 601 1889 quam
616 1853 686 1880 inter
708 1855 829 1879 veterum
854 1850 1011 1878 testimonia

222 1909 318 1940 postea
337 1910 387 1931 suo
407 1902 469 1930 loco
485 1899 669 1937 proferemus.
686 1897 772 1933 Negat
787 1896 898 1933 quidem
914 1896 1011 1923 Arma-

223 1951 339 1984 chanus,
357 1948 511 1977 orationem
526 1946 602 1974 illam
616 1953 678 1973 esse
694 1943 722 1972 S.
733 1943 924 1979 Chrysostomi
940 1951 947 1970 :
964 1942 1012 1970 sed

224 1997 345 2024 rationes
357 1995 418 2030 ejus
430 1997 557 2022 accurate
571 1990 800 2023 examinabimus,
817 1997 878 2017 cum
891 1989 1014 2016 testimo-

1020 1565 1042 1594 C

225 2043 269 2069 nia
281 2049 331 2077 pro
340 2040 445 2076 Ignatio
457 2039 576 2068 adducta
591 2037 626 2065 ab
637 2036 838 2073 objectiouibus
848 2035 941 2063 Dallaei
954 2035 1014 2062 vin-

225 2088 387 2116 dicabimus.

263 2144 370 2172 Interim
384 2144 456 2172 hanc
472 2143 506 2171 ad
520 2142 703 2178 Polycarpum
713 2140 858 2176 epistolam
871 2147 933 2167 esse
944 2139 1015 2167 inter

226 2199 274 2219 eas
288 2198 349 2226 qua:
370 2189 489 2217 Eusebio
513 2188 630 2224 cognita:
656 2191 721 2215 sunt
748 2186 945 2214 numerandam
970 2193 1016 2212 res

1052 916 1129 948 δαῖος
1157 915 1234 950 γίνου
1251 910 1282 941 οὒ
1294 911 1330 946 εἴ,
1345 913 1409 945 τοὺς
1433 911 1548 948 καιροὺς
1574 911 1774 946 καταμάνθανε
1786 919 1796 926 ⁸
1827 910 1872 936 τὺ·

1052 960 1221 997 ὕπέρχαιρον
1241 957 1388 994 προσδόκα,
1404 956 1450 983 τὸν
1471 957 1596 992 ἄχρονον,
1606 956 1653 982 τὸν
1664 956 1807 992 ἀόρατον,
1826 956 1872 982 τδπ

1052 1006 1086 1033 δι’
1107 1006 1183 1042 ἡμᾶς
1210 1004 1318 1041 ὁρατὸν,
1343 1003 1390 1030 τὸν
1415 1002 1605 1037 ἀψηλάφητον,
1620 1001 1669 1028 τὸν
1684 1001 1803 1037 ἀπαθῆ,
1827 1002 1872 1027 τδς

1052 1052 1167 1087 δι’ήμᾶς
1181 1050 1311 1085 παθητόν.
1324 1049 1459 1084 lnterpres
1470 1047 1638 1075 Usserianus
1648 1056 1655 1074 :
1665 1046 1733 1074 Plus
1748 1048 1865 1074 studio

1054 1106 1100 1125 sus
1113 1098 1262 1132 ﬁas,quam
1276 1103 1320 1127 es;
1336 1099 1453 1129 tempora
1469 1093 1608 1121 considera
1621 1101 1630 1125 ;
1642 1101 1702 1120 eum
1711 1093 1758 1128 qui
1775 1101 1872 1127 supra

1056 1148 1158 1178 tempus
1183 1147 1315 1178 exspecta,
1331 1141 1542 1176 intemporalem,
1559 1139 1732 1171 inuisibilem,
1745 1145 1872 1174 proplet

1056 1199 1103 1218 nos
1119 1189 1257 1222 visibilem,
1277 1187 1483 1223 impalpabilem,
1510 1186 1715 1221 impassibilem,
1745 1192 1872 1221 proplet

1058 1244 1105 1264 nos
1117 1235 1280 1271 possibilem.
1297 1233 1401 1269 Vulgati
1414 1232 1499 1260 Graeci
1515 1232 1641 1260 codices:
1658 1233 1755 1258 Πλεῖον
1777 1233 1872 1267 πρός-

1057 1282 1102 1314 Θες
1123 1283 1155 1318 τῇ
1177 1281 1278 1316 σπουδῇ
1290 1276 1320 1307 οὗ
1343 1277 1369 1306 εἷ
1387 1279 1466 1314 (satis
1490 1278 1872 1314 absurde),[ouvrovdnspm

1057 1326 1167 1364 δράμε],
1184 1327 1246 1357 τοὺς
1266 1325 1377 1359 καιροὺς
1400 1323 1591 1359 καταμάνθανε
1618 1323 1669 1359 [ὡς
1699 1323 1832 1350 ἐνταῦθα
1847 1321 1872 1350 εἴ

1056 1373 1182 1409 νίκησονσ
1200 1368 1251 1399 ὧδε
1266 1371 1321 1407 γὰρ
1342 1371 1400 1398 ἐστὶ
1413 1370 1443 1397 τὸ
1460 1369 1578 1401 πάδιον,
1593 1370 1653 1396 ὲκςιῖ
1666 1369 1695 1396 δὲ
1711 1371 1737 1396 ol
1753 1370 1872 1404 στέφα-

1058 1419 1120 1455 νοι].
1140 1418 1282 1454 Προσδόκα
1313 1416 1442 1452 [Χριστὸν
1460 1415 1506 1442 τὸν
1534 1415 1599 1442 Υἱὸν
1622 1415 1671 1442 τοῦ
1698 1415 1799 1452 Θεοῦ],
1821 1416 1872 1449 ιςρν

1058 1465 1172 1500 ἄχρονον
1189 1463 1230 1500 [ἐν
1246 1462 1357 1499 χρόνῳ],
1374 1461 1420 1488 τὸν
1439 1461 1555 1496 ἀόρατον
1571 1459 1616 1496 [τῇ
1637 1459 1742 1496 φύσει],
1756 1461 1872 1496 ὁρατὸν

1059 1509 1101 1546 [ὲν
1120 1509 1224 1545 caput],
1238 1508 1285 1535 τὸν
1301 1507 1477 1543 ἀψηλάφητον
1491 1506 1551 1542 [καὶ
1564 1506 1655 1541 ἀναφῆ
1680 1506 1719 1538 ὡς
1742 1506 1872 1542 ἀσώμα-

1058 1564 1114 1588 τον,
1131 1555 1163 1582 δι’
1185 1555 1259 1590 ἡμᾶς
1271 1554 1300 1580 δὲ
1321 1553 1405 1580 ἁπτὸν
1431 1553 1477 1580 καὶ
1500 1552 1660 1587 ψηλαφητὺν
1673 1552 1703 1578 ὲν
1724 1552 1872 1587 σώματι],

1058 1601 1103 1628 τδν
1119 1600 1222 1636 ἀπαθῆ,
1239 1599 1289 1635 [ὡς
1310 1598 1400 1635 Θεὸν],
1416 1598 1450 1625 δι’
1462 1599 1538 1634 ἡμᾶς
1560 1598 1589 1624 δὲ
1608 1597 1731 1633 παθητὸν
1744 1597 1801 1634 [ὡς
1820 1599 1872 1625 ἇν-

1059 1645 1227 1682 θρωπον].Ει
1239 1645 1373 1679 Vulgatus
1395 1645 1545 1679 interpres:
1566 1643 1721 1670 Plurimum
1733 1643 1810 1671 adde
1830 1645 1868 1670 ad

1060 1690 1466 1729 festinationem,[continuanter
1479 1689 1578 1726 curre],
1593 1694 1712 1724 tempora
1728 1697 1872 1724 cognosce

1060 1741 1141 1776 [utin
1166 1740 1232 1773 ipsis
1256 1746 1357 1771 semper
1380 1738 1481 1765 vincas.
1506 1736 1558 1763 Hic
1581 1737 1652 1764 enim
1670 1741 1709 1763 est
1725 1736 1868 1767 stadium,

1059 1785 1117 1812 illic
1131 1782 1255 1819 corona].
1273 1782 1402 1817 Exspecta
1423 1782 1573 1817 [Christum
1598 1780 1702 1808 Filium
1728 1780 1809 1818 Dei].
1827 1782 1872 1807 in-

1062 1829 1231 1863 temporalem
1248 1828 1288 1864 [in
1311 1826 1449 1863 tempore],
1473 1827 1629 1854 inuisibilem
1653 1825 1691 1862 [et
1713 1827 1868 1857 intactum,

1061 1881 1090 1901 ιιι
1101 1875 1295 1909 incorporeum,
1312 1880 1466 1906 corporeum
1489 1880 1548 1899 υιιτο
1563 1877 1671 1907 propter
1695 1880 1744 1899 ηοδ
1757 1876 1786 1898 ετ
1800 1881 1869 1899 ροη-

1063 1918 1248 1955 trectabilem],
1277 1918 1469 1953 impassibilem
1495 1916 1535 1954 [ut
1562 1917 1671 1953 Deum],
1702 1918 1869 1953 possibile»:

1070 1974 1131 1993 vero
1146 1970 1252 2001 propter
1267 1973 1313 1991 nos
1328 1964 1367 2000 [ut
1390 1963 1544 1999 hominem].
1573 1962 1642 1990 liinc
1668 1963 1755 1999 igitur
1791 1968 1872 1999 patet

1063 2010 1132 2038 duas
1146 2009 1231 2037 fuisse
1244 2009 1378 2037 editiones
1391 2008 1520 2042 Epistolas
1534 2008 1569 2035 ad
1584 2008 1770 2044 Polycarpum
1791 2010 1870 2036 mul-

1065 2059 1123 2082 tum
1141 2055 1274 2088 diversas,
1292 2062 1451 2090 germanam
1468 2061 1562 2087 unam,
1577 2054 1775 2089 interpolatam
1797 2056 1870 2082 alte-

1065 2109 1123 2129 ram
1136 2110 1142 2128 :
1154 2108 1311 2137 germanam
1323 2105 1350 2127 et
1365 2100 1521 2135 primmvam
1546 2105 1671 2127 secutum
1688 2108 1751 2128 esse
1779 2102 1870 2128 intor-

1065 2151 1168 2183 pretem
1185 2145 1379 2179 Usserianum,
1402 2146 1583 2181 posteriorem
1598 2153 1647 2174 seu
1663 2146 1869 2182 interpolatum

1065 2194 1180 2221 vertisse
1196 2194 1367 2228 interpretem
1386 2192 1542 2228 Vulgatum.
1567 2191 1639 2228 Idem
1664 2192 1750 2220 etiam
1780 2194 1870 2229 liquet

228 2239 287 2273 ipsa
299 2237 409 2269 clamat,
421 2235 497 2271 quia,
514 2235 554 2262 uti
568 2234 679 2269 reliqua:
693 2240 841 2269 germana),
854 2231 907 2260 fuit
919 2231 964 2259 eti

1133 2240 1206 2267 erbis
1219 2240 1253 2267 ad
1265 2240 1344 2266 ﬁnem
1365 2239 1503 2274 Epistolas,
1519 2239 1546 2266 in
1564 2237 1681 2274 Vulgato
1703 2239 1809 2268 Graeco
1825 2249 1871 2268 co-

229 2282 431 2318 interpolatoris
453 2289 536 2309 manu
562 2280 765 2308 contaminata:
779 2278 851 2314 quod
867 2279 901 2306 de
916 2285 1016 2312 Suppo-

229 2330 323 2357 sititiis
338 2336 392 2356 non
403 2331 445 2355 est
461 2325 575 2353 omnino
591 2324 774 2352 sentiendum.
790 2323 871 2351 Aliud
888 2323 961 2350 enim
975 2325 1017 2349 est

229 2375 372 2410 epistolam
393 2373 495 2408 lingere
507 2391 515 2403 ,
536 2370 609 2398 aliud
625 2377 810 2404 corrumpere.
827 2368 893 2402 Quae
909 2373 972 2396 sunt
983 2368 1017 2395 ab

232 2421 381 2456 impastore
399 2418 488 2446 serius
503 2417 582 2450 (ictae,
598 2415 694 2444 eodem
716 2415 798 2442 modo
824 2415 935 2449 integrae
952 2421 1019 2441 con-

231 2470 385 2499 servantur,
407 2472 462 2500 quo
480 2462 600 2498 primum
627 2465 692 2488 sunt
707 2460 901 2488 consarcinatae
913 2469 919 2487 :
930 2467 991 2494 quae
1003 2467 1019 2486 a

232 2519 297 2538 vero
323 2515 436 2538 auctore
451 2510 570 2545 primum
590 2507 678 2540 factae,
698 2511 791 2542 postea
808 2509 872 2533 sunt
885 2514 901 2532 a
916 2505 1020 2533 stellio-

233 2558 315 2585 nibus
329 2557 414 2584 variis
431 2556 598 2583 assumentis
618 2557 814 2589 conspurcatm.
830 2553 1020 2579 Armachanus

233 2605 356 2639 quidem,
371 2604 451 2639 cujus
474 2610 568 2631 animo
581 2600 718 2630 contraria
734 2599 868 2627 sententia
879 2599 933 2626 alte
946 2599 1021 2626 inse-

234 2652 321 2683 derat,
339 2650 428 2677 nullas
447 2650 492 2677 hic
517 2647 740 2683 interpolationes
765 2645 942 2677 observavit;
965 2645 1021 2670 imo

235 2703 360 2724 asserere
376 2703 430 2722 non
448 2698 490 2722 est
500 2694 615 2727 veritus,
637 2693 814 2726 interpretem
829 2698 920 2723 suum,
939 2697 1020 2724 quem

236 2743 295 2777 ipse
305 2749 320 2770 e
335 2741 455 2769 tenebris
467 2741 572 2775 primus
583 2739 667 2772 eruit,
680 2737 828 2773 Epistolam
842 2737 876 2764 ad
893 2736 1022 2772 Polycar-

237 2796 302 2824 pum
316 2788 450 2822 integram
464 2794 497 2814 ex
511 2786 662 2814 recentiore
684 2785 804 2812 editione
821 2783 1022 2818 assumpsisse;

237 2833 310 2870 quod
326 2841 413 2868 primo
440 2832 539 2860 intuitu
553 2840 568 2860 a
581 2832 694 2860 veritate
720 2831 838 2858 alienum
856 2837 916 2857 esse
927 2830 1024 2864 depre-

239 2879 377 2908 henditur.
391 2878 459 2907 Nam
479 2879 608 2915 primaeva
621 2878 703 2913 hujus
722 2878 803 2905 etiam
822 2876 950 2911 Epistolas
965 2874 1023 2902 edi-

1067 2286 1128 2313 dice
1140 2285 1251 2319 additis,
1277 2284 1374 2320 Ἀμὴν,
1390 2286 1407 2320 ἡ
1420 2285 1510 2320 χάρις,
1530 2284 1630 2319 quibus
1652 2285 1833 2319 respondent
1846 2287 1869 2313 in

1068 2331 1184 2367 Vulgato
1209 2331 1367 2365 interprete,
1389 2331 1482 2362 Amen,
1508 2330 1610 2365 gratia,
1633 2337 1723 2365 quea
1741 2330 1869 2359 Mediceo

1068 2377 1161 2404 codice
1171 2381 1198 2404 et
1209 2377 1355 2411 interprete
1370 2374 1521 2403 Usseriano
1537 2383 1651 2410 prorsus
1667 2375 1784 2404 absunt.
1801 2376 1872 2405 llinc

1068 2423 1142 2450 enim
1164 2422 1353 2449 Armachanus
1383 2422 1441 2456 ipse
1476 2422 1579 2457 colligit
1609 2421 1794 2450 Anastasium
1825 2432 1869 2459 pa-

1069 2467 1217 2495 triarcham
1231 2467 1433 2494 Antiochenum
1458 2467 1532 2494 circa
1553 2475 1657 2494 annum
1669 2467 1736 2499 595,
1753 2469 1868 2504 vulgata

1070 2513 1127 2540 sive
1140 2513 1300 2547 interpolata
1315 2511 1434 2539 editione
1444 2512 1537 2539 Graeca
1549 2521 1630 2539 usum
1643 2512 1742 2540 fuisse.
1759 2513 1868 2550 Quippe

1071 2559 1217 2595 Gregorius
1231 2566 1300 2594 papa
1313 2558 1464 2591 Romanus,
1480 2558 1597 2594 Registri
1614 2559 1633 2586 l.
1647 2567 1685 2591 ιν,
1704 2559 1810 2588 indict.
1830 2562 1867 2592 l3,

1071 2605 1151 2640 epist.
1164 2604 1209 2637 57,
1224 2611 1286 2631 cum
1299 2603 1331 2631 ad
1344 2604 1425 2631 tinem
1436 2605 1558 2638 epistolae
1567 2612 1624 2632 suae
1637 2604 1670 2632 ad
1683 2605 1866 2634 Anastasium

1072 2650 1180 2684 scripta:
1195 2650 1378 2684 apposuisset,
1401 2650 1494 2683 Amen,
1511 2651 1610 2685 gratio,
1632 2651 1726 2678 statim
1744 2652 1808 2680 haec
1824 2655 1865 2680 ad-

1072 2697 1128 2723 dit:
1147 2695 1222 2728 Quaa,
1240 2694 1367 2726 uidelicet,
1383 2695 1461 2722 verba
1476 2696 1509 2721 de
1523 2696 1630 2729 scriptis
1646 2697 1742 2724 vestris
1761 2706 1865 2734 accepta

1072 2742 1101 2767 in
1120 2741 1183 2767 meis
1198 2741 1316 2774 epistolis
1335 2748 1413 2775 pono,
1431 2745 1460 2766 ut
1473 2741 1504 2767 de
1520 2740 1550 2768 S.
1571 2740 1680 2776 Ignatio
1703 2748 1798 2771 uestra
1811 2746 1865 2772 bea-

1074 2785 1160 2812 titudo
1175 2790 1324 2820 cognoscat,
1348 2785 1412 2820 quia
1426 2793 1477 2811 non
1499 2786 1586 2812 solum
1606 2791 1691 2814 uester
1711 2793 1766 2821 est,
1787 2792 1834 2818 sed
1847 2798 1864 2818 τι

1073 2836 1171 2859 noster.
1190 2830 1263 2869 Sicut
1276 2831 1345 2857 enim
1355 2830 1508 2865 magistrum
1520 2832 1578 2865 ejus
1593 2834 1781 2867 apostolorum
1796 2839 1864 2871 prin-

1075 2876 1156 2911 cipem
1171 2875 1477 2908 habmtusjomrnunem.
1489 2877 1525 2904 ita
1539 2885 1641 2913 quoque
1653 2879 1779 2917 ejusdem
1791 2886 1853 2917 prin
