1874 3070
355 180 533 210 PEARSONII
565 183 724 212 νιΝοιειΑε

829 185 970 213 \TlANrE.
990 201 1024 205 —
1049 185 1256 215 ρηυειελίιωι.

1563 187 1579 214 7
1584 188 1596 216 .l

15 238 49 270 isis
65 236 220 271 discipulum
246 237 341 266 nullus
366 244 482 267 nostrum
500 239 595 267 habent
617 241 758 275 privatum.
774 243 798 271 Α
811 240 916 269 chanus
929 249 988 268 eam
1002 247 1105 277 partem
1121 243 1369 278 vclutadjectitiam
1383 250 1515 274 resectam
1529 247 1600 276 fuis-

15 283 49 310 hm
68 283 142 318 igitur
164 283 224 312 haec
250 285 338 312 verba
358 286 450 322 Ἀμὴν,
470 287 486 321 ἡ
514 287 604 322 χάρις,
623 286 657 313 ad
680 286 760 314 linem

15 329 97 364 pstulas
113 329 145 356 ad
163 328 317 364 Ephesios,
329 335 356 358 et
366 331 466 366 pariter
484 331 566 367 hujus
584 333 618 359 ad
630 332 760 367 Polycar-

15 383 45 402 mn
57 374 173 410 apposita
188 375 380 410 reperiantur,
395 381 517 412 apparet,
529 381 675 413 utramque
687 377 761 412 pari-

15 419 106 446 retiam
120 419 167 447 illo
182 427 242 447 aevo
254 420 345 448 fuisse
363 421 564 457 interpolatam.

23 465 54 492 Ad
62 465 113 493 haec
122 465 214 493 omnia
225 466 345 494 ulterius
357 468 544 496 conﬁrmanda
555 469 674 496 multum
689 470 761 498 valet

15 511 84 546 Iquod
97 518 145 539 nos
159 512 243 546 primi
269 513 492 547 observavimus,
506 513 593 542 fuisse
607 515 759 549 antiquitus

15 558 59 584 iam
79 556 285 593 Ignatianorum
312 559 472 592 editionem,
499 566 596 595 praeter
620 568 668 588 eas
690 565 758 594 tres,

15 611 48 630 uas
68 608 195 631 memorat
218 603 365 633 Usserius.
389 604 455 633 Erat
478 610 569 633 autem
594 606 653 634 haec
674 607 759 636 editio

15 650 93 677 mnium
108 654 133 678 et
145 651 271 678 solarum
290 651 471 686 epistolarum
492 660 561 688 quas
581 653 650 680 vidit
669 652 756 681 Euse~

15 704 50 727 ns,
62 696 102 723 sed
116 696 358 731 interpolatarum.
372 696 464 733 Neque
482 698 540 726 haec
551 703 592 726 est
599 700 758 735 conjectura

15 749 59 768 era.
71 740 155 770 llaheo
165 742 240 770 enim
258 743 402 778 exemplar
414 752 468 772 ms.
488 743 613 772 Graecum
627 746 759 780 epistola-

15 796 40 815 un
60 787 265 823 lgnatianarum,
283 790 353 816 mihi
368 790 453 817 aviro
475 790 556 818 docto
570 795 597 819 et
609 792 758 827 antiquita-

15 841 39 860 un
53 834 147 862 curioso
164 835 420 868 communicatum,
435 836 494 864 sine
510 836 581 864 ﬁctis
594 841 621 864 et
632 839 758 873 supposi-

15 880 46 906 tiis
58 880 157 915 (septem
169 881 244 908 enim
254 885 367 908 tantum
380 883 467 917 sunt,)
483 882 531 910 sed
543 891 605 910 cum
617 891 757 912 assumen-

15 926 122 960 squidem
137 926 181 954 diu
198 932 265 962 post
278 927 432 955 Eusebium
448 928 504 956 imo
518 933 545 957 et
558 929 697 958 Gelasium
713 931 755 958 fa-
774 936 794 963 Β

17 974 41 1003 is,
52 973 165 1007 epistolas
176 974 230 1001 hoc
243 975 348 1002 ordine
359 982 568 1011 repraesentans.

22 1018 76 1053 Πρὸς
89 1019 270 1055 Τραὶληςὶους
286 1022 329 1048 Α’.
347 1021 420 1058 Πρὸς
435 1023 610 1059 Manneia-ac
626 1022 662 1050 B'.
684 1025 756 1061 Πρὸς

15 1064 137 1099 ι>,.ιδελφεῖς
147 1065 182 1092 I“.
201 1066 277 1102 Πρὸς
300 1067 472 1103 Σμυρναίους
482 1070 519 1095 Δ’.
531 1069 604 1104 Πρὸς
615 1069 755 1105 Πολύχαρ-

15 1112 167 1140 ςνὲπίτκοπον
178 1114 313 1150 Σμύρνης
330 1115 368 1141 Ε’.
383 1114 455 1151 Πρὸς
468 1115 607 1151 Ἐφεσίους
622 1117 666 1151 ς’.
684 1117 756 1152 Πρὸς

15 1158 119 1191 ⁵ωμιὶους
131 1161 165 1186 Z'.

24 1202 81 1232 Hanc
92 1212 138 1241 ego
151 1206 305 1235 editionem
331 1207 495 1242 peculiarem
516 1212 543 1236 et
562 1209 597 1236 ab
616 1208 676 1236 aliis
699 1209 756 1237 dis-

16 1255 82 1277 netam
107 1251 220 1286 invenio,
247 1253 373 1287 ideoque
390 1260 440 1288 pro
461 1253 548 1281 tribus
564 1253 668 1282 Usserii
687 1261 757 1290 qua—

15 1303 44 1322 101³
55 1296 158 1325 diversas
178 1297 279 1333 lgnatii
309 1298 445 1326 editiones
457 1299 522 1326 olim
535 1300 688 1328 obtinuisse
699 1305 756 1328 sta-

15 1350 40 1367 m.
53 1342 127 1370 Prima
141 1343 190 1371 fuit
210 1352 360 1377 germana,
386 1345 564 1380 epistolarum
589 1351 695 1374 tantum
710 1355 756 1375 se-

15 1392 51 1414 tem
60 1396 90 1423 :Ia
101 1388 245 1426 Polycarpo
258 1391 348 1424 edita,
366 1395 392 1418 et
405 1391 492 1426 ipsius
506 1391 633 1427 Epistulae
647 1393 680 1420 ad
691 1393 755 1420 Phi-

15 1442 112 1468 ppenses,
130 1437 155 1463 in
169 1442 316 1464 conventu
332 1436 404 1464 Asiae
425 1438 512 1471 lectaa,
539 1439 674 1474 subjecta,
701 1439 756 1467 ire-

15 1487 51 1511 m,
72 1480 226 1516 Theophila,
253 1482 389 1518 Origcni,
415 1482 550 1516 Eusebio,
584 1484 755 1519 Athanasio,

15 1526 168 1561 hrysostomo,
203 1527 389 1564 Hieronymo,
422 1528 607 1562 Theodoreto,
632 1529 753 1563 Gelasio,

15 1570 120 1605 phnimo,
133 1572 269 1600 Antiocho
283 1573 407 1608 cognita.
436 1573 562 1600 Secunda
581 1573 634 1601 fuit
646 1581 756 1601 earum-

15 1625 41 1643 em
59 1618 221 1652 epistolarum
247 1624 371 1655 septem,
393 1619 440 1648 sed
467 1620 648 1654 interpolata:
666 1620 755 1655 qualis

15 1669 100 1692 suosuo
112 1666 260 1701 exemplari
281 1665 383 1694 Graeco
408 1673 462 1693 ms.
488 1670 590 1698 exstat,
617 1666 757 1702 Stephano

15 1707 86 1743 sum,
98 1711 238 1740 Anastasio
255 1713 425 1748 patriarcha:
439 1712 622 1746 Antiochcno,
632 1717 660 1740 et
669 1712 757 1740 Chro-

15 1755 36 1782 ici
52 1757 213 1786 Alexandrini
238 1758 466 1787 consarcinatori
490 1763 647 1794 conspecta.
662 1757 755 1786 Tertia

15 1802 58 1830 ditio
76 1803 132 1837 fuit,
145 1812 177 1832 ex
193 1810 305 1840 septem
333 1804 471 1840 genuinis,
487 1809 514 1832 et
537 1809 657 1840 quatuor
685 1805 755 1833 ﬁctis

15 1858 32 1876 eu
43 1854 202 1887 snpposititiis
214 1854 351 1886 conﬂata,
367 1853 458 1888 qualis
469 1853 497 1880 in
514 1852 636 1881 Mediceo
647 1854 752 1885 codice,

15 1897 145 1934 linterprete
162 1899 318 1928 Usseriano
344 1903 497 1934 comparet,
526 1899 626 1927 Joanni
652 1899 752 1928 Dama—

15 1945 106 1975 enodet
117 1946 231 1974 Antonio
257 1952 406 1982 usurpata.
431 1945 535 1979 Quarta
559 1946 677 1982 denique
692 1946 754 1981 fuit,

15 1995 125 2025 tseptem
148 1992 336 2028 interpolatis,
368 1996 395 2019 et
420 1991 542 2027 quinque
572 1993 754 2028 supposititiis

15 2040 106 2069 instans,
120 2039 215 2072 addita,
231 2039 354 2072 scilicet,
369 2038 491 2074 Epistula
507 2039 540 2066 ad
552 2038 752 2076 Philippenscs,

15 2083 105 2108 nslremo
121 2082 176 2110 loco
191 2083 266 2116 ﬁcta,
287 2083 382 2118 qualis
404 2083 430 2110 in
444 2083 604 2118 Augustano
620 2085 714 2113 codice
727 2090 754 2113 et

17 2123 159 2158 idprucciano
179 2135 396 2165 repraesentatur
412 2134 439 2157 et
450 2138 465 2156 a
476 2130 587 2166 vulgato
607 2131 754 2167 interprete

15 2169 102 2205 additur,
112 2173 253 2203 Anastasio
267 2176 444 2211 presbytero,
459 2180 486 2203 et
498 2176 586 2204 Adoni
603 2176 753 2206 Viennensi

61 2215 126 2245 Unde
143 2220 226 2255 liquet
251 2220 410 2255 Epistolam
425 2220 459 2248 ad
473 2220 654 2257 Polycarpum
670 2223 697 2250 in
711 2231 754 2252 se-

15 2261 64 2289 tnda
76 2268 99 2290 et
111 2271 200 2299 quarta
214 2267 340 2294 editione
365 2267 524 2301 apparuisse
548 2268 751 2303 interpolatam,
769 2281 792 2310 ι)

15 2307 87 2334 itania
99 2309 130 2335 ab
141 2311 212 2337 omni
228 2316 394 2338 assumento
406 2311 530 2343 liberam,
546 2319 578 2338 ac
592 2311 706 2346 proinde
716 2318 751 2339 ex

15 2350 96 2379 rimam
110 2353 135 2381 in
154 2355 260 2383 tertiam
285 2357 348 2384 sine
363 2355 420 2383 ulla
444 2355 652 2391 interpolatione
666 2355 752 2384 fuisse

15 2403 124 2427 auratam.

23 2441 77 2469 llinr
89 2447 161 2474 etiam
174 2452 266 2483 patere
280 2453 384 2484 potest,
404 2448 469 2484 quid
481 2447 653 2476 sentiendum
671 2449 706 2476 sit
718 2451 750 2476 de

16 2489 237 2528 ulgatoiuterprete
265 2494 377 2526 Latino,
402 2494 474 2529 apud
501 2503 583 2530 quem
614 2496 750 2530 posterior

15 2542 45 2560 ira
59 2536 168 2572 Epistola:
180 2541 212 2568 ad
234 2541 418 2577 Polycarpum
435 2549 489 2568 non
504 2545 628 2577 apparet.
650 2541 749 2568 Arma-

769 1609 792 1639 C

131 2950 255 2981 l’nnOL.
280 2950 325 2982 Gn
351 2947 390 2978 ν.

813 295 842 315 se
854 288 1013 321 arbitratur,
1027 289 1095 324 quod
1114 294 1170 316 tam
1194 290 1276 316 multa
1304 291 1331 317 in
1356 299 1388 318 ea
1414 294 1600 327 reperirentur,

810 341 870 363 qua:
885 333 920 360 ad
937 333 1082 362 Ecrlesiam
1101 335 1299 370 Smyrna-orum
1316 338 1400 373 magis
1425 340 1600 373 pertinebant,

811 388 889 415 quam
915 379 950 406 ad
980 379 1054 406 illius
1081 380 1231 416 episcopum
1255 381 1460 418 Polycornnm;
1490 385 1522 411 ab
1546 386 1601 414 illis

809 423 939 457 videlicet,
956 425 1037 452 verbis
1047 425 1087 451 sui
1103 425 1273 461 interpretis:
1288 437 1297 453 ‹
1311 427 1440 464 Episcopo
1457 431 1601 461 attendite:

810 474 840 496 ut
851 474 875 496 et
887 468 957 497 Deus
975 470 1058 498 vobis.
1074 480 1084 497 ι
1106 470 1158 499 Sed
1178 472 1237 500 haec
1247 473 1406 505 conjectura
1418 477 1537 510 seipsam
1550 477 1597 511 ju—

810 514 896 550 gulat.
908 514 1001 551 Neque
1015 517 1088 544 enim
1101 522 1205 545 resecta
1220 518 1408 554 interpretatio
1419 521 1533 549 dicenda
1546 527 1598 554 est,

809 568 892 596 quam
921 569 1041 597 unquam
1056 563 1196 591 exstitisse
1225 571 1279 592 non
1301 570 1420 594 constat.
1446 567 1549 603 Neque,
1575 574 1600 597 st

809 617 931 645 unquam
955 609 1101 641 exstiterit,
1126 609 1164 637 ibi
1190 616 1295 639 reaecta
1329 617 1381 645 est,
1409 613 1454 640 ubi
1478 613 1599 649 ignatius

810 653 968 683 vamatos
983 655 1142 688 alloquitur,
1170 655 1218 683 sed
1234 656 1321 683 multo
1333 658 1476 691 superius;
1495 667 1548 686 non
1564 661 1598 688 ad

809 707 840 728 ea
855 700 948 733 verba,
971 700 1100 734 Episcopo
1119 700 1257 732 attendite,
1272 705 1300 727 ut
1319 705 1344 728 et
1364 701 1435 729 Deus
1452 703 1533 736 vobis,
1551 705 1598 732 srd

810 746 844 774 ad
859 746 910 773 ista
922 746 1003 781 longe
1018 745 1130 780 priora:
1145 743 1295 772 Secundum
1308 755 1409 774 omnem
1424 749 1529 776 modum
1541 758 1601 785 pro~

808 796 865 826 pter
880 799 927 818 nos
948 791 1131 818 sustinentem.
1153 790 1319 825 lneptissimi
1341 797 1414 819 certe
1437 793 1557 822 hominis
1572 798 1600 821 et

808 837 879 864 male
904 836 1005 869 feriati,
1019 844 1054 864 ne
1070 837 1159 864 dicam
1188 837 1278 864 insani
1304 838 1411 871 fuisset,
1435 843 1473 866 tot
1492 845 1600 868 sentem

809 883 861 911 tias
879 883 913 910 ad
929 883 1110 918 Polycarpum
1127 883 1255 918 utrinque
1273 884 1438 918 pertinentes
1449 885 1509 913 ideo
1524 894 1602 914 rese.

807 936 879 961 care,
896 928 970 964 quod
984 928 1122 956 nonnulla:
1145 929 1294 963 intcrjectae
1318 930 1351 958 ad
1371 929 1525 966 Smyrnaeos
1538 940 1599 959 rua-

807 974 849 1010 gis
865 974 1002 1008 pertinere
1017 974 1183 1002 viderentur.
1198 974 1258 1002 Alia
1275 975 1357 1010 igitur
1378 976 1462 1011 hujus
1476 978 1513 1005 rei
1527 978 1599 1006 ratio

807 1019 943 1047 reddenda
957 1024 1017 1053 est;
1030 1025 1058 1047 et
1076 1028 1142 1048 sane
1154 1027 1187 1047 ex
1202 1021 1337 1048 sententia
1354 1027 1448 1049 nostra
1466 1030 1598 1058 perquam

808 1065 954 1093 luculenta.
969 1065 1101 1101 Vulgatus
1117 1065 1161 1093 ille
1175 1066 1308 1101 interpres
1324 1074 1376 1094 nec
1388 1067 1494 1102 plenam
1518 1069 1597 1096 nobis

808 1111 1014 1147 inscriptionem
1038 1112 1124 1145 dedit,
1139 1120 1190 1140 nec
1206 1112 1366 1148 Epistolam.
1392 1113 1473 1142 Ratio
1489 1115 1596 1142 utrius-

807 1157 990 1192 quedefcctus
1014 1158 1127 1186 eadem:
1143 1158 1275 1192 quoniam
1297 1159 1426 1194 epistolas
1441 1161 1497 1195 jam
1511 1161 1597 1188 inter-

807 1203 912 1238 polatas
926 1202 1022 1231 Latine
1035 1204 1147 1232 reddere
1162 1204 1328 1232 instituerat.
1349 1205 1493 1240 Inscriptio
1509 1207 1596 1241 priori

807 1254 884 1284 parte
896 1250 1061 1285 interpolata
1076 1255 1119 1279 est
1133 1271 1141 1284 ,
1157 1251 1302 1286 posteriori
1320 1252 1450 1279 minime:
1478 1254 1596 1288 priorem

808 1297 891 1332 igitur
917 1301 1024 1331 partem
1060 1297 1267 1333 interpretatus,
1296 1299 1475 1332 posteriorem
1516 1301 1598 1334 plane

807 1343 910 1370 omisit.
939 1342 1045 1370 Pariter
1070 1344 1144 1378 prior
1162 1352 1226 1378 pars
1246 1344 1373 1379 Epistolas
1396 1345 1539 1381 insigniter
1554 1347 1596 1374 in-

806 1389 936 1424 torpolata
947 1393 989 1417 est
1003 1398 1010 1422 ;
1026 1390 1170 1424 posteriori
1190 1398 1272 1417 unttm
1288 1395 1336 1417 aut
1359 1391 1474 1418 alterum
1497 1392 1598 1420 verbu-

807 1434 864 1461 lzm
879 1435 1028 1469 adjectum.
1045 1434 1167 1462 Priorem
1194 1435 1277 1470 igitur
1302 1440 1406 1470 partem
1432 1436 1596 1471 interpreta-

807 1484 862 1514 tus,
888 1481 1068 1516 posteriorem
1085 1481 1195 1516 penitus
1208 1483 1312 1514 omisit,
1340 1481 1414 1516 quod
1437 1488 1519 1515 esset,
1536 1484 1597 1518 opi-

807 1534 868 1559 nor,
884 1526 919 1553 ab
934 1526 988 1553 alio
1010 1525 1159 1560 interprete
1177 1525 1253 1560 prius
1272 1526 1386 1553 reddita.
1404 1525 1492 1560 Hujus
1505 1530 1596 1553 autem

806 1572 846 1600 rei
869 1571 976 1608 signum
995 1572 1232 1600 evidentissimum
1257 1572 1324 1599 mihi
1340 1572 1458 1604 videtur,
1474 1572 1547 1607 quod
1567 1573 1595 1600 in

807 1618 898 1646 verbis
920 1619 1101 1654 interpolatis,
1124 1622 1153 1644 ut
1173 1618 1315 1650 hominem,
1334 1618 1461 1646 desinat:
1477 1618 1595 1653 reliqua,

808 1665 949 1692 secundum
980 1673 1081 1692 omnem
1117 1664 1225 1691 modum
1257 1669 1363 1698 propter
1391 1672 1438 1691 nos
1462 1665 1596 1692 sustinen-

809 1716 869 1744 tem,
882 1711 945 1739 licet
956 1711 989 1738 ad
1000 1711 1126 1739 eamdem
1140 1710 1302 1738 sententiam
1317 1711 1492 1745 pertinentia,
1511 1711 1596 1738 omit-

808 1763 857 1786 tat.

843 1803 961 1831 Proinde
983 1809 1086 1839 septem
1110 1803 1241 1839 epistolas
1255 1803 1290 1830 ab
1303 1803 1423 1832 Eusebio
1437 1802 1466 1831 S.
1491 1803 1596 1839 lgnatio

807 1850 952 1878 attributas
966 1858 1082 1883 censeo;
1100 1850 1170 1878 inter
1190 1857 1238 1877 eas
1256 1849 1405 1884 Epistolam
1420 1850 1453 1876 ad
1468 1849 1598 1885 Polycarv

807 1903 871 1930 pum
888 1896 1086 1923 numerandam
1102 1895 1221 1928 afﬁrmo;
1235 1895 1344 1922 easdem
1365 1902 1461 1922 omnes
1474 1895 1501 1921 itt
1514 1894 1598 1931 Polyv

805 1940 935 1976 carpiana
951 1941 1096 1975 συναγωγῇ
1114 1939 1253 1971 collectas,
1269 1938 1390 1973 epistolae
1402 1938 1472 1974 ejus,
1489 1937 1516 1965 in
1528 1939 1598 1965 cori~

806 1992 888 2016 ventu
910 1987 980 2014 Asiae
992 1994 1040 2022 per
1057 1986 1160 2021 aliquot
1173 1985 1272 2013 saecula
1295 1984 1402 2020 publice
1421 1984 1507 2018 lectae,
1529 1985 1598 2012 sub—

805 2034 925 2069 junctas,
938 2037 964 2061 et
974 2041 988 2060 a
1002 2037 1098 2060 sancto
1108 2037 1227 2067 martyre
1240 2035 1410 2066 conscriptas
1420 2030 1506 2058 fuisse
1520 2038 1597 2058 asse-

805 2085 933 2108 veranter
945 2079 1092 2107 contendo.
1110 2078 1277 2106 Sententiam
1290 2077 1383 2105 Dallaai
1398 2077 1431 2105 de
1444 2077 1596 2112 impostore

805 2127 906 2162 primo,
932 2133 981 2153 sex
995 2124 1124 2160 epistolas
1139 2128 1200 2159 post
1214 2123 1346 2151 ducentos
1358 2124 1392 2150 ab
1408 2123 1505 2158 ignatii
1522 2131 1596 2150 mar-

806 2172 877 2208 tyrio
888 2179 977 2199 annos
992 2171 1022 2198 in
1038 2171 1124 2197 lucem
1148 2169 1314 2205 proferente,
1336 2173 1363 2196 et
1375 2169 1506 2201 secundo,
1520 2168 1594 2195 illam

806 2219 840 2246 ad
857 2217 1037 2254 Polycarpum
1064 2220 1126 2252 post
1151 2216 1283 2243 ducenms
1307 2215 1389 2242 etiam
1416 2215 1485 2243 alios
1500 2219 1594 2250 partu-

805 2265 903 2299 riente,
919 2264 1087 2300 ﬁgmentum,
1103 2263 1159 2290 imo
1170 2266 1325 2298 portentum
1335 2268 1396 2289 esse
1407 2261 1512 2296 judico.

840 2314 928 2348 Atque
943 2313 1002 2340 haec
1013 2312 1047 2340 de
1059 2316 1132 2346 ortu,
1161 2319 1308 2347 progressu
1325 2314 1352 2338 et
1372 2309 1505 2337 hodierno
1521 2313 1593 2337 statu

804 2359 887 2394 hujus
900 2360 1103 2392 controversirc,
1116 2357 1327 2387 iutroductionis
1342 2364 1428 2390 more,
1439 2360 1520 2392 atque
1535 2365 1594 2392 per-

805 2404 961 2440 spicuitatis
973 2405 1060 2440 gratia
1077 2404 1181 2432 dixisse
1199 2403 1315 2431 suﬂiciat
1330 2413 1335 2431 :
1359 2411 1420 2439 qua:
1433 2403 1495 2430 loco
1510 2403 1592 2430 trium

806 2458 927 2485 priorum
946 2451 1066 2485 capitum
1094 2450 1156 2478 libri
1183 2449 1322 2484 Dalltrani,
1352 2453 1378 2477 ct
1393 2448 1493 2485 prioris
1508 2448 1591 2476 etiam

804 2496 894 2531 quarti
913 2497 998 2532 partis
1014 2497 1138 2532 ponenda
1155 2496 1262 2528 censui,
1287 2500 1317 2524 ut
1336 2496 1371 2524 ad
1381 2503 1411 2524 ea
1425 2494 1496 2523 aliud
1513 2495 1593 2530 quid-

805 2543 876 2577 piam
893 2551 1023 2577 rcponere
1036 2550 1148 2571 necesse
1161 2551 1215 2570 non
1229 2542 1264 2570 sit
