1874 3070
239 175 281 207 ’π

769 172 799 200 S.
817 168 991 199 lGNATIUS.
1007 183 1043 188 —
1061 164 1329 194 PROLEGOIENA.

245 239 1858 267 Μ

635 341 1049 392 VINDICIARUM
1090 339 1234 385 PARS
1269 337 1458 383 PRIMA

245 444 314 482 Qua
345 445 532 483 argumenta
559 448 616 480 pro
631 440 663 471 S.
682 436 798 479 lgnatii
814 433 1005 483 epistolisf
1026 435 1183 483 ‘veterujm
1205 429 1401 483 testimoniis
1434 428 1626 466 afferuntur,
1652 431 1684 459 et
1714 435 1735 459 δ
1762 425 1858 458 Dalii

805 471 1052 513 eiceplionibus
1080 471 1296 503 vindicantur.

468 563 584 594 CAPUT
596 561 741 590 PRIMUM.

247 614 412 650 Argumenta
426 610 515 650 prq‘S.
532 608 632 650 lgnatii
648 605 776 650 epistolis,

460 636 579 673 Ὲέίετῆα
594 652 609 670 ιι
623 636 788 671 testimoniis,
805 639 908 666 interna
923 637 955 663 ab
967 636 1032 671 ipsis

283 683 413 718 epistolis.

283 741 319 769 Ut
332 740 489 776 probemus,
501 741 549 764 aut
560 741 721 770 persuasum
735 732 896 763 habeamus,
906 728 1033 764 epistolas

248 775 342 821 hasce,
366 785 400 814 de
421 785 521 821 quibus
536 782 663 813 dicimus,
683 786 743 814 qua!
764 785 837 804 nunc
860 777 887 804 in
909 775 1032 803 omnium

248 833 376 861 manibus
390 834 464 863 sunt,
479 833 506 856 et
525 827 619 863 lgnatii
637 832 692 860 pra:
710 831 739 852 se
752 830 853 850 nomen
871 821 972 853 ferunt,
988 827 1035 847 re~

248 887 314 906 vera
328 878 364 905 ab
379 877 424 904 illo
440 875 617 902 Antiochense
634 870 761 898 Ecclesia:
774 868 906 900 antistite,
925 871 1035 902 aposto—

248 926 337 953 lorum
354 922 488 957 discipulo
515 927 542 948 et
556 918 729 947 sanctissimo
745 921 873 951 martyre,
894 914 967 941 circa
983 913 1035 939 ini-

249 972 318 998 tium
338 967 451 997 secundi
473 966 565 995 szeculi
581 964 666 992 fuisse
683 962 863 996 conscriptas,
885 967 940 986 non
961 957 1036 985 aliud

250 1018 399 1053 quidquam
412 1023 428 1042 a
440 1013 531 1046 nobis,
552 1011 600 1048 qui
619 1011 670 1038 hac
687 1013 765 1037 aetate
784 1007 912 1038 vivimus,
930 1008 978 1032 aut
993 1011 1037 1031 re-

250 1049 332 1099 quiri.
352 1066 401 1090 aut
425 1058 577 1095 exspectari
598 1060 697 1092 potest,
722 1062 803 1090 quam
826 1057 856 1080 ut
876 1060 910 1080 ex
932 1049 1037 1079 idoneis

251 1098 419 1139 testimoniis
431 1113 538 1138 eorum,
559 1104 659 1139 quibus
671 1103 697 1130 in
718 1101 799 1129 rebus
814 1098 972 1134 hujusmodi
988 1105 1038 1133 par

251 1161 295 1184 est
305 1155 428 1185 credere,
444 1152 470 1179 id
486 1151 603 1178 ﬁdeliter
621 1149 789 1182 ﬁrmiterque
803 1145 982 1181 colligamus;
1011 1147 1038 1170 et

252 1201 382 1238 epistolas
405 1200 481 1234 ipsas
503 1201 577 1224 tanto
595 1200 706 1223 auctore
728 1194 836 1227 dignas,
859 1196 887 1219 et
908 1189 1039 1225 temporis

1046 557 1069 586 Δ
1084 555 1217 591 miterque
1227 555 1397 591 colligemus.
1413 554 1527 582 ldoneos
1538 559 1627 583 autem
1643 561 1728 584 testes
1743 561 1856 591 putatu

1083 602 1230 636 scriptores
1244 601 1445 628 ecclesiasticos
1455 606 1569 633 veteres,
1585 602 1632 636 qui
1648 606 1812 637 antequam
1832 602 1858 630 h:

1084 648 1111 674 in
1126 647 1247 675 Ecclesia
1265 652 1336 679 orta.
1354 652 1402 675 aut
1419 652 1563 682 postquam
1578 649 1717 684 aliquibus
1737 649 1819 676 oriri
1832 649 1858 676 vi

1084 699 1136 727 est,
1153 694 1352 726 controversia,
1371 696 1534 721 sententiam
1546 702 1634 727 suam,
1663 699 1693 722 ut
1719 702 1753 722 se
1785 696 1858 722 obtu

1085 741 1205 772 occasio,
1216 741 1275 768 sine
1290 740 1344 768 ulla
1358 740 1525 768 dubitatione
1538 746 1585 768 aut
1595 741 1776 769 haesitatione
1787 747 1858 776 protr

1084 787 1186 814 lerunt.
1210 786 1265 814 Hos
1282 794 1333 822 ego
1347 791 1429 814 testes
1447 787 1618 822 incorruptos
1632 788 1782 815 'adducam
1805 793 1858 822 atqi

1084 834 1223 869 integros:
1236 841 1270 860 ex
1286 833 1383 861 horum
1398 833 1507 868 scriptis
1523 833 1694 867 indubitatis,
1716 839 1769 861 aut
1784 834 1825 861 ab
1839 834 1858 861 it

1085 887 1202 915 portuna
1229 880 1400 907 dubitatione
1429 879 1585 913 vindicatis,
1606 881 1768 908 testimonia
1795 879 1858 915 prol

1087 932 1144 950 ram
1156 933 1163 957 ;
1177 924 1258 959 idque
1268 931 1299 951 ea
1310 923 1443 951 modestia
1459 924 1661 960 praestabimus,
1674 931 1705 952 ut
1715 925 1831 953 nullius
1847 933 1858 951 v

1086 975 1174 998 terum
1190 970 1269 998 fama:
1284 971 1454 1004 detrahatur,
1473 971 1574 998 nullius
1584 971 1690 998 uomini
1704 972 1814 1007 injuria
1831 973 1858 1000 tia

1088 1024 1137 1044 sua
1154 1018 1254 1052 cuique
1267 1017 1429 1050 auctoritas,
1449 1018 1539 1054 qualis
1550 1023 1578 1046 et
1590 1023 1694 1054 quanta
1709 1019 1739 1046 in
1754 1019 1858 1047 Eccles

1088 1063 1136 1091 Dei
1153 1064 1286 1092 hactenus
1300 1065 1351 1092 fuit
1369 1064 1471 1092 illibata
1489 1070 1682 1099 conservetur;
1706 1074 1739 1094 ea
1765 1066 1838 1099 ﬁde,

1088 1111 1224 1138 neminem
1246 1111 1356 1138 obtorto
1375 1111 1446 1138 collo
1461 1111 1494 1138 ad
1510 1111 1644 1146 judicium
1661 1111 1814 1140 ferendum
1832 1118 1858 1139 tn

1089 1156 1197 1189 hamus,
1213 1156 1304 1183 omnia
1316 1156 1396 1190 plane
1410 1160 1437 1183 et
1452 1156 1524 1183 nude
1543 1161 1786 1192 repraesentemus,
1802 1165 1858 1193 prm

1090 1201 1118 1228 in
1133 1208 1229 1229 eorum
1246 1201 1354 1235 scriptis
1373 1201 1555 1236 reperiuntur.
1580 1202 1649 1229 Cum
1673 1202 1757 1238 igitur
1784 1203 1858 1238 lgnal

253 1232 402 1281 rerumque
421 1241 636 1271 circumstantiis
659 1239 781 1275 apprime
801 1244 935 1272 congruas
949 1241 1038 1263 osten-

1098 1248 1211 1282 3pistolaz
1225 1248 1332 1275 decimo
1344 1248 1441 1283 quinto
1451 1249 1550 1276 saeculo
1563 1249 1676 1284 jamjam
1683 1232 1814 1278 exeunt;
1824 1259 1858 1278 eri

254 1293 362 1320 damus.
391 1290 431 1317 Ad
450 1287 639 1316 auctoritatem
659 1285 733 1312 enim
756 1283 971 1319 lgnatianorum,
993 1285 1042 1308 aut

254 1337 372 1364 aliorum
386 1339 614 1371 quorumcunque
634 1335 755 1359 veterum
783 1328 946 1363 scriptorum
966 1334 1043 1354 asse-

254 1383 368 1412 rendam
381 1379 649 1412 conﬁrmandamque
669 1377 722 1404 duo
741 1380 845 1403 tantum
867 1377 1042 1408 argumento-

254 1436 316 1457 rum
338 1434 437 1463 genera
459 1424 549 1452 all‘erri
570 1427 695 1459 possunt.
717 1426 840 1452 externa,
860 1419 974 1450 scilicet,
999 1417 1042 1444 vel

255 1475 379 1507 interna;
402 1479 518 1508 quorum
539 1470 631 1505 priora
650 1477 682 1495 ex
698 1467 872 1498 testimoniis,
890 1464 1043 1500 posteriora

254 1529 271 1548 e
286 1520 396 1555 scriptis
406 1519 472 1554 ipsis
481 1521 618 1552 petuntur.
629 1514 813 1548 Quamobrem
824 1511 1042 1539 dissertationem

252 1571 376 1596 nostram
399 1566 435 1593 ain
457 1565 526 1592 duas
553 1567 644 1598 partes
665 1559 871 1596 dispescendam
893 1558 1039 1588 duximus;

254 1620 371 1648 quantm
380 1611 489 1646 quidem
501 1610 588 1645 prima
597 1606 751 1636 testimonia
758 1605 886 1640 proferet,
893 1603 1043 1637 eademque

257 1646 292 1686 ab
312 1656 461 1685 adversarii
481 1653 680 1689 ohjeetionibus
702 1651 865 1683 vindicabit;
879 1654 906 1677 et
926 1655 987 1683 qua:
1009 1646 1043 1674 ab

257 1704 318 1738 ipso
329 1701 482 1729 testimonia
494 1699 584 1727 ail‘erri
603 1699 756 1730 videantur,
766 1704 881 1733 quaeque
893 1696 944 1724 sub
955 1694 1045 1730 specie

258 1748 410 1784 argumenti
424 1747 548 1782 negantis
561 1745 746 1779 disputantur,
759 1743 887 1771 refutabit
902 1750 909 1768 :
926 1741 1044 1769 secunda

260 1793 390 1828 epistolas
403 1791 476 1826 ipsas
489 1787 792 1821 considerabit,easque
807 1785 931 1814 ostendet
947 1789 974 1811 et
988 1792 1046 1812 :evo

260 1839 399 1874 lgnatiano
423 1843 568 1871 rerumque
588 1833 803 1862 circumstantiis
830 1831 954 1866 apprime
980 1837 1047 1857 con-

259 1891 352 1920 gruas,
365 1887 391 1910 et
407 1890 439 1910 ex
455 1882 514 1917 ipsa
531 1879 645 1908 materia
668 1884 749 1913 atque
766 1877 912 1912 scriptione
927 1880 1046 1910 martyre

259 1935 287 1958 et
315 1930 445 1966 episcopo
468 1925 647 1954 Antiochensi
679 1925 793 1960 dignas;
823 1921 1045 1958 argumentisque

260 1975 401 2007 omnibus,
417 1974 460 2000 vel
473 1981 506 2000 ex
519 1972 612 2004 rebus,
625 1970 667 1997 vel
681 1977 714 1997 ex
726 1968 826 2000 verbis,
842 1967 877 1994 ab
890 1966 1047 1994 adversario

260 2021 368 2052 ductis,
409 2017 606 2053 respondebit,
638 2015 850 2050 plenissimeque
887 2011 1046 2039 satisfaciet.

261 2065 341 2100 Quod
370 2065 393 2092 si
421 2069 476 2091 tant
499 2061 584 2089 multa
603 2059 731 2087 Veterum
752 2057 919 2090 testimonia,
937 2061 1049 2090 tamque

262 2111 386 2147 apposita
399 2117 449 2144 pro
466 2109 509 2136 his
519 2107 646 2143 epistolis
665 2105 761 2133 aiIerre
778 2104 941 2140 poterimus,
966 2111 1049 2138 quam

218 2182 222 2184 .
261 2165 323 2194 quae
344 2158 370 2184 in
387 2156 448 2183 aliis
462 2153 619 2189 hujusmodi
632 2151 740 2187 scriptis
756 2150 936 2182 stabiliendis,
960 2154 987 2176 et
1001 2156 1050 2176 ex-

262 2209 304 2231 tra
328 2209 438 2231 omnem
461 2198 676 2228 controversiam
699 2196 833 2232 ponendis
858 2195 993 2230 acceptari
1016 2194 1050 2221 ab

262 2249 391 2277 oinnibus
407 2247 510 2279 solent;
527 2253 559 2272 ac
572 2244 655 2272 simul
672 2244 755 2270 etiam
775 2242 904 2277 epistolas
922 2241 995 2276 ipsas
1010 2245 1051 2267 ta-

262 2297 303 2324 ies
316 2303 377 2323 esse
395 2291 607 2323 ostenderimus,
620 2295 652 2317 ut
663 2298 695 2318 eo
711 2290 768 2325 ipso
776 2289 835 2316 viro
844 2288 933 2323 dignae
940 2287 1049 2314 videan-

264 2348 317 2376 tur,
333 2342 405 2370 cuia
419 2339 554 2368 veteribus
566 2337 734 2370 tribuuntur,
752 2335 875 2369 nihilque
897 2334 924 2361 in
943 2334 976 2360 iis
993 2340 1051 2360 om-

264 2390 330 2417 nino
343 2387 490 2419 contineri,
502 2384 575 2420 quod
591 2388 730 2410 auctorem
747 2380 778 2409 S.
791 2380 893 2416 lguatio
907 2379 948 2406 vel
961 2379 1052 2406 minus

264 2436 407 2470 antiquum
414 2432 455 2460 vel
467 2432 557 2458 minus
569 2430 654 2465 pium,
665 2432 712 2455 aut
723 2427 882 2462 prudentem
893 2425 1021 2460 postulet,
1029 2425 1053 2451 si

265 2482 322 2508 haec
330 2481 367 2507 ita
380 2478 599 2507 tractaverimus,
611 2479 641 2502 ut
652 2481 765 2501 summae
778 2471 888 2499 testium
898 2470 1053 2498 auctoritati

265 2528 305 2554 rei
315 2527 400 2562 ipsius
411 2525 529 2560 dignitas
540 2523 713 2556 sum-agetur,
724 2519 790 2546 nihil
802 2519 827 2545 in
837 2518 888 2545 hoc
897 2517 1053 2552 disputandi

264 2580 364 2609 genere
382 2571 496 2598 ulterius
507 2568 607 2604 requiri
619 2574 698 2602 posse
713 2564 885 2593 conﬁdimus.
897 2562 990 2597 Neque
1003 2561 1053 2589 ali—

264 2627 318 2654 qua
332 2618 401 2645 ratio
412 2616 545 2652 assignari
556 2614 666 2650 poterit,
678 2618 763 2648 quare
773 2610 856 2637 ullum
871 2608 975 2643 antiqui
984 2608 1053 2635 scri—

266 2653 352 2700 ptoris
360 2671 429 2698 opus
439 2671 489 2698 pro
500 2661 621 2697 legitimo
629 2659 771 2690 habeatur,
780 2656 803 2683 si
817 2656 874 2682 haec
888 2662 902 2681 a
912 2654 992 2681 nobis
1000 2653 1052 2680 rite

267 2711 378 2746 probata
396 2709 584 2744 repudientur.
773 2703 780 2715 '

303 2755 338 2784 Ut
357 2755 437 2790 primi
452 2754 560 2790 generis
580 2754 742 2787 argumento
759 2748 889 2784 epistolas
907 2747 939 2773 de
951 2746 1051 2780 quibus

266 2802 356 2837 agitur
381 2801 415 2828 ab
439 2799 542 2835 Iguatio
567 2802 686 2832 martyre
707 2794 877 2828 conscriptas
901 2792 985 2819 fuisse
1004 2791 1052 2818 de-

267 2851 446 2878 monstretur,
467 2853 500 2873 ex
517 2844 622 2872 idoneis
644 2841 807 2869 testimoniis
828 2846 934 2868 eorum.
952 2837 1051 2872 quibus

268 2892 295 2918 'tu
312 2889 562 2927 rebushujusmodi
578 2895 625 2917 nar
639 2893 681 2914 est
693 2885 815 2917 credere,
839 2883 865 2910 id
880 2882 992 2910 ﬁdeliter
1005 2881 1052 2908 tir’

1091 1297 1126 1321 ta:
1149 1299 1176 1321 et
1197 1293 1337 1328 impressa:
1357 1294 1476 1329 primum
1503 1294 1738 1329 conspicerentur,
1761 1299 1791 1323 et
1810 1303 1858 1322 var

1092 1340 1234 1367 hominum
1247 1341 1350 1375 judicia
1365 1342 1541 1376 postmodum
1559 1346 1677 1377 experta:
1691 1343 1761 1376 sint;
1777 1343 1817 1371 ita
1834 1351 1858 1370 v4

1092 1391 1180 1415 terum
1199 1388 1353 1415 testimonia
1367 1388 1501 1415 adducam
1516 1393 1597 1422 atque
1607 1388 1764 1423 disponam,
1781 1393 1814 1416 ut
1825 1397 1858 1417 on

1093 1435 1132 1468 ni,
1147 1435 1182 1462 ab
1199 1435 1259 1469 ipso
1285 1443 1341 1469 quo
1357 1435 1466 1470 scripta:
1483 1440 1546 1463 sunt
1559 1439 1692 1469 tempore,
1708 1435 1820 1467 saeculo,
1835 1443 1858 1462 ιιι

1093 1488 1147 1515 que
1172 1481 1205 1508 ad
1228 1489 1287 1508 eam
1307 1486 1412 1508 aetatem
1436 1488 1489 1516 qua
1514 1481 1655 1515 impressae
1675 1481 1847 1516 prodierunt,

1095 1527 1161 1555 viris
1177 1528 1304 1555 maximis
1318 1528 1426 1563 aguitas
1438 1532 1465 1554 et
1477 1528 1642 1562 approbatas
1655 1527 1810 1555 ostendam.

1407 1604 1521 1632 CAPUT
1536 1604 1567 1632 11.

1097 1649 1259 1677 Trstimonia
1274 1659 1320 1685 pro
1336 1650 1363 1677 S.
1380 1651 1480 1685 Ignalii
1495 1651 1624 1686 epistolis.
1651 1651 1719 1683 Qua:
1737 1652 1775 1677 ita
1789 1651 1858 1684 άξερο

1132 1691 1230 1712 nuntur
1248 1692 1275 1712 ut
1287 1687 1387 1712 nullum
1398 1686 1523 1713 saxulum
1535 1687 1589 1713 suis
1605 1687 1763 1713 testimoniis
1779 1693 1858 1712 careat

1132 1730 1148 1747 a
1167 1721 1291 1753 secundo,
1314 1730 1366 1756 quo
1383 1723 1497 1755 primum
1512 1727 1591 1753 nam,
1609 1722 1643 1749 ad
1659 1718 1789 1748 decimum
1803 1728 1858 1756 qum

1132 1761 1197 1789 tum,
1212 1764 1262 1791 quo
1274 1757 1408 1791 impressa:
1421 1762 1482 1783 sunt
1498 1758 1627 1791 cpistola.

1131 1812 1204 1839 Intra
1218 1819 1320 1846 paucos
1341 1816 1403 1846 post
1425 1812 1531 1839 initium
1550 1812 1662 1839 secundi
1682 1813 1776 1840 saeculi
1796 1818 1858 1839 anno

1098 1863 1176 1886 natas
1193 1866 1254 1886 esse
1274 1859 1323 1885 has
1342 1857 1473 1892 epistolas
1493 1865 1606 1885 assero:
1621 1857 1691 1885 duos
1711 1858 1794 1893 igitur
1809 1859 1831 1893 ej

1059 1919 1079 1947 ρ
1096 1906 1157 1932 dem
1172 1905 1221 1932 aevi
1237 1905 1386 1939 scriptores
1403 1903 1601 1936 nobilissimos,
1617 1903 1645 1931 S.
1661 1903 1858 1938 Polycarpumt

1099 1951 1128 1979 S.
1150 1951 1281 1979 Irenaeum
1302 1954 1385 1978 testes
1401 1951 1466 1978 cito.
1489 1950 1519 1977 S.
1533 1950 1701 1985 Polycarpus
1724 1950 1753 1977 S.
1769 1949 1858 1977 Joanni

1099 1997 1213 2032 apostoli
1226 1997 1387 2032 discipulus,
1409 1997 1444 2024 ab
1459 2004 1491 2024 eo
1507 1997 1631 2032 Smyrna:
1648 1997 1794 2032 episcopus
1808 1995 1858 2023 0rdi

1099 2049 1190 2076 natus,
1204 2044 1288 2071 totius
1301 2044 1373 2071 Asiae
1388 2043 1524 2078 princeps,
1545 2045 1573 2071 S.
1592 2043 1696 2079 lgnatio
1712 2048 1806 2071 nostro
1821 2048 1858 2076 pet

1099 2090 1243 2118 familiaris
1262 2089 1332 2123 fuit;
1357 2090 1436 2125 cujus
1451 2096 1553 2126 martyr
1566 2090 1623 2124 ipse
1641 2090 1666 2116 in
1687 2089 1809 2124 epistulis
1822 2094 1858 2114 me

1101 2138 1191 2170 minit,
1207 2137 1251 2165 cui
1262 2145 1356 2165 earum
1372 2137 1453 2164 etiam
1467 2145 1549 2164 unam
1563 2136 1689 2172 privatim
1706 2136 1791 2164 misit.
1807 2135 1858 2161 lluu

1101 2188 1192 2210 autem
1213 2183 1310 2210 harum
1334 2183 1511 2218 epistolarum
1540 2183 1705 2210 mentionem
1723 2182 1819 2210 fecisse
1837 2180 1858 2207 di

1103 2234 1175 2257 serte
1189 2229 1271 2256 tradit
1283 2228 1416 2256 Eusebius
1429 2229 1501 2256 Hist.
1516 2228 1588 2255 Eccl.
1602 2229 1619 2255 Ι.
1632 2236 1674 2259 ιιι,
1689 2236 1714 2255 c.
1731 2228 1767 2255 57
1782 2238 1788 2254 ;
1806 2226 1851 2253 Καὶ

1102 2275 1279 2312 Πολύκαρπος
1294 2275 1322 2301 δὲ
1341 2274 1443 2301 τούτων
1459 2275 1547 2301 αὐτῶν
1563 2274 1696 2309 μέμνηται
1712 2275 1741 2301 ἐν
1756 2275 1788 2309 τῇ
1804 2279 1858 2308 (papa

1105 2323 1172 2358 μένῃ
1188 2321 1271 2349 αὑτοῦ
1291 2321 1358 2357 πρὸς
1375 2321 1569 2356 Φιλιππησιους
1588 2321 1725 2356 ἐπιστολῇ.
1751 2319 1806 2347 Hoc
1828 2321 1858 2344 ρει

1104 2370 1253 2404 interprete
1276 2367 1384 2395 Valesio
1401 2367 1471 2394 :Sed
1494 2373 1518 2394 et
1546 2367 1709 2402 Polycarpus
1736 2368 1763 2393 in
1785 2373 1827 2392 sua
1842 2372 1858 2389 at

1104 2414 1285 2449 Philippense;
1296 2413 1407 2448 epistola
1417 2413 1568 2440 earumdem
1577 2413 1694 2439 meminit
1702 2412 1858 2447 epistularum

1104 2460 1143 2488 Ita
1160 2459 1303 2492 Eusebius,
1320 2467 1382 2486 cum
1400 2458 1456 2493 jam
1478 2463 1579 2493 septem
1605 2458 1634 2485 S.
1651 2455 1857 2492 lguatiiepistola

1104 2511 1303 2539 enumerasset,
1322 2510 1348 2533 et
1360 2505 1559 2540 descripsisset.
1585 2504 1707 2532 Meminit
1729 2504 1830 2540 quidem
1845 2500 1858 2526 5

1106 2554 1203 2590 lgnalii
1223 2553 1323 2588 saepius
1346 2553 1374 2580 in
1393 2551 1514 2587 Epistola
1538 2560 1588 2579 sua
1607 2552 1640 2579 ad
1652 2551 1833 2586 Philippenses
1845 2547 1858 2572 5

1105 2600 1270 2636 Polycarpus
1283 2608 1290 2626 :
1306 2603 1406 2625 nostrae
1420 2603 1511 2625 autem
1524 2597 1670 2625 assertioni
1685 2597 1744 2624 haec
1756 2595 1858 2632 praecipui

1105 2648 1187 2675 verba
1212 2646 1397 2674 testimonium
1413 2646 1541 2680 praebent,
1559 2653 1619 2680 qua
1636 2645 1694 2679 ipse
1706 2644 1831 2672 Eusebius
1842 2648 1858 2667 cl

1105 2693 1165 2728 ejus
1177 2692 1290 2727 cpistola
1306 2696 1371 2718 tunc
1391 2691 1521 2726 temporis
1541 2698 1603 2717 cum
1617 2689 1746 2718 omnibus
1757 2693 1821 2718 esset
1830 2693 1858 2712 not

1105 2739 1223 2771 tissima,
1240 2743 1267 2766 et
1287 2738 1314 2766 in
1331 2737 1403 2764 Asia:
1422 2741 1558 2764 conventu
1581 2737 1727 2771 legeretur,
1750 2731 1858 2766 descripill

1104 2784 1161 2816 Τὰς
1174 2783 1318 2815 ἐπιδτολὰς
1339 2782 1479 2817 Ἰγνατίου,
1502 2782 1551 2813 τὰς
1566 2782 1738 2817 πεμφθείσας
1758 2782 1816 2817 ἡμῖν
1832 2774 1858 2802 ὑπ’

1104 2831 1186 2858 αὐτοῦ
1200 2831 1246 2858 καί
1261 2830 1343 2861 ἄλλας
1357 2830 1422 2860 ὅσας
1436 2829 1544 2864 εἴχομεν
1559 2829 1623 2864 παρ’
1635 2829 1710 2863 ἡμῖν,
1730 2826 1858 2862 ἐπέμψαμῖ

1105 2880 1179 2915 ὑμῖν,
1193 2876 1283 2909 καθὼς
1293 2876 1471 2908 ὲνετείλασοε,
1489 2876 1588 2907 αἵτινες
1601 2876 1810 2909 ὑποτεταγμέναι
1826 2867 1858 2897 ιιεῖ
