1874 3070
42 163 61 190 π
397 159 421 188 1.
436 159 613 187 PEARSONII
631 157 782 187 VINDICM

876 157 1022 186 ATIANE.
1041 173 1077 180 —
1096 159 1186 189 PARS
1204 160 1225 189 1.
1580 167 1616 196 78

38 214 56 247 τῇ
66 212 171 247 ἐπιστολῇ
187 211 283 248 ταύτῃ.
301 211 369 246 Quae
387 212 414 240 in
427 213 510 241 veteri
525 213 646 248 ejusdem
661 213 782 248 epistola
794 215 821 246 Λ
834 215 929 248 turios,
945 223 1014 251 quos
1031 224 1062 244 se
1073 217 1170 252 legisse
1183 222 1299 246 testatur
1312 219 1340 247 S.
1358 218 1549 258 Hieronymus.
1566 232 1617 252 an-

36 259 128 286 rcm'one
147 258 182 286 ita
204 259 357 286 etiamnum
380 258 473 287 Latine
492 259 609 295 legimus
624 268 632 288 :
646 259 781 293 Epistolas
830 266 939 296 sequam
965 269 1031 290 suos
1056 263 1083 290 in
1105 264 1231 292 eumdem
1244 267 1446 302 evangelistam
1471 270 1615 300 scriberet.

34 315 75 333 tant
83 305 179 341 lgnatii,
189 307 487 342 quctransmisstesunt
494 307 565 334 vobis
578 308 640 342 (pro
652 307 738 342 nobis)
749 308 781 335 ab
831 306 889 335 Sub
910 308 993 343 hujus
1010 307 1154 344 Theophili
1168 312 1278 340 nomine
1295 314 1446 342 etiamnum
1462 322 1571 345 exstant
1585 318 1615 347 in

32 362 59 382 ρο,
70 352 157 380 etalias
168 358 384 388 quantuscunque
394 353 464 388 apud
473 362 519 381 nos
533 354 684 386 habuimus,
697 359 784 382 truns-
831 351 860 379 S.
873 351 1027 380 Matthaeum
1044 354 1252 390 Commentarii,
1268 359 1314 386 sed
1335 359 1431 388 Latine
1450 366 1568 396 tantum,
1584 364 1614 391 in

33 399 122 425 uisimus
134 399 212 430 vobis,
225 400 372 426 secundum
385 399 454 435 quod
470 400 636 433 mandastis;
650 408 708 434 quae
721 404 783 427 sunt
829 398 930 432 quibus
952 399 984 426 ad
1002 399 1045 426 illa
1063 401 1144 429 verba
1168 411 1177 429 :
1199 402 1264 430 Cum
1276 411 1341 432 esset
1353 406 1511 441 desponsata
1530 415 1617 438 mater

33 447 126 481 subjecta
140 446 196 472 huic
213 445 354 480 Epistoltz.
365 445 440 472 Alter
454 445 534 480 hujus
544 445 636 472 saeculi
646 445 734 477 testis,
748 444 777 471 S.
829 443 886 478 ejus
899 444 987 471 Maria
997 444 1106 478 Ioseph,
1124 446 1219 476 Matth.
1233 450 1306 483 |,18,
1320 451 1377 479 hac
1390 452 1505 488 legimus
1521 464 1528 482 :
1540 455 1616 488 Qua.

33 492 131 524 Irenaeus,
153 491 292 527 Polycarpi
318 491 480 526 discipulus,
510 496 537 517 et
565 491 777 525 apostolicorum
829 498 857 516 re
872 499 924 518 non
943 500 975 519 ea:
990 494 1104 528 simplici
1123 494 1230 530 virgine,
1250 496 1295 522 sed
1307 505 1340 524 ea;
1351 498 1510 532 desponsata
1528 502 1617 528 conci-

32 545 152 574 temporum
167 538 206 564 vir
219 547 226 571 ;
240 545 323 572 quem
335 538 432 564 harum
446 537 622 572 epistolarum
638 537 779 564 meminis-
828 537 901 572 pitur
914 537 1056 567 Christus?
1071 539 1174 574 Primo,
1195 545 1223 567 ut
1245 549 1291 575 per
1313 545 1505 578 generationem
1518 545 1616 581 Joseplt

31 593 51 612 se
61 593 103 611 non
116 584 191 611 semel
203 589 321 612 testatur
335 583 480 611 Eusebius.
509 583 545 611 Ut
566 584 639 611 Eccl.
658 584 731 612 Hist.
757 585 776 612 Ι.
829 583 902 618 origo
916 583 1011 612 Maria:
1021 590 1228 618 monstraretur;
1241 588 1365 621 secundo,
1379 597 1410 616 ne
1422 589 1588 624 lapidaretur
1598 599 1615 619 ι

30 639 48 663 r,
58 638 76 658 ρ.
88 630 102 657 8
116 639 122 655 :
138 630 193 656 Ἔτι
208 630 254 656 καὶ
272 630 416 656 Ἰουστίνου
427 630 472 656 τοῦ
484 628 621 666 μάρτυρος
636 630 682 657 καὶ
694 631 770 665 Ὶγνα¹

875 628 931 656 la'is
945 634 974 656 ut
992 630 1126 658 adultera.
1145 631 1242 663 Tertio.
1260 637 1288 659 ut
1302 633 1330 659 in
1342 632 1487 669 (Egyptum
1509 636 1615 663 haberet

30 678 70 702 vita
90 677 185 711 μνήμην
205 675 366 711 πεποίηται,
393 676 555 712 μαρτυρίαις
569 673 646 707 αὖθις
661 676 708 702 καὶ
724 676 770 702 ἀπὶ

873 675 954 701 utium
969 675 1029 703 viri.
1051 675 1162 709 Quarto,
1184 683 1213 704 ut
1227 683 1320 712 partus
1331 679 1387 713 ejus
1399 680 1503 714 falleret
1518 681 1613 709 diabo-

30 722 67 748 τῶν
78 721 165 754 τούτοις
174 721 336 758 γραφέντων
350 721 527 758 κεχρημένος.
544 721 678 749 Praeterea
691 721 770 749 Justi-

876 728 894 752 ι,
906 725 1041 754 putantem
1053 721 1144 749 Iesum
1157 723 1188 750 de
1202 729 1327 757 ua‘orata,
1351 733 1402 752 non
1415 726 1447 752 de
1460 727 1558 762 virgine
1569 736 1616 755 na-

30 770 48 793 m‘
67 769 174 802 martyris
198 773 222 794 et
252 767 357 803 Ignatii
377 769 533 794 mentionem
549 767 624 802 facit,
639 775 671 794 ea:
688 777 778 795 eorum
829 771 895 794 tum.
910 767 938 794 Si
952 767 1009 795 haec
1023 767 1166 804 Theophili
1182 769 1246 801 sint,
1261 770 1319 797 sine
1334 770 1418 798 dubio
1430 769 1554 806 quartam
1571 781 1616 801 ra-

28 813 107 847 tm‘ptis
131 813 276 839 testimonia
303 814 447 848 proferens.
475 812 547 846 Quot
570 814 680 848 quidem
698 822 730 842 ex
746 814 775 842 S.
828 812 930 839 tionem
951 821 983 840 ex
999 814 1113 848 epistola
1135 814 1163 842 S.
1179 814 1275 850 lgnatii
1289 816 1391 843 hausit.
1416 815 1482 843 Nam
1500 825 1562 844 cum
1583 818 1614 846 S.

30 857 107 892 lgnatio
117 858 266 885 testimonia
278 858 423 893 protulerit
439 858 467 886 ὃ.
482 857 610 890 lrenzeus,
622 861 693 886 scire
706 867 778 887 nunc
793 886 814 899 η
829 857 1022 894 Hieronymus,
1036 860 1082 894 qui
1095 868 1124 887 se
1133 859 1276 896 Theophili
1291 863 1503 890 commentarios
1517 863 1616 899 legisse

30 910 68 929 non
88 903 148 935 licet,
171 904 243 938 quod
260 905 348 931 multa
365 905 436 932 illius
457 911 540 939 opera
559 905 615 940 jam
638 906 776 940 perierint.
794 903 815 916 υ
828 903 968 938 professus
988 909 1040 938 est,
1065 910 1182 940 quatuor
1208 906 1258 934 has
1279 907 1397 935 rationes
1423 909 1613 944 expressisset,

29 948 95 976 fnum
108 957 226 984 expresse
247 951 354 977 notavit
372 949 506 978 Eusebius
521 950 595 978 Hist.
612 950 686 979 Eccl.
699 952 718 979 l.
731 959 777 985 in,
828 954 954 984 quartam
971 951 996 977 in
1009 951 1082 978 hunc
1096 951 1206 978 modum
1222 953 1335 986 protulit
1350 960 1357 979 :
1376 953 1480 988 Martyr
1491 953 1613 990 Ignatius

28 1002 45 1021 ς.
58 995 83 1021 56
96 1003 102 1020 '.
115 993 169 1022 οἶδε
181 995 209 1022 δὲ
220 996 306 1023 αὐτοῦ
321 996 351 1023 τὸ
369 996 517 1032 μαρτύριον
530 998 544 1024 ὁ
562 997 714 1033 Εἰρηναῖος,
732 998 768 1024 κα

874 1003 908 1020 tm
919 1000 1042 1030 quartam
1054 996 1159 1023 addidit
1169 1005 1288 1030 causam,
1300 1005 1348 1024 eur
1358 1006 1374 1024 a
1385 998 1541 1033 desponsata
1551 1009 1614 1027 con-

27 1041 65 1066 τῶν
77 1042 207 1068 ἐπιστολῶν
225 1042 312 1069 αὑτοῦ
331 1043 492 1078 μνημονεύει
510 1042 597 1077 λέγων
613 1043 699 1075 οὕτως
710 1052 716 1058 ·
735 1044 767 1070 Ὤ‹

875 1045 917 1066 tus
931 1040 975 1072 sit,
990 1045 1018 1067 ut
1035 1045 1140 1075 partus,
1158 1041 1288 1076 inquiens,
1306 1041 1362 1076 ejus
1376 1042 1506 1069 celaretur
1520 1043 1614 1071 diabo-

27 1084 69 1113 εἷτέ
77 1096 111 1118 τις
124 1088 172 1114 τῶν
185 1089 329 1125 ἡμετέρων
339 1089 383 1116 διὰ
399 1089 447 1124 τὴν
461 1089 528 1125 πρὸς
544 1089 610 1116 Θεὸν
627 1090 767 1126 μαρτυρίαι

874 1085 938 1111 dum
950 1094 1008 1112 eum
1023 1091 1099 1121 putat
1115 1095 1168 1114 non
1181 1087 1212 1114 de
1223 1088 1331 1122 virgine,
1345 1086 1389 1114 sed
1403 1088 1434 1115 de
1446 1096 1527 1116 uxore
1537 1097 1614 1125 gene-

28 1132 167 1168 γατιικριθεὶς
179 1133 247 1170 πρὸς
266 1134 363 1170 θηρία,
380 1134 421 1161 ὅτι
432 1143 439 1150 ·
456 1134 542 1168 Σῖτός
555 1136 613 1169 εὶμι
628 1136 712 1168 Θεοῦ,
728 1145 765 1163 κα

872 1138 926 1157 um.
939 1129 1006 1163 Quis
1023 1131 1094 1158 enim
1111 1139 1165 1159 non
1183 1132 1265 1166 videt,
1279 1132 1303 1160 si
1316 1132 1373 1160 hac
1387 1131 1569 1170 Hieronymus
1579 1143 1612 1163 ex

27 1176 53 1201 ει·
64 1178 173 1206 ὀδόντων
185 1180 296 1214 θηρίων
310 1179 466 1216 ἀλήθομαι,
482 1181 533 1208 ἵνα
546 1182 675 1216 καθαρὸς
688 1183 767 1217 ἄρτος

873 1177 980 1211 eophilo
995 1178 1176 1213 transcripsit,
1192 1185 1254 1206 eum
1270 1186 1320 1213 pro
1335 1186 1412 1207 more
1423 1186 1474 1207 suo
1491 1180 1613 1209 indicare

28 1223 117 1255 εὑρεθῶ.
144 1223 196 1252 Hoc
213 1230 265 1256 est.
286 1225 436 1260 interprete
453 1225 561 1254 Buﬂino
580 1234 586 1252 :
608 1226 666 1254 Scit
689 1233 768 1254 auten

873 1222 946 1250 uisse
960 1221 989 1250 S.
1003 1221 1186 1258 Theophilum
1208 1223 1266 1252 haec
1285 1224 1320 1252 ab
1345 1223 1450 1259 lgnatio
1469 1226 1612 1254 decessore

28 1272 45 1293 at
56 1267 150 1296 Irencus
165 1272 325 1305 martyrium
336 1271 406 1306 ejus,
420 1276 445 1299 et
459 1274 614 1300 mentionem
630 1273 696 1308 facit
710 1275 768 1301 scri-

870 1267 1026 1296 ihabuisse.
1038 1267 1160 1304 lgnatius
1172 1269 1246 1296 enim
1261 1269 1320 1304 ipse
1330 1277 1384 1297 non
1400 1270 1471 1299 hanc
1483 1277 1610 1307 quartam

27 1320 106 1346 piarum
120 1316 174 1351 (pro
186 1317 374 1353 epistolarum)
389 1317 446 1352 ejus
460 1326 505 1353 per
520 1319 575 1346 Ιιωε
591 1319 685 1347 verba;
698 1319 774 1348 ,ςίευι
826 1321 936 1341 causam
950 1313 1063 1347 addidit,
1079 1321 1166 1348 neque
1179 1313 1262 1341 ullam
1274 1322 1386 1342 causam
1398 1317 1520 1350 protulit,
1535 1325 1586 1345 cur
1596 1325 1612 1345 a

27 1360 85 1394 dixit,
97 1363 180 1396 inquit,
192 1364 304 1397 quidam
318 1371 350 1390 ea:
362 1365 459 1390 nostris
474 1373 521 1399 pro
536 1366 664 1400 martyrio
678 1365 764 1393 Christ

870 1364 990 1394 sponsata
1011 1364 1160 1394 conceptus
1176 1358 1258 1386 fuerit
1275 1359 1401 1388 Christus
1420 1369 1427 1387 :
1445 1362 1491 1390 sed
1504 1367 1610 1391 tantutu

28 1407 135 1434 4.1mm,
148 1410 179 1436 ad
200 1409 317 1437 ιεειίαδε
337 1419 346 1436 ε
359 1409 543 1444 Frumentum,
569 1419 615 1446 ego
637 1420 694 1438 mm
708 1411 774 1444 Dei;
825 1404 893 1431 dixit
910 1405 1094 1439 virginitatem
1110 1404 1202 1432 Mariae
1223 1405 1362 1433 diabolum
1386 1406 1514 1441 latuisse;
1540 1408 1612 1438 hanc

27 1451 137 1480 bestiarum
167 1456 290 1483 dentibus
322 1456 407 1483 motor
438 1461 463 1484 et
492 1457 613 1492 subigor,
643 1462 672 1484 ut
697 1459 767 1492 pani:

873 1458 915 1477 em
933 1450 1095 1477 sententiam
1111 1449 1208 1485 lguatii
1226 1454 1354 1485 tanquam
1378 1459 1488 1479 causam
1508 1453 1612 1482 addidit

27 1499 331 1534 mundusefficiarChristo.
343 1511 353 1526 ›
362 1500 423 1528 Haec
431 1506 520 1528 autem
528 1501 608 1528 verba
615 1500 774 1529 abEusebio
825 1495 1005 1530 Theophilus:
1017 1502 1098 1530 θυιυθ
1109 1496 1177 1523 adeo
1190 1503 1301 1523 causam
1312 1496 1383 1524 hanc
1394 1498 1519 1525 θητίδυίῑ
1532 1498 1612 1534 lgna-

28 1543 94 1571 (ἔγχεε
106 1551 235 1581 excerpta,
251 1551 398 1581 postquam
416 1546 508 1574 Graeca
522 1546 552 1574 S.
567 1546 659 1574 [renati
682 1555 775 1574 exem.
787 1555 809 1584 ο
825 1543 863 1571 tio
882 1537 1079 1578 Hieronymus;
1092 1541 1165 1577 quod
1189 1550 1253 1570 eum
1268 1543 1341 1571 illius
1355 1544 1496 1572 sententiae
1514 1550 1612 1572 aucto-

28 1590 87 1623 phria
101 1592 240 1626 perierunt,
265 1593 294 1620 in
320 1593 404 1620 veteri
424 1592 521 1620 Latina
540 1594 665 1620 versione
688 1593 777 1620 adhuc
826 1597 883 1616 rem
898 1593 1067 1623 agnosceret.
1080 1588 1159 1616 Certe
1170 1588 1226 1617 haec
1238 1589 1419 1625 Hieronymus
1431 1597 1463 1617 ex
1476 1598 1527 1618 suo
1539 1599 1610 1626 penu

28 1638 175 1670 reperiuntur,
192 1639 269 1673 LIII,
295 1647 321 1667 c.
335 1638 370 1666 28
390 1647 396 1665 :
417 1639 643 1672 Quemadmodum
669 1640 777 1675 quidam
825 1642 880 1662 non
900 1635 1026 1670 sumpsit,
1051 1634 1097 1662 sed
1120 1643 1135 1662 a
1157 1635 1242 1662 veteri
1264 1640 1478 1664 commentatore
1499 1637 1610 1673 hausit;

27 1684 47 1710 ιε
59 1686 138 1712 mm}
152 1686 234 1720 άίπίι,
252 1691 362 1722 prome,-
381 1687 538 1721 maﬂyrium
551 1687 580 1713 ίη
600 1687 681 1714 Deum
696 1689 776 1723 πιθα.
826 1689 892 1714 uno,
902 1681 1016 1714 scilicet,
1031 1689 1064 1709 ex
1079 1681 1142 1714 iliis,
1159 1689 1229 1715 quos
1244 1682 1302 1716 ipse
1313 1682 1339 1709 in
1353 1681 1613 1711 Pratiationenomi-

27 1731 103 1759 dicatus
131 1733 164 1759 ad
192 1733 309 1766 bestias,
335 1742 345 1758 ι
373 1733 498 1768 quoniam
528 1733 689 1767 frumentum
718 1742 777 1760 sum
825 1733 972 1764 nat,quem
985 1729 1067 1755 alium
1081 1727 1353 1764 quamTheophilum
1366 1729 1451 1758 fuisse
1464 1738 1519 1758 non
1531 1735 1610 1766 puto.

28 1774 110 1811 Christi,
120 1784 142 1805 et
155 1787 198 1814 per
206 1780 299 1807 dentes
313 1779 456 1806 bestiarum
473 1779 555 1806 molor
566 1785 594 1806 ut
607 1781 718 1807 mundus
729 1789 768 1815 pa-

871 1783 893 1802 m
906 1775 924 1802 S
952 1774 1085 1808 Basilius,
1100 1775 1223 1802 oratione
1245 1775 1274 1801 in
1294 1774 1391 1802 Natali
1406 1775 1506 1804 Christi
1530 1777 1611 1805 habi-

27 1824 175 1854 Iitinreniar.
194 1836 203 1853 ι
224 1827 385 1862 Eademque
407 1827 434 1854 in
452 1827 482 1854 S.
496 1827 590 1863 lgnatii
606 1828 726 1863 Epistola
742 1837 767 1856 at

875 1821 1000 1849 eumdem
1013 1822 1072 1848 sine
1080 1821 1164 1848 dubio
1176 1827 1314 1848 auctorem
1325 1821 1486 1856 respiciens,
1498 1823 1553 1850 ait:
1567 1823 1612 1849 Εῐ-

29 1867 136 1899 liomanos
160 1877 269 1900 exstant
285 1882 291 1899 :
307 1872 392 1906 Σῐτός
415 1873 472 1908 εἰμι
497 1873 550 1900 τοῦ
571 1873 644 1900 Θεοῦ
666 1874 714 1901 καὶ
739 1873 775 1900 δι’
826 1877 907 1904 ρηται
933 1867 962 1894 δὲ
985 1866 1039 1894 τῶν
1063 1866 1185 1894 παλαιῶν
1208 1875 1260 1893 τινι
1285 1866 1330 1893 καὶ
1352 1867 1445 1903 ἕτερος
1464 1867 1554 1902 λόγος.
1571 1869 1613 1896 δτι

26 1914 127 1943 ἰδόντων
148 1919 254 1952 θηρίων
281 1918 437 1952 (undenas,
464 1918 514 1945 ἵνα
536 1919 663 1952 καθαρὸς
688 1919 777 1954 ἄρτος
826 1913 896 1949 ὑπὲρ
921 1912 968 1940 τοῦ
992 1913 1082 1940 λαϐεῖν
1105 1913 1149 1940 τὸν
1173 1913 1291 1949 ἄρχοντα
1315 1912 1363 1940 τοῦ
1391 1913 1490 1946 αἰῶνος
1517 1914 1612 1943 τούτου

27 1960 80 1988 Θεοῦ
90 1963 196 1997 εὑρεθῶ.
825 1960 874 1996 τὴν
897 1960 1044 1996 παρθενίαν
1060 1960 1109 1995 τῆς
1125 1960 1234 1996 Μαρίας
1259 1961 1276 1996 ὴ
1293 1961 1339 1987 τοῦ
1363 1961 1461 1997 Ἰωσὴφ
1477 1962 1612 2000 ἐπενοήθη

51 2004 268 2036 Luculentissimis
291 2008 366 2036 hisce
380 2007 546 2036 testimoniis
569 2013 624 2036 tres
637 2010 777 2044 conjectu-
828 2007 967 2043 μνηστεία-
996 2006 1064 2034 Cum
1081 2007 1153 2034 enim
1175 2012 1229 2034 "05
1242 2014 1340 2034 Causas
1362 2007 1508 2042 mulis-iet.
1526 2017 1612 2044 ψητ-

28 2057 59 2077 ns
77 2052 267 2089 subjungendas
288 2053 391 2088 putavi,
414 2060 447 2080 ex
470 2048 575 2080 eodem
587 2054 686 2081 saeculo
709 2055 778 2089 peti-
827 2061 881 2082 tam
898 2054 937 2081 sic
953 2052 1075 2088 adjungit
1092 2062 1099 2080 :
1113 2052 1176 2080 Alia
1193 2058 1280 2080 autem
1296 2053 1366 2079 ratio
1387 2061 1403 2080 a
1417 2058 1533 2082 veterum
1546 2063 1613 2091 quo-

27 2099 57 2122 ωε
70 2105 75 2121 ε
89 2105 141 2132 qua:
165 2099 187 2126 si
216 2099 335 2127 eruditis
359 2099 493 2134 placeant,
525 2099 593 2126 bene
625 2104 683 2133 est;
709 2099 776 2127 mihi
826 2099 888 2126 dam
899 2098 1005 2133 prolata
1021 2103 1070 2131 est,
1086 2098 1155 2133 quod
1172 2103 1201 2125 ut
1217 2099 1360 2133 principem
1376 2099 1454 2135 hujus
1466 2101 1557 2128 saeculi
1570 2101 1612 2128 la-

26 2145 81 2168 certe
97 2142 202 2176 placent,
228 2148 258 2170 ut
283 2143 458 2178 conjectum,
486 2142 599 2175 scilicet,
616 2150 705 2177 neque
722 2142 776 2169 alio
828 2150 889 2172 teret
908 2145 1046 2179 uirginitas
1059 2144 1164 2177 Moriar,
1178 2144 1346 2179 desponsatio
1361 2145 1468 2181 Iosephi
1481 2151 1520 2174 est
1534 2154 1613 2174 exeo-

26 2188 112 2215 nomine
123 2196 249 2224 propono.
277 2188 453 2224 Smyrnensis
464 2188 592 2217 Ecclesia:
603 2188 727 2223 epistola,
742 2188 776 2216 li-
827 2191 922 2226 gitata.
949 2190 1006 2217 Non
1026 2190 1109 2226 igitur
1132 2189 1293 2218 Theodorus
1314 2189 1375 2224 fuit,
1398 2199 1452 2218 non
1473 2191 1613 2226 Apollina-

25 2236 57 2257 oet
67 2233 88 2259 in
100 2235 219 2270 martyrio
232 2235 262 2262 S.
274 2234 416 2271 Polycarpi
429 2235 589 2263 celebrando
603 2235 774 2270 potissimum
793 2226 814 2254 Ῑ)
829 2237 897 2269 rius,
908 2243 962 2263 non
983 2235 1130 2271 Didymus;
1146 2235 1173 2262 hi
1188 2237 1259 2263 enim
1276 2243 1371 2264 omnes
1387 2236 1416 2264 S.
1432 2236 1534 2265 Basilio
1548 2245 1614 2273 syn-

26 2283 133 2311 versetur.
153 2285 239 2309 tamen
262 2286 290 2309 et
303 2280 457 2308 Germanici
472 2281 574 2308 exitum
590 2281 707 2309 breviter
726 2280 774 2308 dc-
828 2281 924 2309 chroni
938 2281 1024 2314 fuere,
1040 2281 1087 2308 sed
1107 2281 1149 2308 vel
1170 2280 1343 2317 Hippolytus,
1355 2281 1398 2309 vel
1411 2281 1554 2318 Origenes,
1568 2284 1612 2311 vel

26 2324 109 2358 scribit,
121 2327 174 2361 qui,
192 2329 265 2356 velut
281 2327 349 2355 alter
364 2327 495 2363 lgnatius,
515 2328 656 2363 ἐπισήμως
672 2327 777 2363 ὲθηριο-
828 2328 1005 2364 Theophilus,
1018 2328 1089 2362 quod
1099 2327 1189 2363 potius
1200 2335 1271 2355 reor.
1281 2327 1426 2364 Utcunque
1436 2329 1482 2362 sit,
1494 2329 1614 2364 scriptor

28 2370 120 2405 μάχησε,
142 2374 250 2408 gloriose
276 2377 401 2410 pugnavit
429 2375 464 2402 ad
489 2375 594 2402 bestias.
613 2374 682 2401 Cum
703 2374 776 2401 enim
827 2375 873 2403 ille
884 2375 929 2410 qui
942 2382 957 2401 a
973 2373 1001 2401 S.
1017 2373 1116 2402 Basilio
1136 2373 1266 2408 antiquus
1282 2374 1435 2408 dicebatur,
1452 2375 1525 2402 haud
1539 2375 1613 2410 inju-

27 2420 146 2449 proconsul
161 2429 220 2448 eum
239 2422 275 2448 ab
295 2422 379 2449 animi
403 2421 543 2457 proposito
568 2420 707 2448 retrahere
731 2427 778 2447 co-
828 2421 895 2448 riaa
909 2420 988 2448 nobis
1002 2419 1122 2448 secundo
1136 2420 1236 2448 saeculo
1255 2420 1422 2447 vindicatur.

27 2469 125 2497 naretur,
149 2467 232 2502 ἑαυτῷ
261 2467 437 2494 ἐπεσπάσατο
458 2467 488 2494 τὸ
504 2467 596 2502 θηρίον
614 2465 767 2502 προσϐιασάι

870 2467 947 2494 Porro
966 2467 1138 2502 Peregrinus,
1157 2467 1214 2495 sive
1225 2466 1349 2500 Proteus,
1361 2474 1394 2494 ex
1406 2467 1516 2495 ethnico
1528 2468 1610 2497 Chri-

28 2516 98 2541 μενος,
113 2511 242 2546 inquiunt,
261 2513 346 2547 feram
375 2513 409 2539 ad
426 2521 452 2539 se
473 2512 596 2544 attraxit,
619 2512 643 2539 vi
659 2511 776 2546 ndigens.
828 2513 944 2546 stianus,
959 2520 991 2540 ex
1007 2512 1163 2540 Christiano
1173 2512 1302 2548 Cynicus,
1316 2512 1371 2547 igni
1388 2520 1417 2540 se
1429 2513 1540 2541 tradidit
1552 2515 1611 2542 val-

27 2553 113 2585 Quibus
125 2559 207 2586 verbis
220 2559 348 2586 existimo
367 2557 518 2586 Ecclesiam
538 2557 730 2592 Smyrncnsem
744 2557 777 2584 ad
828 2558 861 2586 de
875 2566 971 2591 senex;
988 2557 1022 2585 de
1036 2565 1090 2592 quo
1101 2557 1234 2585 Eusebius
1247 2557 1274 2584 in
1285 2556 1422 2584 Chronico
1435 2557 1468 2585 ad
1484 2558 1610 2593 quintum

27 2601 145 2632 epistolam
157 2603 184 2631 S.
200 2604 294 2639 lgnatii
306 2604 421 2631 omnino
434 2603 597 2638 respexisse,
616 2603 684 2631 etin
696 2602 778 2630 simili
829 2604 911 2632 Marci
927 2624 934 2637 ,
955 2604 1030 2638 Apud
1052 2603 1130 2631 Pisas
1154 2603 1312 2638 Peregrinus
1338 2602 1507 2638 philosophus
1531 2613 1610 2640 rogo.

28 2648 144 2680 proposito
156 2650 245 2678 eodem
257 2650 391 2678 vocabulo
403 2650 442 2678 uti
455 2650 584 2678 voluisse.
596 2649 633 2676 lta
648 2649 720 2676 enim
734 2648 778 2675 ille
829 2659 902 2685 quem
915 2657 947 2677 es:
962 2649 1040 2684 lignis
1057 2654 1247 2684 composuerat,
1270 2649 1374 2676 incenso
1392 2649 1506 2684 seipsum
1520 2658 1612 2685 super-

29 2691 54 2715 ad
67 2691 198 2727 Romanos,
213 2695 246 2722 de
256 2695 322 2723 feris
335 2695 435 2731 quibus
449 2695 618 2730 objiciendus
632 2693 682 2721 fuit
697 2703 703 2720 ι
721 2693 778 2720 Κᾶν
829 2695 928 2729 injecit.
945 2694 1013 2722 Cum
1024 2695 1097 2722 enim
1113 2693 1263 2721 vilissimus
1275 2693 1421 2721 homuncio
1436 2694 1531 2722 insana
1543 2702 1612 2729 qua-

29 2737 83 2764 αὺτὰ
95 2738 118 2765 δὲ
133 2739 226 2768 ἄκοντα
243 2743 279 2778 μὴ
294 2741 358 2777 θέλῃ
374 2740 428 2775 ἐγὼ
445 2740 653 2777 προσϐιάσομαι’
672 2739 740 2775 quad
755 2748 767 2766 ⁵

869 2748 890 2766 m
902 2740 994 2775 gloria:
1006 2739 1151 2775 cupiditate
1163 2735 1346 2773 ﬂagraret,ita
1358 2747 1386 2768 se
1399 2740 1493 2775 gessit,
1509 2745 1538 2767 ut
1549 2747 1609 2767 eam

30 2782 82 2814 forte
94 2785 149 2818 ipsa
160 2788 323 2819 recusabant,
337 2796 384 2823 ego
394 2796 438 2814 eas
448 2788 472 2814 vi
485 2785 779 2822 adigam.S.Theophi-
829 2793 911 2821 quam
930 2790 1033 2821 posset,
1048 2785 1195 2812 maximam
1217 2783 1269 2811 sibi
1284 2785 1452 2814 conciliaret.
1468 2786 1612 2821 Excogita-

30 2826 72 2859 lus.
81 2835 164 2860 sextus
171 2833 360 2862 Antiochensis
372 2834 501 2862 Ecclesiae
512 2834 666 2868 episcopus,
674 2836 736 2867 post
749 2831 777 2859 S.
829 2832 868 2859 vit
879 2836 969 2859 autem
982 2832 1009 2859 id
1023 2832 1095 2867 quod
1107 2831 1174 2859 nulli
1186 2839 1305 2868 unquam
1317 2831 1480 2867 philosopho
1494 2832 1522 2860 in
1533 2839 1611 2859 men—

30 2871 139 2908 'Znalium
151 2884 269 2915 quartus,
277 2881 386 2917 scripsit
398 2881 425 2908 in
434 2879 463 2908 S.
472 2879 625 2908 Matthaeum
634 2876 780 2906 Commen-
831 2882 884 2906 tem
897 2878 971 2906 venit
983 2887 990 2906 ε
1004 2878 1251 2915 epistolasjamjam
1275 2878 1429 2909 moriturus.
1438 2878 1470 2906 ad
1490 2877 1611 2914 insignes
