1874 3070
234 177 271 206 79
749 168 777 196 S.
797 165 970 196 lCNATlUS.
991 181 1026 188 —
1046 167 1311 197 PROLEGOMENA.
1851 155 1860 185 1

234 237 354 266 maxime
367 234 508 267 civitates,
532 236 558 259 et
578 231 652 259 viros
671 229 806 265 quosdam
823 228 897 255 velut
920 227 1024 262 legatos
1038 227 1063 257 Δ
1077 227 1168 260 tritus,
1182 223 1413 260 locupletissimus
1429 221 1509 249 nobis
1523 220 1602 248 testis
1615 223 1667 247 est.
1682 217 1708 247 Is
1719 216 1815 246 enim

234 285 325 316 misit;
341 287 371 310 ut
385 281 468 317 igitur
479 280 541 315 igne
553 277 696 305 llerculem
709 281 757 303 aut
770 274 974 310 Empedoclem,
987 274 1025 301 ita

234 329 356 366 epistolis
367 349 375 361 ,
391 332 418 355 et
438 325 534 362 legatis
552 324 581 352 S.
599 323 734 359 lgnatium
752 326 876 349 nostrum
896 320 930 347 de
946 320 1026 347 indu-

235 377 302 405 stria
318 375 454 402 imitatum
467 380 528 400 esse
536 371 699 399 nebulonem
714 368 813 400 sentio,
828 371 856 395 et
869 367 950 402 hujus
961 374 1026 394 con-

234 425 348 459 jecturae
359 421 492 448 rationem
505 418 618 446 minime
633 417 766 444 incertam
783 415 877 442 reddo.
892 413 1026 441 Christia—

238 478 300 498 nam
316 468 475 503 rcligionem
496 465 548 493 sub
562 464 682 491 Adriano
704 461 843 497 professus
867 463 926 487 erat
947 459 1028 487 Pete-

237 517 344 552 grinns,
360 518 386 541 et
402 521 456 540 non
469 510 633 538 mediocrem
654 509 726 535 inter
748 506 1028 534 Christianos.aucto—

237 551 345 589 ritatem
367 560 418 587 sibi
438 560 656 593 comparaverat,
677 554 747 581 unde
763 553 789 580 in
810 552 918 579 vincula
936 551 1028 585 conje-

237 613 298 635 ctus
313 607 400 634 factus
412 609 453 632 est
466 602 608 631 confessor
623 600 722 628 nobilis
733 620 740 632 ,
756 604 782 626 et
802 598 835 626 ad
856 606 918 625 eum
935 597 1028 625 suble-

237 654 354 681 vandum
370 650 575 687 quamplurimi,
589 648 671 675 etiam
685 647 710 673 οἱ
732 648 761 673 εν
777 645 858 678 τέλει,
871 643 1027 679 presbyteri,

236 700 414 735 episcopique,
433 697 554 730 undique
566 693 758 722 convolabant.
770 690 929 726 Martyrium
946 688 1028 724 igitur

237 733 331 773 subire
346 744 465 771 maxime
478 741 545 768 velle
557 739 710 769 videbatur,
725 741 752 764 et
771 734 918 770 proconsul
932 733 1028 769 Syriae,

236 800 299 819 cum
322 789 484 824 intelligeret
504 788 546 813 ὃτι
562 785 662 819 δέξαιτ’
679 784 713 811 ἂν
729 782 874 809 ἀποθανεῖν
889 780 926 812 ὡς
951 779 1031 813 δόξαν

237 839 283 866 ἐπὶ
300 837 386 872 τούτῳ
404 835 534 866 ἐπιλίποι,
553 833 620 865 quod
639 831 708 858 mori
730 833 850 864 cuperet,
866 833 895 855 ut
912 827 972 854 inde
984 827 1030 862 fa-

237 892 307 910 mam
319 882 431 918 posteris
444 880 611 915 relinqueret,
620 885 682 906 eum
695 884 781 912 pmna‘.
792 874 957 903 snbdnxitet
968 882 1012 901 eat
1024 888 1030 894 -

1077 273 1183 301 decimo
1200 271 1293 299 Severi
1308 277 1390 300 anno,
1405 268 1485 295 tertio
1497 267 1598 295 saeculo
1605 266 1662 301 jam
1675 265 1819 294 ineunte,
1835 261 1860 289 C

1078 319 1210 348 techeseon
1219 324 1288 352 opus
1302 323 1458 351 aggressus,
1475 311 1682 348 adhucjuvenis
1694 309 1853 337 Homilias

1080 364 1109 393 S.
1123 365 1222 392 Lucam
1238 362 1347 397 scripsit
1362 369 1431 397 quas
1445 361 1640 394 interpretatus
1659 362 1701 385 est
1725 356 1764 384 S.
1787 354 1860 382 Hier

1082 419 1190 448 nymus.
1204 409 1324 438 llomilia
1340 411 1429 434 autem
1441 410 1517 434 sexta
1527 406 1583 432 hmc
1596 404 1712 438 legimus
1727 411 1736 429 :
1761 400 1860 434 Elega

1082 464 1120 486 ter
1141 459 1169 485 in
1189 455 1326 491 cujusdam
1349 453 1473 488 martyris
1490 451 1600 485 epistola
1621 450 1758 483 scriptum
1782 453 1860 480 repet

1082 504 1217 540 lgnatinm
1232 503 1302 534 dico,
1314 502 1463 535 episcopum
1476 497 1622 525 Antiochix
1632 500 1691 530 post
1704 494 1841 522 Petrum
1855 499 1860 517 Α

1078 549 1204 581 cumtum,
1224 548 1269 583 qui
1284 548 1311 573 in
1326 546 1504 581 persecutione
1520 543 1608 570 Roma'
1626 541 1763 577 pugnatit
1780 539 1823 565 ad
1846 537 1860 563 b

1078 593 1143 621 stias
1156 601 1165 619 :
1184 603 1192 618 ι
1208 582 1358 626 Principem
1369 590 1460 618 δίει-ιιιὶ
1473 589 1550 623 Imjus
1565 587 1643 614 latuit
1654 584 1812 621 virginitas
1830 582 1860 608 Η

1078 641 1135 667 τίω.
1157 649 1166 664 ι
1184 638 1222 666 lta
1245 646 1318 665 nunc
1340 637 1456 672 legimus
1477 636 1503 662 in
1527 634 1647 669 Epistola
1670 633 1705 659 ad
1722 629 1860 666 Ephesio

1078 686 1186 714 ἔλαθεν
1201 683 1256 711 τὸν
1269 683 1399 718 ἄρχοντα
1415 681 1467 708 τσῦ
1483 680 1589 712 ιιῑῶνος
1605 679 1713 705 τούτου
1731 677 1754 710 ἡ
1777 675 1860 709 zajt‘

1079 732 1129 761 Λα
1143 731 1267 765 Μαρίας.
1287 729 1370 757 Vetus
1387 728 1523 762 Interprcs
1541 735 1548 752 ι
1564 726 1655 752 Latuit
1668 724 1833 759 principem
1842 731 1860 748 Si

1079 777 1133 806 tuli
1156 777 1240 812 Jtujus
1265 775 1404 810 virginitas
1429 773 1536 800 Maritc.
1559 772 1632 799 ldem
1651 770 1798 805 Origenes
1820 774 1860 795 nat

1079 825 1208 861 grandior
1219 823 1428 852 Commentarios
1442 823 1468 848 in
1477 821 1616 849 Canticum
1625 819 1750 853 scripsit,
1773 818 1807 844 in
1821 825 1857 851 qu

1081 879 1140 899 rum
1157 871 1273 906 Prologo
1290 870 1347 897 hzec
1358 869 1473 904 legimus
1486 877 1492 895 :
1503 867 1620 902 Denique
1635 865 1816 893 meminimus
1835 862 1860 889 ul

237 937 298 957 cere
313 909 447 956 liberavit.
462 926 495 953 Et
515 909 625 960 quidem
649 927 741 958 postea
754 922 889 958 gloriosus
903 921 948 947 hic
960 927 1027 947 con~
1044 913 1065 940 Β
1080 927 1155 953 quem
1172 923 1323 945 sanctorum
1339 917 1448 948 dixisse,
1466 914 1601 950 lgnatinm
1614 911 1732 943 nomine,
1748 910 1788 936 de
1804 909 1860 936 Chr

237 976 325 1003 fessor
337 982 369 1001 cx
385 972 506 1001 Ecclesia
521 972 624 1006 eiectus
639 974 695 1002 est;
711 969 757 996 sed
771 968 835 995 dum
849 967 894 993 illa
910 966 961 994 sub
976 965 1026 1001 Sy-

237 1025 284 1051 riae
296 1021 458 1058 proconsule
469 1027 567 1055 passus
581 1024 634 1050 est,
651 1025 705 1044 non
723 1017 809 1052 potuit
822 1024 884 1048 eum
899 1015 983 1045 Latere
996 1014 1025 1042 S.

238 1067 334 1104 lgnatii
349 1067 433 1098 fama,
450 1065 530 1100 cujus
549 1063 669 1098 reliqnize
684 1066 759 1089 tanta
775 1069 837 1088 cum
854 1060 1027 1087 veneratione

239 1113 388 1140 Antiochiae
402 1113 571 1139 conservata:
588 1113 670 1141 sunt;
687 1113 714 1135 et
734 1115 796 1134 cum
814 1111 854 1133 tot
867 1114 900 1133 ex
914 1106 978 1133 Asia
993 1105 1027 1132 ad

239 1168 300 1186 eum
316 1159 343 1186 in
367 1164 476 1186 carcere
498 1156 636 1183 detentum
658 1153 842 1185 confluerent,
864 1152 923 1179 sine
945 1151 1027 1178 dubio

240 1204 336 1240 Ignatii
351 1202 443 1230 omnia
469 1200 619 1236 saepissime
643 1198 940 1227 commemorabantur.
964 1191 1027 1224 1)ιέ-

239 1250 298 1278 cuit
313 1249 404 1284 itaque
422 1247 592 1282 ineptissimo
603 1246 672 1279 viro,
687 1245 721 1272 ab
735 1243 854 1271 Ecclesia
867 1243 963 1279 ejecto,
976 1249 1002 1271 et
1012 1251 1028 1270 a

241 1294 540 1330 philosophis-recepto,
553 1291 622 1319 mori
637 1290 746 1326 quidem
762 1294 892 1325 tanquam
905 1289 1027 1324 philoso-

241 1341 337 1376 phum,
362 1339 461 1366 famam
479 1343 568 1365 autem
592 1337 688 1364 eodem
706 1336 786 1363 modo
806 1335 957 1370 acquirere,
974 1343 1028 1371 quo

241 1385 419 1422 acquisivisse
438 1384 570 1420 lgnatium
589 1384 708 1418 putavit;
727 1382 859 1417 epistolas
878 1386 941 1409 ante
955 1389 1029 1408 mor-

243 1439 297 1461 tem
308 1433 341 1460 ad
356 1432 478 1460 civitates
491 1430 678 1458 nobilissimas
691 1429 840 1462 exarando,
852 1433 878 1456 et
890 1429 958 1456 tales
969 1436 1029 1455 om-

241 1481 308 1508 nino
321 1479 395 1506 viros
408 1476 590 1509 instituendo,
605 1475 700 1510 quales
720 1475 796 1502 illum
816 1474 915 1509 szepius
931 1478 1029 1508 postu-

242 1525 313 1553 lasse
323 1528 446 1552 noverat.
461 1523 518 1550 lloc
530 1530 617 1549 veroa
631 1521 752 1548 Luciano
766 1520 955 1548 disertissimis
969 1527 1029 1547 ver-

242 1570 284 1599 bis
300 1570 465 1604 descriptum
479 1572 522 1595 est
546 1567 573 1594 in
589 1566 733 1601 Peregrina
758 1573 809 1593 suo
823 1575 830 1593 ι
845 1565 912 1591 Φασὶ
929 1565 957 1591 δὲ
974 1565 1028 1592 πά-
1042 1582 1064 1612 C

242 1626 303 1649 σαις
319 1615 411 1651 σχεδὸν
428 1616 487 1646 ταῖς
503 1613 619 1645 ἐνδόξοις
628 1612 735 1639 πόλεσιν
752 1611 896 1643 ἐπιστολὰς
912 1610 1028 1646 διαπέμ-

241 1663 290 1699 ψαι
307 1662 397 1694 αὐτὸν,
414 1661 544 1696 διαθήκας
561 1659 646 1691 τινὰς,
665 1658 712 1685 καὶ
729 1658 912 1694 παραινέσεις,
931 1657 977 1685 καὶ
987 1658 1030 1684 νό-

243 1717 310 1744 μους
322 1728 329 1740 ,
346 1707 393 1734 καί
409 1714 484 1737 τινας
501 1704 547 1731 ἐπὶ
571 1704 672 1730 τούτων
694 1703 863 1739 πρεσϐευτὰς
880 1702 933 1729 τῶν
958 1702 1030 1730 ἑταί-

242 1763 297 1790 ρων
314 1752 510 1788 ἐχειροτόνησε,
530 1750 725 1786 νεκραγγέλους
742 1749 787 1776 καὶ
803 1749 1029 1785 νερτεροδρόμους

243 1797 475 1834 προσαγορεύσας.
484 1797 565 1823 Aiunt
582 1801 668 1822 autent
679 1804 739 1822 eum
750 1796 785 1821 ad
793 1804 880 1822 omnes
895 1795 947 1830 fere
959 1803 1029 1830 prte-

242 1843 330 1870 claras
347 1843 466 1869 civitates
489 1841 615 1877 epistolas
636 1841 755 1873 misisse,
779 1842 878 1868 monita
897 1843 1027 1876 quwdam,

241 1889 444 1922 exhortationes,
461 1893 538 1923 atque
550 1888 618 1922 leges
633 1895 641 1914 :
658 1892 682 1914 et
697 1894 728 1913 ea:
740 1888 817 1913 sociis
833 1888 888 1914 suis
900 1888 931 1914 dc
943 1887 983 1914 Itis
993 1887 1030 1914 le-

243 1941 317 1971 gatos
330 1935 472 1967 ordinauit,
487 1943 503 1961 a
519 1934 629 1960 mortuis
646 1933 761 1966 nuntios,
779 1938 802 1960 et
816 1933 847 1960 ab
863 1934 955 1968 inferis
967 1942 1029 1960 car-

243 1990 313 2010 sores
332 1981 478 2016 appellans.

278 2027 417 2055 Habemus
431 2027 475 2054 hic
488 2026 619 2061 epistolas
639 2033 654 2053 a
665 2026 779 2061 jamjam
797 2026 928 2054 morituro
943 2027 976 2054 ad
989 2027 1030 2055 in-

243 2073 380 2108 signiores
403 2072 527 2100 civitates
550 2072 650 2099 missas
661 2092 669 2104 ,
685 2080 747 2098 cum
766 2072 1005 2101 exhortationibus
1021 2081 1028 2100 :

243 2121 316 2155 quod
330 2119 393 2147 fecit
410 2118 439 2146 S.
453 2119 582 2154 lgnatius,
593 2127 682 2153 neque
694 2123 755 2146 ante
770 2118 944 2154 Peregrinum
962 2127 1030 2154 pra:-

243 2172 284 2194 ter
299 2173 373 2198 cum,
386 2164 495 2199 opinor,
512 2163 658 2198 quisquam
673 2171 679 2190 :
696 2163 828 2191 habemus
845 2165 918 2190 viros
935 2172 966 2192 ex
982 2172 1029 2192 so-

242 2214 293 2241 ciis
307 2213 363 2241 suis
374 2212 513 2239 institutos
526 2215 654 2244 tanquam
667 2210 770 2245 legatos
781 2219 787 2236 :
800 2210 915 2243 scilicet,
927 2212 1030 2246 ἐχειρο-

1077 970 1117 991 sto
1138 972 1146 991 :
1171 973 1180 989 ι
1208 963 1281 990 Meus
1301 967 1389 989 autent
1411 969 1487 988 amor
1507 959 1651 994 crucifixus
1666 962 1718 989 est,
1731 967 1742 983 ›
1762 964 1817 983 nec
1844 964 1860 982 rt

1077 1011 1202 1046 pre/tendi
1226 1018 1284 1037 eum
1307 1017 1355 1044 pro
1376 1008 1424 1035 Imc
1444 1008 1553 1043 dignum
1577 1006 1677 1040 iudico.
1697 1004 1765 1031 Haec
1786 1007 1860 1030 autet

1078 1057 1160 1083 verba
1179 1057 1206 1082 in
1223 1055 1345 1090 Epistola
1363 1055 1395 1082 ad
1415 1054 1556 1081 Romanos
1574 1052 1665 1080 adhuc
1683 1051 1860 1086 reperiuntur

1084 1103 1110 1128 Ὀ
1126 1099 1196 1136 ἐμὸς
1211 1103 1284 1136 ἔρως
1299 1101 1489 1134 ἐσταύρωται.
1508 1099 1592 1126 Vetus
1608 1098 1766 1132 interpres:
1787 1097 1860 1123 lleut

1078 1149 1236 1176 desiderium
1252 1147 1408 1182 cruciﬁxum
1424 1151 1472 1173 est.

1113 1193 1207 1228 Quarti
1225 1193 1316 1221 saeculi
1330 1214 1336 1226 ,
1355 1201 1422 1220 sane
1443 1191 1638 1224 florentissimi,
1657 1196 1687 1218 ιιι
1705 1190 1800 1217 multo
1820 1189 1860 1224 pit

1079 1248 1123 1268 res
1148 1240 1349 1268 ecclesiasticos
1375 1239 1540 1273 scriptores,
1557 1238 1595 1264 ita
1612 1241 1639 1263 et
1663 1236 1860 1272 lgnatianOrut

1079 1291 1162 1314 testes
1179 1286 1320 1313 habemus.
1340 1284 1440 1312 Eorum
1458 1285 1563 1319 primus
1583 1284 1648 1310 mihi
1666 1283 1780 1318 quidem
1801 1282 1860 1308 vide

1080 1336 1124 1360 tur
1142 1332 1186 1359 ille
1199 1353 1206 1364 ,
1233 1331 1358 1366 quisquis
1381 1335 1423 1358 est
1434 1330 1508 1364 ,‘qui
1526 1329 1675 1364 Dionysius
1701 1327 1856 1363 Areopagit

1079 1378 1161 1413 vulgo
1178 1378 1353 1410 nominatur;
1372 1384 1426 1404 non
1443 1377 1524 1411 longe
1540 1375 1614 1403 enim
1637 1375 1672 1402 ab
1689 1375 1770 1402 initio
1790 1374 1859 1408 hnju

1079 1425 1130 1451 aevi
1146 1432 1208 1451 eum
1226 1424 1372 1458 scripsisse
1389 1423 1487 1450 sentio.
1506 1421 1553 1449 ille
1570 1425 1661 1449 autem
1678 1421 1751 1448 libro
1769 1419 1810 1447 De
1832 1419 1860 1446 di

1078 1470 1146 1496 vinis
1157 1470 1318 1501 nominibus,
1337 1469 1370 1496 dc
1388 1476 1481 1496 amore
1497 1468 1642 1503 disputans
1655 1488 1662 1500 ,
1680 1471 1708 1494 et
1724 1466 1860 1501 Origencn

1079 1523 1198 1551 sequens
1212 1535 1218 1546 ,
1246 1516 1281 1542 ita
1299 1515 1419 1550 loquitur
1437 1524 1444 1541 :
1462 1514 1558 1541 Καίτοι
1575 1513 1648 1546 ἐδοξέ
1665 1522 1720 1539 τισι
1736 1512 1794 1539 τῶν
1812 1512 1860 1539 καᾶ

1079 1562 1152 1598 ἡμᾶς
1170 1561 1314 1597 ζερολὸγων
1339 1561 1385 1587 καὶ
1411 1560 1544 1596 θειότερον
1569 1557 1638 1586 εἶναι
1655 1559 1685 1586 τὸ
1703 1559 1751 1586 τοῦ
1769 1560 1860 1595 ἔρωτα

1079 1607 1163 1643 ὄνομα
1179 1607 1225 1634 τοῦ
1242 1608 1290 1642 τῆς
1308 1607 1425 1642 ἀγάπης·
1443 1606 1543 1642 γράφει
1559 1606 1586 1632 δὲ
1603 1605 1650 1632 καὶ
1666 1606 1680 1631 ὁ
1697 1605 1769 1637 θεῖος
1787 1605 1860 1639 ’ἰγνὰη

1078 1662 1134 1685 τιος
1146 1662 1152 1668 ·
1177 1654 1203 1679 '0
1219 1653 1289 1687 ἐμὸς
1305 1653 1378 1687 ἔρως
1393 1653 1584 1687 ἐσταύρωται.
1609 1652 1699 1679 Visum
1713 1656 1752 1680 est
1775 1652 1858 1687 aliqui

1079 1700 1126 1726 bus
1144 1704 1241 1726 nostra!
1265 1699 1352 1726 celatis
1371 1699 1455 1725 sacris
1480 1698 1654 1732 scriptoribus
1672 1698 1773 1725 amoris
1791 1706 1860 1732 quam

1080 1747 1218 1773 cltaritatis
1229 1754 1322 1773 nomen
1335 1746 1449 1772 divinius
1464 1753 1530 1772 esse.
1546 1744 1644 1772 Scribit
1662 1750 1750 1771 autem
1763 1749 1788 1771 et
1802 1745 1860 1770 diri-

1083 1800 1133 1820 nus
1161 1791 1283 1828 Ignatius
1298 1800 1307 1819 :
1326 1801 1335 1818 ‹
1350 1792 1515 1832 Αηιοιχηιιιιιδ
1527 1791 1671 1826 cruciﬁxus
1692 1795 1739 1818 est.
1753 1800 1763 1816 ι
1783 1789 1860 1825 llujm‘

1085 1844 1176 1866 autem
1193 1838 1244 1865 viri
1262 1839 1341 1873 longe
1357 1837 1520 1871 doctissimi,
1539 1836 1562 1865 si
1579 1837 1657 1864 initio
1674 1837 1757 1872 hujus
1776 1836 1860 1864 szeculi

1080 1891 1175 1912 revera
1202 1884 1351 1919 scripserit,
1371 1888 1401 1910 ut
1418 1884 1599 1915 arbitramur.
1617 1883 1860 1911 lueulentissimnm

1080 1929 1266 1957 testimonium
1284 1934 1340 1962 est;
1368 1929 1493 1964 quisquis
1514 1934 1604 1957 autem
1623 1929 1720 1962 fuerit,
1739 1931 1800 1957 sive
1817 1930 1850 1956 hu

1079 1976 1134 2012 ius,
1152 1976 1210 2004 sive
1226 1976 1364 2011 sequentis
1381 1976 1430 2003 aevi
1448 1976 1575 2011 scriptor,
1593 1976 1670 2003 varia
1688 1976 1721 2003 de
1737 1976 1793 2004 hoc
1810 1977 1860 2010 ipsa

1079 2022 1140 2049 loco
1156 2022 1299 2049 hominum
1316 2021 1420 2056 judicia
1437 2021 1640 2057 lgnatianorutn
1659 2022 1858 2052 auctoritatem.

1080 2073 1110 2095 ut
1125 2067 1253 2102 deinceps
1270 2067 1461 2101 ostendemus,
1480 2068 1627 2102 plurimum
1651 2067 1859 2095 conﬁrmabunt.

1116 2112 1258 2140 Secundus
1280 2112 1362 2147 hujus
1388 2113 1437 2139 πῖνὶ
1464 2113 1540 2139 testis
1556 2118 1598 2139 est
1615 2111 1749 2139 Eusebius
1774 2112 1857 2140 Caesa-

1080 2159 1179 2186 riensis
1195 2158 1356 2193 episcopus,
1381 2158 1427 2193 qui
1445 2158 1545 2185 multos
1573 2156 1699 2193 Origenis
1715 2158 1858 2193 discipulos

1080 2205 1158 2232 vidit.
1177 2204 1202 2232 ls
1218 2209 1307 2232 autem
1325 2212 1386 2232 cum
1405 2204 1526 2239 singulos
1543 2204 1704 2231 nominatim
1722 2211 1856 2231 recensent

243 2259 338 2294 τόνησε
362 2255 550 2293 πρεσϐευτάς,
568 2256 648 2290 plane
674 2259 702 2282 ut
727 2255 799 2290 apud
826 2256 958 2290 lgnatium
981 2264 1028 2284 no-

1083 2260 1134 2279 non
1153 2255 1252 2286 posset,
1265 2251 1311 2285 qui
1329 2251 1424 2285 primis
1441 2250 1595 2285 apostolica:
1605 2251 1857 2278 successionistem-

243 2310 330 2334 strum
342 2303 456 2338 epistola
477 2301 510 2328 ad
529 2301 694 2336 Smyrnaeos,
715 2301 901 2336 χειροτονῆσαι
918 2303 1029 2338 Θεοπρε-

244 2347 370 2384 σὸευτήν,
386 2352 413 2375 et
428 2347 461 2374 ad
481 2345 680 2381 Magttesianos,
705 2346 890 2381 χειροτονῆσαι
907 2347 1029 2374 διάκονον

243 2395 282 2427 εἰς
297 2395 328 2420 τὸ
344 2392 510 2430 πρεσϐεῦσαι
521 2393 578 2418 ἐκεῖ
587 2390 654 2416 Θεοῦ
665 2391 822 2426 πρεσϐείαν·
837 2392 969 2419 habemus
981 2400 1028 2420 eos

244 2441 346 2475 legatos
371 2447 386 2466 a
410 2437 558 2473 Peregrina
580 2437 730 2472 appellatos
745 2437 981 2472 νερτεροδρόμους,
1000 2442 1029 2465 ut

243 2485 314 2520 apud
331 2483 473 2519 lgnatium,
486 2482 672 2518 χειροτονῆσαι
683 2490 751 2513 τινα,
769 2482 797 2515 ὃς
813 2482 955 2517 δυνήσεται
972 2483 1030 2510 Θεο-

242 2530 341 2566 δρόμος
359 2529 506 2556 καλεῖσθαι.
527 2529 555 2556 Si
572 2529 636 2556 huic
650 2527 813 2562 conjectura:
827 2528 902 2556 locus
918 2529 964 2561 sit,
980 2529 1028 2557 has

241 2575 372 2610 epistolas
384 2582 453 2610 quas
466 2574 637 2601 defendimus
653 2574 737 2608 probe
759 2574 834 2600 novit
855 2573 1026 2609 Peregrinus,

242 2621 289 2656 qui
305 2625 367 2647 ante
380 2619 540 2656 martyrium
557 2619 652 2655 lgnatii
669 2623 758 2652 natus,
772 2623 833 2653 post
846 2619 963 2646 medium
975 2627 1027 2647 sae-

242 2667 297 2695 culi
314 2665 427 2693 sccundi
443 2665 560 2693 ﬂammis
574 2673 602 2693 se
613 2665 696 2693 dedit.

279 2712 363 2740 Tcrtii
391 2711 500 2747 quidem
526 2712 617 2740 saeculi
639 2712 787 2747 scriptores
805 2712 1026 2745 ecclesiasticos,

243 2759 393 2794 prmscrtim
415 2757 534 2790 Graecos,
550 2758 650 2793 quibus
665 2759 784 2785 maxime
797 2763 853 2785 tum
877 2763 958 2784 notus
977 2758 1028 2785 fuit

245 2804 273 2831 S.
292 2804 421 2839 lgnatius,
439 2805 569 2831 habemus
583 2812 648 2831 sane
669 2805 827 2839 superstites
846 2804 1027 2838 perpaucissi—

244 2858 319 2882 mos;
335 2858 452 2885 quorum
465 2851 616 2884 praecipuus
627 2849 769 2885 Origenes,
786 2850 880 2877 eodem
893 2858 947 2884 quo
963 2850 1027 2877 scri-

245 2896 295 2926 psit
311 2895 431 2928 lanatius
450 2904 507 2924 avo
526 2901 617 2929 natus,
630 2901 655 2924 et
676 2896 758 2924 rebus
772 2895 929 2928 theologicis
945 2895 1026 2922 inltu-

1080 2298 1192 2333 poribus
1210 2296 1354 2330 antistites,
1372 2299 1419 2323 aut
1436 2297 1608 2331 evangelista:
1624 2295 1748 2329 fuerant,
1769 2304 1855 2324 eorum

1080 2344 1211 2370 duntaxat
1227 2342 1337 2370 nomina
1356 2349 1496 2369 recensere
1509 2342 1613 2374 statuit,
1628 2350 1744 2377 quorum
1765 2350 1855 2370 m0nu«

1081 2389 1180 2416 mentis
1198 2389 1353 2424 apostolij
1375 2388 1505 2415 doctrina:
1524 2388 1633 2416 traditio
1657 2388 1690 2415 ad
1707 2395 1757 2416 sua
1777 2396 1854 2424 usque

1079 2439 1200 2469 tempora
1218 2433 1365 2462 ferebatur.
1385 2433 1456 2461 Hist.
1471 2434 1561 2461 eccles.
1577 2455 1585 2468 ,
1603 2434 1622 2461 1.
1641 2442 1682 2467 ιιι,
1700 2442 1726 2461 c.
1744 2434 1791 2467 37,
1809 2435 1852 2462 δεῖ

1093 2481 1184 2516 Ωσπερ
1201 2478 1246 2507 οὖν
1260 2480 1354 2515 ἀμέλει
1371 2480 1416 2507 τοῦ
1441 2481 1570 2515 Ἰγνατίου
1581 2482 1610 2507 ὲν
1627 2478 1670 2512 αἷς
1681 2481 1853 2517 κατελέξαμεν

1078 2527 1232 2558 ἐπιστολαῖς
1244 2547 1250 2559 ,
1279 2527 1324 2553 καὶ
1348 2527 1393 2554 τοῦ
1411 2527 1568 2563 Κλήμεντος
1584 2528 1613 2554 ἐν
1637 2528 1668 2563 τῇ
1686 2528 1850 2563 ἀνωμολογη-

1080 2573 1148 2609 μένῃ
1164 2573 1238 2609 παρὰ
1254 2574 1345 2600 πᾶσιν.
1365 2572 1441 2605 Quod
1458 2575 1557 2608 factum
1570 2578 1608 2601 est
1619 2574 1645 2600 in
1653 2574 1771 2608 epistolis
1783 2574 1852 2610 Igna-

1079 2620 1110 2645 tii
1121 2627 1186 2654 quas
1201 2620 1388 2651 recensuimus,
1399 2625 1423 2646 et
1435 2619 1573 2646 Clementis
1582 2619 1630 2646 illa
1645 2621 1677 2646 ab
1692 2620 1811 2647 omnibus
1819 2628 1850 2646 re-

1080 2669 1163 2699 cepta.
1189 2664 1323 2692 Eusebius
1348 2665 1440 2700 igitur,
1465 2673 1548 2692 unam
1573 2665 1740 2698 Clementis,
1768 2667 1848 2701 plures

1077 2709 1174 2745 lgnatii
1191 2711 1320 2745 epistolas
1337 2711 1521 2746 proponebat,
1539 2717 1569 2739 ut
1586 2712 1778 2747 antiquissima
1795 2720 1847 2748 apo-

1078 2757 1180 2783 stolicae
1206 2757 1390 2784 successionis
1412 2757 1531 2792 scripta,
1557 2762 1584 2785 et
1607 2758 1793 2793 apostolorum
1810 2759 1847 2786 do-

1077 2803 1172 2830 ctrinae
1189 2803 1359 2830 traditionem
1371 2804 1548 2831 continentia.
1561 2803 1616 2831 Illae
1625 2809 1716 2832 autem
1727 2805 1845 2840 epistola.

1077 2858 1145 2884 quas
1164 2854 1302 2884 tantopere
1326 2849 1446 2876 laudavit
1463 2849 1597 2878 Eusebius
1611 2871 1618 2883 ,
1637 2851 1780 2885 ipsissimee
1795 2856 1845 2878 sunt

1078 2903 1146 2928 quas
1168 2903 1219 2923 nos
1243 2895 1392 2928 habemus,
1410 2900 1436 2923 et
1463 2895 1643 2924 defendimus.
1672 2895 1767 2925 Tradit
1785 2898 1844 2924 enim
