1874 3070
26 156 43 183 il
376 155 400 184 ι.
419 155 598 184 PEARSONII
615 153 774 184 νιΝῡιοιΑῖ
796 153 1005 182 ΙΟΝΛΤῘΑΝᾹΞ.
1026 168 1060 174 --
1077 152 1167 182 ΡΜὶὸ
1181 151 1201 180 1.
1573 151 1608 179 8‘2

26 215 72 241 Hist.
86 215 177 247 κάει,
194 214 214 242 1.
232 219 277 247 ιιι,
297 223 324 244 e.
341 215 525 250 56,]gnatium
542 223 591 250 per
606 215 698 242 Asiam
717 214 767 242 sub
782 215 805 244 Λ
820 213 910 241 adhuc
928 213 1043 240 Arimini
1056 212 1177 248 synodus
1194 211 1322 239 hzercret.
1335 211 1389 239 hoc
1403 216 1456 242 cst.
1469 211 1542 239 circa
1559 219 1605 239 su-

23 260 188 288 tauralisslma
206 261 356 288 satellitum
374 261 494 288 custodia
511 260 633 292 ductum,
647 261 768 296 singula-

22 315 62 334 rum
76 306 201 334 civitatum
219 315 292 341 quas
311 307 449 342 ingressos
464 312 506 335 est
522 307 651 335 ecclesias
663 315 768 335 sermo-

21 354 76 380 nibus
89 357 112 379 et
126 353 359 380 cohortationibus
375 354 561 386 conﬁrmasse,
579 359 660 389 atque
680 354 767 389 inpri—

21 400 54 425 uis
67 400 190 427 monuisse
201 419 209 430 ,
227 405 258 427 ut
276 401 311 427 ab
327 401 475 429 baeresibus
491 406 620 429 caverem
636 406 694 428 tum
712 401 768 435 pri-

21 453 70 471 mum
84 446 183 473 exortis.
196 452 222 474 et
233 446 479 480 invalescentibus;
494 448 687 483 hortatumque
695 455 766 481 esse,

21 496 38 517 nt
55 492 222 525 apostolorum
251 494 392 522 traditioni
419 496 549 523 tenaciter
581 497 767 531 adbzerereut,

21 545 86 571 quam,
101 539 205 565 cautelae
222 540 324 574 gratia,
341 541 424 568 etiam
442 542 552 577 scriptis
568 543 700 570 mandare
716 551 766 570 ne—

21 584 133 610 cessarium
163 585 249 612 duxit.
273 585 366 619 Quare
386 595 448 616 eum
475 588 598 625 Smyrna:
619 595 703 622 esset,
724 591 766 618 in-

21 629 65 663 ]uit.
79 634 185 664 quatuor
200 632 334 666 epistolas
351 635 476 670 scripsit,
495 637 529 663 ad
546 635 690 671 Ephesios,
710 637 767 665 Ma-

21 676 144 709 ;uesianos,
161 677 314 707 Trallianos
327 701 334 713 ,
357 679 512 715 Romanos;
531 690 545 709 a
563 682 670 711 Troade
694 687 765 716 tres,

21 723 38 748 ul
51 722 279 759 Philadelphenses,
299 727 332 753 ad
350 726 506 763 Smyrnaeos
518 749 525 760 .
543 734 570 757 et
587 729 714 764 privatim
732 730 766 756 ad

21 767 167 804 Polycarpum.
187 770 249 799 Hac
260 773 355 800 omnia
365 773 573 808 diligentissime
587 783 621 802 ex
634 775 700 810 ipsis
708 776 767 809 epi-

21 814 80 846 ttolis,
94 819 119 842 ut
142 817 236 850 opinor
248 837 255 849 ,
275 818 433 846 observavit
456 819 605 854 Eusebius;
623 821 765 856 epistolam

21 862 68 888 enim
83 863 110 889 ad
124 862 252 898 Ephesios
266 863 392 900 Smyrnae
407 866 537 900 scriptam
549 865 634 894 fuisse
651 867 708 901 ipsa
726 870 766 895 te-

21 912 80 934 italur
94 916 100 933 :
117 908 250 937 Unanimis
265 911 400 938 vobiscum
415 920 472 947 ego,
484 917 509 940 et
521 922 597 948 quem
612 914 722 940 misistis
738 914 765 940 in

21 954 52 981 0d
64 956 166 983 honorem
180 957 207 983 in
225 956 382 993 Smyrnam,
402 959 472 985 unde
483 963 508 986 ιι
525 960 611 986 scribo
622 961 703 988 vobis.
725 961 765 988 Ad

21 999 135 1035 laguesios
151 1011 157 1029 :
175 1002 302 1030 Salutant
315 1013 359 1031 vos
373 1004 478 1039 Ephesii
493 1014 509 1032 a
523 1005 648 1041 Smyrna,
659 1009 728 1035 unde
740 1013 765 1035 et

21 1047 78 1073 milio
87 1048 157 1076 vobis.
171 1049 210 1076 Ad
226 1049 384 1078 Trallianos
403 1060 410 1078 :
429 1051 522 1078 Saluto
544 1061 588 1079 vos
607 1062 624 1080 α
639 1053 765 1088 Smyrna.

21 1091 45 1118 Ad
58 1093 174 1122 Romanos
191 1105 198 1121 :
216 1095 313 1123 Scriba
336 1101 423 1124 autem
438 1098 509 1124 vobis
528 1098 583 1126 lucc
600 1108 617 1126 a
640 1099 764 1135 Smyrna.

21 1136 66 1164 Tres
75 1139 177 1173 reliquas
193 1141 328 1176 epistolas
351 1141 456 1170 Troade
477 1143 595 1178 scriptas
617 1145 711 1179 fuisse,
732 1154 765 1174 ex

21 1182 65 1216 ipsis
83 1185 172 1218 pariter
196 1191 282 1221 patet.
302 1188 344 1215 Ad
366 1188 608 1224 Philadelphenses
628 1200 634 1218 :
659 1191 766 1219 Salutat

21 1236 48 1254 tot
57 1230 150 1258 that-itas
158 1232 314 1267 multorum,
326 1234 372 1268 qui
390 1235 416 1261 in
436 1234 548 1268 Troade,
563 1236 630 1263 unde
644 1241 669 1264 et
680 1238 766 1265 scribo

21 1274 112 1310 mtisper
127 1278 249 1306 Burrum.
266 1279 310 1307 Ad
329 1279 502 1316 Smymaaos:
520 1281 629 1310 Salutat
645 1292 688 1312 vos
704 1286 766 1312 cha-

21 1321 65 1347 ritat
75 1322 182 1355 fratrum,
194 1326 240 1360 qui
254 1326 284 1352 in
302 1325 414 1358 Troade,
424 1327 493 1354 unde
504 1333 529 1354 et
540 1328 626 1355 scribo
640 1330 710 1356 vobis
721 1337 766 1364 per

21 1365 111 1395 Burrum.
124 1369 157 1396 Ad
172 1370 356 1407 Polycarpum
375 1382 381 1399 :
400 1373 469 1406 Quia
490 1375 573 1409 igitur
585 1377 707 1404 omnibus
721 1386 765 1404 ec-

21 1412 80 1440 :lcsiis
95 1421 138 1441 non
153 1416 224 1449 potui
242 1416 379 1449 scribere.
398 1424 503 1453 propter
517 1426 621 1455 repente
643 1423 766 1458 navigare

21 1466 45 1485 ue
64 1468 76 1485 α
94 1459 184 1489 Troade
203 1462 230 1489 in
256 1462 400 1497 Neapolim
412 1485 420 1496 ,
442 1469 470 1491 ut
489 1466 611 1494 voluntas
635 1469 764 1503 prtecipit,

21 1505 87 1532 urite;
102 1506 155 1534 aliis
169 1508 298 1536 ecclesiis.
317 1507 450 1538 Observat
466 1510 612 1544 Eusebius,
632 1513 764 1549 lgnatium

820 267 886 286 num
902 259 1004 286 Christi
1021 258 1074 285 560
1095 258 1212 291 scripta,
1235 255 1287 284 hoc
1308 256 1388 284 nobis
1410 256 1515 284 illustre
1532 261 1610 284 tem-

819 305 941 332 m0nium
959 304 1071 340 praebet.
1092 303 1128 330 De
1146 303 1265 338 synodis,
1278 311 1305 337 p.
1318 301 1390 329 9‘22:
1409 302 1538 336 Ἰγνάτιος
1548 299 1604 333 οὖν,

817 351 832 377 ὁ
848 351 917 386 μετὰ
933 351 995 382 τοὺς
1020 349 1185 381 ἀποστόλους
1210 350 1239 375 ὲν
1262 348 1410 384 ’Λντιοχείᾳ
1426 347 1604 377 κατασταθεὶς

818 397 977 429 ἐπίσκοπος,
988 396 1034 423 καὶ
1053 396 1158 432 μάρτυς
1174 394 1221 422 τοῦ
1238 394 1356 431 Χριστοῦ
1374 394 1529 429 γενόμενος,
1539 393 1600 429 γρό-

818 452 875 479 φων
892 444 957 479 περὶ
973 443 1020 470 τοῦ
1036 443 1139 478 Κυρίου
1157 442 1276 478 εἴρηκεν·
1287 440 1445 475 Εῖςιατρός
1453 441 1517 467 ἐστι
1533 448 1601 474 σαι-

817 491 901 523 κικὸς
923 490 971 517 καὶ
995 488 1212 524 πνευματικὸς,
1236 487 1361 523 γενητὸς
1384 488 1433 514 καὶ
1450 486 1601 522 ἀγένητος-ε

816 536 852 563 ἐν
864 535 1009 570 ἀνθρώπῳ
1027 535 1107 568 Θεὸς,
1123 534 1159 561 ἐν
1182 533 1297 565 θανάτῳ
1319 533 1374 568 ζωὴ
1391 532 1518 567 ἀληθινὴ
1531 553 1538 564 ,
1556 532 1605 559 καὶ

815 583 851 610 ἐκ
867 582 981 616 Μαρίας
997 581 1046 608 καὶ
1063 581 1097 608 ἐκ
1114 581 1199 608 Θεοῦ.
1219 579 1340 616 lgnatius
1362 579 1444 614 igitur
1469 579 1524 614 qui,
1544 583 1604 614 post

817 629 961 664 apostolos,
970 627 1117 654 Antiochia:
1127 624 1429 661 cpiscopuﬁconstitutus
1438 628 1490 656 ut,
1497 628 1521 650 et
1530 631 1604 649 mar-

817 680 859 710 tyr
873 674 973 702 Christi
990 672 1194 708 [uit,.scribens
1214 671 1247 698 de
1260 670 1375 698 Domino
1395 670 1463 696 dixit
1478 677 1487 696 .'
1505 679 1515 694 ε
1531 668 1604 696 Unus

816 721 933 747 medicus
955 724 1004 752 est,
1025 718 1143 745 carnalis
1168 723 1193 744 et
1213 716 1381 752 spiritualis,
1394 715 1481 750 fartus
1503 720 1528 742 et
1551 723 1603 741 non

817 766 915 801 factus,
927 765 954 792 in
966 765 1071 792 homine
1083 764 1163 796 Deus,
1176 764 1203 790 in
1216 767 1299 790 morte
1313 762 1368 789 vita
1382 769 1453 794 vera,
1467 766 1491 788 et
1503 768 1536 787 ea:
1547 760 1604 787 Ma-

817 811 858 837 ria
872 815 897 837 et
912 808 1098 838 exDeoalltec
1110 808 1184 836 enim
1199 807 1279 834 verba
1294 815 1325 834 cx
1338 806 1460 842 Epistula
1471 806 1504 833 ad
1517 805 1604 841 Ephe-

817 857 874 884 δῖος
889 860 954 882 sunt
973 855 1136 889 transcripta
1148 874 1155 887 ,
1174 861 1257 888 quam
1280 852 1424 887 scripsisse
1440 859 1494 879 non
1512 851 1602 878 larva-

818 907 873 930 tum
891 902 1009 936 aliquem
1022 900 1155 936 lguatium
1165 920 1173 931 ,
1186 899 1232 926 sed
1245 906 1339 926 verum
1359 898 1447 931 illum,
1467 897 1604 932 apostolo-

817 956 878 976 rum
894 954 1092 977 successorem,
1111 950 1138 973 et
1150 950 1296 980 martyrem
1312 948 1429 972 testatur
1440 943 1469 970 S.
1486 943 1604 970 Athana-

817 995 884 1022 sius.
902 993 974 1021 Idem
998 993 1078 1028 paulo
1103 996 1164 1027 post
1181 1001 1187 1018 :
1209 992 1237 1018 '0
1256 991 1390 1026 μακάριος
1413 989 1542 1024 Ἰγνάτιος
1558 990 1604 1025 ὀρ-

816 1040 869 1072 θῶς
887 1039 988 1076 ἔγραψε
1001 1059 1008 1069 ,
1025 1038 1137 1073 γενητὸν
1154 1038 1233 1064 αὑτὸν
1250 1036 1336 1071 λέγων
1351 1036 1395 1064 διὰ
1411 1036 1459 1072 τὴν
1477 1036 1575 1072 σάρκα,
1588 1035 1603 1061 ὁ

816 1086 870 1122 γὰρ
881 1084 997 1121 Χριστὸς
1008 1082 1076 1120 σὰρξ
1092 1083 1209 1118 ἐγένετο·
1227 1082 1358 1117 ἀγένητον
1374 1081 1414 1114 δὲ,
1429 1082 1470 1108 ὃτι
1490 1081 1527 1116 μὴ
1548 1080 1602 1107 τῶν

817 1131 976 1167 ποιημάτων
992 1130 1039 1157 καὶ
1054 1128 1176 1165 γενητῶν
1193 1130 1276 1161 ἐστιν,
1293 1129 1362 1156 ἀλλὰ
1372 1127 1435 1160 Υἱὸς
1445 1129 1477 1155 ὲκ
1485 1126 1600 1163 Πατρός.

816 1178 895 1205 Recte
909 1177 1017 1212 scripsit
1029 1177 1119 1204 beatus
1131 1174 1265 1210 Ignatius,
1278 1175 1377 1210 factum
1388 1182 1448 1201 eum
1466 1175 1555 1200 dicens
1569 1173 1601 1200 ob

816 1232 937 1257 carnem;
952 1224 1073 1252 Christus
1094 1224 1162 1251 enim
1180 1230 1242 1249 caro
1256 1222 1342 1256 factus
1363 1225 1416 1253 est;
1431 1229 1482 1247 non
1501 1220 1602 1255 factum

816 1276 920 1304 autent,
941 1271 1010 1307 quod
1033 1279 1084 1298 non
1103 1271 1137 1297 sit
1155 1277 1186 1297 ex
1204 1268 1388 1301 creaturis,et
1407 1267 1441 1293 iis
1453 1274 1511 1302 qua
1530 1266 1602 1300 facta

816 1323 888 1351 sunt,
902 1318 945 1344 sed
959 1316 1046 1344 Filius
1060 1325 1073 1345 e
1087 1315 1179 1342 Patre.

851 1365 922 1392 Iluic
950 1364 1032 1391 etiam
1057 1363 1158 1390 saeculo
1187 1361 1216 1389 S.
1240 1361 1360 1389 Joannes
1389 1360 1601 1395 Chrysostornus

817 1410 996 1439 ascribcndus
1012 1413 1054 1436 est
1072 1418 1078 1435 :
1100 1408 1242 1443 presbyter
1262 1407 1334 1434 enim
1350 1405 1491 1433 ordinatus
1507 1405 1602 1432 Antio-

817 1457 886 1486 chia
906 1463 979 1483 anno
1000 1455 1063 1488 586,
1080 1452 1318 1487 Constantinopoli
1339 1451 1483 1486 episcopus
1505 1458 1602 1478 conse-

817 1507 909 1532 cratus
920 1507 962 1530 est
976 1508 1049 1530 anno
1065 1500 1127 1528 598.
1145 1499 1214 1527 Dum
1232 1503 1320 1526 autem
1347 1496 1499 1524 Antiochiae
1519 1500 1601 1529 esset,

21 1550 36 1576 is
47 1552 139 1585 epistola
155 1554 186 1581 ad
205 1554 346 1589 Ephesios
361 1555 483 1584 Onesimi
507 1541 629 1592 ipsorum
643 1541 766 1594 pastoris

843 1549 976 1577 'zeclaram
1014 1547 1041 1574 in
1077 1546 1106 1574 Ξ.
1138 1544 1234 1581 lgnatii
1263 1542 1422 1578 martyrium
1450 1541 1600 1568 orationem

21 1597 156 1633 meminisse,
171 1600 198 1627 in
217 1601 338 1636 epistola
355 1602 388 1629 ad
406 1602 562 1638 Magnesios
580 1604 690 1633 Damam
709 1608 766 1642 epi-

21 1649 100 1677 scopum
114 1646 280 1680 nominasse,
302 1647 329 1675 in
352 1648 467 1683 epistola
490 1650 524 1677 ad
541 1649 696 1679 Trallianos
714 1652 766 1680 Po-

21 1686 62 1720 lyliii
74 1690 188 1720 antistitis
204 1693 377 1721 mentionem
394 1694 508 1729 fecisse;
521 1703 591 1730 quos
609 1705 703 1725 omnes
718 1706 766 1726 ea-

21 1735 110 1763 rundem
133 1737 317 1767 Ecclesiarum
349 1741 492 1776 episcopos
517 1746 617 1770 nostra:
645 1743 767 1778 epistolae

21 1785 142 1829 agnoscunt.
152 1783 219 1812 Dicit
234 1792 302 1812 eum
318 1785 469 1822 Polycarpo
486 1787 659 1816 Antiochena:
674 1789 768 1818 Eccle-

21 1832 50 1851 ειεε
57 1835 144 1863 gregem
154 1831 373 1865 commendasse,
386 1840 553 1869 rogasseque
570 1839 599 1862 ut
609 1836 685 1863 omni
700 1844 766 1864 cura

21 1876 37 1897 et
44 1872 155 1907 diligentia
170 1876 244 1904 illum
263 1877 358 1906 fovere
373 1879 464 1913 vellet,
478 1880 551 1915 quod
561 1881 589 1908 in
601 1881 715 1917 epistola
732 1883 766 1910 ad

75 1919 126 1970 data
141 1922 261 1956 pluribus
277 1929 417 1960 narratur.
435 1925 525 1962 Pergit
540 1927 665 1961 ulterius,
682 1935 710 1956 et
727 1931 767 1962 εις

21 1962 114 1999 hii-5.1V
134 1968 184 1995 τῶν
202 1971 359 2006 εἰρημένων
371 1991 378 2005 ,
396 1979 428 1999 ex
446 1973 559 2008 epistola
579 1974 612 2001 ad
629 1974 767 2004 Romanos

21 2008 68 2038 bene
86 2013 179 2049 longam
206 2016 289 2052 ῥῆσιν
323 2018 462 2053 excerpit,
488 2025 518 2046 ut
549 2020 608 2054 ipse
633 2020 765 2056 loquitur,

21 2056 70 2105 ιιξτὲι
87 2057 156 2091 λέξιν·
177 2061 241 2088 uno
264 2062 368 2098 Συρίας
395 2063 474 2099 μέχρι
504 2063 612 2101 Ῥώμης
637 2066 767 2103 θηριομα-

21 2108 120 2152 χωιίειςη
134 2114 190 2141 qua:
207 2109 329 2136 rersioni
346 2114 447 2137 nostra:
463 2109 567 2138 Latinal
583 2119 695 2146 prorsus
706 2120 768 2140 con~

21 2152 113 2183 "‘"lllnl.
129 2153 190 2180 adeo
205 2159 236 2181 ut
253 2155 313 2182 haec
331 2156 484 2183 accuratior
499 2157 534 2184 sit
546 2156 765 2186 Eusebianorum

21 2193 138 2236 translatio,
152 2206 228 2232 quam
246 2199 293 2226 vel
316 2198 527 2236 Hieronymiana
543 2202 586 2229 vel
603 2202 765 2230 Rulliniana.

21 2234 84 2265 Aliam
98 2242 169 2269 etiam
184 2252 216 2272 ex
238 2244 363 2280 Epistula
380 2230 587 2282 ad'Smyrnaaos
604 2249 766 2276 sententiam
782 2230 806 2258 Β

21 2286 166 2332 Ῥηδετῖρείῐ,
181 2298 240 2325 quae
257 2293 287 2319 in
305 2292 408 2320 nostris
425 2293 566 2321 codicibus
577 2295 688 2322 totidem
705 2303 767 2322 ver-

21 2326 142 2381 lflsle'xstat.
165 2334 287 2372 Denique
310 2338 343 2365 ad
362 2338 577 2367 conﬁrmandam
598 2340 767 2375 superiorem

21 2373 43 2400 de
56 2375 89 2404 his
102 2383 286 2417 narrationem,
304 2383 445 2420 Polycarpi
460 2389 486 2412 et
502 2384 595 2413 Iremei
613 2373 768 2414 testimonia

21 2421 106 2467 Ρτοίεη,
120 2426 150 2453 de
165 2429 262 2462 quibus
280 2435 344 2457 ante
366 2431 502 2465 diximus,
520 2435 546 2459 et
566 2437 658 2467 postea
676 2433 769 2460 dicen-

21 2466 68 2494 dum
80 2471 133 2498 erit.
149 2472 206 2502 Haec
222 2481 287 2504 sunt
303 2476 338 2504 ab
353 2476 473 2505 Eusebio
487 2478 554 2506 adeo
566 2466 713 2514 diligenter
726 2479 770 2507 lu-

21 2513 150 2552 Βί¹¹θ¹¹ιθ⁴1υο
163 2523 294 2555 exposita,
312 2526 343 2549 ut
354 2522 470 2551 Dallaeus
485 2523 543 2559 ipse
555 2513 656 2552 dixerit
669 2533 675 2551 :
687 2523 770 2552 Fate-

21 2565 66 2606 ξων
81 2561 205 2594 Eusebium
222 2568 284 2595 illas
304 2569 432 2604 epistolas
448 2578 596 2605 agnoscere,
610 2575 634 2597 et
650 2579 697 2606 pro
711 2579 769 2597 vere

21 2601 141 2658 ξθπαξξξιπίι
152 2611 241 2640 habere
255 2623 264 2641 :
277 2601 359 2650 neque
370 2601 570 2642 dissimulamus
586 2601 630 2643 eas
639 2601 694 2649 ,Ide
707 2616 768 2651 qui-

22 2649 107 2702 ξυεηίλίε
116 2657 185 2685 verba
199 2659 275 2693 facit,
291 2661 340 2688 has
351 2661 423 2696 ipsas
441 2661 522 2696 fuisse
544 2662 638 2695 videri,
653 2649 718 2698 quasi
728 2662 769 2689 his

95 2704 228 2749 nontinibus
243 2707 476 2742 circumferuntur,
492 2708 581 2743 quales
593 2717 637 2736 eas
653 2696 769 2736 reveren—

22 2741 121 2773 ἀπείπας
133 2747 245 2779 Usserius
253 2751 347 2780 Latine
355 2761 365 2786 ,'
373 2741 569 2781 eruditissimus
576 2754 682 2781 Vossius
696 2754 770 2782 (ἔνω-

24 2794 52 2820 u,
65 2797 91 2815 ex
104 2791 170 2821 libris
186 2795 230 2823 ille
245 2797 408 2832 Anglicanis,
420 2798 462 2826 hic
479 2799 602 2826 Mediceis
618 2799 768 2826 ediderunt.

21 2833 149 2886 ‘Lﬂulsebio
164 2843 281 2886 succedit
296 2843 474 2877 Athanasius,
490 2852 554 2873 vere
571 2852 686 2880 magnus
697 2866 705 2878 ,
722 2844 770 2880 qui

24 2876 153 2915 meltittola
172 2885 204 2914 de
226 2888 334 2922 synodis
356 2876 472 2918 Arimini
495 2895 521 2919 ct
543 2876 764 2923 Seleuciam-illim

819 1596 924 1626 habuit,
938 1595 965 1622 in
980 1602 1034 1629 qua
1049 1592 1131 1620 verba
1148 1592 1218 1626 ejus,
1236 1597 1297 1625 quae
1313 1592 1378 1616 sunt
1392 1588 1418 1614 in
1434 1587 1554 1622 Epistula
1568 1587 1601 1613 ad

820 1640 959 1667 Romanos
987 1638 1106 1666 adducit.
1133 1636 1211 1664 Tom.
1230 1634 1264 1666 V,
1282 1639 1351 1662 orat.
1374 1632 1418 1665 70,
1446 1640 1508 1668 pag.
1537 1631 1600 1659 504:

824 1686 956 1717 Ἀκούσας
971 1685 1025 1720 γὰρ
1050 1684 1090 1710 δτι
1107 1681 1182 1714 οὗτος
1199 1681 1279 1708 αὑτὸν
1295 1679 1344 1715 τῆς
1360 1677 1493 1714 τιμωρίας
1509 1678 1523 1703 ὁ
1538 1677 1601 1713 τρό-

817 1740 868 1764 πος
894 1731 978 1767 μένει,
1001 1729 1072 1765 Ἐγὼ
1098 1728 1156 1756 τῶν
1187 1728 1296 1761 θηριων
1325 1726 1448 1752 ἐκείνων
1463 1724 1600 1758 ὀναίμην,

817 1778 902 1812 ἔλεγε·
921 1776 1034 1804 τοιοῦτοι
1058 1775 1112 1811 γὰρ
1129 1775 1153 1801 οἱ
1170 1773 1285 1810 ἐρῶντες
1297 1782 1304 1788 ·
1321 1773 1388 1808 ὅπερ
1412 1771 1444 1798 ἂν
1461 1770 1601 1805 πάσχωων

817 1824 887 1860 ὑπὲρ
912 1823 965 1850 τῶν
994 1821 1140 1858 ἐρωμένων
1170 1819 1228 1854 μεθ’
1258 1818 1353 1854 ἡδονῆς
1375 1817 1506 1852 δέχονται.
1534 1815 1602 1843 Cum

817 1872 886 1899 enim
899 1870 1052 1902 audivisset,
1065 1867 1134 1903 quod
1148 1867 1190 1893 hic
1200 1873 1257 1893 eum
1269 1865 1392 1900 supplicii
1404 1864 1497 1891 modus
1513 1871 1602 1890 mane-

817 1921 868 1950 ret,
886 1926 895 1942 t
909 1915 1016 1944 Utinam
1031 1922 1077 1949 ego
1092 1913 1146 1940 illis
1159 1912 1247 1939 bestiis
1261 1911 1349 1946 fruar,
1362 1919 1372 1936 ι
1386 1909 1530 1945 inquiebat.
1547 1908 1601 1935 Ta-

817 1963 854 1990 les
865 1963 933 1990 enim
945 1966 1009 1988 sunt
1018 1961 1063 1996 qui
1077 1964 1168 1987 amant
1180 1967 1189 1991 ;
1200 1957 1327 1994 quidquid
1335 1964 1381 1991 pro
1391 1956 1423 1982 iis
1431 1963 1497 1990 quos
1510 1959 1601 1982 amant

817 2009 966 2044 patiantur,
981 2015 1041 2034 cum
1055 2005 1186 2040 uoluptate
1199 2004 1297 2038 ferunt.
1309 2001 1381 2029 Idem
1395 2009 1492 2029 rursus
1506 2000 1534 2027 in
1543 2008 1596 2027 ora

816 2056 891 2082 tione
905 2054 957 2088 ipsi
971 2052 1122 2087 antiquitus
1135 2050 1275 2082 attributa,
1292 2048 1368 2081 Quod
1379 2055 1446 2074 unus
1465 2045 1563 2073 Veteris
1576 2050 1601 2072 et

819 2101 888 2128 Noui
904 2099 1064 2127 Testamenli
1079 2096 1216 2132 legis-lator
1232 2095 1278 2128 sit,
1295 2094 1354 2121 haec
1365 2093 1457 2125 habet,
1475 2096 1542 2120 tom.
1556 2092 1599 2122 Vl.

816 2154 878 2182 pag.
897 2145 950 2173 6L5
968 2153 974 2171 :
999 2144 1048 2171 Διὰ
1064 2142 1142 2170 τοῦτό
1157 2149 1199 2173 τις
1215 2140 1268 2167 τῶν
1284 2138 1413 2175 ἀρχαίων,
1437 2137 1566 2172 Ἰγνάτιος
1574 2135 1602 2161 δὲ

817 2193 902 2228 ὄνομα
919 2190 993 2226 αὑτῷ
1005 2211 1012 2222 ,
1029 2186 1105 2220 οὗτος
1123 2187 1255 2224 ἱερωσύνῃ
1272 2186 1318 2213 καὶ
1337 2183 1477 2220 μαρτυρίῳ
1493 2182 1603 2228 διαπρέ-

818 2227 882 2275 ψαέ,
892 2237 1057 2265 ἐπιστέλλων
1074 2235 1126 2263 τινὶ
1143 2235 1211 2270 ἱερεῖ
1227 2233 1312 2266 ἔλεγε,
1322 2230 1423 2264 Μηδὲν
1439 2229 1512 2256 ἄνευ
1528 2227 1602 2262 γνώ-

814 2274 875 2321 μης
891 2293 948 2312 σου
965 2282 1099 2319 γινέσθω·
1115 2279 1192 2316 μηδὲ
1208 2279 1248 2307 σὺ
1263 2278 1335 2306 ἄνευ
1350 2275 1468 2312 γνώμης
1486 2274 1559 2301 Θεοῦ
1576 2282 1603 2300 τι

818 2333 936 2367 πρᾶττε.
969 2329 1113 2364 Propterea
1143 2327 1253 2363 quidam
1277 2333 1310 2352 ea:
1336 2323 1470 2358 antiquis,
1500 2321 1603 2348 nomine

819 2366 957 2414 lynatius,
971 2375 1118 2403 sacerdotio
1133 2377 1157 2402 et
1174 2371 1305 2406 martyrio
1322 2372 1411 2396 ctarus
1422 2389 1428 2401 ,
1445 2368 1473 2395 in
1491 2366 1603 2402 epistola

819 2413 853 2452 ad
866 2423 1025 2451 sacerdotem
1039 2420 1178 2457 quemdam
1188 2418 1255 2446 dixit
1269 2425 1278 2444 :
1296 2427 1305 2442 ι
1317 2415 1394 2443 Nihil
1405 2415 1462 2442 sine
1475 2413 1603 2440 sententia

821 2476 866 2498 tua
885 2470 948 2503 ﬁat;
965 2476 1046 2503 neque
1065 2473 1093 2493 tu
1109 2467 1165 2494 sine
1184 2464 1314 2492 sententia
1333 2462 1382 2489 Dei
1399 2460 1544 2496 quidquam
1562 2459 1605 2493 fa-

819 2518 884 2544 cias.
903 2526 912 2542 ι
932 2515 998 2549 Quae
1010 2513 1124 2541 totidem
1135 2511 1226 2539 verbis
1245 2511 1272 2537 in
1294 2507 1409 2544 epistola
1426 2506 1460 2533 ad
1476 2505 1605 2540 Polycar-

819 2571 883 2599 pum
901 2562 1050 2590 etiamnum
1063 2562 1181 2587 exstant.

854 2608 948 2636 Eidem
965 2614 1022 2635 aevo
1034 2604 1177 2633 tribuenda
1191 2606 1257 2631 sunt
1274 2600 1430 2630 testimonia
1455 2598 1484 2626 S.
1508 2597 1592 2626 Hiero

820 2655 905 2691 nymi,
930 2653 978 2688 qui
1005 2659 1078 2679 anno
1094 2651 1129 2677 Η
1152 2648 1326 2684 imperatoris
1351 2645 1515 2678 Theodosii,
1532 2645 1606 2672 circa

820 2690 922 2731 annum
942 2700 1050 2728 Domini
1075 2697 1144 2729 595,
1165 2695 1324 2730 Catalogum
1344 2694 1503 2728 scriptorum
1524 2690 1605 2718 eccle-

820 2749 990 2776 siasticarum
1009 2753 1040 2774 se
1058 2742 1247 2778 composuisse
1263 2744 1389 2772 testatur,
1405 2740 1432 2766 in
1452 2745 1508 2772 quo
1524 2736 1606 2764 Cata-

821 2796 879 2831 logo
898 2795 956 2822 haec
969 2792 1050 2820 habet
1064 2799 1070 2817 ε
1087 2789 1222 2826 Ignatius,
1235 2787 1404 2814 Antiocheam
1420 2783 1545 2811 Ecclesia:
1557 2787 1606 2809 ter-

822 2842 885 2873 tius,
903 2844 960 2876 post
976 2839 1085 2865 Petrum
1103 2834 1251 2871 apostolum
1267 2832 1418 2867 episcopus,
1433 2832 1608 2857 commovente

823 2874 1026 2915 ocrsccutiom
1039 2883 1155 2918 Trojano
1177 2882 1319 2908 damnatus
1331 2878 1365 2905 ad
1376 2877 1483 2905 bestias.
1495 2874 1614 2904 Romam;
