1874 3070
255 153 292 181 83
781 151 810 179 S.
831 151 1006 181 IGNATIUS.
1024 168 1055 172 —
1074 151 1338 181 PROLEGOMENA.

255 212 360 239 tinctus
374 211 503 238 mittitur.
517 211 633 247 Cumque
653 213 779 247 navigans
798 212 939 247 Smyrnam
959 213 1043 239 venis-
1059 216 1080 244 Α
1095 214 1156 240 vina
1170 214 1352 240 incarnatione
1366 213 1536 244 sententiam,
1550 216 1578 238 ul
1588 220 1733 247 cognoscas
1748 211 1790 238 de
1807 220 1863 238 sus.

254 261 295 284 set
309 257 354 283 ubi
375 255 538 292 Polycarpus
561 257 669 284 auditor
689 257 802 284 Joannis
817 258 953 292 episcopus
973 263 1041 290 erat,

253 304 361 338 scripsit
371 311 451 330 unam
460 303 599 338 epistolam
610 303 644 330 ad
657 302 796 338 Ephesios,
812 304 925 330 alteram
935 304 970 330 ad
983 303 1043 330 lla-

254 350 404 385 gnesianos,
421 350 526 376 tertiam
537 350 572 376 ad
590 349 748 381 Trallenses,
761 355 885 384 quartam
896 352 930 376 ad
944 349 1043 377 Roma-

254 404 303 423 nos
316 404 326 423 .'
340 401 366 423 et
385 396 445 423 inde
456 397 590 431 egrediens
603 396 708 430 scripsit
727 396 762 422 ad
778 395 928 431 Philippeos
940 417 948 430 ,
963 401 988 424 et
1007 396 1042 422 ad

253 441 417 477 Smyrnaos,
431 446 457 469 et
470 442 575 476 proprie
589 441 623 468 ad
644 441 821 477 Polycarpum
832 463 840 475 ,
857 444 1042 471 commendans

252 487 297 515 illi
306 488 509 515 Antiochensem
524 487 682 520 Ecclesium,
708 494 736 517 et
759 488 863 524 reliqua
887 489 1042 517 Eusebiana

254 532 314 561 fere
325 533 428 566 omnia,
445 533 528 560 tacito
540 532 650 561 Eusebii
665 535 785 566 nomine,
800 535 985 570 transcripsit,
995 535 1043 563 ad-

253 587 342 614 eoque
367 586 416 606 sua
435 578 509 606 fecit.
535 578 593 607 lmo
613 579 705 607 libello
728 581 860 608 Adversus
877 580 1041 614 Helvidium,

252 632 334 660 quem
351 629 414 652 ante
425 624 583 660 Catalogum
595 626 716 661 scripsit,
725 626 799 654 circa
815 634 929 658 annum,
945 631 975 653 ut
984 627 1043 662 opi-

252 677 305 698 nor
319 669 383 704 585,
399 670 434 697 ad
456 669 558 698 fontem
575 671 699 698 veritatis
723 679 886 707 provocans,
908 671 1042 706 lgnatium

252 721 384 752 tanquam
400 721 524 744 veterum
551 717 716 751 scriptorum
738 718 888 752 principem
907 718 1041 745 nominat.

253 763 382 799 Nunquid
402 772 454 791 non
465 772 574 799 possum
589 765 636 791 tibi
648 770 732 792 tatam
750 771 864 793 ceterum
884 767 1042 800 scriptorum

252 810 346 837 seriem
356 818 525 844 commovere,
539 810 686 846 lgnatium,
696 812 885 848 Polycarpum,
898 812 1040 847 Irenaeum,

251 856 390 884 Justinum
410 862 574 892 martyrem,
594 858 741 894 multosque
755 859 822 886 alios
843 860 1002 894 apostolicos
1016 865 1042 887 et

1093 264 1140 294 pta
1166 265 1264 286 natura
1290 260 1354 294 quid
1379 259 1501 286 senserit.
1526 259 1659 286 Audivistt
1680 259 1754 285 enim
1785 266 1861 292 pror

1093 305 1231 341 Ignatium
1252 306 1341 337 illum.
1367 307 1413 341 qui
1433 306 1466 332 de
1485 305 1559 332 Petri
1582 305 1693 332 dextera
1713 305 1861 340 ponti/ica

1093 353 1208 388 gratiam
1230 353 1355 386 suscepit,
1373 356 1399 378 et
1419 356 1478 386 post
1495 351 1715 378 administratam
1740 350 1862 377 Ecclesi

1092 399 1284 426 Antiochenam
1310 398 1435 432 martyrii
1457 406 1583 425 coronam
1606 398 1718 432 adeptus
1740 401 1802 424 est.
1834 396 1863 423 Ο

1093 449 1148 472 tam
1165 445 1346 472 honoriﬁcam
1372 445 1495 472 auctoris
1519 444 1688 472 mentionem
1715 443 1858 475 fecisset,

1092 491 1214 526 epistolis
1227 491 1288 525 ejus
1300 491 1458 518 testimonia
1474 490 1587 525 subiicit
1603 499 1610 517 :
1630 490 1684 516 Τοῦ
1699 490 1790 524 ἁγίου
1818 489 1863 522 Ἱγ

1092 537 1150 564 τίου
1180 537 1330 563 ἐπισκόπου
1362 536 1526 571 Ἀντιοχείας
1550 537 1598 563 καὶ
1623 537 1767 572 μάρτυρος
1794 535 1832 562 ὲκ
1857 544 1863 550 ·

1093 583 1162 618 πρὸς
1183 583 1354 619 Σμυρναίους
1377 582 1426 617 (ita
1450 582 1613 617 legendum,
1639 591 1694 609 non
1724 582 1863 617 Ῥωμαίο

1099 630 1269 665 Ἐπιστολῆς.
1296 629 1325 657 S.
1340 629 1453 665 lgnatii,
1477 629 1592 663 episcopi
1604 629 1771 655 Antiocheni
1788 634 1817 654 et
1836 637 1861 654 m

1093 677 1160 711 tyris
1171 684 1203 703 es:
1216 676 1339 710 Epistola
1366 676 1401 702 ad
1420 675 1583 710 Smyrnwos.
1616 677 1863 709 Πεπληροφορη]

1091 731 1165 755 νους
1181 721 1300 756 ἀληθῶς
1322 723 1366 755 εὶς
1385 722 1440 748 τὸν
1449 722 1558 756 Κύριον
1581 721 1678 756 ἡμῶν,
1691 721 1775 748 ὄντα
1799 721 1838 747 ἐκ
1858 730 1863 754 ς

1092 776 1165 800 νους
1180 767 1268 794 Δαὸἲδ
1284 768 1358 794 κατὰ
1371 767 1478 802 σάρκα,
1496 767 1565 794 Υιοῦ
1582 767 1656 794 Θεοῦ
1671 768 1751 794 κατὰ
1770 768 1863 799 θεότη

1092 814 1141 840 καὶ
1154 814 1290 848 δύναμιν,
1302 814 1521 849 γετενντυιένον
1534 814 1654 847 ἀληθῶς
1669 814 1705 840 ἐκ
1721 813 1863 848 Παρθένι

1089 860 1331 894 ,βεϐαπτισμένον
1343 861 1403 888 ὑπὸ
1423 860 1558 887 Ἰωάννου
1575 861 1627 887 ἵνα
1641 859 1799 894 πληρωθῇ
1818 859 1863 886 πιῐι

251 904 400 939 eloquentes
409 904 490 938 viros,
502 905 547 940 qui
559 904 685 932 adversus
702 904 855 938 llebionem,
874 911 898 932 et
920 905 1040 933 Theodo-

1091 905 1267 938 δικαιοσύνη
1282 906 1332 932 ὑπ’
1351 905 1444 932 αὑτοῦ
1455 925 1463 937 ,
1480 905 1601 939 άληθῶς
1616 905 1677 932 ὑπὸ
1694 905 1840 932 Ποντίου
1856 907 1863 931 ι

251 953 308 977 tum
328 950 487 985 Byzantium
499 971 507 983 ,
521 954 546 977 et
569 949 738 978 Valentinum
757 951 812 978 hac
824 952 914 978 eadem
931 953 1044 979 sentien-

251 1001 290 1024 tes
312 997 390 1032 plena
413 997 550 1031 sapientite
565 997 699 1024 volumina
721 997 1042 1032 conscripseruntﬂdem

251 1042 281 1069 in
300 1041 330 1069 S.
347 1041 505 1070 Matthmum
521 1050 529 1068 :
546 1041 669 1077 Ignatius
684 1043 765 1070 etiam
786 1048 910 1078 quartam
939 1044 1043 1070 addidit

250 1096 361 1115 causam
378 1097 427 1115 cur
443 1097 460 1115 a
474 1089 636 1123 desponsata
648 1094 787 1124 conceptus
808 1093 854 1123 stt,
871 1099 881 1115 ι
895 1095 923 1117 ut
939 1095 1042 1125 partus,

249 1134 382 1169 inquiens,
395 1134 453 1169 ejus
473 1134 606 1161 celaretur
627 1135 744 1162 diabolo.
764 1145 774 1161 ι
796 1133 829 1162 Et
843 1136 908 1171 quid
922 1137 957 1165 de
975 1137 1043 1164 scri-

250 1180 306 1214 ptis
320 1179 417 1216 lgnatii
443 1180 531 1208 nostri
547 1181 675 1213 senserit,
691 1181 773 1208 etiam
789 1189 852 1209 cum
867 1183 979 1214 erravit,
995 1191 1041 1210 os-

250 1226 350 1259 tendit,
366 1226 432 1254 Adv.
449 1225 609 1262 Pelagianos
626 1227 644 1254 l.
662 1235 692 1254 ιιι
706 1226 904 1262 :lgnatius,vir
914 1229 1042 1264 apostoli-

251 1279 299 1299 cus
313 1276 339 1299 et
352 1277 467 1308 martyr,
483 1273 575 1300 scribit
596 1273 724 1300 audacter
742 1281 751 1300 :
777 1283 785 1299 ι
802 1273 888 1309 Elegit
915 1274 1040 1302 Dominus

251 1318 397 1352 apostolos,
409 1319 454 1354 qui
466 1327 544 1354 super
554 1327 642 1346 omnes
654 1319 770 1347 homines
780 1326 928 1355 peccatores
937 1326 1023 1348 erant.
1030 1331 1039 1347 ι

257 1363 345 1392 Verba
361 1365 435 1392 enim
450 1372 504 1392 non
518 1370 582 1393 sunt
595 1365 702 1401 lgnatii,
719 1366 766 1394 sed
780 1366 924 1399 Barnabae,
944 1367 972 1394 in
994 1375 1043 1395 cu-

249 1409 297 1445 jus
309 1409 429 1445 Epistola
439 1410 591 1438 etiamnum
606 1416 724 1440 exstant.

287 1454 382 1488 Quinti
406 1456 499 1484 saeculi
521 1456 628 1491 primus
645 1457 725 1486 testis
739 1462 783 1486 est
804 1458 836 1487 B.
853 1459 1042 1488 Theodoretus

249 1501 397 1537 episcopus
408 1501 483 1538 Cyri,
497 1503 545 1538 qui
558 1507 586 1532 et
596 1504 677 1532 tertio
687 1509 715 1532 et
729 1510 829 1541 quarto
843 1507 963 1542 generali
975 1515 1042 1536 conv,

249 1548 315 1576 cilio
328 1547 463 1576 interfuit.
480 1548 528 1576 Ille
548 1554 650 1583 autem,
665 1559 728 1578 cum
750 1555 833 1579 testes
848 1553 1041 1581 ecclesiastica:

249 1594 382 1622 doctrinae
400 1595 568 1629 posteriores
579 1601 780 1630 enumerasset,
791 1597 850 1625 haec
865 1598 898 1625 de
912 1599 1040 1626 vetustis-
1053 1585 1075 1614 θ

248 1640 329 1668 simis
339 1639 453 1674 addidit,
465 1641 546 1675 epist.
553 1640 587 1668 ad
595 1642 749 1675 monachos
757 1641 1040 1677 Constantinopolita-

249 1693 312 1719 nos,
328 1694 356 1721 ν.
370 1686 439 1713 1027
457 1695 465 1714 :
479 1687 534 1713 Καὶ
545 1687 569 1713 οἱ
581 1687 684 1715 τούτων
694 1687 877 1724 πρεσϐύτεροι
901 1688 1039 1722 Ἰγνάτιος,

249 1732 298 1760 καὶ
315 1731 505 1767 Πολύκαρπος,
523 1733 571 1760 καὶ
587 1733 742 1768 Εἰρηναῖος,
767 1733 814 1760 καὶ
832 1733 982 1766 Ίουστῖνος,
995 1735 1041 1761 καὶ

254 1777 413 1810 Ἱππόλυτος
424 1798 431 1810 ,
449 1775 487 1805 ὧν
511 1779 536 1805 οῑ
553 1779 662 1810 πλείους
686 1779 737 1806 οὐκ
753 1780 902 1816 ἀρχιερέων
920 1781 1041 1817 προλάμ-

247 1831 331 1850 πουσι
349 1823 428 1858 μόνον
439 1843 446 1855 ,
464 1823 533 1850 ἀλλὰ
551 1824 597 1850 καὶ
614 1823 668 1851 τῶν
695 1824 841 1861 μαρτύρων
865 1825 1040 1861 διακοσμοῦσι

248 1869 432 1906 χορόν.Αιᾳιιε
444 1869 485 1897 his
498 1870 671 1905 antiquiores,
681 1869 813 1906 lgnatius,
826 1876 851 1898 et
864 1871 1038 1906 Polycarpus,

247 1919 273 1941 et
282 1913 445 1946 Irena'us,et
452 1914 588 1947 Justinus,
596 1921 620 1943 et
628 1915 917 1952 Hippolytus,quorum
925 1918 1040 1953 plerique

248 1967 301 1988 non
317 1961 394 1987 modo
415 1961 485 1988 inter
499 1962 639 1996 pontiﬁces
653 1961 805 1996 prwlucent,
829 1963 875 1989 sed
893 1967 1039 1998 martyrum

247 2005 329 2032 etiam
340 2005 450 2032 chorum
460 2011 602 2034 exornant.
617 2005 689 2034 Idem
708 2006 796 2042 Epist.
821 2007 854 2034 ad
870 2007 1039 2035 Florentium

246 2051 408 2084 Patricium.
423 2060 485 2088 pag.
505 2053 558 2081 966
577 2061 584 2078 2
607 2052 700 2080 Ταῦτα
717 2053 747 2080 δὲ
761 2055 828 2089 ἡμῖν
843 2054 994 2090 παρέδοσαν
1008 2056 1038 2082 οὐ

247 2098 329 2135 μόνον
351 2098 376 2124 οἱ
395 2098 539 2125 ἀπόστολοι
561 2099 608 2127 καὶ
631 2099 784 2135 προφῆται,
801 2099 869 2126 ἀλλὰ
891 2101 937 2126 καί
958 2102 982 2127 οἱ
1006 2101 1040 2129 τὰ

247 2145 351 2172 τούτων
371 2146 575 2181 ήρμηνευκότες
591 2146 808 2181 συγγράμματα,
829 2146 967 2180 Ἰγνάτιος,
986 2147 1038 2174 Εὐ-

249 2193 374 2225 στάθιος,
394 2192 565 2224 ¹Αθανάσιος,
585 2191 740 2223 Βασίλειος,
763 2192 925 2228 Γρηγὸριος,
949 2193 1039 2220 Ἰωάν-

247 2249 311 2275 νης,
332 2239 378 2266 καὶ
401 2239 426 2266 οἱ
449 2238 523 2266 ἄλλοι
546 2238 596 2273 τῆς
620 2237 782 2273 οἰκουμένης
800 2238 950 2274 φωστῆρες.
973 2238 1038 2266 Haec

247 2286 322 2313 nobis
348 2285 483 2312 tradidere
501 2292 553 2311 non
573 2283 688 2318 apostoli
703 2284 779 2311 modo
796 2288 821 2310 et
839 2285 980 2319 prop/tene,
995 2293 1039 2312 ue-

247 2339 307 2357 rum
328 2331 410 2357 etiam
428 2330 460 2361 ii,
484 2329 530 2364 qui
547 2329 642 2355 horum
665 2328 746 2355 libros
772 2330 937 2364 interpretati
963 2335 1036 2364 sunt,

248 2375 384 2411 Ignatius,
395 2373 875 2411 Eustathius,Athanasius,Basilius,
885 2374 1036 2411 Gregorius,

247 2421 375 2452 Joannes.
394 2427 419 2449 et
440 2421 542 2455 reliqua
554 2421 624 2447 orbis
641 2421 753 2447 lumina.
778 2421 875 2456 lgnatii
892 2427 981 2449 autem
998 2427 1038 2449 te-

247 2468 377 2495 stimonia
401 2467 535 2494 adversus
557 2467 715 2493 baareticum
737 2466 939 2501 producturus,
962 2467 1034 2495 Dial.

247 2513 394 2542 Immutab.
419 2513 459 2540 sic
474 2513 508 2540 de
533 2513 592 2548 ipso
606 2511 758 2548 puniatur:
783 2511 923 2545 Ἑπιδείξω
948 2513 976 2540 δέ
996 2522 1036 2541 σοι

244 2559 291 2586 τὸν
311 2559 488 2594 πανεύφημον
513 2559 562 2594 τῆς
581 2559 743 2594 Ἐχκλησίας
758 2558 925 2591 διδάσκαλον,
944 2559 989 2586 καὶ
1007 2560 1037 2587 τὸ

245 2605 351 2633 ἐκείνου
378 2605 441 2640 περὶ
465 2605 516 2640 τῆς
537 2605 611 2637 θείας
636 2604 868 2641 ὲνανθρωπήσεως
892 2605 1034 2641 φρόνημα,

244 2651 289 2679 ῐνα
301 2651 373 2686 γνῷς
390 2651 451 2678 τίνα
473 2652 535 2687 περὶ
557 2651 606 2687 τῆς
622 2651 770 2687 ληφθείσης
788 2650 897 2683 ὲδὸξασε
912 2651 1034 2686 φύσεως·

243 2698 367 2734 ἀκήκοας
381 2698 410 2724 δὲ
424 2698 531 2730 πάντως
550 2698 678 2732 Ἰγνάτιον
693 2699 806 2730 ἐκεῖνον,
821 2697 852 2729 ὃς
867 2697 911 2724 διὰ
925 2698 974 2732 τῆς
988 2698 1035 2724 τοῦ

245 2743 364 2779 μεγάλου
382 2743 486 2779 Πέτρου
497 2744 587 2778 δεξιᾶς
600 2744 651 2779 τῆς
665 2743 872 2780 ἀρχιερωσύνης
888 2744 938 2780 τὴν
957 2744 1035 2780 χάριν

249 2789 370 2823 ιὸέξατο,
387 2791 434 2817 καὶ
453 2791 502 2826 τὴν
524 2791 685 2826 Ἐκκλησίαν
711 2791 868 2826 Ἀντιοχέων
885 2790 977 2821 ἰθύνας
991 2791 1035 2817 τὸν

248 2836 292 2864 τοῦ
309 2838 456 2873 μαρτυρίου
471 2837 601 2872 στέφανον
616 2837 772 2872 ἀνεδήσατο.
791 2836 934 2864 Ostendam
949 2842 1035 2863 autem

247 2879 295 2907 'ibi
308 2880 503 2909 celeberrimum
517 2880 643 2909 Ecclesia
661 2881 808 2917 doctorem,
821 2885 845 2908 et
859 2880 932 2908 illius
945 2880 977 2908 de
990 2881 1034 2908 di-

1094 951 1188 978 .Za'tov
1201 951 1249 978 καὶ
1267 951 1395 985 Ἡρώδου
1408 951 1569 985 τετράρχου
1582 952 1811 985 καθηλωμένον
1824 953 1863 978 ὑπ

1094 996 1178 1031 ἡμῶν
1185 998 1285 1032 σαρκί.
1293 997 1377 1024 Plane
1389 997 1572 1032 cumulateque
1584 1005 1727 1032 persuasos
1736 997 1774 1024 de
1782 997 1863 1024 Domi

1095 1047 1194 1074 nostro,
1207 1044 1251 1077 qui
1267 1048 1305 1070 est
1322 1052 1354 1071 ea;
1368 1051 1458 1079 genere
1472 1043 1559 1070 David
1576 1043 1721 1070 secundum
1734 1051 1861 1073 carnem,

1095 1088 1183 1116 Filius
1193 1088 1240 1116 Dei
1248 1090 1390 1116 secundum
1398 1089 1566 1116 divinitatem
1575 1093 1600 1116 et
1609 1089 1774 1123 potentiam,
1784 1089 1834 1123 qui
1844 1097 1863 1114 ιι

1094 1139 1172 1163 natus
1186 1140 1224 1161 est
1235 1143 1268 1161 es;
1281 1134 1396 1170 Virgine,
1410 1135 1561 1170 baptizatus
1575 1143 1591 1161 a
1601 1134 1707 1162 Joanne
1719 1139 1752 1161 ut
1766 1135 1858 1162 omnis

1093 1181 1149 1214 ipsa
1160 1180 1268 1215 justitia
1284 1181 1453 1216 impleretur;
1470 1189 1527 1208 tere
1556 1181 1604 1209 sub
1628 1180 1728 1208 Pontio
1752 1181 1852 1208 Pilato

1094 1225 1198 1253 llerode
1214 1228 1346 1254 tetrarcha
1359 1236 1406 1262 pro
1420 1227 1493 1254 nobis
1513 1228 1541 1254 in
1563 1236 1643 1254 carne
1656 1228 1825 1262 cruciﬁxus.
1843 1228 1863 1253 T

1092 1272 1172 1299 αὑτοῦ
1192 1273 1224 1299 ὲκ
1243 1273 1292 1308 τῆς
1314 1273 1398 1308 αὐτῆς
1414 1273 1583 1308 Ἐπιστολῆς.
1599 1272 1729 1308 Ejusdem
1752 1282 1789 1300 ea:
1803 1274 1863 1300 eadt

1092 1317 1215 1352 Epistola
1224 1326 1234 1345 :
1244 1318 1274 1345 Τί
1284 1318 1339 1353 γὰρ
1354 1318 1472 1353 ὠφελεῖ,
1487 1319 1571 1352 ειπερ
1583 1327 1621 1353 με
1637 1318 1760 1345 ἐπαινεῖ
1771 1327 1830 1352 τις,
1844 1327 1863 1344 τι

1091 1363 1126 1390 δὲ
1141 1365 1251 1398 Κύριόν
1266 1374 1326 1399 μου
1340 1364 1534 1399 βλασρημεῖ,
1552 1365 1593 1399 μὴ
1615 1364 1777 1400 ὁμολογῶν
1799 1366 1863 1392 αὐτ(

1092 1411 1297 1445 σαρκοφόροφυ
1313 1412 1330 1438 ό
1341 1410 1375 1438 δὲ
1391 1411 1478 1438 τοῦτο
1488 1410 1532 1446 μὴ
1549 1411 1646 1446 λέγων
1662 1412 1790 1444 τελείως
1800 1412 1863 1437 αὐτ(

1091 1455 1217 1490 ἤρνηται
1236 1456 1277 1488 ὡς
1298 1456 1491 1490 νεκροφόρον.
1511 1455 1583 1488 Quid
1606 1461 1696 1483 autem
1721 1457 1849 1490 prodest,

1091 1501 1150 1536 quis
1164 1509 1204 1528 me
1220 1501 1319 1533 laudet.
1333 1501 1477 1529 Dominum
1498 1507 1586 1528 autem
1606 1510 1694 1529 meum
1708 1502 1863 1537 blasphemi1

1092 1554 1144 1573 non
1165 1546 1290 1581 conﬁtens
1312 1554 1371 1573 eum
1395 1554 1501 1573 carnem
1522 1546 1648 1581 gestare?
1668 1545 1749 1579 Quod
1766 1547 1813 1581 qui
1837 1554 1862 1571 nt

1091 1592 1242 1627 proﬁtetur,
1258 1592 1335 1627 plane
1351 1592 1439 1627 ipsum
1458 1597 1546 1627 negat,
1568 1596 1597 1619 ut
1612 1592 1728 1618 cadaver
1747 1591 1862 1624 circumi

1092 1643 1200 1664 rentem.
1213 1637 1266 1664 Τοῦ
1282 1636 1365 1664 αὑτοῦ
1390 1637 1422 1664 ὲκ
1439 1637 1490 1672 τῆς
1503 1637 1591 1672 αὐτῆς
1612 1637 1787 1673 Ἐπιστολῆς.
1811 1636 1862 1670 ΕῙιιι

1090 1684 1149 1711 dem
1172 1691 1204 1710 ea;
1220 1684 1309 1711 eadem
1331 1683 1455 1719 Epistola
1468 1690 1478 1709 :
1494 1685 1530 1710 Ei
1543 1683 1600 1718 γὰρ
1616 1683 1656 1716 τῷ
1672 1683 1779 1710 δοκεῖν
1795 1682 1862 1709 ταῦτ

1090 1728 1222 1763 ἐπράχθη
1244 1728 1303 1758 ὑπὸ
1319 1729 1372 1756 τοῦ
1388 1729 1499 1762 Κυρίου
1517 1728 1613 1763 ἡμῶν,
1630 1727 1715 1763 κάγὼ
1730 1728 1774 1761 τῷ
1789 1726 1862 1754 δοκεῖ

1090 1774 1208 1809 δέδεμαι
1219 1782 1226 1788 ⁴
1252 1775 1281 1801 τί
1300 1773 1334 1800 δὲ
1350 1774 1398 1801 καὶ
1414 1774 1544 1809 ἐμαυτὸν
1566 1774 1692 1802 ἔκδοτον
1713 1773 1831 1800 δέδωκα
1846 1781 1861 1798 τ

1091 1820 1215 1852 θανάτῳ,
1233 1820 1308 1854 πρὸς
1323 1820 1393 1854 πῦρ,
1413 1820 1488 1854 πρὸς
1506 1820 1670 1855 μάχαιραν,
1693 1821 1774 1854 πρὸς
1789 1820 1861 1853 (huic

1091 1865 1158 1892 ἀλλ’
1169 1867 1183 1892 ὁ
1198 1865 1286 1900 ἐγγὺς
1299 1867 1457 1900 μαχαίρας,
1474 1866 1566 1900 ἐγγὺς
1574 1866 1649 1893 Θεοῦ
1660 1874 1667 1882 ο
1682 1867 1787 1901 μόνον
1801 1866 1834 1892 ἐν
1846 1874 1859 1890 r

1091 1910 1212 1944 ὀνόματι
1239 1910 1339 1944 Ἰησοῦ
1355 1911 1493 1945 Χριστοῦ,
1508 1913 1553 1945 εἰς
1567 1912 1600 1939 τὸ
1611 1911 1790 1946 συμπαθεῖν
1809 1911 1861 1937 alia

1091 1957 1189 1984 πάντα
1212 1957 1361 1992 ὑπομένω,
1385 1957 1478 1985 αὑτοῦ
1499 1967 1538 1993 με
1560 1958 1811 1993 ὲνδυναμοῦντος
1834 1967 1860 1984 το

1090 2003 1206 2030 τελείου
1213 2002 1379 2037 ἀνθρώπου,
1385 2003 1422 2030 ὅν
1427 2013 1506 2038 τινες
1518 2005 1701 2039 ἀγνοοῦντες
1710 2006 1860 2040 ἀργοῦντα

1091 2049 1122 2078 Si
1139 2051 1207 2076 enim
1225 2051 1344 2085 opinione
1369 2055 1472 2077 tantum
1484 2052 1539 2079 htec
1551 2060 1568 2078 a
1579 2052 1694 2078 Domino
1706 2058 1802 2079 nostro
1814 2056 1860 2087 gest

1092 2101 1165 2129 sunt,
1181 2105 1228 2131 ego
1247 2104 1347 2131 quoque
1369 2097 1491 2131 opinione
1512 2098 1616 2124 vinctus
1628 2106 1700 2126 sum.
1725 2097 1785 2126 Cur
1800 2102 1860 2124 aute:

1088 2148 1114 2170 et
1135 2144 1264 2178 meipsum
1286 2143 1366 2169 morti
1389 2143 1502 2176 tradidi,
1523 2144 1558 2170 ad
1578 2144 1677 2179 ignem,
1698 2145 1736 2171 ad
1756 2145 1859 2180 gladium

1091 2189 1126 2215 ad
1139 2189 1256 2216 bestias?
1280 2188 1375 2216 Verum
1393 2190 1438 2224 qui
1457 2190 1559 2216 vicinus
1576 2190 1678 2225 gladio,
1696 2191 1802 2217 vicinus
1814 2190 1859 2216 Deo

1091 2234 1177 2261 solum
1199 2235 1226 2261 in
1250 2235 1354 2261 nomine
1370 2234 1435 2262 Jesu
1453 2234 1571 2268 Christi,
1599 2241 1628 2262 ut
1649 2238 1810 2270 passionum
1825 2235 1859 2269 cju

1089 2282 1176 2308 socius
1191 2282 1265 2317 ﬁam,
1283 2282 1373 2309 omnia
1396 2282 1523 2315 sustineo,
1544 2282 1601 2317 ipso
1620 2290 1661 2310 me
1681 2283 1859 2310 corroborant-2

1087 2328 1191 2354 homine
1213 2328 1348 2362 perfecto,
1378 2337 1455 2363 quem
1481 2327 1566 2363 aliqui
1588 2328 1750 2363 ignorantes
1780 2331 1859 2363 negant

1088 2373 1144 2401 llas
1166 2378 1221 2400 tres
1237 2374 1347 2409 ῥήσεις,
1368 2373 1402 2400 ab
1425 2373 1472 2401 illo
1493 2378 1558 2401 ante
1577 2381 1666 2401 annos
1688 2373 1752 2402 fere
1773 2374 1858 2401 millet

1087 2419 1219 2446 ducentos
1229 2424 1381 2453 excerptas,
1395 2419 1422 2445 iu
1434 2419 1529 2446 eadem
1542 2418 1665 2454 Epistola
1678 2420 1714 2447 ad
1727 2419 1858 2455 Smyrnam

1087 2465 1237 2492 etiamnum
1268 2465 1392 2499 legimus.
1421 2464 1513 2499 Pergit
1538 2465 1569 2494 Β.
1590 2465 1790 2493 Thcodoretus
1810 2464 1858 2492 ιτα

1087 2510 1168 2540 αὑτοῦ
1189 2511 1221 2537 ὲκ
1237 2511 1286 2546 τῆς
1300 2510 1368 2546 πρὸς
1387 2511 1528 2544 Ἐφεσίους
1551 2511 1728 2547 Ἐπιστολῆς.
1759 2511 1858 2547 Ejusden

1086 2565 1119 2584 ex
1134 2556 1254 2591 Epistola
1277 2556 1311 2583 ad
1334 2556 1470 2591 Ephesios.
1498 2557 1530 2583 '0
1546 2557 1603 2592 γὰρ
1620 2558 1696 2591 Θεὸς
1720 2558 1808 2593 ἡμῶν
1823 2557 1857 2588 ’1η

1086 2602 1163 2635 σοῦς
1178 2601 1305 2636 Χριστὸς
1316 2601 1502 2636 ἐκυοφορὴθη
1515 2602 1575 2630 ὑπὸ
1591 2604 1712 2637 Μαρίας
1729 2605 1794 2632 κατ’
1806 2604 1857 2630 σὺν)

1085 2649 1194 2683 νομίαν
1211 2649 1295 2681 Θεοῦ,
1311 2649 1346 2676 ὲκ
1360 2649 1530 2684 σπέρματος
1539 2651 1600 2685 μὲν
1615 2651 1719 2684 Δαὸὶδ,
1740 2654 1777 2681 ἐκ
1789 2650 1857 2679 Πνεύ·

1083 2704 1177 2730 ματος
1195 2695 1228 2722 δὲ
1241 2695 1337 2729 ἁγίου,
1349 2695 1382 2728 ὃς
1395 2695 1551 2731 ἐγεννήθη,
1572 2698 1622 2724 καὶ
1636 2698 1815 2732 ἐϐαπτίσθη,
1827 2697 1857 2723 ἵνα

1086 2741 1120 2768 τὸ
1141 2740 1250 2774 θνητὸν
1273 2741 1357 2775 ἡμῶν
1378 2743 1554 2778 καθαρισθῇ.
1584 2743 1655 2772 Deus
1689 2752 1784 2775 noster
1804 2745 1856 2772 less!

1087 2788 1208 2815 Christus
1224 2790 1251 2815 in
1263 2788 1356 2816 Marite
1373 2795 1446 2816 utero
1461 2796 1580 2825 gestatus
1598 2799 1650 2825 est,
1669 2796 1813 2823 secundum
1827 2790 1856 2818 Dei

1086 2835 1320 2868 dispensationem,
1348 2843 1380 2861 ea:
1399 2836 1497 2862 semine
1521 2838 1631 2871 quidem
1655 2839 1748 2868 David
1759 2864 1765 2876 ,
1784 2840 1821 2868 sed
1837 2842 1856 2863 tl

1087 2879 1191 2908 Spiritu
1203 2885 1294 2908 sancto
1308 2882 1372 2909 :aui
1388 2886 1466 2909 natus
1481 2888 1519 2910 est
1538 2888 1564 2910 et
1578 2884 1754 2917 baptizatus.
1770 2893 1794 2916 ut
1809 2891 1856 2913 mut-
