1874 3070
0 136 3 143 ’
27 147 52 173 89
407 140 431 167 .l.
452 134 633 166 PEARSONll
652 132 813 161 VlNDlCllE
833 127 1047 159 IGNATIANAS.
1069 143 1102 147 —
1121 124 1213 153 PARS
1229 123 1250 151 l.
1607 117 1642 144 90

25 205 156 232 habuisset,
172 204 232 228 etc.
254 199 334 228 Licet
352 198 425 230 illud,
440 202 469 224 ut
488 196 580 229 voluit;
602 195 635 222 ad
650 194 806 229 epistolam,
821 194 844 222 Α
858 199 906 225 pen
923 190 1024 224 facere;
1041 186 1085 213 sed
1103 185 1172 221 quod
1186 184 1232 210 ille
1248 181 1408 218 probaverit,
1423 179 1471 206 hoc
1487 182 1511 205 et
1532 176 1585 203 Deo
1599 183 1645 202 ac-

24 256 94 284 qusm
119 246 239 280 scripsit
260 245 387 280 lgnatius
411 243 443 271 ad
458 242 608 274 Romanos,
631 239 704 267 haud
725 237 808 266 dubie

24 283 170 325 referatur;
203 295 255 318 aut
279 290 456 317 Anastasium
484 288 624 323 priorem,
657 283 808 312 Antiochia:

24 340 225 376 patriarcham,
245 337 320 364 libro
336 336 374 363 De
393 335 470 362 rectis
491 333 611 361 ueritatis
631 329 808 366 dogmatibus,

23 388 44 414 in
56 385 230 413 Bibliotheca
242 383 352 418 collegii
365 382 452 410 nostri
466 378 646 414 Cantabrigiae
661 385 712 405 ms.
729 383 809 412 quem

23 432 45 457 in
58 429 157 456 exsilio
174 428 233 456 sub
244 427 354 455 Justino
372 425 491 461 scripsit,
512 425 559 452 ubi
582 422 660 451 libris
682 421 810 449 omnibus

22 477 174 508 destitutus,
204 475 241 503 de
253 473 366 502 Christo
394 481 428 501 ex
452 471 556 507 lgnatio
583 475 678 497 nostro
702 468 811 496 locutus

22 527 66 554 est,
90 527 119 548 ut
133 520 243 555 potuit,
263 527 325 547 cum
340 518 472 554 epistolas
487 516 519 544 ad
535 523 646 543 manum
662 522 717 542 non
728 514 812 541 habe-

22 573 77 595 ret:
97 567 223 602 Μορφὴν
250 565 344 592 δούλου
367 563 565 600 ἠμφιεσμένον,
593 562 636 588 ἴνα
660 560 730 597 λάθῃ
746 560 812 592 Θεὸς

21 615 54 640 ὢν
68 613 114 640 τὸν
130 613 259 649 ἄρχοντα
275 611 323 638 τοῦ
340 611 439 642 αἰῶνος
454 609 558 640 τούτου,
577 608 665 643 forma
679 607 747 635 serui
771 607 813 632 in-

22 661 128 693 dutum,
154 663 186 686 sit
213 658 284 686 Deus
306 658 436 685 assistens
457 656 550 682 lateret
570 654 715 690 principem
735 653 812 688 hujus

22 706 118 734 seculi.

51 763 108 791 Non
123 763 213 799 longe
229 761 266 789 ab
282 760 360 788 initio
376 759 485 794 septimi
504 758 598 787 saeculi
612 757 683 785 alius
695 756 814 783 Anasta-

22 810 74 837 sius
89 808 261 843 monachus,
275 807 392 838 Sinaita,
409 809 437 833 et
454 805 652 833 catholicorum
666 806 694 830 et
707 800 815 829 haereti-

23 864 112 884 corum
135 854 268 890 ejusdem
284 853 335 881 aevi
357 852 385 880 in
404 850 578 887 agnoscendo
598 849 702 885 lgnatio
718 851 815 875 nostro

26 909 186 930 consensum
208 900 311 928 innuit.
333 899 417 927 Libro
434 897 507 926 enim
522 903 605 932 quem
629 895 749 930 ὀδητὸν
763 901 815 922 no-

25 948 143 981 minavit,
159 948 237 974 inter
253 944 411 974 testimonia
427 950 489 979 quze
502 948 567 971 tunc
584 941 715 976 temporis
727 939 816 967 Theo-

24 994 124 1021 dosiani
147 997 176 1021 et
200 991 338 1020 Gaianiue
356 998 391 1018 ex
411 988 540 1017 Patribus
559 986 742 1018 adducebant,
764 984 818 1012 hoc

25 1039 65 1066 τοῦ
80 1039 161 1074 ἁγίου
183 1037 318 1073 ἰγνατίου
331 1035 482 1063 ἐπισκόπου
502 1033 675 1069 Ἀντιοχείας,
690 1031 720 1060 S.
736 1031 817 1067 lgna—

25 1087 51 1112 tii
66 1085 183 1120 episcopi
196 1083 360 1116 Antiochia,
377 1083 479 1110 habet:
500 1081 613 1109 Ἐάσατε
635 1078 756 1116 μιμητὴν
771 1085 818 1112 γε-

25 1131 110 1157 νέσθαι
126 1130 178 1158 τοῦ
197 1129 304 1160 πάθους
319 1127 367 1155 τοῦ
384 1126 452 1155 Θεοῦ
471 1136 531 1163 μου.
550 1126 636 1155 Sinite
655 1134 695 1153 me
716 1125 818 1152 imitari

26 1185 170 1211 passionem
197 1175 249 1203 Dei
273 1175 338 1208 mei,
359 1182 395 1201 ex
415 1174 546 1209 epistola,
568 1172 688 1206 scilicet,
709 1171 742 1199 ad
764 1170 820 1198 Ro-

27 1230 127 1250 manos.
143 1221 283 1257 Ejusdem
302 1220 396 1249 seculi
411 1219 549 1248 secundus
566 1219 654 1252 testis,
667 1223 694 1246 et
707 1217 819 1253 quidem

28 1267 279 1303 locupletissimus,
299 1271 343 1293 est
362 1265 515 1292 Antiochus
537 1264 589 1292 sub
612 1263 738 1291 Heraclio
758 1270 820 1290 mo-

28 1316 125 1342 nacbus
136 1313 322 1347 Palaestinus,
334 1313 382 1348 qui
395 1312 430 1340 ad
440 1311 613 1339 Eustathium
625 1310 736 1345 scripsit
747 1310 821 1343 circa

27 1369 123 1388 auuum
138 1360 209 1392 620,
220 1360 305 1394 eique
317 1358 446 1386 bomilias
461 1365 525 1386 suas
538 1357 684 1385 dedicavit.
699 1356 821 1389 Quarum

29 1408 74 1435 lit
95 1415 159 1443 qua:
190 1407 251 1442 agit
278 1405 317 1433 De
346 1405 509 1432 veneratione
542 1402 724 1432 sacerdotibus
753 1410 822 1437 pra-

27 1455 127 1487 standa,
151 1454 217 1481 haec
238 1452 319 1479 nobis
333 1458 348 1478 e
364 1450 394 1478 S.
407 1450 510 1485 lgnatio
523 1450 650 1485 decerpta
671 1448 771 1477 tradit:
793 1448 822 1474 '0

27 1499 153 1535 Θεοφόρος
168 1497 306 1532 Ἰγνάτιος
320 1495 483 1528 ἐπιστέλλει,
496 1495 583 1530 λέγων
593 1503 599 1508 ”
611 1495 654 1527 Τῷ
669 1494 823 1525 ἑπισκόκῳ

27 1536 204 1579 specus-ie,
219 1544 273 1570 ἵνα
291 1541 341 1569 καὶ
354 1543 371 1569 ό
388 1540 460 1574 Θεὸς
472 1540 552 1575 ὑμῖν.
573 1540 755 1573 Ἀντίψυχον
766 1538 824 1574 ἐγὼ
837 1554 858 1583 c

28 1591 62 1623 τῷ
70 1587 322 1623 ὑποτασσομένῳ
332 1587 402 1622 (lege
408 1585 463 1612 τῶν
474 1585 709 1620 ὑποτασσομένων,
718 1592 752 1611 ne
762 1591 825 1612 cum

28 1636 176 1663 Tilmanno
196 1635 348 1668 interprete
363 1633 399 1659 ita
415 1631 525 1664 reddas,
541 1639 644 1658 recreor
658 1631 687 1658 in
705 1631 826 1665 episcopo

27 1683 67 1717 qui
82 1682 152 1708 mihi
168 1680 335 1714 subrogatus
345 1678 395 1712 est)
405 1697 414 1710 ,
429 1677 596 1708 ἑπισκόπῳ,
615 1675 828 1710 πρεσϐυτέροις

29 1737 56 1756 τε
67 1728 118 1755 καὶ
128 1726 303 1758 διακόνοις·
317 1724 379 1759 μετ’
391 1723 490 1751 αὐτῶν
500 1731 552 1758 μοι
565 1722 597 1749 τὸ
610 1722 701 1757 μέρος
712 1721 827 1757 γένοιτο

29 1776 108 1810 ἔχειν
123 1775 163 1801 ὲν
192 1771 268 1805 Θεῷ.
288 1770 408 1806 lguatius
435 1769 602 1804 Theophorus
626 1777 673 1804 per
689 1768 828 1803 epistolam

30 1822 90 1848 dicit
104 1829 114 1848 :
138 1829 150 1846 ι
167 1819 304 1853 Episcopo
318 1817 456 1850 attendite,
473 1821 502 1843 ut
515 1820 540 1842 et
552 1814 622 1842 Deus
635 1814 718 1842 vobis.
731 1813 828 1841 Anima

31 1876 85 1894 mea
110 1874 164 1901 pro
190 1865 238 1897 iis,
259 1864 303 1899 qui
319 1864 449 1898 episcopo,
474 1861 645 1897 presbyteris,
663 1865 687 1888 et
709 1860 828 1887 diaconis

33 1921 129 1940 morem
149 1914 272 1947 gerunt:
286 1917 345 1936 cum
360 1908 417 1935 illis
440 1907 585 1943 portionem
604 1906 700 1934 habere
715 1906 782 1947 mihi
801 1906 830 1933 in

34 1959 86 1986 Deo
101 1942 277 1992 conlingat.»
294 1955 356 1983 Haec
367 1942 459 1982 autem
476 1954 504 1981 in
519 1953 639 1988 Epistula
650 1952 685 1980 ad
701 1942 831 1987 Pol'ycar-

36 2013 97 2041 pum
111 2008 232 2032 exstant
244 2024 251 2030 .
268 2001 323 2030 Καὶ
338 1999 429 2033 αὖθις·
446 1999 567 2034 Μάρτυς
587 2007 648 2034 μοι,
664 1998 699 2026 ἐν
712 1997 735 2031 ᾧ
749 1996 831 2024 δέδε-

37 2061 94 2084 tau,
109 2051 158 2079 ὅτι
175 2049 239 2078 ἀπὸ
255 2048 367 2082 σαρκὸς
383 2046 574 2081 ἀνθρωπίνης
595 2045 651 2072 οὐκ
672 2045 768 2079 ἔγνων
778 2052 786 2059 ·
799 2041 833 2069 τὸ

37 2090 565 2130 ὄὲΠηῦμαὲκήρυσσεν-λέγυντάὸε·
585 2089 679 2124 Χωρὶς
695 2089 748 2117 τοῦ
767 2089 832 2116 ἐπι-

37 2143 159 2169 mcde
176 2138 276 2175 μηδὲν
298 2137 415 2165 ποιεῖτε.
432 2135 468 2163 Et
488 2143 600 2164 rursus:
619 2145 628 2162 ι
644 2135 729 2163 Testis
752 2135 832 2168 mihi,

37 2190 63 2217 in
77 2197 132 2225 quo
147 2189 256 2215 vinctus
273 2193 343 2217 sum,
360 2183 428 2220 quod
443 2191 476 2211 ea;
489 2191 568 2210 carne
581 2182 698 2210 humana
721 2190 773 2209 non
787 2189 835 2209 no-

858 242 970 273 ceptum,
982 243 1014 262 ex
1029 234 1135 262 eadem.
1157 232 1185 258 Ὀ
1201 230 1246 257 τὸν
1263 228 1410 256 ἐπίσκοπον
1426 225 1513 260 τιμῶν
1529 223 1582 251 ὑπὸ
1598 221 1645 249 τοῦ

857 267 925 310 6έοῦ
942 267 1069 317 τιμᾶται·
1087 280 1102 306 ὁ
1117 277 1204 313 λάθρα
1229 274 1377 303 ἐπισκόπου
1401 281 1428 299 τι
1453 270 1584 307 πράσσων
1607 267 1646 303 τῷ

859 313 977 364 διαόὁλιεί
989 325 1124 362 λατρεύει.
1135 324 1187 357 Qui
1197 322 1347 357 episcopatu
1362 320 1484 349 honorat,
1500 325 1516 343 a
1531 316 1585 343 Deo
1600 313 1647 340 ho-

860 360 987 406 noratur;
1007 360 1050 407 qui
1072 371 1140 397 clam
1154 369 1274 404 episcopo
1294 365 1395 400 aliquid
1419 363 1495 399 facit,
1511 360 1648 388 diabolum

861 420 934 452 colit,
948 427 982 446 ex
997 417 1103 446 eadem.
1122 415 1282 449 Ἀναγκαῖον
1306 411 1335 438 δέ
1355 412 1428 437 ἐστιν
1447 405 1648 435 ὑποτάσσεσθαι

861 465 908 494 καὶ
979 461 1224 500 πρεσϐυτερίῳ,ὠς
1241 457 1398 488 ἀποστόλοις
1414 454 1501 491 Ἰησοῦ
1518 451 1648 490 Χριστοῦ,
1701 488 1705 492 Δ

862 512 911 547 τῆς
928 499 1034 542 ἐλπίδος
1050 508 1149 544 ἠμῶν,.
1163 527 1169 533 .
1184 525 1190 532 .
1205 526 1211 532 .
1225 525 1231 532 .
1245 525 1252 532 .
1264 503 1334 531 κατά
1351 502 1439 529 πάντα
1453 500 1550 536 τρόπον
1568 499 1650 525 πᾶσιν

863 544 1006 594 ἀρέσκειν·
1031 555 1062 582 οὔ
1087 554 1141 590 γὰρ
1167 551 1318 589 βρωμάτων
1342 549 1388 576 ml.
1421 547 1550 582 πομάτων
1583 544 1651 571 εἰσὶν

862 588 979 631 διάκονοι
991 623 998 635 ,
1016 601 1083 629 ἀλλὰ
1094 588 1264 634 γἜέκκλησίας
1280 596 1346 624 Θεοῦ
1364 594 1514 630 ὑπηρέται·
1532 591 1590 618 δέον
1606 588 1653 617 οὖν

864 651 938 677 ἐστιν
956 650 1055 681 αὐτοὺς
1077 645 1260 683 φυλάσσεσθαι
1281 643 1316 670 τὰ
1341 641 1499 676 ἐγκλήματα
1515 639 1552 670 ὡς
1576 636 1651 673 πῦρ·

864 697 964 732 ὁμοίως
989 696 1089 726 πάντες
1115 690 1339 729 ὲντρεπέσϐωσαν
1364 688 1427 719 τοὺς
1452 685 1592 715 διακόνους
1616 683 1654 714 ὼς

871 730 974 778 ’Ῐησοῦν
989 740 1115 777 Χριστὸν,
1133 739 1180 766 καὶ
1196 737 1240 764 τὸν
1257 736 1405 764 ἐπίσκοπον
1420 733 1458 765 ὡς
1474 731 1520 758 τὸν
1537 730 1653 765 πατέρα,

864 775 927 820 τους
946 788 975 815 δὲ
999 775 1199 823 πρεσϐυτέρους
1223 783 1260 815 ὡς
1287 781 1424 817 συνέδριον
1448 777 1527 810 Θεοῦ,
1545 775 1592 803 καὶ
1618 775 1655 806 ὡς

865 819 963 869 δεσμὸν
987 819 1158 859 ἀποστόλωνο
1194 827 1279 864 χωρὶς
1312 825 1413 853 τούτων
1445 821 1592 857 Ἐκκλησία
1623 819 1656 846 οὐ

830 883 852 912 Β
866 865 1000 907 καλεῖται.
1020 877 1132 904 Necesse
1149 875 1232 911 igitur
1249 877 1287 901 est
1306 871 1388 908 (non,
1404 870 1524 905 episcopo
1545 865 1657 900 subjecti

866 929 895 952 ut
910 925 963 952 sint
986 924 1065 951 etiam
1084 921 1239 958 presbyteri,
1252 924 1281 946 ut
1294 922 1318 946 et
1331 915 1446 952 apostoli
1461 914 1525 942 Jesu
1540 911 1656 944 Christo,

867 971 907 999 uti
924 969 1042 1005 pessime
1054 967 1196 996 transtulit
1209 964 1382 995 Tilmannus,
1395 961 1453 996 sed)
1467 959 1563 994 subjici
1577 958 1658 985 etiam

867 1016 1039 1053 presbyterio,
1059 1018 1087 1041 ut
1109 1011 1235 1048 apostolis
1255 1010 1319 1038 Jesu
1341 1008 1458 1040 Christi,
1477 1006 1523 1041 qui
1543 1008 1582 1032 est
1601 1010 1658 1038 spes

867 1067 959 1090 nostra
968 1082 976 1090 .
987 1081 995 1089 .
1004 1081 1012 1089 .
1023 1081 1029 1088 .
1041 1081 1048 1088 .
1060 1080 1067 1087 .
1079 1059 1151 1087 omni
1166 1057 1242 1085 modo
1254 1055 1374 1084 omnibus
1392 1053 1505 1089 placere;
1518 1051 1579 1078 Non
1589 1049 1659 1076 enim

868 1113 929 1136 sunt
954 1106 1148 1135 esculentorum
1169 1109 1194 1131 et
1227 1102 1426 1138 poculentorum
1458 1096 1593 1127 ministri,
1614 1094 1659 1121 sed

869 1154 996 1183 Ecclesia:
1010 1153 1059 1180 Dei
1076 1152 1154 1180 servi.
1169 1150 1276 1185 Oportet
1298 1149 1381 1183 igitur
1394 1154 1438 1173 eos
1452 1146 1536 1172 vitare
1548 1141 1661 1170 crimina

868 1201 977 1229 perinde
998 1208 1029 1227 ac
1052 1200 1148 1235 ignem.
1173 1196 1306 1224 Similiter
1324 1198 1349 1222 et
1374 1200 1464 1220 omnes
1494 1192 1662 1218 reuereantur
1712 1205 1718 1211 .

870 1248 1006 1279 diaconos,
1026 1250 1056 1272 ut
1077 1244 1171 1272 Jesum
1192 1242 1338 1274 Christum,
1354 1245 1380 1267 et
1396 1239 1547 1274 episcopum
1562 1240 1591 1262 ut
1611 1242 1661 1269 pa-

872 1299 948 1326 trem,
964 1291 1129 1328 presbyteros
1147 1294 1234 1317 autcm
1249 1293 1277 1315 ut
1298 1285 1440 1314 concilium
1460 1283 1520 1317 Dei,
1532 1287 1557 1310 et
1572 1281 1662 1309 vincu-

871 1340 926 1367 lum
946 1337 1136 1374 apostolorum.
1150 1334 1213 1363 Siue
1226 1334 1266 1361 his
1282 1332 1402 1360 Ecclesia
1415 1338 1466 1357 non
1482 1333 1608 1359 vocatur;
1629 1334 1662 1353 ex

871 1385 978 1414 eadem.
992 1383 1103 1411 Lacuna
1120 1385 1213 1409 autem
1232 1379 1302 1415 apud
1318 1377 1484 1405 Antiochum
1500 1373 1578 1402 facile
1598 1379 1663 1407 sup-

872 1433 961 1468 pletur
975 1439 1008 1458 ex
1028 1429 1145 1465 lgnatio.

909 1478 991 1506 Circa
1007 1476 1128 1504 medium
1147 1473 1230 1508 hujus
1242 1471 1293 1500 aevi
1312 1470 1447 1506 praecipue
1464 1467 1564 1496 claruit
1578 1465 1659 1492 Maxi-

875 1531 938 1551 mus
950 1522 1045 1554 abbas,
1062 1519 1203 1548 confessor
1216 1522 1242 1545 et
1257 1520 1370 1552 martyr,
1391 1513 1438 1549 qui
1461 1511 1611 1547 Epistolam
1631 1510 1662 1537 ad

877 1569 1019 1597 Romanos
1033 1565 1168 1602 agnoscit,
1182 1569 1298 1598 eamque
1313 1560 1406 1589 statim
1425 1563 1488 1586 ante
1503 1555 1663 1592 martyrium

877 1615 1007 1650 scriptam
1028 1601 1190 1643 conﬁtetur;
1211 1609 1275 1636 licet
1297 1615 1328 1635 ea
1344 1604 1480 1634 sententia
1507 1603 1540 1630 de
1557 1601 1663 1636 scriptis

877 1647 974 1697 lguatii
993 1667 1009 1687 a
1025 1662 1083 1687 tota
1100 1656 1223 1684 Ecclesia
1247 1657 1355 1688 recepta
1370 1651 1458 1687 ipsius
1474 1647 1618 1677 sententiae
1632 1647 1664 1674 de

876 1694 1075 1742 Aieopagiticis
1094 1704 1174 1739 plane
1194 1703 1369 1736 repugnaret,
1391 1704 1509 1732 eumque
1529 1694 1564 1723 ad
1583 1694 1664 1732 miras

879 1739 1034 1790 angustias,
1056 1755 1083 1778 et
1105 1748 1205 1784 elIugia
1228 1750 1307 1774 tanto
1329 1745 1388 1772 viro
1416 1750 1531 1778 prorsus
1557 1739 1665 1775 indigna

879 1785 1023 1833 redigeret.
1036 1794 1113 1823 Nunc
1127 1794 1200 1822 enim
1215 1791 1350 1828 lgnatium
1364 1793 1512 1824 martyrem
1527 1785 1594 1813 facit
1607 1788 1666 1811 ante

879 1830 1087 1874 Domitianum:
1115 1840 1189 1876 quod
1213 1839 1236 1867 si
1259 1844 1355 1866 verum
1376 1839 1458 1867 esset,
1473 1832 1590 1868 objectio
1605 1830 1659 1858 Dio

880 1889 1003 1928 nysianis
1016 1888 1088 1916 facta
1102 1893 1217 1923 prorsus
1231 1887 1416 1913 evanesceret.
1432 1880 1485 1908 Sed
1500 1886 1563 1907 cum
1575 1884 1667 1906 omnes

881 1938 984 1966 scirent
996 1943 1060 1964 eum
1073 1934 1125 1962 sub
1137 1932 1258 1968 Trojano
1269 1929 1431 1965 martyrium
1448 1926 1574 1958 subiiSse,
1591 1931 1660 1959 agno

882 1987 1024 2019 sceretque
1040 1982 1098 2017 ipse
1113 1980 1229 2015 scriptas
1249 1978 1335 2005 fuisse
1346 1975 1398 2004 sub
1418 1973 1559 2006 Onesimo,
1579 1970 1658 1998 Timo

882 2030 939 2059 thei
950 2035 1121 2060 successore,
1133 2033 1196 2055 cum
1211 2024 1377 2060 Dionysiana
1390 2020 1532 2048 Timotheo
1548 2017 1669 2046 dedicata

883 2078 954 2110 sint;
972 2075 1123 2111 respondit,
1138 2078 1169 2101 ut
1184 2059 1289 2108 potuit,
1300 2070 1399 2106 primo,
1411 2067 1493 2095 verba
1506 2065 1601 2101 lgnatii
1618 2059 1670 2091 non

885 2127 972 2155 fuisse
986 2125 1021 2153 ab
1036 2125 1097 2160 ipso
1112 2122 1244 2158 Dionysio
1257 2120 1370 2155 scripta,
1388 2118 1436 2146 sed
1454 2117 1488 2145 ab
1507 2116 1598 2151 aliquo
1612 2118 1663 2142 stu-

884 2173 963 2201 dioso
988 2175 1084 2207 postea
1108 2170 1231 2201 inserta;
1260 2166 1393 2198 secundo,
1414 2164 1479 2200 quia
1510 2163 1564 2190 hoc
1589 2161 1671 2197 gratis

36 2211 136 2268 scrin;
157 2233 278 2269 Spiritus
296 2211 383 2259 auaris
397 2229 565 2265 praedicavit,
578 2229 633 2256 Ιιωσ
647 2228 736 2256 dicem
748 2235 758 2254 ;
772 2226 834 2255 sine
850 2227 873 2255 ι)
886 2219 989 2247 dictum
1002 2224 1064 2246 esse
1082 2215 1218 2247 videatur,
1231 2212 1314 2241 verba
1334 2211 1380 2239 illa
1393 2220 1400 2238 :
1417 2211 1499 2238 Amor
1521 2216 1593 2235 meus
1613 2215 1668 2234 cru-

902 2265 928 2269 “
1135 2261 1141 2266 '
1201 2259 1282 2269 ο-ελμ-
1307 2258 1338 2269 -ιι
1362 2256 1464 2269 I-.....:..
1482 2260 1538 2269 mm
1561 2255 1588 2269 ς..
1613 2260 1668 2269 ειη,-

37 2283 163 2317 episcopo
179 2279 249 2307 nihil
263 2279 354 2314 facile.
365 2288 375 2304 ι
390 2277 457 2313 Quae
471 2276 584 2305 totidem
597 2275 709 2312 syllabis
721 2274 750 2302 in
770 2273 833 2310 Epi-

38 2329 112 2358 Stola
132 2327 170 2355 ad
195 2324 439 2360 Philadelphenses
460 2323 605 2359 leguntur.
623 2320 684 2358 Χρὴ
699 2318 747 2348 οὖν
769 2319 834 2347 ἄνευ

37 2374 87 2402 τοῦ
105 2372 261 2401 ἐπισκόπου
279 2370 363 2408 μηδὲν
378 2368 511 2407 πράσσειν
526 2368 610 2404 ἡμᾶς.
630 2365 738 2401 Oportet
753 2365 836 2400 igitur

39 2429 87 2450 nos
108 2419 179 2447 nihil
193 2419 252 2445 sine
272 2417 394 2452 episcopo
410 2415 505 2450 facere,
521 2422 555 2442 ex
573 2412 694 2448 Epistola
708 2411 742 2439 ad
757 2410 838 2438 Tral—

39 2468 142 2496 lianos.
160 2465 251 2492 Ὀπου
264 2463 320 2500 γὰρ
336 2461 369 2489 ἂν
385 2462 457 2497 φανῇ
474 2460 632 2491 ἐπίσκοπος,
650 2459 708 2486 ἐκεῖ
721 2457 753 2484 τὸ
769 2456 838 2492 τιλῆ-

39 2514 88 2545 θος
105 2513 181 2548 ἧτω·
199 2510 295 2546 ὥσπερ
310 2510 378 2536 ὅπου
387 2508 421 2535 ἂν
435 2505 573 2543 ὀνομασθῇ
590 2505 707 2541 Χριστὸς
722 2502 836 2540 Ἰησοῦς,

40 2561 103 2588 ἐκεῖ
119 2560 137 2595 ἡ
154 2557 286 2595 καθολικὴ
309 2555 459 2591 Ἐκκλησία
478 2553 681 2588 ὲπισυνάγεται.
702 2551 752 2579 Ubi
768 2551 839 2578 enim

42 2606 224 2640 conspicietur
239 2605 332 2631 adesse
354 2602 504 2637 episcopus,
526 2600 562 2627 ibi
577 2598 720 2626 multitudo
736 2598 770 2625 sit
785 2605 794 2623 :
808 2601 839 2624 ut

42 2653 90 2680 abi
106 2652 260 2679 nominatur
274 2650 401 2678 Christus
419 2647 510 2679 Iesus,
523 2646 560 2673 ibi
573 2644 704 2673 catholica
719 2642 841 2671 Ecclesia

44 2698 161 2733 cogitur,
182 2705 216 2724 ex
240 2695 363 2731 Epistola
389 2693 425 2720 ad
451 2692 618 2727 Sinyrnatos.
645 2690 702 2717 Οὐκ
717 2689 777 2722 ἐξὸν
793 2685 841 2714 οὖν

45 2746 122 2771 ἐστιν
137 2743 220 2779 χωρὶς
235 2742 284 2769 τοῦ
301 2740 456 2768 ἐπισκόπου
481 2738 543 2765 οὔτε
560 2736 677 2773 βαδίζειν
693 2736 729 2771 (Ι.
745 2733 841 2770 βαπτι-

46 2789 105 2822 ζειν
119 2797 150 2816 ex
168 2797 220 2817 ms.
236 2787 402 2820 Oxoniensi)
418 2784 481 2811 οὔτε
504 2785 616 2818 ἀγάπην
632 2784 718 2809 ποιεῖν
729 2790 736 2797 ·
754 2780 810 2808 ἀλλ’
826 2779 841 2806 ὃ

46 2834 82 2862 ἂν
97 2835 195 2866 ἐκεῖνος
212 2831 374 2868 δοκιμάσῃ,
393 2828 474 2856 τοῦτο
500 2828 546 2854 καὶ
570 2826 610 2862 τῷ
634 2825 693 2860 Θεῴ
716 2824 840 2860 ἀρεστόν.

50 2880 106 2909 Non
121 2883 202 2919 igitur
215 2882 279 2910 licet
295 2880 355 2908 sine
369 2878 494 2913 episcopo
510 2875 549 2905 vel
566 2875 710 2913 baptizare,
730 2872 768 2901 vel
783 2880 843 2907 aga-

884 2265 979 2301 ciﬁtrus
1001 2268 1056 2297 est,
1078 2261 1178 2297 saepius
1201 2259 1286 2287 fuisse
1306 2258 1341 2286 ab
1362 2256 1465 2293 lgnatio
1482 2260 1539 2283 tum
1560 2255 1589 2281 in
1613 2260 1672 2280 ser-

885 2299 968 2340 mone
983 2314 1041 2338 tum
1061 2309 1090 2337 in
1105 2307 1215 2343 scriptis
1236 2309 1368 2340 usurpata
1390 2301 1551 2334 bariolatur,
1573 2299 1673 2334 Diony-

885 2358 1014 2392 siamque
1027 2363 1084 2384 non
1102 2353 1138 2382 ad
1153 2353 1204 2381 has
1221 2351 1364 2387 epistolas,
1386 2348 1433 2378 sed
1447 2347 1482 2375 ad
1501 2346 1556 2374 alia
1572 2345 1674 2380 scripta

886 2390 1056 2440 respersisse,
1083 2405 1112 2430 et
1145 2394 1281 2428 rationem
1310 2396 1419 2433 qualem
1444 2393 1553 2429 qualem
1587 2390 1673 2420 addit.

887 2452 1042 2489 Τεκμήριον
1057 2449 1086 2478 δὲ
1109 2448 1140 2477 τὸ
1157 2448 1195 2484 μὴ
1219 2443 1396 2483 προσκεῖσθαι
1407 2451 1414 2458 ·
1432 2440 1545 2476 Γράφει
1558 2439 1591 2467 δέ
1602 2446 1674 2471 τισι,

887 2484 1007 2528 τουτέστι
1030 2495 1189 2532 Ῥωμαιοις,
1206 2492 1263 2521 ἀλλ’
1281 2490 1391 2523 άπλῶςε
1414 2487 1527 2523 Γράφει
1543 2486 1578 2513 δὲ
1595 2484 1644 2513 καὶ
1659 2485 1676 2515 ἀ

888 2543 965 2576 θεῖος
979 2530 1132 2577 Ἰγνάτιος.
1152 2538 1240 2573 Hujus
1256 2537 1294 2564 rei
1301 2535 1430 2564 indicium
1444 2541 1509 2565 esse,
1521 2531 1590 2567 quod
1604 2530 1674 2565 apud

889 2575 1046 2624 Dionysium
1061 2594 1113 2614 non
1128 2585 1263 2612 addantur
1277 2582 1329 2615 illi,
1355 2581 1389 2608 ad
1407 2587 1470 2615 quos
1483 2577 1576 2605 scribit
1593 2575 1676 2612 lgna.

891 2623 1074 2665 tiussscilicet
1099 2631 1231 2663 Romani;
1251 2630 1295 2657 sed
1316 2626 1473 2662 simpliciter
1495 2625 1596 2652 dictum
1617 2623 1675 2650 sit:

893 2683 990 2716 Scribit
1014 2684 1102 2706 autem
1122 2678 1226 2705 divinus
1247 2674 1381 2711 lgnatius.
1405 2672 1506 2708 Aperte
1530 2670 1613 2706 igitur
1637 2674 1677 2696 te~

892 2733 978 2757 statur
991 2725 1137 2758 Maximus,
1149 2724 1231 2752 etiam
1245 2730 1307 2750 cum
1323 2728 1356 2749 ea
1369 2718 1544 2748 confessione
1559 2717 1675 2744 nimium

891 2777 1071 2811 premeretur,
1095 2770 1124 2798 S.
1144 2769 1278 2805 lgnatium
1303 2766 1433 2802 epistolas
1453 2771 1523 2799 quas
1544 2762 1677 2790 habemus

893 2822 944 2850 sub
964 2818 1095 2847 Onesimo
1111 2815 1264 2850 scripsisse,
1280 2818 1307 2841 et
1320 2813 1402 2840 verba
1421 2810 1486 2838 illa:
1504 2810 1585 2837 Amor
1604 2814 1676 2834 meus

894 2866 1037 2902 cruciﬁxus
1066 2867 1119 2899 est,
1145 2862 1173 2890 in
1198 2859 1317 2897 Epistola
1341 2858 1382 2902 ad
1398 2856 1536 2886 Romanos
1559 2853 1677 2886 genuina
