1874 3070
238 149 268 178 9i
750 150 778 177 S.
800 149 975 178 IGNATIUS.
994 166 1027 170 —
1047 149 1310 178 PBOLEGOMENA.
1860 141 1867 167 ³

238 208 322 236 luisse
342 209 455 243 scripta.
477 207 549 236 Idem
567 208 592 234 in
611 207 686 235 Locis
709 209 890 235 communibus
920 208 976 234 lucc
991 216 1024 234 ex
1039 211 1061 238 Α
1075 208 1218 242 quidquam
1235 215 1325 234 eorum
1343 214 1401 241 qutc
1425 206 1459 232 ad
1480 204 1629 231 Ecclesium
1647 200 1790 231 attinent,
1815 200 1867 226 cit.

237 252 341 288 Ignatio
357 253 479 287 excerpit
493 263 499 280 ι
515 253 616 279 Τέλειοι
633 253 706 284 ὀντες
723 253 812 278 τέλεια
829 254 961 288 φρονεῖτε,
979 251 1023 278 θέ-

237 299 328 328 λωσιν
357 300 411 336 γὰρ
435 300 498 335 ὑμῖν
524 296 683 334 εὖπράττειν
707 299 773 330 Θεὸς
798 299 906 334 ἕτοιμος
930 299 970 329 εἰς
995 298 1024 324 τὸ

237 345 377 381 παρέχειν.
397 345 449 378 Qui
472 345 582 380 perfecti
600 345 660 371 estis
683 344 798 378 perfecta
818 344 917 378 sapite;
937 343 1025 370 uolen-

238 391 307 419 tibus
328 392 398 418 enim
416 391 487 419 vobis
505 391 567 418 bene
588 399 664 426 agere
684 390 752 417 Deus
773 395 883 425 paratus
897 395 936 416 est
955 398 1024 424 prte-

237 436 306 471 bere,
317 445 351 465 ex
365 437 482 472 Epistula
496 437 530 464 ad
543 435 709 471 Smyrnazos.

274 482 345 510 Huic
362 483 480 518 adiungo
504 482 678 509 Theodorum
701 482 905 516 presbyterum,
926 481 1023 509 Photio

237 528 264 555 in
281 528 371 563 primo
386 527 479 555 codice
492 527 666 554 Bibliotheca:
678 534 734 553 sua:
749 531 941 558 memoratum,
956 535 1024 561 quu-

238 575 312 600 ttiam
328 582 390 600 eum
407 573 492 600 fuisse
515 572 688 599 Theodorum
711 571 811 598 Raitllu
832 571 942 599 Maximi
958 580 1023 607 syn—

237 619 373 647 chronum
391 619 534 653 suspicor:
547 618 594 652 qui
615 618 714 645 librum
732 618 898 652 singularem
913 625 947 645 ex
960 625 1024 652 pro—

236 664 310 692 fesso
331 664 496 698 composuit,
519 672 574 698 quo
589 664 733 691 ostendere
749 668 864 691 conatus
885 669 943 696 est,
961 663 1024 690 licet

236 710 382 738 infeliciter
403 711 462 738 sine
481 710 575 742 dubio,
592 715 622 737 ut
647 715 674 737 et
696 709 841 743 Maximus,
863 717 1023 747 germanum

235 763 296 784 esse
319 755 348 784 S.
364 756 485 791 Dionysii
509 755 678 791 Areopagitm
701 763 785 790 opus,
807 759 834 782 et
855 755 1024 790 argumentis

235 801 263 828 in
283 801 452 829 contrariutn
468 801 557 829 allatis
579 806 660 836 prout
681 801 768 836 potuit
789 801 937 835 respondit,
958 807 1024 835 quo-

235 855 297 875 rum
314 855 410 880 unum,
427 851 495 874 teste
512 846 621 879 Photio,
637 847 690 874 hoc
707 851 767 874 erat
781 856 787 873 :
806 846 868 878 Πῶς
886 846 1023 881 μέμνηται

235 893 286 927 τῆς
310 892 356 919 τοῦ
373 892 502 927 θεοφόρου
527 892 656 926 Ἰγνατίου
682 891 825 926 ἐπιστολῆς
848 892 864 926 ἡ
884 890 1026 936 βίϐλοςλὸ
1039 882 1062 910 Β

236 939 286 974 μὲν
305 939 359 975 γὰρ
384 938 520 970 Διονύσιος
544 940 601 970 τοῖς
625 938 679 965 τῶν
705 938 860 965 ἀποστόλων
886 937 1024 972 ὲνήκμαεε

235 985 355 1021 χρόνοις,
380 984 510 1019 Ἰγνάτιος
534 984 562 1010 δὲ
583 984 630 1010 ἐπὶ
647 983 782 1019 Τραϊανοῦ
798 983 843 1010 τὸν
859 982 904 1010 διὰ
922 989 1026 1018 μαρτυ-

235 1030 293 1066 ρίου
309 1030 425 1066 ήῦλησεν
449 1030 553 1064 ἀγῶνα,
573 1029 603 1061 ὃς
619 1029 666 1056 καὶ
684 1029 736 1064 πρὸ
754 1028 839 1064 βραχὺ
865 1028 913 1063 τῆς
932 1027 1024 1053 τελευ-

235 1076 283 1112 τῆς
307 1076 408 1112 ταύτην
434 1075 593 1111 ἐπιστολὴ-ι,
619 1073 653 1111 ἧς
677 1077 693 1110 ὴ
724 1075 814 1110 βίϐλος
842 1073 1024 1110 μνημονεύει,

234 1122 344 1157 γράφει.
364 1121 501 1154 Quomodo
517 1121 598 1148 divini
617 1120 719 1155 Ignatii
739 1120 879 1155 epistolam
897 1119 964 1146 liber
980 1119 1026 1146 ille

234 1169 324 1196 citat?
344 1167 488 1202 Dionysius
503 1168 573 1194 enim
593 1167 774 1201 apostolorum
795 1166 953 1200 temporibus
975 1166 1026 1200 flo-

235 1215 300 1247 ruit,
317 1213 440 1249 Ignatius
457 1218 544 1240 autem
558 1213 605 1240 sub
623 1213 740 1248 Trajano
756 1213 880 1247 martyrii
894 1217 1026 1239 certamen

235 1259 356 1291 certavit,
371 1263 396 1285 et
410 1259 490 1293 paulo
505 1264 566 1285 ante
582 1264 690 1286 mortem
708 1258 776 1286 hanc
795 1259 933 1293 epistolam
946 1266 1026 1294 quam

235 1305 302 1331 liber
313 1305 358 1332 ille
370 1305 450 1337 citat,
465 1305 630 1339 conscripsit.

271 1350 334 1378 llaec
355 1357 444 1378 autent
465 1358 480 1378 e
502 1350 620 1378 Maximo
642 1355 668 1377 et
696 1349 839 1378 Theodoro
866 1350 1025 1384 deprompta

235 1405 291 1424 non
315 1401 380 1424 sunt
404 1397 521 1424 duorum
549 1401 655 1424 tantum
684 1396 826 1424 hominum
851 1397 922 1424 nuda
945 1396 1024 1423 testi-

235 1442 342 1475 monia,
365 1443 412 1470 sed
435 1442 558 1477 ejusdem
583 1442 675 1469 saeculi
700 1442 858 1469 communia
885 1441 1024 1477 suffragia.

234 1487 304 1516 Cum
325 1488 397 1515 enim
421 1487 507 1523 priori
527 1495 585 1514 aevo
603 1487 722 1514 haeretici
748 1487 938 1514 auctoritatem
959 1486 1025 1513 Dio-

234 1536 305 1572 nysii
319 1540 458 1572 urgerent,
472 1543 533 1572 qum
547 1535 658 1570 quidem
674 1542 748 1562 nunc
767 1541 782 1561 a
803 1534 947 1561 catholicis
962 1534 1024 1568 reji-

234 1587 352 1617 ceretur,
366 1590 441 1610 nunc
453 1582 638 1616 reciperetur;
653 1581 706 1608 hoc
719 1581 829 1608 demum
842 1580 942 1607 szeculo
954 1580 1025 1607 inter

236 1628 312 1664 ipsos
326 1628 477 1656 catholicos
492 1627 592 1655 acriter
603 1627 772 1661 disputatum
783 1630 836 1659 est,
851 1634 885 1653 an
897 1633 928 1653 ea
943 1633 1026 1660 opera

233 1679 327 1703 essent
348 1675 400 1709 ipsi
424 1673 594 1708 Areopagitre
615 1671 778 1699 tribuenda?
801 1671 853 1704 Qui
875 1671 1024 1707 negabant,

235 1720 288 1748 hoc
301 1720 372 1746 inter
386 1719 439 1746 alia
456 1723 618 1754 argumento
640 1717 798 1749 utebantur,
812 1721 950 1744 auctorem
964 1717 1027 1744 libri

235 1765 276 1792 De
295 1765 393 1792 divinis
419 1764 570 1792 nominibus
594 1764 694 1791 citasse
712 1763 854 1798 epistolam
877 1762 972 1798 lgnatii
993 1763 1026 1790 ad

235 1811 387 1844 Romanos,
401 1811 473 1838 hanc
484 1815 576 1838 autem
588 1809 732 1844 epistolam
744 1809 795 1836 sub
805 1808 934 1844 Traiano,
946 1808 1027 1843 paulo

235 1862 300 1885 ante
315 1862 429 1885 mortem
445 1857 584 1892 martyris,
599 1856 730 1890 scriptam
746 1850 851 1883 fuisse':
866 1863 928 1882 eum
943 1855 1027 1890 igitur

237 1904 285 1940 qui
300 1903 370 1931 hanc
384 1903 490 1936 citavit,
504 1911 557 1930 non
576 1902 661 1929 fuisse
676 1901 878 1937 Areopagitam,
897 1901 944 1936 qui
964 1909 1027 1928 cum

237 1949 369 1984 apostolis
389 1948 498 1975 visitet
515 1947 568 1975 sub
587 1946 743 1974 Domitiano
763 1950 888 1974 mortuus
905 1950 957 1974 est.
974 1945 1026 1978 Qui

236 1995 406 2027 asserebant,
426 1993 582 2021 fatebantur
598 1992 695 2027 lgnalii
708 1991 851 2026 epistolam
868 1991 950 2026 paulo
964 1995 1028 2018 ante

236 2045 353 2068 mortem
368 2040 401 2068 ad
416 2039 557 2067 Romanos
572 2039 702 2074 scriptam
721 2037 816 2069 fuisse,
830 2041 858 2064 et
877 2037 911 2065 ad
927 2037 1026 2064 incitas

236 2086 425 2118 redacti,mira
432 2085 529 2120 ell‘ugia
536 2084 825 2112 comminiscebantur.
833 2082 934 2111 Omnes
944 2083 1027 2118 igitur

236 2131 377 2164 catltolici,
393 2136 451 2159 tum
467 2131 515 2165 qui
532 2129 691 2166 Dionysium
715 2129 886 2163 rejiciehant,
902 2133 960 2156 tum
979 2128 1027 2163 qui

236 2176 420 2212 recipiebant,
443 2175 539 2211 lgnatii
557 2174 645 2203 nostri
661 2174 791 2209 epistolas
806 2178 835 2200 ut
859 2173 1026 2201 indubitatas

238 2223 435 2260 agnoscebant.

273 2268 368 2297 Octavi
392 2268 483 2296 saeculi
505 2268 612 2303 primus
627 2267 706 2295 testis
723 2271 766 2295 est
785 2266 905 2294 Joannes
925 2266 1026 2294 Dama-

237 2322 348 2348 scenus,
365 2315 411 2350 qui
428 2314 501 2342 circa
517 2321 619 2340 annum
640 2313 691 2340 740
707 2314 734 2340 in
753 2312 830 2349 Syria
855 2313 957 2340 ﬂoruit.
976 2311 1027 2340 llic

238 2366 330 2388 autem
352 2368 416 2388 cum
433 2359 484 2387 SS.
502 2358 615 2386 Patrum
637 2358 760 2394 insignes
777 2358 927 2386 sententias
943 2358 970 2385 in
992 2358 1027 2385 li-

239 2407 305 2435 bros
318 2406 516 2434 Parallelorum
529 2405 681 2440 congessit,
698 2404 852 2439 complures
874 2412 908 2432 ex
923 2404 1028 2439 lgnatio

239 2457 336 2480 nostro
367 2452 551 2486 transcripsit.
581 2450 736 2478 Cardinalis
767 2450 873 2477 Carall‘a
905 2450 1028 2478 codicem

240 2499 365 2527 Graecum
387 2506 450 2526 eum
472 2497 575 2524 Iacobo
596 2496 675 2523 Billio
697 2495 924 2528 communicavit,
946 2503 1028 2530 quem

240 2545 287 2573 ille
307 2545 336 2572 in
357 2544 431 2572 hunc
446 2544 558 2571 modum
581 2542 736 2575 transtulit,
761 2541 780 2568 1.
800 2549 825 2575 1,
839 2541 914 2569 c.9:
936 2541 1030 2569 Valen-

241 2591 312 2618 tibus
329 2591 403 2618 nobis
419 2590 480 2617 bene
501 2597 588 2624 agere,
609 2588 680 2615 Deus
700 2588 735 2614 ad
750 2587 916 2622 largiendum
937 2595 1028 2622 pram-

241 2642 302 2672 ptus
314 2641 363 2670 est,
373 2644 406 2664 ex
421 2636 540 2671 Epistula
553 2635 587 2663 ad
601 2634 767 2670 Smyrnteos,
781 2642 807 2662 c.
821 2633 865 2660 18.
879 2633 947 2661 Pace
961 2633 1029 2660 nihil

241 2687 281 2710 est
304 2682 490 2717 prastantius,
510 2682 538 2708 in
559 2690 612 2717 qua
636 2680 732 2708 bellant
752 2688 827 2706 onme
847 2679 976 2713 aboletur,
995 2687 1029 2707 ex

242 2729 365 2765 Epistula
381 2728 415 2756 ad
435 2728 577 2764 Ephesios,
593 2728 612 2755 l.
627 2735 661 2760 tt,
675 2735 700 2755 ε.
714 2727 757 2754 15.
780 2725 872 2753 Facite
892 2734 980 2753 omnes
1000 2730 1029 2752 ut

241 2776 392 2810 episcopum
411 2775 570 2809 sequamini,
593 2773 813 2808 quemadmodum
833 2771 954 2799 Christus
976 2771 1031 2798 Pa—

245 2827 326 2853 trem;
342 2821 551 2857 presbyterorum
565 2820 682 2850 chorum,
695 2825 723 2846 ut
739 2818 888 2854 apostolos;
905 2819 1029 2845 diaconos

243 2873 333 2898 autem
348 2867 487 2897 vereamini
500 2876 551 2896 non
565 2875 637 2896 secus
653 2875 684 2894 ac
700 2865 747 2894 Dei
764 2865 928 2893 mandatum.
945 2863 1029 2893 Nemo

1075 254 1188 288 episcopi
1214 253 1400 280 auctoritatem
1423 252 1518 286 faciat.
1534 250 1575 276 Ea
1598 249 1681 284 ﬁrma
1707 247 1865 274 eucharist

1075 308 1129 326 esse
1144 304 1289 332 censeatur,
1311 306 1370 334 quia
1394 297 1426 324 ab
1447 297 1576 331 episcopis
1594 296 1634 330 (it.
1659 293 1713 321 Ubi
1735 293 1867 327 episcopi

1075 347 1237 380 apparuerit,
1258 346 1316 372 illic
1334 344 1426 379 vulgus
1445 344 1503 370 sit:
1523 341 1753 378 quemadmodum
1779 339 1832 364 ubi
1852 347 1867 364 ε

1075 391 1209 425 Christus,
1231 391 1288 418 illic
1313 391 1395 417 etiam
1413 388 1546 416 catholica
1570 386 1695 414 Ecclesia
1723 389 1780 411 est.
1804 383 1867 410 Cit:

1073 439 1221 472 episcopum
1243 445 1288 464 nec
1303 436 1448 471 baptizare,
1472 443 1517 461 nec
1538 433 1663 468 synaIim
1686 432 1783 466 facere
1801 430 1863 456 tice

1073 484 1118 511 sed
1133 484 1201 519 quod
1215 483 1260 510 ille
1272 483 1433 518 probaverit,
1447 481 1495 508 hoc
1512 480 1565 508 Deo
1579 487 1681 515 quoque
1701 482 1822 513 gramm
1837 484 1867 502 es

1075 531 1126 564 Qui
1140 531 1288 565 episcopum
1299 530 1395 556 honore
1408 528 1497 563 afﬁcit,
1509 527 1532 554 is
1543 535 1559 554 a
1572 526 1626 553 Deo
1641 526 1813 552 honoratur.
1832 522 1867 554 Qt

1074 577 1142 603 ciant
1159 577 1278 610 episcopo
1298 575 1400 609 aliquid
1419 573 1560 609 facit,'hic
1582 571 1684 598 diaboli
1705 569 1801 596 cultor
1827 576 1867 594 est

1073 631 1106 650 es
1129 622 1249 657 Epistula
1267 621 1301 648 ad
1322 620 1490 656 Stnyrnazos.
1508 618 1631 646 Ibidem:
1650 616 1751 644 Omnes
1777 615 1863 650 ρει-[ε

1074 674 1103 696 ut
1122 673 1146 695 te
1158 676 1258 703 quoque
1281 667 1402 693 Christus
1416 673 1425 691 :
1441 665 1560 692 omnibus
1576 665 1604 691 in
1628 663 1766 689 charitate
1791 661 1867 687 Imm

1073 715 1211 742 Prwcibus
1223 715 1278 741 sine
1291 713 1346 740 ulla
1362 712 1556 740 intermissione
1565 711 1650 737 stude.
1667 709 1776 736 Probas
1792 709 1867 734 disc:

1073 761 1148 796 pulos
1166 762 1189 788 si
1211 761 1350 792 amaveris,
1367 759 1432 786 nihil
1446 758 1540 794 gratia:
1556 757 1603 784 tibi
1625 755 1785 782 habendum
1811 755 1867 780 erit

1075 806 1169 841 Itaque
1189 807 1217 833 in
1238 806 1286 832 hoc
1305 805 1392 840 potius
1414 803 1544 835 incumbe,
1560 807 1589 829 ut
1610 809 1716 828 morum
1737 800 1867 835 facilitat

1075 858 1152 888 atque
1180 852 1319 878 clementia
1345 856 1512 878 contumaces
1536 849 1677 883 subjicias.
1703 847 1769 874 Non
1799 855 1867 873 omn

1075 899 1169 927 vulnus
1183 899 1273 926 eodem
1287 897 1432 932 emplastro
1447 896 1594 924 curandum
1608 899 1657 922 est.
1676 893 1810 920 Febrium
1836 902 1867 918 ac

1077 945 1204 971 cessiones
1219 943 1414 978 perfusionibus
1429 942 1503 968 seda.
1522 941 1669 974 Propterea
1692 947 1775 966 came
1792 939 1867 964 simu

1076 995 1100 1016 et
1121 989 1216 1023 spiritu
1236 992 1352 1020 constas,
1368 991 1397 1013 ut
1422 994 1481 1021 quae
1508 985 1592 1012 oculis
1617 983 1665 1010 tibi
1689 982 1865 1016 subjiciuntu

1076 1035 1210 1070 corrigas;
1233 1042 1291 1069 qua:
1310 1038 1397 1060 autent
1414 1036 1548 1067 aspectum
1565 1035 1640 1057 tuum
1662 1029 1775 1064 fugiunt
1799 1034 1865 1062 pem

1076 1086 1104 1108 ut
1129 1081 1176 1107 tibi
1193 1081 1357 1115 detegantur,
1377 1087 1427 1113 quo
1447 1077 1514 1104 nihil
1533 1077 1638 1103 omnino
1659 1076 1859 1110 prwtermitlas

1075 1134 1109 1154 ex
1127 1125 1246 1161 Epistula
1263 1125 1296 1152 ad
1320 1124 1519 1160 Polycarpum,
1534 1130 1559 1150 c.
1580 1122 1637 1150 55:
1659 1121 1727 1148 Cum
1746 1121 1775 1147 in
1795 1119 1864 1146 rebu

1075 1173 1171 1199 divinis
1194 1173 1286 1206 ﬁrmus
1305 1180 1336 1198 ac
1357 1171 1479 1197 robustus
1504 1170 1588 1203 fuero,
1610 1174 1668 1195 tum
1690 1167 1867 1194 vehementia

1076 1218 1182 1245 timeam
1199 1223 1310 1252 oportet,
1322 1216 1418 1252 absque
1431 1216 1464 1243 iis
1483 1223 1600 1247 caveam,
1615 1214 1717 1249 quinte
1732 1214 1866 1239 incassun

1075 1265 1184 1292 instant.
1199 1263 1252 1296 Qui
1272 1264 1342 1290 enim
1360 1271 1400 1290 me
1416 1262 1543 1293 laudant,
1561 1261 1647 1295 [iaer
1670 1267 1710 1286 me
1730 1259 1867 1293 afficiunt,

1075 1319 1108 1339 ex
1123 1311 1236 1346 epistula
1250 1311 1282 1337 ad
1297 1309 1458 1341 Trallianos.
1475 1309 1495 1335 ι.
1511 1316 1552 1340 ιιι,
1565 1315 1589 1334 c.
1603 1306 1647 1333 50.
1662 1305 1867 1332 Mansuetudim

1075 1365 1140 1392 opus
1155 1357 1246 1389 habeo,
1263 1364 1308 1390 per
1321 1364 1400 1391 quam
1414 1355 1534 1390 princeps
1547 1354 1626 1388 hujus
1638 1352 1732 1380 saculi
1743 1351 1867 1378 diabolut

1075 1403 1216 1434 evertitur;
1234 1410 1267 1429 ex
1282 1402 1390 1435 eadem,
1403 1408 1427 1428 c.
1441 1401 1487 1428 94.
1502 1399 1587 1426 Nemo
1607 1404 1722 1426 vestrum
1741 1397 1867 1424 adscr-sua

1075 1450 1226 1485 proximum
1240 1448 1381 1483 quidquam
1391 1446 1495 1473 habeat.
1510 1445 1549 1473 Ne
1563 1445 1729 1472 occasionem
1747 1443 1867 1479 gentibus

1074 1495 1154 1528 detis,
1167 1502 1198 1521 ne
1219 1500 1365 1528 paucorum
1381 1492 1526 1520 stultorum
1547 1491 1624 1526 culpa
1643 1490 1704 1525 ﬁat,
1722 1494 1749 1515 ut
1778 1488 1867 1514 multi?

1079 1539 1142 1567 tudo
1171 1543 1263 1566 sancta
1273 1545 1304 1564 ac
1317 1537 1406 1564 divina
1424 1536 1540 1571 quadam
1560 1536 1658 1562 virtute
1673 1534 1789 1569 prwdita
1812 1541 1866 1558 ma-

1077 1585 1169 1613 ledicis
1183 1585 1342 1619 impetatur;
1355 1590 1388 1610 ex
1402 1582 1507 1610 eadem.

1112 1630 1182 1657 Huic
1203 1629 1322 1664 adjungu
1334 1626 1495 1658 Antonium,
1511 1624 1685 1658 Damasceni,
1704 1628 1734 1651 ut
1749 1623 1866 1654 videtur,

1077 1673 1252 1708 discipulum,
1273 1672 1320 1708 qui
1344 1671 1372 1698 in
1396 1670 1504 1698 Melissa
1527 1675 1652 1697 nostrum
1677 1669 1775 1696 crebro
1791 1669 1864 1696 citat.

1084 1721 1174 1747 Ὀυδέν
1197 1721 1270 1746 ἐστιν
1294 1719 1404 1754 ἄμεινον
1429 1718 1555 1754 εἰρήνης,
1570 1718 1598 1744 ὲν
1650 1717 1705 1748 πᾶς
1721 1717 1736 1742 ὁ
1751 1715 1866 1750 πόλεμος

1078 1766 1249 1794 καταλύεται.
1263 1764 1339 1792 Nihil
1351 1769 1391 1792 est
1404 1772 1467 1799 pace
1482 1763 1586 1796 melius,
1602 1771 1655 1798 qua
1671 1770 1748 1790 omne
1772 1761 1865 1788 bellum

1077 1814 1229 1846 dirimitur;
1247 1820 1280 1840 ex
1297 1811 1421 1847 Epistula
1434 1811 1468 1838 ad
1494 1809 1640 1845 Ephesius.
1652 1810 1687 1836 Et
1699 1818 1741 1841 τις
1757 1808 1866 1835 δύναται

1077 1860 1107 1886 ὲν
1122 1858 1218 1894 ἁγνείᾳ
1236 1858 1326 1894 μένειν
1341 1857 1382 1889 εις
1405 1855 1486 1892 τιμὴν
1503 1856 1553 1891 τῆς
1569 1854 1671 1891 σαρκὸς
1689 1854 1736 1881 τοῦ
1753 1853 1863 1889 Κυρίου,

1077 1906 1107 1932 ἐν
1123 1903 1279 1939 ἁκαυχησὶᾳ
1304 1902 1418 1938 μενέτω,
1436 1901 1482 1928 καὶ
1508 1901 1556 1928 ἐὰν
1581 1899 1691 1934 γνωσθῇ
1717 1899 1797 1926 πλέον
1821 1898 1864 1924 τοῦ

1078 1950 1236 1981 ἐπισκόπου,
1254 1948 1406 1984 ἐφθαρται¹
1424 1947 1524 1983 πρέπει
1540 1946 1568 1973 δὲ
1593 1947 1651 1977 τοῖς
1677 1945 1797 1981 γαμοῦσι
1822 1944 1863 1971 καὶ

1076 1997 1137 2028 ταῖς
1153 1995 1341 2031 γαμουμέναις
1359 1993 1428 2029 μετὰ
1449 1992 1562 2028 γνώμης
1578 1991 1624 2018 τοῦ
1650 1992 1802 2018 ἐπισκόπου
1818 1991 1863 2025 τὴν

1076 2041 1173 2069 ἕνωσιν
1190 2040 1338 2073 ποιεῖσθαι,
1356 2041 1400 2066 ἵνα
1415 2040 1430 2066 ό
1446 2039 1533 2074 γάμος
1583 2038 1655 2065 κατὰ
1671 2038 1749 2071 Θεὸν,
1766 2039 1812 2066 καὶ
1829 2038 1862 2073 μὴ

1077 2089 1137 2115 κατ’
1154 2086 1293 2124 [αἰσχρὰν]
1310 2086 1466 2122 ἐπιθυμίαν.
1485 2085 1515 2112 Si
1541 2085 1600 2120 quis
1617 2085 1645 2111 in
1664 2086 1789 2113 castitate
1809 2093 1860 2111 ma-

1077 2142 1138 2160 nere
1150 2137 1233 2168 potest
1249 2133 1283 2159 ad
1298 2133 1420 2159 honorem
1436 2132 1524 2158 carnis
1536 2131 1653 2162 Domini,
1666 2131 1725 2157 sine
1736 2131 1860 2165 jactantia

1077 2183 1178 2214 pergat.
1191 2177 1225 2205 Et
1242 2178 1265 2205 si
1279 2177 1363 2205 videri
1377 2177 1431 2204 vult
1445 2177 1504 2212 plus
1519 2177 1651 2211 episcopo,
1663 2180 1802 2210 corruptus
1816 2180 1858 2202 est.

1040 2235 1064 2264 ι)
1079 2224 1157 2251 Decet
1173 2228 1261 2250 autem
1283 2223 1406 2250 ducentes
1420 2227 1446 2250 et
1466 2223 1560 2248 ductas
1583 2229 1644 2248 cum
1663 2221 1793 2248 sententia
1812 2222 1860 2256 epi-

1077 2270 1150 2304 scopi
1167 2269 1289 2295 unionem
1303 2268 1399 2302 facere,
1416 2272 1445 2294 ut
1461 2267 1560 2301 nuptitc
1576 2267 1643 2300 ﬁant
1659 2266 1802 2292 secmtdum
1817 2265 1860 2291 Do~

1077 2317 1188 2348 minum,
1203 2319 1228 2341 at
1242 2322 1293 2340 non
1314 2314 1458 2340 secundum
1481 2311 1606 2348 [turpem]
1626 2312 1814 2346 cupiditatem;
1830 2319 1858 2338 ex

1078 2361 1199 2396 Epistula
1222 2360 1255 2387 ad
1278 2359 1469 2394 Polycarpum.
1485 2358 1571 2392 Στῆκε
1589 2357 1627 2389 ὡς
1652 2357 1751 2393 ἄκμων
1768 2358 1856 2383 τυπτό-

1080 2415 1172 2442 μενος·
1193 2405 1309 2441 μεγάλου
1333 2404 1450 2440 ἀθλητοῦ
1475 2405 1532 2430 ὲστι
1548 2403 1676 2438 δέρεσθαι
1702 2403 1747 2430 καὶ
1770 2404 1855 2438 νικᾷν·

1081 2452 1196 2488 μάλιστα
1212 2452 1239 2478 δὲ
1264 2451 1356 2477 ἕνεκεν
1372 2449 1439 2478 Θεοῦ
1457 2449 1544 2476 πάντα
1561 2448 1634 2483 ἡμᾶς
1652 2448 1797 2483 ὑπομένειν
1811 2448 1855 2476 δεῖ.

1079 2498 1123 2524 ἶνα
1147 2497 1193 2524 καὶ
1219 2496 1302 2528 αὐτὸς
1324 2496 1399 2531 ἡμᾶς
1426 2493 1572 2530 ὑπομείνῃ.
1598 2492 1677 2520 Stato
1700 2495 1774 2529 quasi
1792 2495 1855 2520 incus

1079 2543 1141 2569 dum
1157 2542 1263 2570 cccderis
1277 2549 1285 2568 :
1300 2541 1416 2576 generosi
1435 2545 1473 2567 est
1492 2539 1600 2566 athleta:
1617 2540 1686 2566 cordi
1705 2545 1730 2566 et
1750 2541 1855 2567 vincere:

1080 2587 1194 2614 maaime
1213 2591 1319 2621 propter
1338 2585 1422 2613 Deum
1442 2586 1516 2612 nobis
1533 2586 1624 2612 omnia
1645 2586 1772 2620 patienda
1793 2590 1853 2615 sunt,

1080 2638 1108 2660 ut
1123 2634 1176 2667 ipse
1191 2641 1237 2660 nos
1254 2633 1388 2667 patiatur;
1404 2640 1437 2659 ex
1459 2631 1564 2659 cadent.
1580 2632 1790 2668 Μακροθυμεῖτε
1806 2632 1853 2667 μετ’

1080 2679 1201 2715 ἀλλήλων
1212 2680 1241 2705 ὲν
1257 2678 1403 2714 πραΰτητι,
1415 2678 1452 2710 ὡς
1465 2679 1479 2704 ὁ
1495 2678 1561 2710 Θεὸς
1579 2677 1639 2714 μεθ’
1650 2679 1733 2714 ἡμῶν
1747 2679 1786 2706 διὰ
1801 2687 1853 2704 mw

1080 2725 1135 2757 τός.
1154 2725 1290 2752 Patienter
1301 2725 1349 2751 alii
1363 2725 1430 2751 alios
1445 2733 1503 2751 cum
1518 2725 1726 2752 mansuetudine
1737 2724 1849 2760 patimini,

1081 2777 1109 2797 ut
1125 2779 1171 2796 nos
1182 2778 1282 2803 semper
1294 2769 1379 2801 Deus;
1391 2778 1423 2796 ex
1434 2770 1539 2796 eadem.
1552 2769 1655 2804 Χρῄζω
1668 2771 1850 2806 inpubium-ﬁt

1081 2815 1276 2853 ᾖκαταλύεται
1299 2819 1312 2844 ὁ
1329 2817 1420 2852 ἅρχων
1446 2817 1492 2843 τοῦ
1516 2816 1614 2848 αἰῶνος
1640 2818 1740 2846 τούτου
1764 2818 1849 2855 [διάϐο-

1082 2863 1126 2895 λος
1137 2862 1153 2898 1.
1169 2862 1313 2891 Clementia
1326 2871 1404 2901 _cgeo,
1425 2871 1475 2898 qua
1500 2863 1625 2891 evertitur
1645 2864 1766 2900 princeps
1787 2864 1848 2899 Ιιςιέυε
