1874 3070
36 153 63 181 93
422 153 445 180 J.
467 150 650 180 PEARSONII
670 148 830 178 VINDlClE
849 148 1059 177 IGNATIANE.
1076 163 1112 169 —
1131 147 1220 175 PARS
1238 146 1258 174 l.
1628 147 1662 176 Μ

35 212 117 241 uelli
142 211 328 249 [diabolus];
351 220 381 240 ex
404 212 522 248 Epistula
546 212 580 238 ad
603 211 767 238 Trallianos.
791 210 824 236 Ol
839 211 862 239 Α
876 211 1080 245 persecutionem
1106 210 1280 240 excitaverat,
1302 206 1329 233 in
1345 205 1454 240 epistola
1480 205 1515 231 ad
1534 204 1663 231 Romanos

34 258 110 286 δοῦλοι
133 259 174 294 μὴ
194 259 342 294 ἑράτωσαν
358 258 408 285 ἀπὸ
425 257 513 285 κοινοῦ
530 256 747 293 ὲλευθεροῦσθαι,
765 256 822 282 ἀλλ’

33 308 67 338 εἰς
81 306 163 338 δόξαν
181 306 254 333 Θεοῦ
277 306 358 333 πλέον
381 305 586 337 δουλευέτωσαν,
603 304 647 331 ἵνα
671 303 824 339 κρείττονος

33 352 188 389 ϋευϐερᾱις
212 352 266 380 ἀπὸ
286 352 353 378 Θεοῦ
369 351 494 386 τῦχωσιν.
513 350 587 378 Serui
603 359 655 377 non
677 349 823 377 desiderent

32 407 46 425 a
56 401 196 426 communi
216 398 294 425 liberi
307 398 382 432 ﬁeri;
399 397 443 424 sed
458 398 485 424 in
500 397 613 431 gloriam
627 396 676 423 Dei
691 396 750 431 plus
769 403 825 423 ser-

31 445 110 475 rt'ant.
127 448 160 471 ut
181 445 287 472 meliori
306 444 428 471 libertate
442 452 458 470 a
476 442 528 470 Deo
543 442 696 477 potiuntur;
713 450 744 469 ex
761 441 826 476 Epi-

31 491 97 518 stola
113 491 149 518 ad
166 490 362 526 Polycarpum.
375 489 548 516 Σπουδάσατε
566 488 602 524 μὴ
619 486 826 515 ἀντιτάσσεσθαι

30 536 67 572 τῷ
84 537 245 571 maxum),
264 537 306 562 Ζνα
322 533 371 571 ἦτε
388 534 447 571 Θεῷ
463 534 686 569 ὑποτασσόμενοι,
704 533 750 560 καὶ
766 533 827 560 ὅσον

32 582 146 616 βλέπετε
174 581 294 615 σιγῶντα
319 581 365 607 τδν
390 581 548 613 ἐπίσκοπον,
567 579 648 607 πλέον
672 579 753 606 αὑτὸν
778 587 826 613 φο-

32 627 133 660 δείσθε,
159 628 251 654 πάντα
275 627 329 662 γὰρ
353 627 384 653 ὃν
409 627 513 662 πέμπει
536 627 550 653 ὁ
573 625 764 660 οἰκοδεσπότης
789 625 828 656 εἰς

34 673 100 700 ἰδίαν
116 673 289 708 οἰκονομίαν,
306 672 393 704 οὕτως
408 672 449 698 δεῖ
464 673 537 708 ἡμᾶς
554 671 634 698 αὑτὸν
650 670 775 706 δέχεσθαι
792 670 829 701 ὡς

33 719 112 746 αὑτὸν
138 719 188 746 τὸν
207 719 369 753 πέμποντα·
388 718 434 745 τὸν
459 715 507 745 οὖν
524 718 671 744 ἐπίσκοπον
687 717 724 749 ὡς
749 716 829 743 αὑτὸν

33 767 76 793 τὸν
92 766 203 802 Κύριον
220 765 262 791 δεῖ
273 764 465 800 προσϐλέπειν.
492 764 560 791 Date
585 772 692 799 operam
714 772 745 790 ne
764 763 830 790 resi-

33 813 110 840 statis
132 813 269 847 episcopo,
283 816 312 837 ut
327 811 388 838 sitis
412 810 466 837 Deo
491 811 624 845 subjecti:
639 814 664 837 et
681 817 731 845 quo
746 809 830 844 magis

37 859 146 885 tacitum
161 857 284 885 videritis
306 857 467 891 episcopum,
493 860 568 883 tanto
593 856 677 891 magis
698 863 757 882 eum
778 863 831 881 me-

875 258 992 291 scripsit.
1006 256 1043 283 lta
1059 257 1105 283 ille
1118 248 1228 291 quidem
1244 254 1326 282 simul
1341 258 1367 280 et
1383 252 1514 288 lgnatium
1526 256 1552 278 et
1567 251 1666 285 Diony-

874 304 946 332 sium
967 303 1116 330 defendens
1128 323 1135 334 ,
1151 309 1244 336 quem,
1265 305 1295 328 ut
1310 298 1405 334 lgnatii
1424 297 1566 333 epistolam
1590 295 1666 323 vide-

875 353 926 383 ret,
943 357 997 376 non
1015 353 1078 376 ante
1095 348 1175 375 linem
1193 346 1300 382 imperii
1316 344 1426 380 Traiani
1443 344 1544 371 abiisse
1561 342 1629 369 Vult.
1644 340 1668 367 Ε

875 399 974 423 contra
989 393 1104 421 Photius
1119 393 1215 420 eodem
1238 390 1348 423 saeculo,
1364 390 1428 417 dum
1444 392 1605 424 argumenta
1623 395 1666 414 re-

876 441 953 477 petit,
966 440 1067 476 quibus
1081 438 1241 466 Theodorus
1260 437 1401 472 presbyter
1417 434 1567 470 respondit,
1584 434 1668 460 inter-

877 495 930 523 que
944 494 976 514 ea
993 485 1059 513 illud
1078 485 1111 512 de
1130 484 1226 520 lgnatii
1241 483 1364 518 Epistula
1381 481 1414 509 ad
1430 480 1569 508 Romanos
1588 479 1668 514 paulo

878 539 941 562 ante
955 533 1117 568 martyrium
1132 532 1245 567 scripta,
1261 530 1344 559 simul
1360 534 1387 557 et
1401 527 1588 556 defensionem
1603 526 1668 553 Diu-

879 580 949 616 nysii
971 579 1109 606 intirmam
1124 585 1186 605 esse
1206 577 1318 607 indicat,
1340 580 1368 602 et
1388 574 1530 610 epistolam
1551 580 1612 600 eam
1635 572 1669 599 ab

879 626 939 659 ipso
949 625 1066 660 lgnatio,
1078 624 1161 660 paulo
1176 628 1240 651 ante
1253 622 1427 658 martyrium,
1443 621 1569 655 scriptam
1586 619 1671 646 fuisse

880 672 1036 704 conﬁrmat,
1056 671 1150 698 codice
1165 670 1264 705 primo.
1285 668 1413 703 Idemque
1434 667 1527 694 codice
1540 665 1593 693 ‘2‘28
1605 665 1671 692 dum

880 717 1044 753 patriarcha:
1062 715 1210 750 Eplirtemii
1228 714 1389 742 sententiam
1414 713 1472 740 suis
1487 711 1580 739 verbis
1601 711 1671 738 reci-

881 768 940 792 tat:
958 764 1046 799 ’Ὀπερ
1063 759 1109 788 οὖν
1126 761 1234 797 εἴρηται
1257 760 1326 787 κατὰ
1349 759 1379 785 τὸ
1405 759 1496 794 τριτον
1515 756 1671 791 κεφάλαιον,

883 810 914 837 ἐκ
930 818 960 835 τε
977 808 1031 835 τῶν
1047 806 1232 841 εὐαγγελικῶν
1254 805 1359 840 φωνῶν,
1377 804 1424 830 καὶ
1441 805 1473 830 ἐκ
1489 802 1543 829 τῶν
1559 803 1674 829 ἀποστο-

882 855 977 886 λικῶν,
996 853 1042 880 καὶ
1060 852 1092 888 δὴ
1106 852 1152 878 καὶ
1164 852 1196 878 ὲκ
1211 851 1266 878 τῶν
1284 848 1427 885 μακαρίων
1443 847 1569 884 πατέρων
1585 846 1673 882 ἡμῶν,

38 905 108 931 tlite.
127 904 318 939 Quemcunque
342 904 412 930 enim
435 903 517 930 mittit
534 901 730 938 paterfamilias
748 905 778 927 ut
795 901 832 927 rei

929 900 1019 927 νατίου
1045 898 1091 926 τοῦ
1117 898 1267 934 θεοφόρου,
1293 896 1340 923 καὶ
1364 895 1490 927 Ἰουλίου,
1518 893 1564 921 καὶ
1595 892 1674 921 Ἀθα-

37 950 190 977 domesticis
205 950 307 983 praesit,
318 949 356 976 sic
369 949 440 975 decet
453 956 499 975 nos
509 948 637 982 excipere,
650 951 678 974 ut
693 947 777 981 ipsum
790 946 834 981 qui

37 996 128 1022 mittit.
152 994 319 1030 Episcopum
333 994 418 1029 igitur
435 999 562 1028 tanquam
580 993 722 1020 Dominum
748 993 835 1026 ipsum

38 1045 139 1075 oportet
159 1041 313 1075 suspicere;
328 1047 362 1067 ex
377 1039 498 1074 Epistula
513 1039 545 1066 ad
564 1038 707 1073 Ephesios.
728 1038 836 1068 Πάντας

38 1086 156 1122 plu-.153
174 1086 214 1118 ὥς
232 1095 264 1112 σε
279 1087 293 1112 ὁ
308 1084 420 1120 Κύριος,
438 1085 548 1111 πάντων
563 1084 662 1118 ἀνέχου
678 1084 707 1109 ὲν
724 1082 834 1117 ἀγάπῃ·

38 1132 112 1161 αἰτοῦ
132 1132 246 1160 σύνεσιν
265 1131 374 1159 πλείονα
389 1129 424 1167 ἧς
440 1130 522 1166 ἔχεις.
541 1130 654 1157 Πάντων
677 1129 726 1160 τὰς
742 1128 837 1159 νόσους

40 1179 158 1214 βάσταζε
170 1187 178 1194 ·
198 1179 268 1206 ὅπου
281 1177 335 1213 γὰρ
362 1177 462 1204 πλείων
479 1177 572 1208 κόπος,
590 1175 658 1202 πολὺ
674 1175 704 1201 τὸ
730 1174 835 1210 κέρδος.

42 1224 135 1253 Omnes
152 1224 238 1259 ferto,
251 1228 280 1250 ut
298 1227 322 1250 te
339 1222 485 1254 Dominus;
500 1229 587 1248 omnes
602 1220 703 1247 sustine
723 1220 751 1246 in
772 1219 839 1245 chaa

40 1271 128 1298 ritate.
149 1269 267 1297 Postulo
287 1269 454 1304 prudentiam
469 1267 596 1302 majorem
608 1275 639 1293 ea
654 1274 732 1301 quam
748 1265 836 1304 habes,

42 1317 167 1345 Omuium
187 1301 295 1343 morboi
316 1319 412 1349 porta;
434 1314 480 1340 ubi
494 1301 565 1340 enim
589 1312 649 1347 plus
670 1311 782 1344 laboris,
801 1301 839 1337 ibi

41 1362 108 1390 lucri
120 1362 261 1394 multum;
275 1369 309 1389 ex
322 1359 443 1395 Epistula
457 1359 490 1387 ad
505 1358 696 1394 Pulycarpum.

75 1419 155 1448 Nono
179 1418 284 1447 saeculo
308 1418 419 1453 assigno
443 1416 581 1444 Andream
612 1415 836 1451 Hierosolymita-

43 1474 117 1500 num,
135 1465 315 1494 Cretensium
337 1463 585 1498 archiepiscopum,
605 1462 654 1497 qui
674 1461 794 1489 Humilia
812 1462 840 1489 in

44 1511 226 1539 Natioitatem
240 1510 274 1537 Β.
291 1509 407 1544 Virginis
423 1508 557 1541 secunda,
579 1508 650 1542 apud
670 1507 840 1535 Osonienses

886 946 989 979 νασίου,
1016 945 1062 972 καὶ
1086 943 1270 980 Γρηγορείων,
1296 941 1343 969 καὶ
1368 940 1519 973 Βασιλείον,
1545 939 1674 974 διελέγχει

885 994 948 1024 τοὺς
972 991 1110 1023 δυσσεδεῖς
1135 990 1172 1022 ὡς
1189 990 1205 1026 ἡ
1222 988 1277 1016 τῶν
1301 987 1410 1024 ἄρθρων
1435 986 1533 1022 χρῆσις
1558 984 1677 1020 (πάντες

886 1039 941 1075 γὰρ
951 1035 1021 1065 οὗτοι
1036 1036 1141 1068 τούτοις
1156 1034 1318 1071 ἐχρήσαντο)
1328 1033 1457 1068 οὐδεμίαν
1474 1031 1559 1067 τομὴν
1576 1031 1593 1066 ἢ
1610 1030 1678 1058 διαι-

888 1094 962 1122 ρεσιν
979 1084 1082 1111 ἐπινοεῖ
1098 1083 1146 1118 τῆς
1163 1081 1296 1112 ἑνώσεως.
1316 1079 1392 1112 Quod
1407 1079 1489 1113 igitur
1504 1078 1581 1105 tertio
1595 1077 1679 1111 capite

887 1132 986 1158 dictum
1011 1135 1066 1156 tum
1090 1136 1123 1155 etc
1143 1128 1249 1162 scriptis
1273 1125 1430 1160 euangelicis
1466 1123 1678 1159 apostolicisque,

890 1183 945 1206 tum
959 1185 992 1204 ea:
1007 1176 1089 1203 beatis
1106 1174 1234 1202 Patribus
1250 1173 1357 1204 nostris,
1379 1171 1483 1206 Ignatio
1498 1170 1608 1205 dei/ero,
1627 1169 1679 1196 Ju-

888 1227 934 1259 lio,
947 1225 1104 1256 Athanasio,
1117 1222 1250 1257 Gregoriis
1263 1225 1287 1248 et
1303 1220 1418 1253 Basilio,
1433 1219 1562 1246 convincit
1574 1217 1679 1252 impios,

888 1271 956 1307 quod
971 1269 1147 1298 articulorum
1159 1276 1222 1296 usus
1237 1268 1336 1300 (omnes
1354 1267 1424 1293 enim
1441 1265 1467 1292 hi
1481 1265 1535 1291 illis
1550 1265 1593 1291 usi
1609 1262 1680 1298 sunt)

889 1317 989 1344 nullam
1007 1315 1147 1343 sectionem
1160 1319 1206 1341 aut
1221 1313 1376 1339 divisionem
1389 1311 1501 1338 unitatis
1516 1310 1680 1340 subindicat.

889 1363 957 1392 satis
974 1362 1094 1390 ostendit
1109 1368 1138 1388 se
1152 1359 1283 1395 epistolas
1302 1358 1363 1385 illas
1384 1356 1479 1389 lenatii
1495 1363 1544 1391 pro
1562 1355 1636 1383 veris
1656 1358 1683 1382 et

889 1408 1017 1445 genuinis
1032 1407 1170 1434 habuisse.

927 1455 983 1484 Sub
1002 1454 1082 1482 initio
1103 1452 1202 1481 decimi
1227 1450 1318 1478 saeculi
1345 1449 1456 1477 Simeou
1481 1449 1495 1475 ὸ
1514 1447 1681 1482 Λογοθέτης,

889 1503 938 1539 qui
951 1502 1040 1530 dictus
1061 1505 1104 1528 est
1120 1498 1328 1534 Metaplirastes,
1353 1494 1516 1530 martyrium
1539 1493 1569 1520 ὃ.
1587 1487 1684 1529 lgnatii

42 1567 108 1587 mss.
122 1559 188 1586 hinc
201 1556 284 1585 habet
297 1565 304 1583 :
317 1540 365 1587 ’ἀς
378 1555 444 1592 φησι
459 1563 510 1582 που
522 1540 604 1589 byw;—
616 1553 695 1590 ἀνὴρ,
712 1553 840 1588 Ἰγνάτιος

929 1557 975 1585 oga
996 1547 1121 1576 oratione
1142 1545 1302 1578 exornavit,
1325 1543 1474 1579 Epistulam
1498 1541 1530 1568 ad
1546 1540 1685 1568 Romanos

930 1597 937 1600 .
997 1595 1005 1600 .
1030 1599 1034 1600 ν
1093 1594 1110 1600 ι,
1140 1592 1151 1600 1
1227 1592 1233 1597 ι
1262 1591 1334 1600 ,.-,.,,
1358 1595 1379 1600 ,ι
1399 1588 1539 1600 η-1-.....-.ιξ
1563 1587 1671 1600 οηςιῖ-υιη

43 1607 129 1642 Mica.
151 1602 231 1639 αὐτῷ
243 1611 250 1618 ·
268 1601 324 1629 Καὶ
339 1602 428 1629 ἔλαθε
443 1601 496 1627 τὸν
513 1600 646 1635 ἄρχοντα
667 1598 721 1626 τοῦ
737 1598 846 1631 αἰῶνος

44 1641 152 1679 τούτου
174 1650 197 1684 ή
213 1647 360 1683 παρθενίη
380 1646 509 1680 Μαρίας,
527 1644 577 1671 καὶ
599 1645 617 1672 ὀ
634 1644 722 1677 τόκος
740 1641 844 1677 αὐτῆς,

45 1699 154 1734 ὁμοίως
170 1697 224 1724 καὶ
238 1697 255 1723 ὀ
273 1694 401 1726 θάνατος
415 1692 469 1720 τοῦ
488 1691 630 1726 Χριστοῦ,
645 1691 712 1725 τρια
730 1689 847 1725 μυστή-

42 1754 92 1780 ρια
110 1743 237 1780 φρικτὰ,
253 1741 340 1770 ἅτινα
358 1740 393 1767 ἐν·
413 1739 529 1774 ἠσυχίᾳ
552 1738 627 1765 Θεοῦ
648 1736 793 1771 ἐπράχθη.
813 1735 847 1763 Ut

47 1793 84 1818 ait
105 1794 222 1818 sanctus
244 1789 296 1822 vir,
318 1787 361 1814 cui
384 1794 476 1813 nomen
502 1785 625 1820 Ignatius
644 1791 654 1809 :
672 1793 681 1809 ‹
697 1783 847 1818 Principem

48 1838 125 1872 hujus
150 1835 248 1864 saeculi
274 1834 357 1861 latuit
378 1832 542 1868 virginitatis
572 1830 682 1863 Marite,
708 1835 733 1856 et
755 1835 847 1865 partus

48 1886 114 1920 ejus,
130 1883 263 1912 similiter
275 1886 301 1909 et
315 1890 385 1908 mors
401 1880 512 1912 Christi,
527 1879 579 1905 tria
601 1877 735 1904 tremenda
751 1880 849 1910 myste—

50 1932 101 1964 ria,
114 1938 179 1966 qua
192 1930 222 1956 in
239 1928 344 1955 silentio
357 1926 406 1953 Dei
425 1926 497 1961 facta
509 1928 571 1952 sunt
579 1931 588 1956 ;
600 1933 610 1950 ι
623 1931 656 1951 es
671 1921 793 1957 Epistula
815 1920 848 1947 ad

51 1977 201 2013 Ephesios.

88 2021 270 2058 Freculphus
305 2018 497 2051 Lexoviensis,
522 2017 569 2052 qui
594 2016 667 2044 circa
689 2015 723 2042 A.
745 2014 777 2042 (ι.
798 2013 851 2042 840

52 2071 184 2106 scripsit,
204 2068 300 2096 omnia
319 2074 381 2101 qua:
405 2073 421 2092 a
442 2065 471 2092 S.
485 2063 651 2099 Hieronymo
671 2062 705 2090 de
729 2061 851 2097 epistolis

54 2114 81 2141 8.
104 2113 206 2149 lgnatii
231 2112 259 2139 in
278 2110 407 2146 Catalogo
433 2109 534 2144 scripta
557 2112 637 2140 sunt,
660 2107 687 2134 in
707 2106 851 2134 historiam

53 2168 134 2189 suam
163 2157 325 2188 transtulit,
345 2159 373 2183 et
396 2154 480 2182 tacito
497 2153 557 2189 ejus
588 2152 700 2180 nomine
721 2159 772 2186 pro
794 2151 852 2178 suis

54 2206 150 2234 haberi
160 2204 260 2232 voluit.
272 2201 388 2230 Michael
400 2200 543 2236 Syngelus,
556 2198 602 2234 qui
614 2197 761 2233 aliquando
772 2197 853 2224 desti-

896 1597 983 1624 eidem
997 1594 1124 1627 intexuit,
1140 1592 1234 1621 lrenaei
1256 1591 1338 1619 etiam
1354 1595 1382 1618 et
1398 1588 1542 1624 Polycarpi
1563 1587 1687 1615 testimo-

895 1643 942 1670 nia
960 1641 1082 1677 prutullt.

932 1687 1082 1716 Undecimo
1107 1685 1206 1714 smcnlo
1237 1682 1435 1718 angnandum
1460 1685 1526 1716 puto
1547 1682 1686 1707 auctorem

897 1732 1029 1759 Locorum
1044 1731 1223 1759 communium
1238 1737 1305 1757 mss.
1323 1728 1352 1756 in
1367 1726 1534 1754 Bibliotheca
1550 1725 1688 1752 Oxonien-

898 1779 938 1812 si,
955 1778 1003 1813 qui
1024 1777 1186 1805 sententiam
1213 1775 1299 1808 illam,
1313 1774 1412 1801 τέλειοι
1427 1772 1504 1804 ὅντες
1518 1771 1608 1798 τέλεια.
1622 1778 1689 1806 φρο-

898 1827 978 1859 νεῖτε,
996 1833 1029 1853 ex
1043 1825 1163 1860 Epistula
1175 1824 1208 1852 ad
1221 1823 1376 1859 Smyrneeos
1387 1822 1462 1849 citat.
1474 1820 1552 1848 Circa
1567 1819 1687 1847 medium

900 1873 981 1907 hujus
993 1871 1084 1899 saeculi
1097 1870 1231 1898 Gervinus
1238 1869 1334 1901 abbas,
1347 1869 1417 1895 inter
1428 1866 1498 1893 XXX
1505 1865 1538 1893 Vl
1549 1865 1688 1893 volumina

900 1919 927 1946 in
943 1917 1110 1945 Bibliotheca
1128 1916 1242 1944 abbatias
1264 1912 1537 1947 Centnlensis,primu
1556 1912 1618 1938 loco
1637 1919 1688 1946 pu-

901 1965 1005 1993 nendas
1019 1963 1125 1992 curavit
1140 1962 1267 1998 epistolas
1287 1960 1394 1996 lgnatii,
1415 1964 1446 1986 ut
1465 1958 1585 1986 ostendit
1599 1958 1688 1985 Chro-

902 2013 955 2040 nici
967 2010 1141 2039 Centulensis
1153 2009 1256 2036 Auctor
1267 2007 1314 2034 lib.
1330 2014 1366 2039 iv,
1381 2013 1441 2040 cap.
1454 2004 1499 2032 52.

937 2059 1103 2087 Duodecimo
1131 2056 1232 2084 saeculo
1258 2054 1325 2081 vixit
1349 2051 1489 2080 Honorius
1512 2049 1689 2086 Augustodu-

902 2105 1006 2138 nensis,
1020 2103 1066 2139 qui
1080 2103 1107 2130 in
1120 2102 1169 2130 lib.
1185 2101 1223 2128 De
1234 2098 1411 2127 luminaribus
1427 2097 1551 2124 Ecclesiae
1566 2096 1622 2123 [nec
1638 2095 1691 2122 ha-

902 2153 948 2180 bet
971 2150 1135 2186 :Ignatius,
1155 2146 1324 2174 Antiochense
1351 2144 1477 2171 Ecclesia:
1499 2147 1558 2177 post
1582 2141 1692 2168 Petrum

904 2198 1052 2233 apostolum
1073 2195 1166 2223 tertius
1183 2194 1330 2228 episcopus,
1345 2190 1450 2226 scripsit
1465 2189 1590 2216 Ecclesia:
1603 2187 1692 2222 Ephe-

54 2253 176 2280 uabatur
190 2249 348 2285 patriarcha
366 2233 702 2280 Constantinopiolitanus,
726 2246 753 2270 et
769 2242 850 2270 Nice-
867 2250 889 2277 ι)
904 2246 1005 2273 εἱοηιηι
1020 2241 1170 2278 epistolam,
1191 2239 1302 2266 alteram
1316 2237 1350 2265 ad
1374 2236 1571 2271 Magnesianos,
1588 2233 1694 2260 tertiam

52 2299 136 2334 phori
154 2303 310 2327 successor,
326 2295 354 2321 in
376 2292 508 2320 Encomiu
524 2290 647 2326 Dionysii
666 2289 851 2324 Areopagitae,

54 2346 90 2373 ad
106 2345 154 2372 illa
169 2343 270 2370 verba:
284 2341 388 2377 Γράφει
407 2339 436 2365 δὲ
459 2337 554 2369 ὁθεῖος
571 2336 714 2371 Ἰγνάτιος·
734 2335 765 2361 '0
785 2334 855 2369 ἐμὸς

55 2393 132 2426 ἔρως
152 2388 346 2421 ἐσταύρωται,
364 2384 463 2412 Scribit
480 2387 567 2410 autem
589 2382 692 2409 divinus
707 2381 828 2416 Ignatius
845 2387 854 2406 :

59 2425 166 2464 siAmor
178 2442 250 2461 meus
261 2432 407 2466 cruciﬁxus
424 2434 488 2463 est,»
511 2431 568 2456 hinc
581 2429 661 2455 habet
676 2427 780 2454 εΤοῦτο
800 2425 855 2461 γὰρ

56 2484 89 2511 τὸ
98 2483 179 2519 ῥητὸν
187 2483 201 2508 ὁ
211 2481 340 2516 θεοφόρος
349 2477 490 2512 Ἰγνάτιος,
501 2476 605 2512 μέλλων
617 2477 644 2502 ὲν
652 2473 744 2510 Ῥώμῃ
757 2482 856 2510 μαρτυ-

59 2529 147 2567 pntth
163 2527 300 2563 ἁθλήσειν,
315 2525 364 2552 καὶ
381 2524 438 2555 τοῖς
452 2522 543 2549 λέουσι
561 2520 629 2557 βορὰ
654 2521 724 2547 κατὰ
742 2520 792 2555 τὴν
807 2519 854 2546 τοῦ

58 2576 191 2612 τυράννου
201 2571 338 2610 Τραϊανοῦ
351 2569 500 2606 πρόσταξιν
509 2567 780 2605 παραῦληθήσεσθαι,
792 2567 856 2603 περὶ

59 2623 92 2650 τὸ
103 2622 152 2657 τῆς
162 2620 241 2648 αὐτοῦ
253 2616 418 2655 τυραννείιις
435 2615 543 2642 ἔννατον
554 2614 612 2646 έτος
629 2614 699 2641 κατὰ
715 2613 768 2640 τῶν
783 2613 857 2640 εὐσε-

61 2670 199 2696 ﬁcosi.th
230 2664 406 2703 Χριστιανῶν
432 2662 553 2698 διωγμὸν
582 2661 757 2697 ἐγείραντος,
789 2661 857 2687 Ῥω-

65 2714 151 2750 palm;
172 2713 340 2741 ἐπιστέλλων
359 2711 495 2746 γέγραφε.
513 2708 590 2735 Hanc
610 2708 679 2735 enim
701 2707 858 2734 sententiam

64 2762 146 2796 deiter
159 2761 298 2797 Ignatius,
315 2766 377 2786 cum
393 2757 453 2792 jam
472 2756 562 2783 Romw
577 2755 734 2789 martyrium
755 2753 858 2780 subitu-

67 2815 120 2840 rus,
131 2812 155 2834 et
170 2813 299 2843 tanquam
317 2812 380 2832 esca
396 2802 512 2830 leonibus
532 2801 710 2836 projiciendus
721 2805 796 2832 esset,
818 2806 858 2824 se-

66 2855 175 2881 cundum
189 2853 306 2887 Traiani
322 2850 432 2886 tyranni
451 2849 592 2880 decretum,
608 2848 652 2882 qui
665 2847 743 2874 circa.
760 2853 859 2872 annum

67 2901 209 2941 tyrannidis
224 2908 282 2929 sua
294 2905 397 2926 nonum
410 2896 534 2924 adversus
548 2894 679 2930 piissimos
693 2891 858 2920 Christianos

906 2290 941 2317 ad
966 2288 1132 2320 Trallenses,
1155 2289 1279 2321 quartam
1304 2283 1338 2310 ad
1368 2281 1517 2313 Romanos,
1543 2280 1636 2307 deinde
1660 2279 1695 2305 ad

907 2333 1124 2368 Philadelphios,
1148 2335 1173 2358 ct
1199 2329 1361 2364 Smyrnwos.
1382 2327 1434 2354 llic
1467 2333 1559 2360 passus
1583 2329 1631 2368 est,
1647 2323 1693 2351 sub

908 2359 1037 2413 Traiano:
1247 2359 1258 2364 '
1467 2359 1471 2360 ν
1628 2359 1631 2370 γ

943 2425 1000 2454 Sub
1015 2424 1092 2452 initio
1107 2422 1205 2451 decimi
1223 2421 1294 2449 tertii
1313 2418 1405 2448 smculi
1424 2417 1533 2445 Nicetes
1550 2415 1697 2444 Cheniates

908 2473 1002 2501 eadem
1028 2471 1142 2507 protulit
1169 2471 1197 2497 in
1221 2469 1365 2500 Thesauro,
1379 2473 1440 2501 quae
1455 2468 1534 2492 antea
1551 2462 1601 2491 sub
1624 2461 1698 2489 Ana-

909 2519 987 2547 stasii
1003 2518 1114 2546 Sinaitaz
1125 2515 1235 2544 nomine
1251 2512 1441 2549 produximus.
1454 2508 1587 2544 Georgius
1606 2515 1696 2535 autem

909 2565 1089 2601 Pachymeres
1104 2563 1138 2591 ad
1152 2561 1311 2597 Dionysium
1326 2557 1528 2593 Areopagitam,
1541 2554 1620 2590 Φέρει
1633 2553 1697 2589 γοῦν

908 2613 954 2639 τὸν
980 2600 1125 2646 Σολομῶνα
1147 2609 1289 2645 μάρτυρα,
1311 2605 1358 2633 καὶ
1379 2604 1424 2631 τὸν
1450 2603 1536 2639 μέγαν
1557 2600 1696 2636 Ἰγνὰτιον.

909 2657 1036 2693 Epistulae
1061 2656 1144 2691 igitur
1159 2655 1193 2682 ad
1209 2653 1350 2681 Romanos
1369 2654 1506 2678 auctorem
1517 2669 1525 2682 ,
1537 2654 1618 2683 quem
1633 2646 1698 2673 citat

910 2704 1075 2740 Dionysius,
1097 2710 1224 2737 maguum
1248 2700 1384 2736 Ignatium
1409 2696 1535 2732 appellat.
1562 2693 1697 2721 Robertus

912 2756 1002 2779 autem
1026 2747 1225 2776 Lincolniensis
1249 2744 1413 2782 episcopusf,
1437 2743 1479 2770 vir
1502 2741 1546 2770 sui
1570 2738 1698 2774 temporis

912 2796 1100 2828 doctissimus,
1116 2793 1371 2821 Commentariorum
1387 2791 1415 2817 in
1429 2787 1549 2823 Dionysii
1564 2784 1699 2812 Ecclesia-

912 2845 1007 2871 sticam
1032 2840 1208 2869 hierarchiam
1238 2846 1297 2873 cap.
1328 2837 1364 2870 5,
1389 2837 1446 2862 haec
1471 2841 1505 2861 ex
1524 2830 1644 2866 Epistula
1665 2829 1698 2857 ad

915 2890 1069 2923 Smyrnaeos
1086 2886 1188 2922 profert
1204 2894 1211 2913 :
1227 2884 1275 2913 Est
1290 2884 1358 2912 enim
1371 2879 1542 2915 eucharistia,
1557 2876 1698 2906 secundum
