1874 3070
67 137 83 166 π
483 147 509 176 1.
520 144 699 177 pnansoun
722 142 884 178 VINDICLE
904 144 1116 177 lanarum.
1127 165 1159 171 _
1174 149 1264 177 mus
1283 147 1303 178 ῐ.
1680 151 1716 176 os

63 199 107 232 tius.
117 199 158 229 Iro
169 201 416 240 Carnotensis,
431 205 569 239 Zonaras,
580 205 658 242 Hugo
668 206 702 233 de
716 205 745 233 S.
760 205 878 238 Victore,
893 206 916 236 Α
931 204 1004 239 garis
1024 212 1086 232 atrae
1109 212 1210 232 annum
1233 214 1240 232 :
1259 204 1395 234 stantibus
1419 208 1492 234 enim
1518 205 1715 245 Hierosolymis

57 252 76 274 et
92 245 206 277 Alhertus
223 248 436 286 Studensis;
461 253 510 288 qui
528 260 623 280 omnes
636 252 801 280 Clementem
817 251 879 287 qui-
929 255 990 276 eam
1017 253 1157 277 exaratam
1181 257 1242 278 esse
1264 258 1319 278 non
1340 251 1483 285 dubitant;
1506 253 1550 280 cui
1575 255 1716 282 sententia:

50 293 102 322 dem
118 294 223 330 aliquo,
243 297 428 332 epistulam
446 299 526 326 nullo
547 299 625 327 modo
641 298 794 326 nominant.
808 297 879 325 sum
928 294 1011 321 etiam
1034 295 1124 322 illa-in
1149 296 1229 323 initio
1251 296 1378 332 Epistolas
1399 298 1497 330 verba,
1512 298 1551 325 Δι’
1567 300 1716 334 αἰφνιδίους

49 345 129 369 autem
146 346 238 370 testes
254 345 382 378 nostri,
400 345 456 381 qui
471 345 594 380 epistolis
609 344 685 379 ipsis,
701 352 770 380 quas
784 343 875 371 defen-

52 386 148 421 dimus,
169 389 411 425 suﬂ’ragantur,
432 393 535 427 oppido
557 392 652 424 multi;
675 395 702 418 et
725 391 748 418 si
766 398 876 425 perpen-

52 435 140 465 damus
153 444 244 472 quam
261 445 369 473 pauca
386 442 520 467 veterum
540 438 789 466 ecclesiasticorum
808 437 876 464 scri-

59 490 154 515 Jtorum
169 491 261 518 opera
279 492 370 512 nunc
386 489 515 518 exstant,
526 492 607 520 qnam
621 484 709 512 multo
721 483 798 519 plura
813 491 875 518 per-

59 533 137 561 gunt
154 534 205 557 aut
220 530 324 558 adhuc
342 539 416 559 cum
434 531 528 558 blattis
541 535 568 558 et
582 530 662 557 tineis
681 533 802 561 certant,
820 536 873 555 non

60 586 75 603 ιο
85 583 201 604 ssumus
223 583 285 604 non
315 576 400 604 hanc
420 577 532 605 testium
550 576 648 603 nubem
674 575 741 603 satis
756 574 873 609 amplam

57 626 158 657 potare,
173 626 203 649 et.
219 629 256 649 ex
280 622 332 649 his
357 630 438 657 quos
460 621 635 653 adduximus,
657 628 753 648 eorum
776 628 873 647 nume-

57 676 124 701 rum,
139 676 213 703 quos
231 669 386 696 adducere
402 676 457 695 non
475 675 620 703 possumus
635 673 679 694 aut
693 667 872 702 ncgleximus,

60 713 193 741 inﬁnitum
209 721 288 749 pene
307 714 468 741 aestimare.
483 713 515 740 Et
530 714 586 740 hmc
599 713 711 739 omnino
725 712 871 746 premenda

59 764 130 787 erant
145 761 294 788 adversus
312 759 463 792 Dallaéum,
485 759 531 795 qui
547 759 747 786 Hammondum
762 767 793 785 ne
805 767 873 793 qua-

57 811 114 832 tuor
128 806 243 840 quidem
260 805 368 833 Patres
383 814 417 832 ea:
434 806 506 833 omni
521 805 638 837 secundi,
657 805 729 831 tertii
742 809 766 831 et
782 805 871 840 quarti

55 852 146 879 seculi
161 852 248 886 copia
266 853 418 880 nominare
441 852 558 886 potuisse
582 856 636 878 tam
661 850 730 878 falso
748 858 870 886 pronun-

53 899 141 926 tiavit.

87 943 241 975 Secundo.
255 951 283 971 ει
309 944 438 971 animum
458 943 491 971 ad
508 943 606 971 seriem
633 948 784 978 temporutn
799 942 869 970 refe-

47 997 165 1022 ramus,
183 994 215 1017 et
238 990 276 1017 ab
296 989 359 1024 ipsa
382 994 461 1016 astate
475 997 529 1024 qua
547 990 664 1024 primum
687 990 794 1024 scriptm
810 997 870 1023 per-

52 1036 193 1063 hibentur
210 1036 346 1070 epistolae
357 1056 365 1066 ,
380 1036 413 1062 ad
435 1043 495 1062 eam
516 1043 568 1070 qua
584 1036 702 1070 primum
719 1035 868 1069 impressae,

51 1086 78 1108 et
104 1082 339 1116 erumpentibus
366 1081 495 1109 Ecclesiae
519 1081 680 1114 discordiis,
705 1082 731 1108 in
755 1081 868 1108 dubium

51 1132 121 1154 sunt
135 1132 267 1161 vocatae,
284 1131 374 1155 testes
397 1131 508 1154 nostros
523 1127 559 1154 ita
576 1127 723 1161 dispositos
737 1134 798 1154 esse
821 1127 870 1154 0b-

52 1181 222 1205 servemus,
241 1178 275 1200 ut
303 1180 367 1200 cum
394 1173 500 1207 primtts
525 1173 576 1208 ipsi
597 1172 625 1200 S.
646 1172 759 1207 lgnatio,
779 1173 869 1207 primo

53 1220 204 1248 secundus
223 1220 376 1247 familiaris
395 1219 486 1252 fuerit,
504 1225 560 1246 tum
577 1227 657 1246 nemo
671 1219 728 1247 fere
750 1219 869 1254 reliquo-

55 1274 120 1292 rum
137 1266 189 1300 sit,
207 1266 260 1301 qui
289 1274 346 1293 non
369 1273 383 1292 a
408 1265 532 1300 sequenti
555 1270 601 1292 aut
620 1266 696 1293 nosci
722 1270 768 1292 aut
784 1265 867 1292 videri

55 1313 198 1346 potuerit,
216 1320 286 1340 cum
307 1312 334 1339 in
352 1319 519 1347 unoquoque
534 1311 589 1339 fere
612 1313 712 1339 saeculo
735 1319 805 1339 nunc
828 1311 868 1339 b5-

57 1365 123 1390 nos,
141 1365 223 1385 nunc
241 1358 344 1390 trinos,
363 1365 435 1385 nunc
453 1361 600 1392 quaternos
613 1357 865 1391 nlimerarerintal_

58 1403 220 1436 plurimum
241 1407 319 1430 certe
336 1402 418 1429 etiam
442 1402 494 1430 hoc
511 1402 544 1429 ad
562 1403 724 1429 sententiam
744 1407 865 1430 nostram

58 1447 293 1475 conﬁrmandam
321 1447 402 1474 valet.
428 1447 469 1474 Ab
491 1447 542 1474 hac
566 1447 638 1474 enim
664 1446 771 1474 testium
796 1448 866 1475 serie

61 1494 163 1521 nullibi
182 1495 346 1529 interrupta
372 1501 421 1528 pro
438 1497 514 1520 certo
538 1492 631 1520 haberi
656 1492 735 1520 debet
750 1498 797 1520 aut
819 1501 867 1521 ne-

61 1541 169 1568 minem
198 1549 328 1576 unquam
357 1541 409 1567 hoc
431 1540 521 1575 ipsum
544 1540 616 1574 quod
645 1539 684 1567 illi
709 1544 865 1569 constanter

62 1587 231 1615 docuerunt
257 1594 390 1622 negasse,
415 1587 551 1614 neminem
579 1587 613 1614 de
644 1587 806 1615 auctoritate
832 1586 861 1614 S.

62 1632 164 1668 lgnatii
181 1633 341 1664 dubitasse,
367 1636 413 1659 aut
438 1632 461 1660 si
486 1632 547 1667 quis
572 1640 691 1667 unquam
716 1633 742 1660 id
760 1632 863 1666 fecerit,

63 1680 124 1714 ejus
135 1679 312 1707 sententiam
328 1678 363 1706 ab
374 1679 436 1706 aliis
453 1685 560 1712 semper
572 1685 620 1713 pro
634 1678 720 1705 nihilo
732 1678 863 1706 habitam.

63 1724 247 1760 Quocunque
263 1724 338 1751 enim
364 1728 486 1758 tempore
507 1723 623 1758 aliquem
643 1723 722 1750 aliter
745 1723 865 1751 sensisse

63 1771 127 1805 quis
148 1771 223 1798 velit
249 1769 370 1806 (qualem
395 1775 485 1796 tamen
510 1776 559 1805 ego
582 1769 719 1797 neminem
734 1768 864 1804 agnosco)

64 1817 125 1850 eius
142 1817 340 1852 importunam
362 1815 561 1843 dubitationem
582 1821 608 1842 et
626 1823 657 1843 ea
674 1822 735 1850 quae
748 1822 864 1850 prarces-

66 1867 162 1890 zerunt
186 1862 401 1897 impmbabilem
417 1861 540 1894 reddent,
555 1866 581 1888 et
594 1869 625 1889 ea
640 1869 701 1896 qua;
712 1865 864 1896 sequuntur

67 1909 240 1941 testinonia,
256 1908 361 1934 nullius
382 1907 454 1942 apud
476 1907 545 1934 alios
565 1907 692 1942 ponderis
706 1911 754 1934 aut
768 1911 864 1935 aucto-

66 1954 156 1982 ritatis
172 1955 264 1982 fuisse
278 1955 444 1989 probabunt.
454 1953 523 1981 Cum
536 1954 618 1989 igitur
628 1954 714 1982 nostri
726 1959 862 1986 asseram,

67 2001 230 2028 testimonia
254 2008 318 2036 quae
341 2000 494 2027 all‘eruntur
518 2008 566 2035 pro
593 2000 758 2035 Ignatianis,
786 2001 862 2035 paria

68 2055 127 2076 esse
141 2048 190 2082 iis,
207 2055 272 2083 qua!
285 2054 336 2082 pro
349 2046 473 2082 epistolis
494 2045 640 2074 Clementis
657 2051 704 2073 aut
721 2046 863 2082 Polycarpi

68 2093 166 2122 adduci
192 2093 285 2121 solent
307 2097 355 2120 aut
377 2096 505 2127 possunt,
529 2099 577 2127 ego
599 2096 688 2119 autern
705 2093 788 2119 multo
801 2100 861 2119 atn-

69 2140 154 2174 pliora
182 2139 407 2173 illustrioraque;
435 2137 568 2170 Dallzeus,
597 2137 643 2172 qui
671 2138 860 2172 antiquissima

69 2185 171 2213 lrustra
197 2189 298 2220 negat,
325 2185 396 2211 hanc
420 2183 652 2218 comparationem
679 2183 753 2211 nullo
778 2184 860 2211 modo

927 340 974 367 καὶ
994 340 1159 377 ἐπαλλήλους
1179 342 1327 378 γενομένας
1340 344 1406 378 ἡμῖν
1420 344 1561 379 συμφορὰς
1577 345 1624 372 καὶ
1644 354 1715 382 παρ-

927 386 1100 422 εμπτώσεις,
1123 392 1153 414 ut
1180 388 1344 424 aliquando,
1372 388 1429 417 Deo
1450 390 1573 424 volente,
1595 398 1627 418 ex
1643 393 1715 420 anti-

927 433 1062 467 quissimo
1078 433 1126 461 illo
1137 442 1189 461 ms.
1207 435 1350 470 legendum
1367 436 1554 469 ostendemus,
1570 437 1714 473 suffragari

925 480 1080 506 videantur.
1105 479 1164 507 Jam
1184 481 1246 515 quis
1264 482 1382 516 primum
1410 482 1474 509 huic
1494 483 1616 517 cpistola:
1637 484 1715 511 testi-

926 525 1047 552 monium
1064 526 1220 560 perhibuit?
1241 526 1300 554 Non
1326 527 1364 554 illi
1381 535 1451 563 quos
1471 528 1586 563 praeﬁxit
1602 529 1712 562 Junius,

926 569 1046 606 lgnatius
1069 576 1096 599 et
1118 571 1254 605 Justinus,
1276 579 1373 601 neuter
1392 574 1466 601 enim
1486 582 1568 603 verus
1589 580 1644 610 est;
1664 577 1710 603 sed

925 617 1090 652 Dionysius,
1118 625 1198 652 quem
1226 625 1281 645 non
1306 619 1476 653 nominavit,
1503 620 1710 649 Corinthiorum

925 663 1070 697 episcopus
1083 683 1090 694 ,
1118 663 1233 698 epistola
1250 664 1284 691 ad
1309 663 1460 697 Romanos,
1481 665 1569 693 Soteri
1585 667 1713 702 episcopo
1742 679 1745 683 -

923 714 1090 744 nuncupata.
1104 710 1138 736 At
1151 709 1229 737 Soter
1244 711 1384 745 pra-fuisse
1400 712 1501 739 dicitur
1516 712 1642 740 Ecclesia:
1660 713 1713 741 Ro-

923 762 1008 782 mam!
1021 755 1053 781 ab
1076 760 1102 782 α.
1122 755 1154 782 Ῑ).
1170 755 1222 783 178
1233 757 1266 783 ad
1285 757 1346 789 179,
1359 757 1624 792 inquitBlondellus.
1643 760 1712 787 Ante

923 799 1005 835 igitur
1029 809 1055 828 a.
1084 801 1134 828 178
1161 803 1289 837 scriptam
1312 802 1397 831 fuisse
1422 804 1543 840 Dionysii
1569 805 1710 840 epistolam

923 854 977 873 non
993 852 1113 882 apparet.
1134 847 1224 880 Quare
1239 849 1329 883 plures
1346 858 1428 884 quam
1447 855 1556 878 centum
1569 852 1632 879 anni
1648 857 1710 879 sunt

887 886 907 914 Β
921 893 1016 927 elapsi,
1031 898 1176 928 antequam
1190 895 1348 930 quisquam,
1364 896 1436 931 quod
1453 897 1589 931 novimus,
1606 898 1634 926 S.
1651 898 1709 926 Cle-

923 939 1021 966 mentis
1045 938 1171 974 Epistola:
1194 941 1378 969 testimonium
1398 943 1548 977 perhibuit.
1574 943 1594 970 Ε
1616 950 1709 972 contra

922 984 967 1018 qui
987 984 1105 1019 pritnum
1133 985 1283 1020 ignatianis
1311 988 1497 1016 testimonium
1524 991 1646 1025 perbibet
1668 996 1711 1019 est

923 1028 951 1056 S.
964 1029 1141 1066 Polycarpus,
1158 1031 1187 1058 S.
1209 1031 1312 1067 lgnatio
1328 1042 1382 1061 non
1401 1040 1507 1062 tantum
1525 1037 1709 1072 synchronus,

921 1075 968 1102 sed
985 1079 1011 1102 et
1037 1075 1197 1109 familiaris,
1218 1078 1265 1112 qui
1294 1078 1344 1114 ipsi
1371 1079 1495 1116 Smyrna
1519 1082 1623 1113 aderat.
1646 1091 1708 1110 cum

920 1125 1038 1155 quatuor
1061 1122 1192 1157 epistolas
1219 1123 1282 1151 inde
1306 1125 1440 1159 mitteret,
1458 1127 1505 1161 qui
1524 1135 1605 1155 unam
1622 1129 1655 1155 ad
1680 1135 1710 1156 se

920 1167 1022 1199 datam,
1039 1168 1072 1195 ad
1094 1169 1250 1205 Smyrnazos
1266 1178 1331 1198 suos
1355 1172 1436 1199 aliam
1459 1172 1566 1201 Troade
1589 1175 1709 1208 recepit,

919 1213 966 1248 qui
981 1214 1051 1241 intra
1069 1222 1171 1249 paucos
1193 1223 1301 1245 menses
1324 1223 1426 1252 septem
1445 1220 1560 1255 collegit,
1575 1221 1669 1253 edidit,
1683 1226 1708 1248 et

919 1267 975 1287 Sua:
989 1260 1149 1296 subjunclas
1164 1262 1383 1297 Philippensibus
1400 1265 1484 1293 misit.
1503 1266 1645 1295 Secundus
1659 1276 1708 1303 pro

919 1306 1089 1334 Clementina
1106 1309 1182 1336 testis
1199 1308 1269 1336 forte
1290 1309 1380 1338 allerri
1398 1317 1505 1346 poterat
1518 1312 1686 1349 Hegesippus
1700 1325 1707 1343 :

919 1352 952 1379 de
965 1360 996 1379 ca
1009 1354 1080 1380 enim
1098 1355 1221 1388 quaedam
1243 1357 1477 1389 commemoravit,
1493 1359 1540 1386 sed
1555 1368 1616 1394 quas
1630 1361 1709 1395 igno—

918 1406 981 1425 rare
1006 1407 1056 1426 nos
1076 1400 1163 1427 voluit
1186 1399 1330 1429 Eusebius.
1354 1401 1517 1431 Anastasius
1537 1405 1646 1440 quidem
1663 1406 1708 1432 Bi—

917 1443 1113 1472 hliothccarius
1124 1445 1166 1478 (ut
1179 1445 1252 1473 hunc
1263 1445 1337 1473 Junii
1348 1447 1478 1483 Catalogo
1490 1453 1584 1477 testem
1596 1451 1706 1487 addam)

917 1488 945 1515 in
963 1488 1082 1516 Historia
1096 1489 1276 1518 ecclesiastica
1289 1491 1347 1519 haec
1361 1493 1394 1520 de
1406 1493 1434 1520 S.
1450 1494 1588 1522 Clemente
1600 1496 1682 1524 refert
1697 1505 1705 1524 :

919 1534 1007 1569 Hujus
1031 1536 1142 1569 epistola
1166 1537 1251 1571 fertur
1273 1538 1308 1564 ad
1330 1538 1482 1566 Corinthios
1508 1540 1604 1573 missa,
1628 1551 1706 1577 quant

921 1584 975 1607 tota
991 1582 1094 1616 recipit,
1115 1586 1143 1609 ut
1171 1582 1332 1619 Hegesippus
1357 1589 1479 1617 testatur,
1497 1585 1625 1615 Ecclesia.
1653 1588 1706 1617 Sed

918 1627 970 1655 hoc
985 1626 1127 1663 Hegesippi
1149 1630 1336 1657 testimonium
1359 1631 1456 1659 nullibi
1470 1637 1569 1667 exstat,
1585 1638 1612 1661 et
1632 1635 1706 1662 Ana‘

916 1673 1018 1701 stasius
1042 1673 1189 1709 Georgium
1216 1675 1371 1711 Syncellum
1392 1677 1438 1705 hic
1458 1678 1528 1706 male
1553 1681 1703 1708 transtulit.

917 1719 1059 1755 Syncellus
1077 1721 1149 1748 enim
1163 1721 1245 1756 (alius
1266 1721 1340 1750 Junii
1355 1723 1487 1761 Catalogo
1509 1726 1586 1754 testis
1607 1727 1707 1755 adden-

915 1766 982 1800 dus)
1000 1766 1033 1794 de
1048 1765 1078 1794 S.
1092 1766 1232 1795 Clemente
1245 1768 1280 1795 ita
1295 1768 1415 1804 loquitur
1428 1779 1434 1797 :
1448 1771 1550 1798 Τούτου
1563 1772 1703 1809 ἐπιστολὴ,

915 1812 932 1847 ἡ
950 1811 998 1847 μία
1009 1813 1117 1848 γνησία,
1135 1813 1287 1849 Κορινθίοις
1310 1815 1422 1850 φέρεται
1443 1816 1480 1848 ὠς
1500 1817 1554 1844 ἀπὸ
1569 1818 1618 1854 τῆς
1639 1819 1705 1846 Ῥω.

916 1856 1003 1891 μαίων
1021 1857 1183 1894 Ἐκκλησίας
1209 1860 1358 1894 γραφεῖσα,
1385 1861 1504 1893 στάσεως
1527 1863 1556 1888 ὲν
1580 1863 1705 1899 Κορίνθῳ

916 1903 1057 1939 συμϐάσης
1073 1904 1144 1937 τότε,
1159 1905 1197 1937 ὡς
1218 1907 1352 1942 μαρτυρεί
1370 1906 1541 1943 Ἡγήσιππος
1552 1927 1559 1940 ,
1579 1908 1641 1944 ἥτις
1658 1910 1704 1936 καὶ

914 1948 1133 1984 ἐκκλησιάζεται,
1161 1949 1213 1977 Sed
1233 1955 1260 1977 et
1284 1951 1310 1977 in
1337 1951 1435 1978 horqu
1457 1951 1601 1979 verborum
1619 1953 1704 1980 inter-

913 1995 1067 2029 pretatione
1082 1994 1199 2023 Iacobus
1214 1995 1296 2029 Goar,
1313 1997 1359 2031 qui
1382 1997 1538 2033 Syncellutn
1557 2003 1611 2026 tam
1634 1999 1704 2027 inle-

914 2040 1001 2067 liciter
1018 2041 1172 2074 transtulit,
1189 2048 1243 2068 non
1267 2042 1358 2069 minus
1381 2050 1464 2077 quam
1479 2045 1643 2072 Anastasius
1658 2053 1703 2072 er-

913 2097 994 2124 ravit.
1010 2096 1167 2124 Germanum
1179 2097 1235 2131 ejus
1251 2097 1285 2124 ad
1298 2097 1450 2125 Corinthios
1464 2100 1613 2134 epistolam,
1625 2102 1703 2135 quasi

915 2151 931 2169 a
946 2142 1066 2169 Romana
1091 2142 1232 2174 Ecclesia,
1261 2143 1388 2170 tumultus
1413 2144 1552 2179 cujusdam
1579 2146 1702 2174 Corinthi

915 2190 1001 2217 exorti
1022 2190 1167 2222 occasione,
1186 2190 1313 2224 scriptam
1329 2190 1360 2217 ab
1380 2190 1499 2218 Ecclesia
1517 2192 1593 2226 vulgo
1610 2194 1700 2227 recipi,

71 2232 200 2264 admittit,
217 2235 244 2258 et
261 2230 345 2258 nimis
358 2230 444 2257 dilute
457 2230 588 2257 adversus
608 2237 667 2257 eam
683 2230 794 2265 integris
808 2240 811 2257 l

955 2244 1044 2263 coram
1066 2236 1169 2270 publice
1193 2236 1260 2271 legi,
1280 2241 1372 2262 auctor
1399 2241 1438 2263 est
1462 2236 1634 2272 Hegesippus.
1661 2237 1695 2266 Ite

71 2278 136 2305 culis
151 2282 269 2313 pugnat.
287 2276 438 2304 Videamus
463 2276 546 2311 igitur
569 2284 602 2303 an
628 2276 679 2303 hoc
703 2276 737 2303 ab
754 2284 788 2304 eo
802 2278 863 2311 jure

73 2321 130 2355 liat;
145 2327 173 2349 et
199 2322 333 2357 quoniam
353 2321 386 2349 de
410 2320 561 2356 Polycarpo
587 2320 706 2356 prudens
731 2321 803 2354 silet,
830 2321 863 2349 de

73 2367 211 2396 Clemente
224 2368 286 2395 solo
300 2367 335 2394 lis
348 2367 408 2394 erit.
427 2366 595 2394 Testimonia
607 2367 633 2393 in
647 2367 698 2394 hac
710 2375 739 2394 re
751 2375 782 2394 ea
797 2375 863 2394 sane

74 2415 170 2448 optima
185 2419 262 2447 sunt,
279 2421 341 2449 qua:
358 2414 392 2441 ad
406 2414 494 2448 ipsam
512 2414 603 2448 scripti
621 2417 727 2441 aetatem
740 2413 863 2448 proxime

75 2460 241 2495 pertingant;
267 2464 320 2488 hoc
344 2460 379 2487 ab
405 2466 523 2494 utroque
553 2463 677 2487 nostrum
700 2460 860 2487 admittitur.

77 2504 256 2541 Seripwribus
268 2506 383 2534 secundi
397 2505 491 2533 saeculi
509 2512 564 2532 non
583 2505 675 2533 minus
692 2506 861 2533 auctoritatis

77 2551 197 2579 tribuunt
215 2550 312 2579 Patres
336 2551 411 2580 tertii
435 2550 547 2584 saeculi,
575 2559 656 2586 quam
681 2551 861 2586 scriptoribus

79 2597 151 2631 prii
169 2597 265 2626 Patres
280 2598 409 2626 secundi.
435 2597 465 2624 In
488 2597 652 2633 assignando
666 2598 764 2625 saeculo
779 2597 860 2625 fallax

79 2651 131 2672 esse
151 2649 240 2680 potest
262 2648 480 2681 argumentum;
499 2651 554 2671 non
575 2644 657 2679 igitur
683 2644 794 2680 integris
811 2652 861 2672 sre-

80 2690 140 2718 culls
151 2691 267 2724 eminus,
281 2691 330 2719 sed
343 2690 427 2718 annis
441 2689 567 2717 cominus
581 2697 740 2725 pugnemus.
755 2689 860 2725 Seripta

81 2741 114 2762 est
122 2738 240 2772 epistola,
252 2745 316 2774 quae
332 2737 388 2765 sub
402 2736 433 2764 S.
449 2736 597 2764 Clementis
615 2737 726 2763 nomine
742 2737 860 2764 circum-

78 2780 162 2817 lcrtur,
173 2789 236 2813 ante
248 2792 355 2813 annum
372 2783 482 2811 Domini
495 2783 724 2818 septuagesimum
740 2788 858 2816 sextum,

75 2828 164 2858 latente
175 2831 338 2862 Blondello;
358 2834 390 2858 ut
405 2829 452 2856 alii
466 2829 635 2862 existimant,
649 2830 701 2858 sub
713 2830 792 2858 initio
807 2838 859 2859 uno

74 2877 129 2906 uerti
150 2877 323 2911 Vespasiani,
340 2877 368 2904 id
384 2880 428 2904 est
449 2875 523 2903 circa
548 2879 775 2912 septuagesnmum
795 2877 844 2906 vul

914 2281 959 2310 ille
975 2303 981 2309 .
996 2286 1025 2309 tu
1047 2286 1136 2308 autetn
1163 2286 1257 2308 verte:
1281 2281 1370 2316 Hujus
1392 2282 1518 2316 epistola,
1539 2291 1597 2317 qua:
1620 2285 1700 2310 unica

912 2329 1025 2363 genuina
1040 2331 1094 2361 est,
1113 2327 1147 2353 ad
1171 2326 1321 2354 Corinthios
1342 2327 1435 2361 fertur,
1455 2332 1579 2363 tanquam
1599 2328 1631 2354 ab
1648 2328 1697 2356 Ec-

913 2374 993 2401 clesia
1016 2373 1134 2400 Romana
1158 2374 1268 2407 scripta,
1287 2373 1415 2400 seditione
1433 2378 1494 2400 tunc
1517 2374 1650 2408 temporis,
1668 2379 1698 2400 ut
1720 2410 1722 2412 γ

914 2424 1025 2447 testatur
1046 2419 1218 2454 Hegesippus,
1242 2418 1363 2446 Corinthi
1387 2424 1464 2452 orta;
1490 2428 1548 2454 qua:
1569 2420 1650 2446 etiam
1663 2421 1696 2447 ult
1717 2423 1719 2425 ’

913 2464 1031 2492 Ecclesia
1055 2465 1190 2499 recipitur,
1212 2464 1269 2491 haec
1290 2465 1362 2491 enim
1387 2464 1504 2500 Syncelli
1531 2465 1598 2491 nihil
1623 2465 1696 2492 aliud

913 2515 976 2538 sunt
992 2518 1073 2544 quam
1096 2511 1213 2545 epitome
1235 2510 1332 2545 capitis
1354 2510 1403 2542 16,
1426 2511 1488 2537 libri
1514 2518 1544 2537 Ill
1569 2510 1697 2538 Historia:

912 2556 1078 2588 Eusebiauaz,
1097 2557 1176 2591 cujus
1190 2557 1273 2583 verba
1291 2560 1369 2587 sunt,
1386 2557 1430 2583 καὶ
1441 2557 1481 2583 ὅτι
1498 2557 1568 2583 κατά
1584 2559 1629 2584 τὸν
1649 2557 1698 2594 δη-

911 2601 1038 2637 λούμενον
1049 2601 1083 2628 τὰ
1097 2601 1147 2637 τῆς
1163 2602 1314 2637 Κορινθίων
1332 2602 1458 2637 κεκινητο
1477 2603 1608 2636 στάσεως,
1623 2604 1697 2637 ἀξιό-

911 2656 998 2683 χρεως
1021 2648 1125 2683 μάρτυς
1146 2649 1161 2674 ὁ
1181 2648 1359 2683 Ἡγήσιππος,
1377 2657 1454 2683 porro
1471 2650 1617 2684 supradicti
1633 2649 1696 2676 Cle-

911 2694 1009 2722 mentis
1040 2698 1153 2728 tempore
1183 2694 1337 2721 seditionem
1365 2695 1433 2721 inter
1460 2694 1608 2722 Corinthios
1639 2703 1695 2723 esse

910 2744 1087 2772 commotam,
1111 2739 1334 2767 luculentissimus
1363 2740 1436 2767 testis
1462 2745 1500 2767 est
1521 2740 1693 2775 IIegest'ppus.

910 2785 1079 2813 Auctoritate
1102 2785 1184 2820 igitur
1211 2784 1355 2821 Hegesippi
1379 2787 1465 2814 utitur
1484 2787 1511 2813 in
1535 2787 1608 2814 hunc
1634 2792 1695 2814 tan-

910 2830 1051 2858 tummodo
1067 2830 1147 2857 linem
1162 2837 1194 2856 eo
1216 2830 1267 2857 loci
1285 2830 1430 2862 Eusebius,
1447 2836 1475 2858 ut
1493 2831 1627 2865 ostendat,
1642 2831 1696 2859 sub

911 2876 1067 2912 pontiﬁcatu
1093 2876 1239 2904 Clementis
1269 2876 1429 2904 seditionem
1454 2877 1577 2906 Corinthi
1606 2882 1694 2905 ortam
