1874 3070
187 141 221 167 99
698 141 726 168 S.
748 141 922 170 lGNATlUS.
941 141 1258 170 -—PROLEGOMENA.

1804 137 1868 167 ιικ)

186 207 261 233 esse;
278 206 366 235 neque
379 199 453 228 aliud
467 200 616 236 quidquam
628 201 714 228 voluit
730 200 884 236 Syncellus.
907 201 926 228 Τ

1129 212 1133 227 ι
1149 200 1230 232 αὐτὸς
1246 201 1320 236 ἡμᾶς
1336 200 1460 236 ὑπομένῃ
1472 208 1479 233 ;
1492 208 1563 236 saepe
1579 200 1664 229 etiam
1682 205 1794 228 suam
1808 205 1869 225 ex-

188 248 243 276 tius
257 255 307 283 pro
330 247 500 275 Clementina
524 248 601 275 testis
628 253 670 275 est
694 247 823 281 lrenaeus,
838 247 931 276 itidem
947 252 975 276 et

189 301 239 329 pro
262 293 427 329 lgnatianis;
453 293 499 321 sed
521 293 639 321 lrenaeus
664 293 788 328 pluribus
813 301 896 328 quam
927 294 976 321 tri-

189 340 274 375 ginta,
287 339 342 366 imo
358 347 425 374 pene
449 339 629 374 quadraginta
652 339 731 367 annis
753 339 788 366 ab
803 339 876 367 illius
891 348 973 375 quam

189 393 204 412 a
220 389 376 412 nostrarum
401 385 547 420 scriptione
564 385 693 412 remotior
715 384 776 412 fuit.
793 385 912 418 Quartus
927 394 976 421 pro

189 432 328 460 Clemente
348 432 472 459 Romano
485 431 562 458 testis
571 436 611 459 est
625 431 752 459 Clemens
763 431 974 465 Alexandrinus,

190 479 236 514 qui
252 483 314 514 post
329 483 443 506 mortem
461 478 602 506 Commodi
622 479 747 513 scripsit,
765 483 874 506 centum
891 483 918 506 et
933 479 976 506 vi-

191 525 257 560 ginti
276 525 310 552 ad
333 525 474 551 minimum
502 525 581 552 annis
598 530 742 560 postquam
759 525 833 552 edita
857 525 977 553 creditur

191 571 306 606 epistola
329 570 509 598 Clementina.
542 570 576 598 At
601 578 617 598 a
648 571 782 606 martyrio
809 571 906 606 lgnatii
938 575 977 598 tot

192 618 256 645 anni
273 625 326 645 non
343 617 516 649 eilluxerant,
529 619 598 644 'cum
615 616 746 653 Origenes
761 617 908 645 Clementis
921 617 977 645 dis-

191 664 317 699 cipulus,
343 663 590 691 luculentissimum
624 663 662 691 illi
694 664 879 691 testimonium
908 671 978 698 pra:-

190 710 268 742 buit,
295 709 422 737 Homiliis
441 710 468 736 in
486 709 606 743 Lucam,
629 718 698 744 quas
724 710 834 744 scripsit
853 710 977 744 juvenis,

190 761 258 785 teste
272 756 446 792 Hieronymo,
465 760 528 783 ante
543 756 646 784 virilem
663 760 779 787 aetatem,
797 757 848 784 hoc
862 761 905 784 cst
927 757 978 784 sub

192 803 291 831 Severo
315 803 356 830 vel
382 803 542 834 Caracalla,
565 811 628 830 cum
653 808 726 830 esset
749 803 784 830 ‘20
808 811 875 838 pene
899 803 979 831 annis

191 850 302 877 editioni
319 849 467 884 lgnatiana:
485 852 564 876 aetate
578 849 767 884 propinquior,
790 857 872 884 quam
890 849 979 877 fuerat

1024 247 1129 282 primit,
1147 252 1177 274 ut
1199 247 1232 274 ad
1258 246 1431 282 Smyrnaea:
1449 248 1541 274 Πάντα
1558 248 1691 284 ὑπομένω
1707 263 1718 276 α
1757 256 1764 273 ι

1128 271 1129 276 η
1147 252 1177 274 ut
1199 247 1232 274 ad
1258 246 1431 282 Smyrnaea:
1449 248 1541 274 Πάντα
1558 248 1691 284 ὑπομένω
1707 263 1718 276 α
1757 243 1868 273 αὐτοῦ

1028 302 1062 328 με
1094 293 1319 328 ὲνδυναμοῦντος,
1352 298 1380 321 et
1411 294 1527 328 gratiam
1560 294 1649 329 ipsam
1683 291 1870 329 patientia.

1027 339 1145 366 maxime
1161 339 1326 374 deprazdicat
1341 348 1349 367 :
1382 339 1414 366 Ἦ
1439 340 1575 373 πῐπιςὼς
1584 338 1767 375 περικεφαλι

1130 347 1145 366 c
1161 339 1349 374 deprtedicat:
1382 339 1414 366 Ἦ
1439 340 1575 373 πῐπιςὼς
1584 337 1870 375 περικεφαλαίαςὴ

1026 385 1119 420 ἀγάπη
1136 385 1174 416 ὡς
1190 385 1264 420 δόρυ,
1282 386 1299 421 ἡ
1318 386 1441 421 ὑπομονὴ
1458 385 1496 418 ὡς
1523 386 1670 412 πανοπλία.
1699 385 1758 412 Ad
1781 383 1871 410 aedi—

1027 431 1181 458 ficationem
1198 430 1317 466 denique
1342 430 1447 458 faciunt
1470 431 1680 459 exhortationes
1718 428 1873 458 commi-

1026 477 1208 511 nationesque
1233 484 1352 510 omnes,
1386 478 1487 512 quibus
1519 483 1575 504 tam
1608 477 1803 512 frequenter
1837 480 1871 502 et

1027 522 1124 549 crebro
1142 522 1228 549 utitur
1240 543 1247 555 ,
1265 522 1299 549 ad
1317 530 1399 550 omne
1426 522 1613 550 Christianum
1636 522 1805 553 cilicium,
1829 521 1870 548 ad

1027 576 1123 596 omnes
1139 568 1248 603 pietatis
1264 573 1355 603 partes
1380 568 1481 603 ubique
1506 569 1651 604 impellens
1669 573 1706 596 ul.
1741 568 1872 595 ﬁerent

1027 615 1094 642 λίθοι
1111 614 1175 642 ναοῦ
1192 615 1299 651 [ἰατρὸς
1313 615 1508 651 ἡτοιμασμένοι
1533 617 1573 646 είς
1588 615 1758 650 οἰκοδομὴν
1781 613 1870 641 Θεοῦ

1028 660 1145 697 Πατρὸς,
1158 661 1389 696 quemadmodum
1406 661 1464 696 ipse
1482 661 1515 689 ad
1532 661 1670 696 Ephesios
1689 661 1866 696 loquitur.

1028 706 1089 739 Quo
1106 707 1188 734 etiam
1205 707 1343 742 pertinent
1360 707 1406 734 illa
1428 715 1490 742 quae
1506 708 1589 735 toties
1606 708 1640 735 de
1658 707 1867 736 concordia.

1030 753 1142 786 unitate,
1160 757 1187 781 et
1203 754 1359 781 oltedientia
1375 754 1512 790 episcopis
1525 759 1553 782 et
1562 755 1752 790 presbyterio
1776 761 1866 789 prae.

1030 800 1137 832 standa,
1154 807 1242 834 usque
1259 799 1293 827 ad
1311 799 1442 827 invidiam
1460 801 1600 833 inculcat;
1617 801 1734 836 quibus
1758 800 1865 827 etiam

1031 853 1096 873 suos
1113 845 1148 872 ab
1163 845 1340 873 heterodoxis
1356 846 1452 873 eadem
1469 854 1552 881 opera
1569 850 1695 879 revocat,
1720 853 1865 874 eorum-

191 895 376 929 Clementinae,
391 903 453 923 cum
474 895 605 923 scriberet
619 894 744 922 Clemens
761 894 973 923 Alexandrinus.
991 888 1011 916 Β
1025 898 1079 926 que
1095 890 1205 923 fabulis,
1222 899 1280 926 quw
1297 891 1456 926 quaestiones
1482 897 1612 926 prwstant
1634 892 1733 926 magis
1762 899 1864 927 quam

191 941 290 977 Etjam
302 942 364 977 quis
376 949 430 969 non
445 941 527 974 videt,
541 941 639 968 seriem
651 941 762 968 testium
778 941 812 968 ab
826 942 886 976 ipso
902 943 978 970 initio

193 996 241 1024 per
257 993 296 1016 tot
311 989 410 1016 saecula
425 988 568 1016 deductam
586 987 620 1015 ad
644 988 724 1015 ﬁdem
747 987 898 1016 faciendam
918 989 979 1024 plu-

193 1035 291 1062 rimum
308 1035 418 1062 valere?

230 1079 399 1108 Testimonia
411 1080 470 1113 ipsa
483 1080 556 1116 quod
569 1079 676 1112 attinet,
684 1079 741 1106 sive
752 1086 783 1106 ea
791 1078 939 1114 generatim
954 1083 981 1106 et

192 1125 319 1153 universe
334 1125 406 1153 dicta
422 1130 496 1157 sunt,
513 1125 571 1153 sive
582 1125 777 1160 particulatim,
792 1129 819 1152 et
835 1125 978 1158 distincte;

191 1172 285 1201 omnia
310 1177 385 1200 certe
413 1172 537 1207 epistolis
567 1172 663 1204 hisce,
695 1179 764 1207 quas
797 1171 980 1199 defendendas

192 1220 375 1255 suscepimus,
392 1219 519 1254 inprimis
535 1222 701 1254 congruunt,
719 1226 820 1253 easque
831 1218 872 1245 vel
885 1226 918 1245 eo
933 1226 982 1245 no-

192 1267 267 1294 mine
279 1266 392 1293 minime
400 1269 541 1300 suspectas
555 1265 680 1292 reddunt.
699 1264 728 1291 S.
741 1263 917 1299 Polycarpus,
933 1264 981 1299 qui

192 1312 282 1347 primo
295 1313 366 1339 hanc
379 1312 555 1347 epistolarum
573 1310 736 1346 συναγωγὴν
753 1311 846 1343 edidit,
867 1310 919 1337 hoc
934 1318 981 1337 cas

193 1359 340 1386 admodum
358 1359 510 1386 honorifico
537 1358 626 1393 elogio
655 1357 806 1392 insignivit,
835 1361 863 1384 et
878 1356 982 1392 Philip—

192 1407 316 1443 pensium
326 1405 453 1433 Ecclesia:
470 1412 632 1440 magnopere
640 1403 857 1431 commendavit:
877 1403 921 1436 Ἐξ
933 1399 981 1435 ὧν,

193 1453 329 1488 inquiens,
341 1452 446 1488 μεγάλα
454 1451 625 1486 ὠφεληθῆναι
643 1449 802 1485 δυνήσεσθε.
820 1450 981 1485 Περιέχουσι

192 1500 246 1537 γὰρ
257 1500 358 1531 πίστιν,
368 1499 415 1525 καὶ
423 1498 571 1534 ὑπομονὴν,
581 1497 627 1524 καὶ
636 1498 723 1524 πᾶσαν
734 1496 876 1532 οἰκοδομὴν
885 1496 935 1531 τὴν
943 1496 983 1527 είς

192 1545 239 1573 τὸν
255 1545 355 1580 Κύριον
373 1545 536 1580 ἀνήκουσαν,
554 1548 584 1570 ut
601 1542 714 1570 habetur
731 1542 823 1569 Graece
840 1542 911 1577 apud
928 1541 982 1568 Eu-

194 1591 310 1624 sebium,
328 1594 355 1617 ct
372 1590 400 1616 in
418 1589 500 1616 veteri
527 1588 625 1615 Latina
655 1588 800 1615 versione:
820 1587 862 1614 Ea:
889 1587 982 1623 quibus

194 1644 304 1671 magnus
326 1635 396 1662 vobis
411 1635 462 1662 erit
477 1634 621 1669 profectus.
638 1633 778 1660 Conlinent
799 1633 869 1659 enim
894 1632 982 1666 ﬁdem,

194 1682 363 1717 patientiam,
389 1685 413 1707 et
436 1688 540 1706 onmem
555 1679 760 1713 wdiﬁcalionem
783 1678 817 1704 ad
840 1677 985 1705 Dominum

194 1733 315 1755 nostrum
343 1726 527 1762 pertinentem.
554 1725 617 1752 Tria
635 1725 727 1759 itaque
744 1723 773 1751 S.
790 1723 871 1751 Pater
887 1725 983 1758 praeci-

195 1781 249 1809 pue
265 1773 380 1805 notavit,
398 1779 460 1806 quae
476 1771 503 1798 in
521 1770 644 1806 epistolis
669 1769 817 1805 lgnatianis
834 1777 903 1804 quas
919 1768 984 1795 Phi-

195 1819 365 1854 lippensibus
382 1818 458 1845 misit
474 1817 594 1844 maxime
615 1816 783 1849 eminerent;
808 1815 867 1843 haec
893 1819 983 1842 autem

196 1865 304 1900 singula
321 1865 349 1892 in
377 1865 421 1897 iis,
448 1872 517 1898 quas
541 1870 614 1890 nunc
640 1862 783 1894 habemus,
810 1862 983 1896 potissimum

196 1913 316 1940 elucent.
345 1910 413 1938 Nam
442 1911 499 1938 sive
526 1910 606 1937 ﬁdem
625 1909 652 1936 in
670 1910 760 1943 scipsa
788 1913 903 1943 spectes,
924 1916 983 1935 eam

197 1959 318 1994 lgnatius
335 1957 414 1985 miris
430 1956 508 1984 eﬂert
531 1955 675 1988 laudibus;
702 1955 736 1981 ad
754 1954 909 1990 Smyrnzeos
924 1964 930 1982 :
949 1955 985 1981 Τὸ

196 2004 251 2040 γὰρ
268 2003 327 2030 ὅλον
345 2002 435 2034 πίστις
451 2001 498 2029 καὶ
514 2000 618 2036 ἀγάπη,
636 1996 674 2027 ὧν
690 1999 766 2026 οὐδὲν
789 1999 982 2035 προκέκριται·

197 2050 232 2077 ad
261 2048 395 2084 Ephesios
423 2057 429 2074 :
460 2047 493 2073 Ἡ
518 2046 546 2073 δὲ
585 2045 679 2077 πίστις
713 2045 791 2080 ὑμῶν
825 2045 985 2079 ἀναγωγεὺς

198 2095 286 2132 ὑμῶν,
303 2101 371 2122 voce
387 2093 521 2128 eleganti,
541 2096 567 2119 ct
583 2091 797 2125 Lexicograpliis
813 2091 922 2125 ignota;
940 2091 984 2117 οὐ-

197 2142 252 2173 δεὶς
269 2141 360 2168 πίστιν
382 2138 616 2173 ἐπαγγελλόμενος
641 2137 803 2173 ἁμαρτάνει·
831 2136 864 2164 ad
891 2136 984 2162 Phila-

197 2188 359 2222 delphenses
373 2195 379 2212 :
398 2185 490 2211 Πάντα
506 2183 574 2219 ὁμοῦ
592 2183 662 2210 καλά
678 2184 762 2216 ἐστιν,
780 2182 828 2210 ἐὰν
844 2183 872 2209 ἐν
890 2183 983 2219 ἀγάπῃ

1029 936 1234 971 ludiﬁcationem
1250 936 1300 964 Dei
1315 945 1374 972 qum
1399 938 1428 964 in
1454 937 1505 972 ﬁde
1528 944 1577 965 est.
1606 936 1672 965 Haec
1698 937 1744 965 de
1767 939 1864 965 testi-

1029 983 1122 1010 monio
1140 982 1169 1010 S.
1195 982 1355 1019 Polycarpi,
1379 991 1414 1012 ex
1439 991 1495 1019 quo
1511 988 1596 1019 patet,
1624 989 1741 1019 quanta
1784 992 1862 1012 cum

1029 1029 1136 1057 ratione
1152 1037 1321 1064 asseramus,
1340 1030 1413 1058 illius
1430 1035 1510 1058 aetate
1535 1031 1671 1066 epistolas
1688 1039 1779 1066 quas
1800 1032 1862 1059 de-

1030 1075 1168 1103 fendimus
1184 1075 1333 1103 exstitisse.
1356 1074 1493 1103 Eusebius
1510 1076 1593 1103 etiam
1610 1076 1684 1104 duos
1716 1084 1862 1112 genera-

1029 1122 1069 1149 les
1092 1121 1270 1156 epistolarum
1294 1121 1470 1150 characteres
1497 1127 1590 1155 notat,
1614 1122 1649 1150 de
1677 1122 1861 1150 traditione

1031 1167 1192 1203 apostolica,
1209 1172 1236 1195 et
1252 1167 1404 1196 haeresibns
1421 1168 1470 1195 aevi
1488 1167 1634 1203 lgnatiani,
1652 1168 1773 1203 quibus
1795 1177 1858 1195 uo-

1031 1218 1095 1242 strte
1111 1213 1214 1249 optime
1229 1213 1410 1248 respondent;
1423 1214 1496 1249 quod
1514 1214 1558 1242 hic
1575 1214 1759 1241 monendum
1783 1218 1859 1241 tan—

1030 1265 1088 1288 tum
1106 1260 1182 1294 duxi,
1194 1267 1244 1287 nec
1261 1259 1377 1287 ulterius
1395 1260 1564 1296 urgendum;
1581 1259 1657 1295 quod
1676 1259 1855 1288 Eusebium

1031 1308 1162 1342 epistolas
1179 1313 1288 1337 nosuas
1307 1308 1408 1336 vidisse
1429 1312 1511 1343 atque
1523 1307 1708 1341 descripsisse
1722 1306 1774 1333 vel
1791 1307 1855 1341 ipsi

1032 1353 1180 1381 adversarii
1191 1354 1340 1382 fateantur.

1067 1399 1122 1427 Nec
1139 1405 1245 1428 tantum
1272 1401 1428 1429 testimonia
1454 1408 1516 1436 quae
1539 1400 1683 1436 lgnatiana
1714 1407 1852 1435 genera-

1031 1449 1080 1476 tim
1097 1453 1124 1476 et
1141 1448 1270 1475 universe
1285 1447 1457 1480 describunt,
1467 1447 1591 1482 epistolis
1608 1447 1686 1474 hisce
1703 1447 1851 1481 apprime

1032 1499 1194 1530 congruunt,
1213 1494 1261 1521 sed
1285 1498 1312 1521 et
1338 1501 1371 1521 ea
1387 1501 1448 1528 quae
1472 1493 1657 1528 particulatim
1677 1501 1692 1520 ιι
1712 1495 1850 1521 testibus

1033 1540 1174 1575 productis
1189 1548 1223 1566 ex
1239 1538 1344 1574 lgnatio
1362 1544 1427 1566 sunt
1451 1543 1579 1574 excerpta
1597 1543 1625 1566 et
1642 1539 1670 1565 in
1701 1538 1847 1573 ipsorum

1034 1587 1120 1614 libros
1137 1586 1188 1614 sub
1203 1586 1263 1621 ejus
1280 1586 1391 1613 nomine
1408 1587 1584 1620 transcripta,
1603 1586 1631 1612 in
1650 1586 1757 1613 codice
1787 1592 1848 1612 n0-

1035 1637 1092 1661 stro
1110 1632 1221 1660 totidem
1239 1631 1295 1659 fere
1311 1632 1402 1659 verbis
1428 1632 1622 1667 reperiuntur;
1648 1637 1681 1659 ut
1697 1640 1737 1659 ex
1756 1641 1848 1661 accu-

1033 1685 1093 1707 rata
1105 1679 1250 1706 collatione
1272 1679 1443 1714 singulorum
1462 1679 1687 1706 testimoniorum
1706 1686 1778 1713 qua:
1798 1683 1847 1705 at-

1035 1726 1147 1753 tulimus
1168 1733 1230 1752 cum
1248 1724 1368 1752 Mediceo
1381 1725 1475 1751 codice
1493 1725 1654 1759 planissime
1671 1725 1844 1759 apparebit.

1028 1772 1096 1800 Cum
1113 1775 1205 1798 autem
1216 1779 1312 1798 omnes
1329 1771 1472 1798 sententiae
1488 1779 1503 1798 a
1521 1771 1658 1798 veteribus
1677 1772 1846 1806 particula-

1034 1817 1082 1844 tim
1100 1817 1281 1852 transcriptze,
1300 1821 1446 1852 antequam
1471 1817 1531 1844 aliae
1547 1817 1672 1852 epistola
1692 1818 1845 1850 confictae,

1035 1868 1082 1891 aut
1097 1863 1140 1890 hae
1157 1863 1222 1897 ipsae
1253 1863 1423 1897 interpolata:
1443 1867 1527 1896 sunt,
1556 1871 1590 1890 ex
1613 1868 1715 1890 nostro
1741 1864 1847 1891 codice

1035 1910 1186 1942 desumpta;
1202 1912 1365 1942 appareant;
1377 1915 1495 1942 cumque
1511 1913 1607 1942 postea
1625 1908 1740 1936 nullum
1763 1910 1847 1937 testi-

1034 1954 1158 1981 inonium
1175 1953 1217 1980 vel
1234 1961 1266 1980 ex
1284 1952 1365 1986 ﬁctis,
1383 1953 1425 1980 vel
1451 1961 1484 1981 ex
1507 1954 1679 1982 assumentis
1705 1955 1846 1990 catalogo

1035 2005 1130 2028 nostro
1159 2000 1376 2033 adliibuerimus,
1395 2008 1498 2036 eosque
1525 2005 1609 2029 testes
1635 2004 1846 2031 tantummodo

1035 2046 1221 2079 citaverimus,
1238 2047 1286 2081 qui
1303 2047 1436 2081 antiquis,
1453 2047 1538 2080 veris,
1555 2050 1583 2074 et
1609 2048 1690 2081 puris
1706 2048 1847 2083 epistolis

1035 2092 1199 2126 utebantur;
1212 2099 1266 2120 non
1284 2096 1374 2127 potest
1391 2101 1446 2120 non
1463 2093 1521 2120 haec
1538 2093 1650 2120 testium
1669 2093 1847 2123 indeficiens

1036 2137 1174 2165 successio
1200 2145 1336 2165 summam
1360 2138 1485 2173 epistolis
1507 2138 1610 2166 nostris
1636 2138 1737 2172 iidem,
1763 2141 1846 2175 quod

1036 2183 1070 2210 ad
1091 2187 1233 2211 externum
1256 2189 1446 2220 argumentum
1468 2185 1584 2218 attinet,
1609 2186 1783 2214 conciliare.
1805 2187 1846 2214 Illi

199 2234 352 2262 πιστεύετε·
373 2233 430 2261 sive
448 2232 509 2260 tidci
527 2232 649 2259 habitum
667 2231 695 2258 in
711 2237 823 2258 auctore
840 2231 983 2266 respicias,
1003 2242 1024 2269 υ
1038 2229 1110 2257 enim
1128 2229 1191 2264 ipsi,
1208 2229 1256 2264 qui
1273 2230 1306 2257 de
1323 2230 1502 2265 germanitate
1518 2234 1624 2264 septem
1648 2231 1846 2266 epistolarum

198 2281 268 2309 vivis
295 2280 363 2307 adeo
379 2279 519 2306 coloribus
537 2278 638 2312 ubique
654 2273 778 2312 depictus
794 2282 845 2310 est,
863 2281 894 2304 ut
909 2276 987 2304 Owe-

199 2334 252 2354 nns
269 2330 378 2352 nostras
396 2325 423 2351 in
441 2331 472 2351 eo
490 2331 601 2351 suavem
621 2323 682 2350 ﬁdei
700 2323 826 2357 spiritum
844 2326 985 2358 agnoscat.

201 2371 265 2398 Inde
281 2371 346 2397 illa:
381 2368 451 2403 Ἐγὼ
472 2368 501 2395 δὲ
527 2367 596 2403 μετὰ
613 2367 664 2403 τὴν
686 2368 834 2394 ἀνάστασιν
856 2368 886 2394 ὲν
908 2367 988 2403 σαρκὶ

202 2416 282 2443 αὑτὸν
298 2414 356 2442 οἶδα
370 2416 418 2443 καὶ
432 2413 552 2441 πιστεύω
568 2412 632 2439 ὄντα
648 2412 692 2446 (ad
706 2412 824 2447 Smyrn.)
836 2423 843 2446 ;
859 2414 951 2450 ’Υδωρ
960 2414 989 2441 δὲ

202 2463 255 2495 ζῶν
269 2461 413 2496 ἁλλόμενον
424 2462 453 2487 ὲν
467 2460 529 2496 ἐμοὶ
543 2458 644 2486 ἐσωοέν
660 2467 704 2493 μοι
720 2458 803 2493 λέγει·
821 2458 905 2495 Δεῦρο
922 2460 990 2496 πρὸς

201 2509 247 2536 τὸν
261 2509 371 2543 Πατέρα
385 2508 431 2542 (ad
451 2506 553 2542 Rom.).
570 2505 634 2532 Sive
647 2505 724 2531 Iidem
750 2512 800 2539 pro
821 2504 928 2539 objecto
943 2513 991 2533 su—

202 2563 280 2587 mas,
306 2555 384 2582 multi
412 2555 438 2581 in
465 2554 508 2581 his
529 2552 651 2588 epistolis
670 2552 778 2579 articuli
799 2552 860 2579 iidei
873 2552 991 2581 breviter

202 2602 382 2636 explicantur,
404 2601 437 2628 de
451 2600 524 2632 Deo,
542 2600 576 2628 de
598 2598 704 2626 duabus
727 2599 754 2625 in
774 2598 884 2626 Christo
910 2604 990 2627 natu-

203 2649 250 2681 ris,
267 2649 300 2675 de
321 2648 387 2679 vita,
401 2652 428 2674 et
447 2652 550 2677 morte,
565 2652 592 2674 et
607 2646 806 2674 resurrectione
828 2645 940 2678 Christi,
956 2647 989 2674 ad

202 2702 271 2729 quos
290 2694 395 2728 antiqui
418 2693 512 2721 Patres
528 2694 608 2721 toties
626 2693 807 2728 appellarunt.
828 2692 868 2720 Ad
882 2693 990 2727 patien—

203 2741 267 2767 tiam
291 2745 318 2768 et
342 2740 515 2768 tolerantiam
539 2740 723 2767 Christianam
745 2738 896 2773 saepissime
919 2739 989 2766 alios

203 2787 326 2822 impellit,
342 2792 372 2814 ut
390 2786 545 2822 Smyrnaeos
568 2795 574 2812 :
597 2785 709 2821 Ἀμείὸῃ
733 2787 796 2821 ὑμῖν
812 2785 888 2816 Θεὸς,
911 2785 943 2812 δι’
960 2785 989 2812 ὂν

203 2833 291 2859 πάντα
305 2833 484 2868 ὑπομένοντες
499 2832 580 2859 αὑτοῦ
594 2831 729 2864 τεύξεσθε·
747 2837 777 2859 ut
788 2831 966 2866 Polycarpum
980 2839 987 2857 :

203 2879 326 2908 Μάλιστα
347 2880 374 2906 δὲ
389 2879 470 2907 ἕνεκα
490 2879 557 2907 Θεοῦ
582 2879 671 2906 πάντα
688 2879 831 2914 ὑπομένειν
853 2878 925 2913 ἡμᾶς
938 2877 987 2908 δεῖ,

1038 2276 1072 2303 ab
1086 2275 1204 2302 Eusebio
1220 2280 1433 2303 memoratarum
1463 2276 1637 2309 dubitabant,
1657 2277 1734 2306 banc
1750 2280 1847 2314 potis-

1038 2321 1137 2349 simum
1156 2320 1288 2348 rationem
1307 2321 1467 2356 alIerebant,
1480 2322 1552 2357 quod
1570 2323 1654 2350 verba
1672 2324 1844 2358 Athanasii,

1038 2367 1201 2394 Theodoreti
1230 2367 1401 2402 aliorumque
1417 2374 1540 2395 veterum
1566 2368 1593 2395 in
1612 2369 1734 2403 iisdem,
1755 2378 1846 2406 prout

1038 2417 1103 2440 tunc
1119 2413 1200 2440 etiam
1217 2413 1321 2445 Graece,
1339 2413 1387 2440 sed
1404 2414 1585 2448 interpolatae,
1604 2416 1773 2449 exstabant,
1787 2426 1844 2445 non

1039 2463 1245 2492 comparerent;
1265 2463 1295 2485 ut
1320 2468 1352 2486 ex
1370 2460 1404 2487 iis
1429 2465 1547 2492 constat,
1563 2468 1625 2495 qua:
1642 2461 1671 2488 in
1692 2460 1862 2491 Prooemio'

1039 2504 1121 2530 latius
1132 2504 1315 2532 disseruntur.
1330 2505 1365 2531 At
1382 2505 1429 2540 qui
1445 2505 1606 2540 Catalogum
1622 2507 1740 2534 testium
1759 2515 1778 2535 a
1801 2516 1846 2536 no-

1039 2549 1082 2577 bis
1099 2549 1254 2577 conl'ectum
1273 2550 1416 2586 inspiciet,
1435 2553 1526 2579 omnia
1550 2553 1713 2580 testimonia
1730 2561 1748 2581 a
1769 2560 1846 2583 vete.

1039 2595 1116 2623 ribus
1128 2600 1256 2630 excerpta
1273 2596 1301 2622 in
1327 2596 1452 2631 epistolis
1468 2598 1584 2631 nostris,
1599 2598 1634 2625 ab
1653 2599 1734 2626 omni
1755 2607 1843 2628 assu-

1040 2645 1134 2669 mento
1149 2641 1256 2674 liberis,
1270 2642 1367 2670 iisdem
1386 2643 1443 2670 lere
1459 2643 1551 2671 verbis
1574 2644 1681 2672 diserte
1698 2646 1842 2674 contineri

1039 2686 1164 2720 reperiet.
1181 2685 1274 2721 Neque
1302 2695 1367 2714 vero
1388 2688 1475 2715 ullum
1499 2689 1532 2716 de
1559 2689 1701 2717 industria
1724 2697 1843 2726 praeter-

1041 2731 1182 2764 misimus,
1213 2737 1312 2766 praeter
1335 2733 1447 2760 unicum
1476 2734 1543 2761 illud
1566 2733 1597 2762 S.
1625 2734 1810 2772 Hieronymi,
1826 2738 1841 2764 l.

1042 2785 1084 2810 ιιι,
1102 2777 1231 2805 Adversus
1245 2778 1423 2814 Pelagianos:
1447 2779 1574 2815 Ignutius
1597 2782 1638 2808 vir
1671 2785 1841 2817 apostolirm

1041 2829 1065 2850 et
1080 2829 1183 2859 martyr
1203 2825 1295 2853 scribit
1311 2826 1438 2853 audacter
1454 2834 1461 2853 :
1485 2836 1494 2852 ι
1510 2827 1596 2862 Elegit
1625 2828 1763 2857 Dominus
1776 2839 1843 2862 apa-

1042 2870 1134 2905 slolos,
1152 2871 1197 2907 qui
1208 2879 1286 2906 super
1304 2880 1391 2900 omnes
1421 2873 1538 2901 homines
1565 2880 1724 2909 peccatores
1734 2886 1838 2906 erant.)
