1874 3070
39 156 69 183 iltl
418 155 444 184 J.
466 153 647 184 PEARSONII
676 150 835 183 VlNDlClAE

920 145 1069 180 ΛΤΙΑΝΕ.
1087 167 1122 173 -
1141 149 1231 180 PARS
1248 151 1268 179 l.

1622 151 1674 179 102

36 216 137 243 Constat
153 215 238 243 enim
265 222 335 243 eum
360 215 392 242 in
424 215 477 243 bac
493 215 625 243 sententia
653 215 760 243 citanda
778 221 835 241 me—
848 217 871 246 Α
921 211 1108 247 Atdelgnatii
1121 211 1246 246 epistolis
1272 215 1399 238 neutrum
1415 210 1514 237 horum
1527 209 1580 237 dici
1595 217 1675 244 passa

36 261 141 290 muriam
172 260 318 294 fefelisse,
349 265 378 288 et
405 260 543 296 lgnatium
570 268 620 295 pro
650 260 773 287 Barnaba
788 268 833 295 po—

34 308 129 340 suisse;
148 307 181 334 in
209 307 300 342 cujus
315 306 434 341 epistola
448 315 530 340 quam
546 313 618 334 nunc
639 306 783 338 habemus,
800 313 832 333 ea

34 353 103 381 verba
121 357 266 385 exstant;
297 357 325 379 et
344 359 377 379 ex
394 359 451 386 quo
478 350 609 386 Origenes
626 356 688 378 ante
702 350 835 387 Hierony—

33 407 97 427 mnm
116 399 227 426 eadem
241 399 427 433 produxerat.
439 397 636 432 Posuititaque
654 397 834 434 Hieronymus

33 448 165 484 lgnatium
194 455 252 483 pro
275 447 415 480 Barnaba,
440 452 470 474 ut
496 447 559 474 alibi
581 447 707 474 Clemens
723 446 835 473 Alexan-

33 496 125 523 drinus
138 494 312 522 Barnabam
329 502 379 529 pro
389 493 540 522 Clemente.
557 494 625 521 Cum
645 493 728 529 igitur
742 492 834 520 omnia

33 542 196 569 testimonia
215 541 348 576 priorum
373 540 548 572 saeculorum,
560 547 592 567 ex
612 539 642 566 S.
658 539 762 574 lgnatio
777 547 836 575 par-

33 588 169 616 ticulatim
199 592 347 621 excerpta,
371 587 434 614 inde
461 587 538 614 libris
561 591 682 614 veterum
710 586 832 618 Patrum,

33 640 165 670 unquam
184 638 230 661 tot
256 633 352 666 ﬂores,
369 641 482 669 sparsa;
498 640 616 668 cumque
633 637 696 667 post
721 632 770 659 has
782 633 836 667 epi-

34 681 115 708 stolas
126 684 288 715 corruptas
303 680 426 714 aliasque
442 679 584 711 conﬁctas,
597 683 636 706 tot
647 684 737 706 tamen
752 678 834 705 etiam

34 734 61 753 ex
80 726 167 760 puris
197 725 335 757 adducta,
367 725 394 751 in
420 725 464 751 bis
493 724 616 759 epistolis
644 723 755 750 totidem
780 723 836 750 fere

35 772 124 799 verbis
139 774 343 805 compareant,
363 771 426 805 jure
451 777 484 797 ac
507 770 605 796 merito
621 769 730 796 easdem
747 768 834 796 eidem

36 815 60 843 S.
75 815 205 850 lgnatio,
221 814 270 842 cui
286 814 326 841 illi
349 821 445 842 omnes
474 814 640 846 tribuerunt,
659 813 835 841 ascribendas

35 861 246 889 contendimus.

66 907 200 942 Denique
217 906 287 933 hinc
302 906 383 934 etiam
401 910 593 941 argumentum
616 906 649 933 ad
674 906 835 934 asserendas

38 952 62 980 S.
80 953 196 988 lgnatio
224 952 278 979 bas
293 952 424 987 epistolas
443 960 498 979 non
522 952 581 979 leve
607 952 742 984 elicimus,
763 952 836 987 quod

37 999 109 1026 nulla
126 998 318 1026 vetustiorum
333 1002 486 1032 temporum
498 1002 602 1025 aetatem
613 1006 669 1033 prae
680 1005 709 1025 se
721 997 835 1025 ferentia

36 1044 89 1079 jam
105 1043 216 1078 scripta
237 1047 365 1076 exstent;
389 1044 423 1071 de
439 1050 557 1077 quorum
585 1043 660 1071 veris
675 1042 835 1071 auctoribus

38 1094 83 1116 aut
97 1090 154 1116 hoc
170 1093 222 1116 aut
239 1088 334 1123 priore
359 1088 460 1115 sacculo
476 1089 530 1115 ulla
551 1096 614 1116 cum
634 1089 741 1116 ratione
755 1088 836 1115 dubi-

38 1140 126 1162 tatum
138 1138 197 1167 est,
210 1134 280 1168 quin
294 1137 342 1160 aut
356 1142 373 1160 a
387 1133 526 1161 veteribus
540 1142 592 1161 non
606 1133 708 1161 fuerint
723 1135 836 1162 omnino

40 1181 143 1216 agnita,
159 1184 212 1206 aut
231 1180 255 1207 si
285 1180 356 1207 forte
385 1180 420 1207 ab
446 1180 582 1215 aliquibus
609 1180 701 1215 agnita
717 1181 781 1212 sint,
801 1180 835 1208 de

39 1226 137 1253 iisdem
154 1230 252 1252 tamen
283 1226 310 1252 in
338 1225 460 1252 Ecclesia
475 1225 522 1252 Dei
539 1225 572 1253 ab
589 1225 651 1252 aliis
663 1230 711 1252 aut
725 1225 835 1252 dubita-

40 1277 96 1299 tum
111 1278 160 1300 aut
175 1273 349 1307 disputatum
367 1271 458 1299 fuerit.
480 1271 508 1298 S.
531 1271 679 1299 Clementis
689 1272 834 1306 epistolam

40 1318 193 1345 secundam
210 1325 269 1344 non
282 1317 405 1352 ejusdem
422 1318 545 1345 auctoris
568 1325 630 1345 esse
658 1325 720 1344 cum
745 1318 833 1352 prima

39 1364 138 1390 volunt
155 1363 210 1390 viri
227 1363 316 1395 docti,
334 1363 397 1390 licet
423 1368 539 1398 utraque
560 1363 586 1390 in
600 1363 758 1390 Canonibus
770 1371 833 1398 apor

40 1409 146 1436 stolicis
164 1409 272 1443 pariter
284 1409 424 1443 probetur,
442 1413 470 1436 et
493 1409 527 1436 ab
552 1408 703 1443 Epiphanio
719 1409 835 1444 aliisque

40 1461 223 1491 agnoscatur.
242 1455 277 1482 At
293 1456 346 1482 hoc
362 1456 451 1490 primo
463 1455 594 1482 indicavit
610 1455 756 1486 Eusebius,
771 1455 833 1483 dein

40 1500 231 1537 Hieronymus
247 1506 275 1528 et
287 1500 411 1528 Photius.
427 1500 548 1535 Dionysii
564 1501 733 1536 Areopagitae
749 1501 833 1528 libros

39 1548 114 1574 male
130 1552 212 1574 tanto
230 1547 291 1574 viro
318 1548 463 1582 ascriptus,
485 1552 511 1574 et
533 1548 584 1574 sub
606 1547 667 1582 ejus
680 1547 790 1574 nomine
806 1548 834 1574 li-

40 1600 100 1622 ctos
123 1595 184 1629 jam
197 1593 310 1628 plurimi
327 1593 507 1625 contendunt,
523 1597 606 1627 atque
626 1593 697 1619 inter
718 1599 766 1619 eos
782 1599 836 1619 ma-

40 1642 114 1668 xime
131 1641 264 1668 Dallaeus.
288 1639 340 1668 Sed
360 1641 410 1667 bos
427 1640 501 1675 ipsos
519 1641 605 1674 prius,
618 1641 653 1667 ob
669 1640 836 1667 testimonio-

39 1696 101 1715 rum
117 1687 272 1719 defectum,
286 1688 381 1722 rejecit
395 1695 458 1715 cum
483 1689 540 1714 suis
566 1686 717 1722 Hypatius;
733 1691 759 1714 et
774 1691 836 1721 post

40 1742 104 1761 eum
122 1734 218 1765 multi,
237 1734 321 1760 etiam
349 1733 385 1761 ob
406 1734 561 1766 materiam,
582 1733 754 1769 Areopagitae
774 1740 835 1760 esse

41 1785 192 1815 negarunt,
223 1785 255 1807 ut
283 1780 431 1808 ostendunt
457 1779 592 1808 Maximus
612 1785 639 1808 et
662 1780 833 1813 Theodorus,

41 1828 88 1861 qui
121 1827 238 1854 eosdem
272 1827 417 1854 infeliciter
453 1826 599 1854 defendere
632 1827 721 1854 conati
759 1831 833 1854 sunt.

44 1873 151 1900 Hermae
165 1872 309 1900 Pastorem
333 1873 456 1900 universi
470 1873 521 1899 hac
533 1877 612 1900 astate
635 1873 692 1900 fere
704 1873 834 1900 condem-

43 1924 124 1951 nant;
148 1919 223 1946 idem
253 1919 331 1946 multi
356 1919 483 1954 Origenis
500 1927 567 1951 aevo,
585 1920 643 1953 ipso
659 1924 738 1952 teste,
764 1918 835 1946 fece-

44 1967 118 1996 run't.
132 1971 163 1993 ut
190 1971 218 1993 et
246 1965 424 1998 Tertulliani;
451 1971 478 1993 et
502 1966 524 1993 si
539 1973 633 1994 verum
658 1970 741 1998 esset,
760 1965 833 2000 quod

44 2012 131 2040 Latini
149 2017 247 2047 postea
264 2012 445 2045 tradiderunt,
464 2012 562 2040 librum
577 2020 639 2039 eum
668 2019 682 2038 a
707 2011 747 2038 Pii
765 2019 834 2046 pon-

46 2058 125 2085 tificis
136 2057 223 2084 fratre
237 2057 371 2092 scriptum
385 2057 482 2088 fuisse,
492 2061 563 2084 esset
576 2057 635 2084 sine
649 2056 833 2084 controversia

45 2103 248 2138 supposititius.
267 2102 403 2130 Procbori
420 2103 529 2130 libellus
556 2103 592 2130 De
603 2103 658 2129 vita
674 2102 702 2129 S.
720 2101 833 2128 Joannis

45 2149 115 2176 haud
128 2149 268 2176 immerito
294 2149 432 2183 rejicitur,
447 2153 478 2176 ut
492 2153 519 2175 et
546 2147 670 2174 Historia
689 2147 833 2182 apostolica

43 2195 136 2222 Abdizn
152 2194 305 2230 Babylonii,
321 2202 403 2229 quem
420 2199 482 2229 post
495 2193 675 2229 Hegesippum
691 2194 834 2228 scripsisse

44 2241 321 2268 observatGerardus
347 2240 474 2273 Vossius,
502 2241 602 2267 addere
626 2241 712 2274 potuit
726 2245 752 2267 et
770 2244 832 2275 post
848 2239 870 2266 Ι)

44 2287 193 2319 Bullinum,
212 2294 274 2313 nam
292 2286 376 2314 verba
404 2285 547 2321 Hegesippi
563 2287 633 2321 apud
654 2286 767 2313 Abdiam
798 2295 831 2314 ex

45 2333 143 2360 Bullini
161 2334 342 2361 translatione
363 2337 429 2360 sunt
451 2333 625 2367 transcripta.
643 2332 696 2360 Sed
712 2332 745 2360 de
761 2338 834 2360 utro-

44 2388 96 2415 que
112 2381 198 2406 altum
216 2379 287 2414 apud
318 2383 424 2406 veteres
440 2378 589 2406 silentium.
614 2377 708 2406 Passio
726 2378 754 2407 S.
781 2378 834 2406 An-

44 2427 114 2453 dreze
128 2435 143 2453 a
158 2426 326 2461 presbyteris
336 2430 363 2452 et
377 2425 501 2452 diaconis
513 2424 696 2451 Ecclesiarum
712 2424 831 2457 Achaiae,

44 2479 72 2500 ut
89 2474 193 2506 volunt,
209 2473 312 2507 scripta
345 2472 438 2499 adhuc
455 2472 677 2502 conti-overtitur,
705 2472 751 2499 sed
776 2476 831 2498 tam

43 2518 146 2552 antiqui
160 2518 337 2552 maximeque
364 2516 515 2544 venerandi
532 2517 712 2549 monumenti,
737 2517 760 2544 si
788 2525 832 2544 ve-

43 2571 102 2591 rum
115 2569 197 2597 esset,
218 2572 301 2592 nemo
328 2567 451 2591 veterum
467 2563 601 2596 meminit,
624 2570 712 2598 neque
728 2567 791 2590 ante
805 2562 833 2590 ﬁ-

43 2617 102 2636 nem
116 2611 206 2637 octavi
218 2610 312 2638 saeculi
331 2617 346 2636 a
370 2608 502 2643 quopiam
521 2613 697 2636 memoratur.
717 2608 829 2645 Reliqua

43 2656 121 2682 etiam
149 2664 210 2691 quas
239 2660 406 2683 vetustatem
438 2662 573 2681 summam
606 2662 662 2689 prae
685 2662 714 2681 se
739 2653 830 2681 ferunt

43 2702 152 2736 scripta,
179 2707 206 2729 et
220 2703 283 2734 hoc,
303 2702 345 2729 vel
374 2701 546 2737 praecedente
575 2701 686 2733 saaculo,
703 2700 769 2727 viris
786 2700 831 2727 do-

42 2747 90 2775 ctis
107 2749 198 2782 spuria
215 2748 361 2780 videntur;
385 2746 429 2773 vel
448 2746 505 2772 alto
516 2750 597 2780 atque
613 2746 744 2773 diuturno
761 2750 830 2772 vete-

41 2801 97 2821 rum
112 2795 221 2822 silentio
234 2795 418 2825 damnantur,
449 2793 492 2819 vel
509 2800 522 2819 a
544 2798 664 2820 veterum
678 2793 827 2828 aliquibus,

38 2841 80 2867 diu
93 2847 155 2869 ante
178 2846 274 2869 nostra
303 2846 441 2876 tempora,
468 2839 578 2875 reiecta,
604 2844 651 2868 aut
680 2840 775 2867 saltem
800 2840 828 2867 in

36 2886 143 2915 dubium
160 2894 258 2916 vocata
273 2892 351 2916 sunt.

886 258 931 286 illa
947 267 1009 294 qum
1027 259 1193 285 adduximus
1210 257 1367 284 testimonia
1391 261 1419 284 et
1435 264 1496 292 quia:
1520 260 1614 291 postea
1633 257 1676 284 di-

885 304 971 332 cenda
989 309 1052 332 sunt
1065 305 1138 331 clare
1149 303 1294 336 evincunt;
1321 311 1383 330 nam
1403 303 1459 330 alto
1482 303 1592 330 silentio
1606 310 1675 330 con-

885 349 1010 377 demnari
1027 357 1081 376 non
1098 353 1224 384 possunt,
1241 357 1303 384 qua:
1317 350 1350 376 ab
1362 349 1440 376 initio
1459 353 1576 384 recepta:
1593 354 1675 384 atque

885 401 1060 428 summopere
1077 394 1195 422 laudata:
1214 399 1294 428 sunt;
1318 401 1344 422 et
1360 403 1394 421 an
1417 394 1445 422 S.
1459 394 1553 430 lgnatii
1580 402 1674 422 revera

885 439 1009 474 genuinae
1024 444 1136 472 essont,
1169 447 1251 467 nemo
1281 444 1416 471 veterum,
1441 447 1522 467 nemo
1539 439 1675 467 recentio-
1719 458 1724 464 .

885 493 947 512 rum
972 486 1113 513 dubitasse
1136 494 1166 514 se
1192 487 1294 514 diserte
1314 487 1402 514 dixit:
1417 493 1498 513 nemo
1524 487 1633 522 spurias
1648 491 1677 514 et

885 533 1088 559 commentitias
1101 532 1184 560 fuisse
1198 533 1355 568 suspicatus
1365 537 1417 564 est,
1427 537 1573 567 antequam
1587 533 1676 568 primo

885 578 983 612 aliqua:
1004 577 1100 605 Latine
1115 583 1179 605 sunt
1199 578 1340 613 impressas
1349 578 1486 606 veteribus
1503 586 1614 613 prorsus
1634 578 1676 605 in-

886 624 1014 658 cognitae,
1034 624 1093 651 alire
1120 624 1201 651 etiam
1226 623 1322 651 Latine
1346 629 1451 652 tantum
1479 625 1584 659 primo,
1612 624 1674 652 dein

885 667 990 697 (ἑταῖρε.
1010 668 1056 694 sed
1075 676 1138 695 cum
1157 668 1219 696 aliis
1242 669 1364 704 junctae.
1391 677 1452 704 quae
1478 670 1676 697 recentioribus
1703 675 1706 680 ‘

885 716 991 740 tantum
1009 714 1112 742 Graecis
1129 715 1228 750 agnita:
1246 720 1327 747 sunt,
1346 715 1454 750 illaque
1472 716 1548 751 ipse.
1566 723 1581 742 a
1598 720 1675 743 vete-

886 758 963 785 ribus
980 760 1110 793 probatze,
1136 760 1248 787 nonnisi
1282 760 1378 788 multis
1394 761 1560 788 assumentis
1576 765 1674 789 conta-

886 804 997 831 minatae
1013 810 1187 840 apparerent.
1206 806 1275 833 Cum
1307 806 1390 841 igitur
1405 807 1461 841 jam
1479 807 1587 834 tandem
1605 807 1676 834 anti—

886 849 1026 884 quissimae
1042 850 1137 885 lgnatii
1153 851 1274 886 epistolae
1291 859 1305 879 a
1323 852 1497 888 sequioribus
1514 853 1569 880 sint
1580 852 1676 880 discri-

851 896 872 924 B
887 895 996 923 minutae
1013 901 1094 931 atque
1111 897 1266 932 disjunetze,
1281 897 1315 925 ab
1331 899 1499 926 assumentis
1516 903 1598 933 atque
1614 906 1676 926 cor-

888 939 1003 974 ruptelis
1020 940 1152 972 liberatae,
1187 942 1324 976 nitor-ique
1341 942 1458 977 pristino
1475 943 1618 976 restituta),
1636 943 1674 971 si-

886 985 998 1019 mulque
1021 986 1248 1013 cumulatissimis
1276 986 1497 1022 uniuscujusque
1523 988 1615 1015 saeculi
1639 991 1676 1016 te-

886 1031 1025 1058 stimoniis
1049 1032 1235 1064 conﬁrmatae,
1269 1041 1357 1068 neque
1380 1034 1526 1069 quisquam
1552 1039 1674 1061 veterum

886 1083 1024 1111 appareat,
1051 1078 1098 1112 qui
1126 1078 1159 1106 de
1185 1086 1279 1105 earum
1307 1080 1495 1114 suppositione
1525 1080 1673 1115 quidquam

886 1121 1035 1150 bariolatus
1058 1123 1112 1156 sit;
1147 1124 1220 1150 nulla
1246 1123 1318 1151 ratio
1344 1124 1386 1151 vel
1404 1124 1554 1159 excogitari
1573 1130 1672 1160 potest.

885 1168 921 1196 ob
937 1176 1019 1203 quam
1036 1176 1130 1196 earum
1143 1171 1298 1197 veneranda
1316 1170 1465 1205 antiquitas
1481 1175 1508 1198 et
1524 1172 1675 1201 auctoritas

885 1213 976 1240 debita
995 1214 1022 1240 in
1040 1215 1153 1241 dubium
1171 1215 1206 1242 sit
1223 1216 1394 1248 revocanda;
1414 1220 1462 1242 aut
1478 1215 1501 1243 si
1527 1216 1580 1242 ulla
1598 1223 1676 1243 exco-

885 1259 965 1293 gitari
982 1260 1080 1294 possit,
1098 1268 1132 1287 ea
1149 1268 1182 1288 ex
1201 1261 1259 1295 ipsa
1276 1261 1453 1296 epistolarum
1482 1262 1595 1290 materia
1612 1262 1674 1290 elici

885 1303 975 1335 debet,
993 1313 1076 1338 quam
1094 1305 1121 1332 in
1154 1306 1278 1340 sequenti
1309 1307 1503 1335 dissertatione
1533 1308 1568 1335 ab
1598 1307 1676 1336 omni

885 1350 1045 1384 suspicione
1077 1351 1275 1378 liberabimus:
1311 1351 1361 1379 hac
1385 1353 1494 1380 interim
1520 1353 1675 1388 justissima

886 1396 1100 1430 praesumptione
1117 1397 1255 1427 contenti,
1275 1401 1314 1423 tot
1331 1398 1534 1426 vetustissimos
1551 1399 1676 1427 doctissi-

884 1449 999 1476 mosque
1015 1441 1112 1469 Patres
1129 1450 1192 1469 cum
1210 1443 1379 1477 sequacibus
1397 1444 1424 1470 in
1456 1443 1604 1479 lgnatianis
1620 1453 1673 1473 non

884 1494 1002 1518 errasse,
1020 1487 1067 1522 qui
1092 1492 1168 1514 tanto
1200 1496 1337 1515 consensu
1356 1489 1382 1515 in
1401 1489 1476 1516 nullo
1501 1490 1556 1516 alio
1572 1491 1672 1518 celebri

884 1537 911 1559 et
934 1534 1047 1568 antiquo
1073 1534 1260 1562 ecclesiastico
1282 1536 1385 1570 scripto
1407 1543 1457 1562 nos
1485 1535 1614 1563 fefellisse
1631 1537 1676 1564 lia-

886 1584 981 1607 cteuus
998 1580 1159 1615 deprehensi
1177 1586 1252 1608 sunt.

1193 1636 1308 1665 CAPUT
1328 1637 1372 1665 IV.

885 1681 1076 1714 Argumentum
1099 1684 1311 1710 adversariorum
1327 1693 1342 1710 a
1368 1684 1527 1711 testimoniis
1543 1684 1672 1711 adversus

938 1719 1064 1751 gnatiana
1078 1719 1247 1752 expungitur.
1260 1719 1482 1746 Sticbometriam
1497 1728 1547 1745 non
1559 1728 1614 1746 esse
1622 1720 1674 1746 Ni—

921 1753 1024 1788 ceplzori
1047 1753 1253 1788 patriam/imm
1271 1753 1449 1788 Nicephorum
1461 1759 1485 1781 et
1501 1755 1673 1782 Anastasium

924 1787 1026 1823 Ignatii
1039 1789 1162 1823 epistolas
1175 1790 1323 1815 admisisse.
1337 1788 1529 1816 SIic/wmetriw
1541 1796 1673 1816 auctorem

920 1832 971 1851 non
980 1824 1151 1859 condemnare
1163 1823 1262 1857 lgnatii
1276 1825 1412 1857 epistolas.
1427 1824 1551 1859 Defensio
1567 1833 1673 1859 respon-

920 1859 1002 1886 sionis
1020 1858 1192 1886 Hammondi.
1209 1858 1269 1885 Non
1293 1860 1401 1893 probari
1417 1858 1622 1893 suppositionem
1641 1869 1673 1887 ea:

919 1894 989 1921 nudo
1004 1893 1082 1920 titulo
1095 1894 1312 1928 apocryp/wrum.
1330 1894 1390 1920 Non
1401 1903 1433 1920 ea:
1444 1895 1550 1929 reliquis
1563 1895 1673 1929 quicum

919 1929 1026 1964 lgnatio
1048 1935 1233 1956 numerantur.
1259 1929 1297 1955 De
1323 1929 1429 1964 Ilernne
1445 1929 1557 1956 Pastore
1581 1931 1673 1958 veteris

921 1963 1047 1990 Ecclesiae
1055 1964 1199 1997 judicium.
1213 1964 1361 1991 Cottsensus
1376 1963 1518 1998 Nicrphori
1532 1971 1556 1992 et
1573 1965 1672 1992 Gelusir

919 1999 1022 2034 frustra
1043 1998 1204 2025 obtenditur.
1222 1999 1359 2025 Decretum
1374 1999 1421 2026 sub
1437 2000 1537 2026 (ielasii
1565 2002 1672 2027 nomine

920 2035 1021 2060 editum
1047 2034 1129 2068 ipsius
1152 2042 1206 2060 esse
1227 2043 1277 2060 non
1296 2035 1409 2061 videtur.
1429 2034 1552 2096 Deﬁensio
1572 2035 1672 2062 Usscrii

920 2070 951 2095 ab
964 2068 1153 2096 obicctionibus
1176 2069 1273 2096 bal/(ci
1287 2070 1445 2096 vindicatur.
1485 2071 1605 2096 esponsio
1623 2079 1672 2096 no-

919 2070 951 2095 ab
964 2068 1153 2104 objectionibus
1176 2069 1273 2096 bal/(ci
1287 2070 1445 2096 vindicatur.
1462 2068 1605 2104 Responsio
1623 2079 1672 2097 no-

919 2109 976 2130 stra
1005 2103 1060 2129 illis
1082 2103 1242 2139 Ilammoﬁndi
1263 2109 1286 2130 et
1312 2103 1411 2131 Usserii
1438 2103 1620 2139 superaddita.
1638 2105 1671 2132 In

919 2139 1106 2166 Stirhometria
1122 2139 1168 2164 sub
1186 2138 1286 2174 lgnatii
1301 2141 1404 2166 nomine
1420 2148 1470 2166 non
1482 2140 1671 2174 epistolas,sed

919 2174 1032 2208 Διόαχήν
1041 2173 1170 2209 intelligi.
1186 2173 1221 2200 De
1230 2175 1355 2200 indiculis
1367 2181 1375 2200 :
1386 2173 1499 2209 itemque
1510 2175 1672 2201 dediduscao

919 2209 973 2241 liis,
986 2214 1010 2235 et
1030 2208 1270 2235 Constitutionibus
1291 2209 1442 2244 apostolicis
1456 2208 1550 2236 'brcvis
1573 2210 1672 2236 disser-

918 2245 994 2270 tatio.

919 2289 954 2317 Ut
971 2290 1022 2316 hoc
1035 2293 1179 2317 externum
1194 2294 1386 2326 argumentum
1406 2297 1421 2317 a
1437 2290 1604 2318 testimoniis
1622 2298 1670 2325 pe-

883 2336 962 2362 titum
982 2335 1036 2363 vim
1061 2343 1120 2363 eam
1148 2344 1202 2371 qua
1231 2337 1313 2370 pollet
1338 2336 1470 2368 obtineat,
1484 2341 1510 2364 et
1536 2337 1670 2364 illibatum

882 2387 1070 2414 conservetur,
1089 2381 1159 2408 haud
1184 2382 1290 2409 meliori
1312 2382 1441 2409 methodo
1464 2382 1502 2409 uti
1526 2390 1569 2409 me
1590 2374 1675 2417 posse?

882 2428 982 2459 sentio,
997 2435 1079 2462 quam
1103 2428 1126 2454 si
1142 2435 1174 2455 ea
1190 2429 1295 2460 omnia,
1313 2436 1374 2464 qua:
1388 2427 1561 2455 adversarius
1578 2428 1610 2455 ad
1628 2428 1670 2463 ip-
1695 2423 1703 2434 ⁷

882 2481 942 2501 sum
960 2473 1180 2501 labefactandum
1205 2473 1380 2510 excogitavit,
1397 2481 1479 2508 porro
1490 2473 1669 2502 examinanda

881 2522 1042 2554 proponam.
1068 2520 1188 2547 Observo
1205 2524 1296 2547 autem
1317 2528 1348 2547 ea
1367 2520 1400 2547 ad
1422 2520 1474 2547 tria
1493 2519 1581 2554 capita
1595 2527 1670 2546 com-

881 2566 961 2594 mode
979 2566 1084 2599 reduci,
1098 2570 1124 2593 et
1144 2566 1171 2592 in
1192 2566 1265 2594 hunc
1281 2567 1405 2593 ordinem
1419 2564 1570 2593 luculenter
1584 2565 1668 2601 redigi

881 2618 973 2645 posse.
990 2610 1094 2644 Primo,
1107 2611 1152 2638 ille
1167 2611 1249 2638 etiam
1263 2611 1418 2639 testimonia
1430 2611 1552 2643 adducit,
1566 2611 1669 2646 quibus

881 2664 960 2684 suam
977 2657 1011 2684 de
1026 2658 1216 2692 suppositione
1227 2657 1405 2692 epistolarum
1422 2657 1587 2684 sententiam
1601 2664 1668 2684 con-

881 2703 980 2730 ﬁrmet.
1005 2703 1150 2737 Secundo,
1176 2708 1260 2731 testes
1284 2707 1411 2736 nostros,
1438 2703 1472 2730 ab
1495 2702 1667 2730 Hammondo

881 2751 958 2786 prius
976 2750 1119 2784 adductos,
1130 2750 1332 2779 vetustissimos
1345 2750 1493 2785 pra-cipue,
1506 2750 1607 2784 rejicit;
1619 2753 1667 2776 aut

880 2796 1032 2823 invalidum
1045 2797 1125 2832 plane
1138 2805 1232 2824 eorum
1246 2797 1432 2824 testimonium
1444 2796 1556 2824 reddere
1564 2795 1667 2831 sigilla-

880 2843 928 2870 tim
945 2848 1070 2870 conatur.
1088 2842 1193 2876 Tertio,
1210 2848 1400 2878 argumentum
1418 2850 1432 2869 a
1448 2842 1603 2869 testimonio
1618 2849 1668 2868 ne-

881 2887 999 2922 gativum
1022 2887 1171 2916 fabricatus
1184 2893 1237 2918 est.
1254 2896 1307 2923 qua
1324 2888 1439 2923 probare
1460 2887 1565 2918 nititur.
1579 2888 1667 2914 nenti-
