1874 3070
201 139 253 168 105

192 207 254 226 nem
278 197 458 233 epistolarum
483 205 553 233 quas
574 197 757 230 defendimus,
773 206 822 233 per
849 199 982 226 ducentos
996 201 1020 229 Δ

192 249 256 280 post
269 245 364 280 lgnatii
380 250 498 272 mortem
517 251 604 272 annos
616 245 786 276 meminisse,
802 249 831 272 et
843 245 906 273 inde
918 253 982 273 con-

191 291 288 324 cludit,
301 291 337 318 ab
353 290 458 325 Ignatio
471 298 525 317 non
541 289 820 326 fuisse'conscriptas.

227 337 331 372 lncipio
346 345 362 364 a
376 337 491 365 testibus
499 337 534 364 ab
545 337 702 364 adversario
716 342 812 365 contra
824 342 980 365 nostrorum

190 381 278 408 aciem
294 381 365 408 miro
382 380 464 408 modo
489 381 642 416 productis,
657 381 699 409 vel
716 382 806 417 potius
827 383 979 410 subductis.

190 427 253 455 lllos
274 427 359 459 enim,
382 435 434 454 non
453 432 508 454 tant
522 427 557 453 ad
575 428 788 455 constituendam
812 430 978 462 sententiam,

190 481 270 508 quam
291 474 326 500 ad
345 473 525 508 depellendam
548 473 680 500 invidiam
694 474 842 502 adduxisse
864 482 894 503 se
917 474 982 502 fate-

192 525 236 547 tur
248 529 255 536 ·
274 519 301 547 in
318 527 392 548 eum.
415 519 530 549 scilicet.
551 519 644 553 ﬁnem,
659 524 690 547 ut
702 521 799 555 probet
814 521 979 549 Salmasium

190 573 218 595 et
231 568 402 595 Blondellum
417 575 471 595 non
483 567 570 595 fuisse
587 568 703 602 primos.
719 569 767 603 qui
784 569 835 596 has
847 570 980 604 epistolas

191 616 322 643 conﬁctas
337 619 473 649 putarent.
490 614 617 648 Quisquis
630 615 698 641 enim
718 620 812 642 auctor
831 615 980 643 Stichome-

191 661 260 693 tria,
284 668 367 695 quam
387 660 508 692 adducit,
534 660 596 694 fuit,
618 661 666 686 diu
692 665 753 687 ante
777 660 940 688 Salmatium
955 665 980 688 et

192 706 360 734 Blondellum
393 707 470 733 rixit.
506 705 627 740 Opponit
655 707 739 741 igitur
764 707 980 734 Stichometriam

191 752 372 785 llammondo,
399 760 514 787 prorsus
538 753 713 781 inconcinne.
743 752 830 787 Ilujus
846 761 915 785 vero,
938 754 980 780 in-

190 800 260 834 quit,
277 800 470 835 Στιχομετρὶας
481 800 630 826 auctoritas
643 808 691 826 cur
706 808 756 826 non
773 800 840 826 tanti
852 800 922 834 apud
933 808 979 827 nos

190 845 354 878 cssedebeat,
365 846 460 880 quanti
471 854 548 873 suam
563 846 613 872 viri
629 846 778 872 doctissimi
791 854 846 873 esse
856 847 977 880 cupiunt,

191 900 242 918 non
252 892 336 919 rideo.
350 891 418 919 Διδὶ
434 900 488 926 qua
507 892 542 919 sit
567 892 641 919 illius
670 891 865 919 Stichometria:
885 897 980 919 aucto-

191 940 268 970 ritas,
284 945 316 966 ea
330 946 385 965 non
400 937 584 971 llammondo,
600 939 648 966 sed
674 938 802 966 Patribus
822 939 982 973 opponenda

191 984 252 1017 fuit,
270 985 305 1012 ab
321 984 495 1012 llammOndo
518 990 614 1012 contra
638 984 804 1012 Salmasium
816 989 843 1012 et
858 984 984 1011 Blondel-

191 1031 246 1058 lum
261 1030 414 1065 productis.
430 1030 594 1066 Polycarpo,
607 1030 721 1063 Irenaeo,
737 1029 860 1065 Origeni,
872 1030 915 1057 vel
929 1030 984 1056 sal-

191 1081 244 1103 tem
260 1076 388 1104 Eusebio.
404 1076 564 1107 Athanasio.
577 1075 690 1107 Basilio,
702 1075 911 1111 Cbrysostomo,
920 1074 984 1101 llic-

190 1131 316 1158 ronymo,
338 1122 524 1156 'lheodoreto,
549 1122 669 1154 Gelasio,
691 1122 807 1157 aliisque
821 1132 827 1148 :
841 1130 895 1148 non
911 1122 982 1149 enim

190 1170 339 1204 quaeritur,
357 1177 392 1196 an
419 1169 615 1196 Stichometn‘w
641 1169 797 1196 auctoritati
815 1168 983 1203 praeferenda

190 1216 227 1243 sit
237 1217 389 1242 auctoritas
403 1215 579 1246 Hammondi,
589 1215 636 1242 sed
651 1214 705 1241 utri
715 1215 805 1249 potius
819 1214 983 1242 credendum

191 1261 237 1292 sit,
255 1259 391 1287 Salmasio
407 1260 465 1287 sola
491 1258 679 1286 Stichometria
704 1264 820 1292 armato,
843 1267 877 1286 an
902 1258 985 1285 Ham-

191 1307 293 1334 mondo
305 1306 355 1333 SS.
369 1305 492 1338 Patrum,
508 1311 535 1333 et
547 1307 670 1334 omnium
687 1306 849 1334 saeculorum
864 1306 983 1333 testimo-

193 1352 248 1379 niis
265 1352 379 1386 stipato.
397 1351 485 1378 Nimis
499 1351 580 1385 igitur
594 1350 708 1378 subdole
723 1351 775 1378 hoc
792 1349 983 1377 testimonium

190 1398 303 1425 adducit
317 1396 445 1426 Dallzeus.
458 1397 493 1423 ad
515 1396 698 1431 depellendam
719 1396 845 1423 invidiam
868 1399 982 1428 tantum,

191 1451 248 1478 quo
262 1447 356 1478 postea
371 1443 405 1470 ad
419 1443 636 1470 conﬁrmandam
660 1443 826 1470 sententiam
841 1449 920 1468 suam
935 1448 985 1468 sa:-

192 1489 304 1523 pissime
327 1490 433 1516 utitur:
449 1493 477 1516 et
492 1496 576 1524 quam
602 1488 743 1516 inﬁrmum
760 1488 797 1515 sit
812 1495 876 1515 eum
899 1487 984 1522 probe

191 1536 320 1563 conscius
336 1540 421 1566 esset,
443 1535 479 1562 ita
503 1535 617 1562 omnino
639 1534 795 1570 proposuit,
811 1538 842 1561 nt
864 1534 983 1565 nescias,
997 1551 1018 1579 ϐ

193 1588 284 1612 utrum
305 1592 354 1619 pro
375 1588 538 1618 argumento
558 1582 654 1610 haberi
675 1582 803 1613 voluerit,
828 1588 925 1608 necne.
952 1579 980 1608 Si

192 1630 300 1657 titulum
317 1630 415 1665 capitis
430 1629 534 1664 quarti,
548 1628 649 1663 quinti.
661 1632 690 1655 et
706 1627 876 1662 reliquorum
893 1626 980 1661 inspi-

191 1676 309 1707 ciamus,
326 1679 520 1710 argumentum
536 1678 578 1701 cst
597 1674 736 1708 primum;
759 1672 782 1700 si
795 1677 877 1707 caput
900 1674 981 1706 quin-

191 1727 250 1749 tum
260 1726 427 1755 spectemus,
441 1719 547 1746 nullum
558 1723 618 1752 est;
630 1719 667 1746 ibi
678 1718 752 1746 enim
767 1719 884 1754 primum
897 1717 980 1750 aliud,

193 1765 329 1793 asilentio
351 1766 517 1800 scriptorum
539 1764 789 1792 eeclesiasticorum
808 1768 871 1791 ante
897 1763 983 1791 Euse-

193 1812 269 1838 bium
285 1811 405 1838 ducitur.
434 1809 547 1844 Semper
560 1814 651 1837 tamen
674 1814 769 1845 postea
791 1815 981 1844 argumentum

194 1860 257 1890 hoc,
279 1857 338 1885 sive
355 1856 486 1891 primum,
505 1855 562 1883 sive
584 1856 701 1888 nullum,
726 1856 837 1882 maximi
862 1855 936 1887 facit,
956 1860 983 1883 et

193 1903 295 1937 ubique
321 1901 378 1928 fere
395 1901 526 1928 inculcat.
542 1901 581 1928 Ac
601 1908 696 1928 revera
723 1901 746 1927 si
765 1900 818 1927 hoc
836 1908 982 1936 argumen-

193 1954 263 1980 tum,
277 1949 334 1976 sive
349 1948 481 1982 primnm,
495 1948 553 1975 sive
565 1947 683 1979 nullum,
701 1947 740 1974 illi
764 1947 906 1982 eripiatur,
918 1947 983 1974 reli-

194 2004 247 2032 qua
264 1995 355 2030 plane,
372 2002 434 2029 qua:
447 2001 498 2022 nos
512 1998 649 2029 spectant,
668 1993 742 2020 nulla
757 1998 847 2020 erunt.

229 2040 380 2068 Audiamus
393 2039 476 2074 igitur
490 2038 732 2066 adversariitestes
747 2045 800 2064 non
812 2038 871 2066 Sine
883 2046 982 2073 pompa

195 2085 355 2122 productos.
373 2083 440 2111 Ecce
462 2089 584 2111 auctores
607 2083 744 2117 habemus,
759 2083 856 2119 inquit,
868 2089 894 2111 et
911 2084 982 2111 mul-

195 2134 229 2160 tis
243 2137 305 2159 ante
318 2140 365 2158 nos
379 2130 482 2158 iaculis
496 2131 616 2164 denatat,
631 2135 655 2158 et
679 2131 711 2157 ab
724 2132 796 2158 omni
809 2136 901 2158 contra
914 2131 984 2158 hier-

194 2180 314 2206 archt'am
342 2178 493 2212 suspicione
527 2182 656 2210 semotas,
679 2178 724 2212 qui
761 2178 850 2205 omnia
880 2176 983 2213 Ignatii

995 878 1018 905 B

700 139 729 166 S.
749 138 921 167 lGNATIlIS.
938 154 972 160 --
988 138 1254 167 PROLDGOMENA.

1802 137 1874 163 ’ἱυα

1034 207 1115 234 pares
1130 199 1243 226 habeas.
1264 198 1317 226 Sed
1333 207 1391 225 ecce
1406 203 1527 226 auctores
1545 198 1586 232 hi,
1600 202 1748 234 quotquot
1766 202 1874 229 sunt,

1032 247 1122 273 omnia
1134 246 1236 281 lgnatii
1257 246 1357 280 scripta
1372 246 1406 272 ad
1423 246 1574 280 apocrypha
1595 245 1776 281 retegarunt.
1801 243 1874 270 Pro

1031 292 1115 320 unico
1134 293 1278 327 scriptore,
1298 292 1392 319 nescio
1409 299 1475 327 quo,
1493 296 1621 320 auctores
1642 292 1750 320 nescio
1780 295 1874 326 quot

1033 338 1159 372 Syncello
1185 338 1327 373 praeﬁxos;
1343 343 1371 366 et
1398 339 1445 365 ubi
1475 338 1578 366 nudum
1603 337 1705 374 lgnatii
1735 344 1874 365 nomen

1032 385 1166 420 scrime
1182 389 1235 418 est,
1256 385 1346 412 omnia
1363 385 1424 420 ejus
1438 385 1540 420 scripta
1559 385 1613 421 legi
1633 385 1696 413 vult
1719 385 1777 412 vir
1808 383 1874 411 do-

1031 431 1183 458 ctissimus.

1068 475 1104 504 Ut
1120 481 1212 504 autem
1235 476 1369 512 majorem
1393 476 1590 504 Stichometric
1624 484 1682 505 suae
1717 476 1874 512 jamjam

1031 521 1214 557 producenda:
1230 522 1424 550 auctoritatem
1446 521 1584 554 conciliet.
1598 529 1717 557 gravem
1738 528 1874 556 quere-

1031 568 1085 595 lam
1100 569 1176 603 prius
1187 568 1318 601 instituit,
1336 568 1410 602 quod
1424 572 1479 595 tam
1495 568 1629 595 immerito
1641 568 1697 594 viri
1709 568 1807 595 docti
1832 567 1874 594 de

1032 613 1162 641 Salmasii
1190 614 1242 648 fide
1266 614 1550 649 dubitarerint,quem
1570 614 1656 642 editio
1677 612 1874 648 Nicephori

1031 659 1157 687 Parisina
1172 660 1207 687 ab
1226 660 1302 687 omni
1317 660 1474 694 suspicione
1489 659 1625 687 liberavit.
1641 659 1786 692 Quinam
1808 666 1871 685 au-

1032 711 1086 734 tem
1104 711 1214 734 suntex
1230 707 1334 734 nostris
1345 706 1469 741 partibus
1482 706 1534 733 viri
1549 706 1635 739 docti,
1651 706 1706 740 qui
1727 706 1771 733 de
1790 705 1869 733 Sal-

1030 754 1111 781 masii
1135 753 1188 780 ﬁde
1209 759 1264 780 tam
1285 753 1423 780 immerito
1437 752 1619 780 dubitarunt?
1634 751 1726 780 Certe
1759 751 1867 780 Usse-

1030 799 1089 827 rius
1106 798 1334 831 Stirhometriam,
1350 807 1433 834 quam
1444 798 1552 833 Georgii
1565 798 1684 834 Syncelli
1703 803 1738 826 et.
1753 798 1867 826 Theo-

1031 845 1130 880 phanis
1144 846 1219 880 operi
1245 845 1383 880 prtelixam
1408 845 1437 871 in
1463 844 1659 879 antiquissimo
1675 844 1864 880 exemplari

1034 900 1063 920 se
1090 892 1228 919 invenisse
1248 895 1344 919 narrat
1361 891 1396 919 cl.
1413 891 1577 923 Salmasius,
1604 899 1660 919 non
1688 892 1865 920 diversam

1033 946 1095 966 esse
1109 939 1144 965 ab
1157 946 1201 971 ea,
1214 947 1297 974 quam
1314 939 1384 966 inter
1395 938 1468 966 Petri
1478 938 1572 966 Pitlimi
1584 939 1727 974 opuscula
1746 939 1864 967 Graece

1033 990 1058 1012 et
1075 984 1172 1012 Latine
1189 985 1322 1012 habemus
1337 985 1452 1016 editam.
1465 985 1623 1013 existimare
1640 993 1671 1013 se
1685 985 1863 1020 professus

1033 1035 1084 1058 est.
1099 1030 1178 1064 Quod
1196 1039 1251 1059 non
1269 1037 1311 1059 est
1334 1032 1454 1060 hominis
1478 1032 1606 1059 Salmasii
1626 1032 1714 1060 ﬁdem
1726 1033 1862 1061 elevan-

1034 1078 1080 1108 tis,
1093 1078 1141 1106 sed
1157 1079 1250 1113 potius
1266 1078 1468 1110 conﬁrmantis,
1481 1083 1509 1106 et
1521 1086 1570 1106 sua
1589 1079 1765 1114 conjectura
1789 1080 1861 1107 suf-

1034 1123 1190 1156 fulcientis;
1205 1132 1287 1159 quam
1308 1132 1363 1151 non
1387 1125 1480 1152 minus
1499 1132 1580 1159 quam
1598 1123 1738 1154 Salmasii
1760 1127 1859 1154 ﬁdem

1034 1170 1126 1198 Editio
1151 1170 1276 1198 Parisina
1301 1175 1401 1205 postea
1427 1171 1609 1199 conﬁrmavit.
1635 1171 1859 1201 Hammondus

1033 1218 1117 1246 etiam
1134 1218 1167 1245 de
1181 1218 1342 1245 auctoritate
1361 1217 1555 1245 Sticltometriaz
1568 1219 1678 1245 nullam
1694 1219 1759 1246 sibi
1781 1228 1857 1248 cum

1035 1264 1171 1292 Salmasio
1187 1264 1261 1291 litem
1278 1263 1336 1291 fore
1361 1263 1504 1298 professus
1518 1269 1570 1296 est,
1582 1264 1720 1298 illamque
1739 1273 1757 1291 a
1776 1264 1857 1292 ἶνα-

1035 1311 1097 1338 Ione
1113 1310 1252 1337 laudatam
1268 1309 1303 1336 ab
1317 1309 1442 1336 lndiculo
1455 1317 1471 1337 a
1484 1309 1590 1337 Pithzec
1599 1310 1674 1337 edito
1692 1317 1758 1337 non
1778 1318 1857 1345 pro-

1034 1357 1080 1385 cul
1093 1356 1190 1383 abesse
1207 1360 1280 1382 recte
1296 1355 1402 1390 colligi,
1420 1356 1462 1382 vel
1476 1363 1507 1382 ex
1523 1355 1602 1382 titulo
1616 1355 1733 1391 Georgii
1763 1365 1854 1385 asse-

1034 1402 1100 1430 ruit.
1117 1401 1177 1428 Non
1188 1401 1271 1436 igitur
1282 1401 1315 1428 de
1331 1401 1383 1429 ﬁde
1394 1400 1522 1428 Salmasii
1533 1400 1731 1430 Hammondus
1747 1404 1853 1438 magis

1034 1455 1117 1483 quam
1139 1447 1267 1475 Usserius
1281 1447 1434 1474 dubitavit:
1459 1447 1607 1474 ἀδέσποτον
1633 1449 1851 1485 στιχομετρεαν

1034 1502 1095 1522 eam
1111 1499 1193 1522 vocat
1205 1494 1394 1526 meritissime,
1406 1494 1470 1528 quia
1486 1494 1574 1529 ipsam
1602 1494 1640 1521 ita
1670 1494 1849 1523 Salmasius

1035 1541 1211 1576 produxerat,
1227 1548 1314 1576 neque
1325 1541 1349 1568 ei
1366 1541 1452 1568 ullum
1467 1545 1606 1569 auctorem
1622 1541 1846 1578 assignaverat.

1033 1587 1203 1615 Produxerat
1217 1595 1277 1614 eam
1293 1595 1325 1614 ex
1350 1595 1403 1614 ms.
1417 1587 1523 1621 codice,
1542 1592 1673 1623 tanquam
1696 1589 1759 1616 sibi
1788 1589 1848 1616 soli

1033 1634 1102 1666 viso,
1122 1633 1196 1660 nulla
1212 1633 1334 1660 auctoris
1353 1633 1549 1661 Stichometria:
1573 1634 1717 1661 mentione
1743 1634 1844 1669 facta;

1032 1679 1067 1706 de
1090 1679 1210 1706 tenebris
1240 1679 1324 1714 igitur
1339 1679 1519 1714 conqueritur
1544 1677 1744 1707 Hammondus
1764 1681 1846 1708 haud

1033 1725 1189 1758 immerito;
1203 1724 1250 1752 vix
1268 1725 1343 1752 enim
1363 1725 1496 1753 credibile
1517 1724 1579 1758 fuit,
1591 1725 1717 1754 voluisse
1734 1734 1845 1761 quem-

1033 1779 1115 1806 quam
1142 1771 1358 1799 Stichometriam
1373 1772 1401 1799 in
1419 1780 1487 1800 mss.
1504 1771 1669 1804 latitantem,
1686 1777 1716 1800 et
1734 1773 1845 1800 incerti

1034 1816 1117 1849 tituli,
1141 1822 1239 1844 testem
1257 1817 1432 1852 citare,fcum
1453 1819 1548 1846 eadem
1565 1818 1593 1845 in
1610 1819 1741 1846 maxima
1763 1820 1842 1854 luce,

1033 1867 1060 1890 et
1081 1863 1133 1890 sub
1150 1862 1356 1897 speciosissime
1377 1864 1468 1894 titulo.
1492 1872 1546 1891 non
1565 1868 1671 1891 tantum
1691 1867 1844 1898 auctoris,

1033 1908 1082 1936 sed
1093 1909 1175 1935 etiam
1190 1908 1346 1944 interpretis
1361 1913 1519 1944 poneretur.
1532 1909 1661 1937 Ediderat
1677 1911 1763 1938 enim
1775 1920 1842 1939 eam

1033 1953 1128 1982 Graece
1151 1954 1185 1981 ad
1207 1954 1317 1982 Eusebii
1338 1955 1381 1982 sui
1403 1955 1507 1982 calcem
1530 1954 1668 1990 Iosephus
1692 1955 1841 1992 Scaliger,

1033 2000 1223 2036 Chronologiae
1239 1999 1386 2036 Nicephori
1404 2001 1568 2036 patriarchae
1587 2001 1843 2038 Constantinopo-

1034 2045 1111 2072 litani
1126 2044 1251 2072 sullixam
1267 2054 1274 2072 :
1289 2044 1412 2073 ediderat
1431 2046 1555 2074 eamdem
1567 2047 1619 2074 sub
1639 2047 1735 2081 ipsius
1755 2048 1843 2077 Nice-

1034 2091 1114 2125 phori
1133 2091 1246 2118 nomine
1259 2098 1292 2118 ex
1308 2091 1392 2118 veteri
1408 2091 1503 2119 codice
1518 2091 1650 2127 Carpensi
1666 2092 1776 2122 Petrus
1791 2094 1839 2121 Pi-

1034 2137 1132 2169 thaeus,
1155 2143 1218 2163 cum
1242 2137 1380 2164 Anastasii
1405 2137 1557 2172 Nicephoro
1579 2139 1710 2173 supparis
1732 2139 1840 2168 Latina

1034 2182 1267 2217 interpretatione,
1280 2190 1362 2217 quam
1379 2191 1430 2211 nos
1445 2188 1539 2218 postea
1557 2184 1628 2210 inter
1641 2184 1773 2214 Criticos
1792 2195 1841 2214 sa-

194 2227 296 2260 uripta
312 2225 425 2251 rotunde
443 2232 474 2250 ac
488 2224 544 2250 sine
559 2223 616 2250 ulla
634 2223 798 2250 [imitatione
817 2222 852 2249 ad
871 2230 981 2258 apocry-

1068 2236 1096 2256 os
1110 2228 1242 2256 edendam
1254 2229 1423 2256 curavimus.
1440 2229 1582 2257 Monuerat
1593 2229 1721 2258 Joannes
1736 2231 1839 2260 Selde-

193 2273 245 2305 pha
266 2271 417 2306 relegarunt
432 2270 461 2296 in
477 2268 673 2296 Stichometria
692 2269 804 2304 Georgio
820 2268 942 2304 Syncello
954 2270 981 2296 in

194 2319 261 2345 libro
274 2317 459 2353 antiquissimo
471 2316 594 2350 prie/ica.
606 2315 704 2348 Qumso
716 2316 801 2347 le,vir
811 2315 980 2348 doctissime,

193 2369 262 2398 quot
275 2368 404 2391 auctores
430 2361 513 2388 habes
535 2361 562 2387 in
581 2360 627 2387 illa
654 2359 840 2387 Stichometria
857 2359 982 2395 Syncello

195 2409 323 2444 praeﬁxa?
346 2407 477 2435 ostendas
500 2413 661 2437 numerum,
678 2406 737 2433 edic
754 2406 875 2433 nomina.
889 2407 928 2432 An
944 2406 981 2432 ita

195 2463 334 2487 nutrieras,
351 2452 583 2489 quemadmodum
601 2452 647 2480 ille
662 2453 733 2487 apud
747 2452 894 2479 Plautum?

267 2508 336 2544 Quot
350 2509 447 2535 erunt?
460 2507 526 2544 Ego,
537 2513 560 2535 et
576 2507 763 2544 Mentire/imus,
775 2513 798 2534 et
810 2506 961 2535 Parasitus.

265 2543 328 2570 lam
338 2543 383 2570 isti
395 2549 456 2570 sunt
471 2542 576 2570 decem:
591 2551 651 2570 nam
664 2542 806 2570 Parasitus

268 2579 334 2606 Octo
347 2579 482 2605 hominum
498 2579 580 2614 oﬂicio
596 2579 726 2614 fungitur.

231 2633 428 2666 Stichometria,
455 2641 537 2669 quam
555 2635 597 2663 vis
614 2633 741 2670 Syneello
764 2635 914 2670 praeﬁxam,
935 2642 982 2664 aut

196 2679 302 2706 nullout
317 2682 422 2705 certum
442 2684 579 2707 auctorem
598 2680 689 2712 habet,
707 2685 754 2708 aut
769 2681 880 2709 unicum
896 2687 978 2710 certe.

195 2725 236 2752 An
253 2723 439 2759 Nicephorum
451 2729 539 2758 tuum,
553 2726 576 2753 si
590 2726 671 2753 modo
686 2727 710 2754 is
724 2727 771 2759 sit,
791 2735 853 2754 cum
876 2727 980 2762 lgnatio

195 2775 243 2798 tuo
256 2770 402 2806 cpistolico
419 2770 604 2806 bicorporem,
621 2777 667 2800 aut
690 2771 867 2808 tricorporem
893 2773 982 2801 facis?

194 2815 275 2844 Certe
290 2816 316 2842 in
341 2816 426 2843 multo
443 2817 534 2851 plures
553 2818 637 2846 dividi
655 2823 762 2853 oportet
780 2820 862 2847 istum
884 2820 979 2847 incerti

193 2863 261 2891 laris
277 2863 500 2898 homuncionem,
524 2869 555 2892 ut
579 2869 661 2892 testes
682 2865 782 2894 nostris
807 2866 849 2893 vel
866 2874 981 2894 numero

1034 2282 1086 2302 nus
1097 2294 1105 2307 ,
1121 2274 1192 2301 libro
1214 2274 1250 2301 De
1271 2276 1434 2302 successione
1453 2276 1481 2302 in
1495 2276 1680 2310 pontiﬁcatu»:
1698 2277 1840 2306 Hebrum-

1033 2328 1102 2352 mm,
1120 2320 1264 2355 Nicephori
1277 2321 1531 2357 Chronographiam
1545 2330 1596 2350 ms.
1611 2328 1730 2351 exstare
1749 2326 1779 2352 in
1793 2326 1838 2352 Bi-

1033 2366 1167 2393 bliotheca
1196 2366 1362 2394 Londinensi
1382 2368 1489 2403 collegii
1513 2367 1667 2401 Sionensis,
1685 2371 1736 2398 cui
1763 2372 1838 2399 hanc

1032 2411 1114 2438 etiam
1131 2410 1343 2439 Stichometriam
1369 2412 1493 2440 sulﬁxam
1518 2420 1579 2441 esse
1594 2418 1749 2443 testamur.
1773 2416 1836 2444 Non

1033 2456 1121 2490 potuit
1137 2457 1230 2492 itaque
1243 2466 1296 2485 non
1319 2458 1412 2485 mirari
1436 2458 1636 2491 Hammondus,
1653 2461 1677 2488 si
1694 2461 1760 2490 haec
1778 2470 1835 2490 tam

1032 2503 1141 2537 publice
1165 2508 1228 2531 nota
1243 2512 1275 2531 ex
1297 2505 1383 2531 nescio
1396 2513 1449 2540 qua
1470 2506 1571 2540 ofﬁcina
1587 2507 1762 2541 produceret
1774 2509 1834 2545 Sal;

1033 2556 1145 2577 masms.

1068 2595 1178 2623 Interim
1200 2596 1235 2624 de
1260 2596 1454 2625 Stichometriaz
1483 2599 1648 2627 auctoritate
1667 2600 1753 2629 litem
1777 2610 1831 2630 non

1031 2641 1117 2668 movit
1144 2640 1279 2669 Salmasio
1301 2643 1343 2668 vir
1367 2643 1466 2670 doctus
1480 2653 1487 2671 :
1501 2644 1690 2679 suspicionem
1716 2652 1830 2675 tantum

1032 2687 1189 2722 parenthesi
1216 2688 1347 2721 inseruit;
1363 2697 1424 2724 quae
1444 2690 1553 2725 quidem
1568 2695 1631 2725 post
1649 2694 1828 2728 splendidam

1032 2733 1106 2759 illam
1123 2733 1271 2761 editionem
1299 2734 1452 2763 Parisinam
1481 2737 1564 2764 haeret
1579 2737 1664 2766 altius
1683 2749 1691 2766 :
1708 2746 1739 2768 et
1763 2749 1825 2769 con-

1032 2777 1131 2805 sultius
1144 2779 1256 2806 omnino
1277 2779 1387 2808 feciSSet
1418 2781 1546 2814 Dallazus,
1562 2783 1585 2810 si
1600 2792 1663 2811 eam
1680 2793 1827 2822 nunquam

1033 2823 1211 2857 nominasset,
1228 2830 1275 2852 aut
1287 2826 1383 2854 saltem
1407 2827 1434 2854 in
1449 2835 1481 2854 ea
1499 2829 1676 2864 triumphare
1699 2833 1775 2861 adeo
1789 2834 1828 2860 vi-

1033 2875 1081 2894 sus
1097 2875 1151 2895 non
1168 2868 1276 2896 fuisset.
1289 2869 1327 2896 lta
1342 2871 1415 2898 enim
1430 2872 1552 2907 loquitur
1570 2883 1576 2900 :
1597 2874 1654 2902 Viri
1671 2877 1750 2904 docti
1761 2881 1826 2906 Στι-
