1874 3070
18 175 54 201 105
410 174 434 202 J.
454 173 634 202 PEARSONII
651 170 814 201 VlNDlClE
835 170 1045 200 IGNATIANE.
1064 186 1099 191 —
1114 172 1205 200 PARS
1219 171 1239 200 Ι.

1584 176 1636 203 ιω

15 233 158 267 (amplas-
169 234 337 262 ἀδέσποτον
348 240 450 263 vocant.
461 235 550 263 Editio
561 234 709 270 Nicephoro
720 234 793 262 nitidi

882 240 916 260 2m
933 232 1084 268 subjungit,
1105 232 1153 260 sed
1174 230 1322 268 Nioephori
1348 240 1411 262 esse
1434 241 1489 262 non
1505 234 1637 270 δατ-οη

14 286 54 311 cat,
72 281 247 316 amplissimo
260 281 335 314 uiro,
345 282 439 316 prima
447 283 474 308 in
485 282 582 308 oriente
591 281 660 308 sedis
675 281 802 313 antistiti,

13 326 119 358 scriptori
129 326 302 361 gratissimo
314 332 394 362 atque
402 326 626 362 eloquentissimo,
636 331 660 354 et
669 326 801 354 liberalis-

12 372 71 398 sinis
82 371 175 399 Pharii
182 372 324 400 laudibus
336 379 440 400 ornato.
451 372 541 407 Hujus
551 374 619 400 enim
627 373 711 408 ipsius
723 372 802 400 Nice-

11 420 74 447 βίων-ε
96 424 135 446 est
156 418 210 446 illa
228 421 439 455 Στιχομετρία,
459 429 510 447 non
525 420 632 448 alterius
644 421 801 456 cujusquam

12 465 151 492 recentiori;
166 472 176 491 :
190 464 278 500 idque
298 465 385 493 solide
398 471 422 493 et
434 466 493 501 fuse
502 466 664 494 demonstrat
675 466 801 494 eruditis-

11 510 80 536 simis
91 509 184 543 Goar,‘
196 520 282 546 quem
298 511 390 545 adeat,
401 512 425 540 si
440 513 499 547 quis
513 512 598 540 adhuc
613 512 725 540 dubitet.
739 511 800 540 Non

10 558 55 592 jam
61 557 92 585 de
98 556 250 592 Salmasii,
260 559 310 587 sed
324 558 418 587 Dallaai
425 559 478 587 lide
484 558 626 594 quieritur.
636 558 707 593 Quid
713 559 800 587 eniml

10 611 38 630 an
48 604 260 633 eruditissimus
273 605 349 633 Goar
364 605 418 633 hoc
429 605 512 633 solide
519 606 681 633 demnstrat
691 606 800 633 incuti-

10 658 80 684 quam
89 659 96 677 :
105 658 140 678 an
147 651 209 686 [use
218 653 422 687 fnequaquam
431 660 437 678 :
446 660 479 679 an
487 652 599 680 omnino
613 653 777 680 demonstra!
787 652 800 679 .’

10 697 74 724 nullo
86 697 169 724 modo
182 707 190 724 :
201 705 243 725 an
261 698 289 726 id
302 698 376 726 nudo
394 698 470 731 dicnt,
481 703 528 726 aut
542 698 675 726 afﬁrmat!
687 698 800 726 minime

10 743 125 777 gentium.
140 743 199 771 lmo
206 753 281 772 vero
289 745 316 772 id
330 745 406 779 dicit,
414 745 485 780 quod
496 750 538 772 cst
550 745 642 772 Dallzci
652 745 798 772 nssertioni

11 789 77 822 plane
93 792 293 824 contrarium;
310 791 345 819 ad
360 792 447 827 prima
464 791 534 819 enim
549 792 633 819 verba
658 793 798 826 Στιχομε-

11 835 81 868 φίας
96 836 153 864 haec
168 837 282 865 diserte
297 838 411 865 adnotat
423 847 429 864 :
443 837 592 865 Canonicua
604 844 741 864 sacrorum
761 837 797 863 li-

12 881 103 908 brorum
114 882 284 916 laterculus,
294 883 330 910 ad
337 883 578 919 Chronograpltiam
587 883 656 910 nihil
665 888 796 918 spectans,

852 285 968 315 eamque
992 277 1047 305 duo
1073 286 1139 306 mss.
1162 279 1342 307 vetustissimi
1362 279 1449 308 Croci
1472 279 1640 310 Oxoniensia

851 329 933 360 atque
946 323 1128 352 Londinensis
1154 332 1209 352 non
1225 330 1388 361 agnoscunt.
1419 325 1574 354 Iudicatur
1598 335 1640 355 re-

850 377 913 404 gum
924 374 950 396 et
963 369 1131 396 sacerdotum
1140 369 1302 399 Anastasius
1310 379 1373 399 cum
1389 372 1567 407 sequentibus
1578 377 1642 408 post

849 415 997 445 Historiam
1012 423 1090 443 suam
1101 416 1161 444 sine
1172 415 1434 453 nomiueNicephori
1445 418 1546 454 posuit,
1557 425 1638 454 quem

851 468 904 489 ms.
918 461 1081 489 Oxonieusis
1095 468 1151 489 nou
1176 461 1273 495 habet;
1289 461 1505 491 Siicltemem'etu
1519 464 1641 500 denique

851 505 975 534 Indicqu
993 507 1220 542 patriarcharum,
1236 508 1311 537 nulla
1325 508 1474 545 Nicephori
1500 512 1640 540 mentione

850 552 933 586 facta,
953 552 1111 589 subiungit;
1126 561 1243 589 eamque
1265 553 1481 583 Stichoth
1497 565 1550 584 ms.
1566 557 1640 585 Oxo-

850 598 955 626 niensis
962 606 1017 626 nou
1023 599 1156 635 agnoscit.
1164 599 1194 628 In
1201 604 1257 628 tota
1269 601 1352 637 igitur
1358 602 1410 630 hac
1425 602 1562 639 farragine
1569 605 1639 633 nihil

850 651 971 679 unquam
986 653 1001 672 ιι
1013 645 1143 681 quopiam
1157 645 1312 682 Nioephoro
1324 648 1456 676 tributum
1470 654 1530 682 est,
1541 655 1640 686 praeter

849 689 1101 727 Chronologiamab
1110 691 1216 720 Adamo
1226 693 1259 720 ad
1273 692 1470 729 Theophilum:
1482 695 1517 724 de
1532 704 1586 732 qua
1598 701 1639 724 ta.

850 744 911 764 men
923 736 1012 765 adhuc
1023 737 1096 765 haud
1106 738 1245 767 immerito
1264 739 1384 768 dubitari
1395 746 1495 776 potest,
1503 743 1636 778 quidquid

849 781 933 815 Goer,
946 790 1027 818 quem
1042 783 1233 812 doctissimum
1248 786 1365 821 appellat
1378 786 1505 822 uallatus,
1521 789 1633 817 dixerit.

884 829 924 856 Ad
941 837 997 857 ren.
1012 830 1098 864 ipsam
1114 831 1187 866 quod
1203 832 1311 866 attinet,
1323 834 1475 862 asserimus
1486 843 1576 871 neque
1588 835 1638 863 Ni-

849 874 999 910 cephorum
1020 876 1213 911 patriarcham,
1229 885 1318 914 neque
1337 879 1513 908 Anastasium
1535 881 1637 910 Biblio-

11 926 101 954 librarii
109 929 258 964 πάρεργον
266 929 419 964 judicatur.
429 929 510 958 Teste
519 929 602 964 igitur
611 929 793 957 eruditissimo

882 921 1011 955 Boarium,
1023 929 1057 950 ne
1066 921 1262 952 Stichonsetria
1273 925 1384 960 quidem
1394 931 1546 961 auctorem,
1558 929 1638 964 quis—

12 972 82 1005 ϐμετ,
98 972 296 1001 Stichometria
305 982 321 1001 a
330 974 466 1002 Sulmasio
473 975 616 1010 producta,
624 975 797 1003 llammondo

12 1016 135 1051 objecta,a
148 1018 260 1046 Dallaeo
267 1019 453 1054 defensa,non
470 1025 511 1048 est
524 1020 667 1055 Nicephori
682 1021 795 1056 patrisr-

10 1063 60 1090 rhz
77 1072 156 1099 opus,
175 1065 228 1092 sed
256 1065 361 1093 librarii
381 1066 528 1103 πάρεργον.
547 1066 639 1094 Fidem
667 1067 751 1101 igitur
769 1067 795 1094 in

12 1107 99 1136 Dallao
109 1110 300 1146 requirimus,
320 1110 448 1140 Salmasii
460 1120 513 1139 non
527 1116 631 1140 tantum
646 1112 725 1140 iidem
750 1112 797 1139 sed

11 1160 33 1181 et
43 1156 202 1184 modestiam
216 1157 378 1190 laudamus,
389 1157 445 1192 qui.
454 1158 664 1186 Stichometriam
681 1158 796 1185 ἀδέσπο-

12 1210 49 1228 τον
72 1203 199 1236 tradidit,
215 1202 367 1238 Nicephori
389 1211 487 1231 nomen
521 1212 576 1232 non
606 1205 744 1240 apposuit.
763 1205 796 1232 ad

12 1248 130 1284 Sceligeri
139 1254 168 1277 et
183 1249 286 1276 Pithazi
294 1250 429 1277 editiones
439 1258 489 1278 nos
500 1258 553 1278 non
565 1251 710 1287 ablegavit,
722 1252 796 1287 quod

11 1302 61 1321 eam
73 1294 234 1330 Nicephoro
245 1296 360 1324 minime
375 1296 546 1323 tribuendam
564 1302 681 1332 putaret.

39 1339 86 1368 Sed
103 1347 169 1377 post
193 1341 379 1370 eruditissimi
394 1342 468 1370 Goar
480 1342 574 1370 infelix
587 1343 793 1371 testimonium:

12 1385 44 1412 Eu
68 1387 124 1420 tibi,
146 1387 259 1423 inquit,
280 1388 409 1423 majorem
426 1389 497 1415 omni
519 1389 668 1423 exceptione
693 1394 794 1422 testem,

10 1434 175 1460 Antiatium
194 1433 446 1466 Bibliothecarium,
461 1435 591 1462 hominem
609 1437 671 1462 noni
691 1436 793 1470 ueculi,

11 1479 140 1515 Nicephori
152 1490 313 1516 supparem.
325 1481 354 1508 Is
373 1482 441 1509 enim
457 1481 484 1508 in
496 1482 652 1517 pne/alioue
667 1482 795 1510 Historia:

9 1528 188 1555 ecclesiastica:
198 1536 207 1554 .'
227 1537 238 1553 r
256 1527 325 1554 Huic
341 1536 415 1561 sane,
428 1529 528 1563 inquit,
541 1529 613 1563 operi
625 1533 712 1555 ratum
727 1529 794 1556 duxi

10 1573 34 1599 Β.
53 1573 203 1609 ΝὶεερΙιονὶ
225 1573 514 1609 Constantinopolitani
536 1575 651 1610 episcopi
675 1574 794 1602 Chrono-

8 1623 136 1655 gmplu‘nm
156 1630 326 1656 pnrponere.
339 1634 349 1648 ι
375 1622 512 1655 Quaeritur
534 1623 568 1650 de
591 1622 791 1657 Stichometria,

10 1669 145 1702 respondet
165 1668 290 1696 Dallzeus
309 1669 342 1696 de
351 1669 585 1704 Chronographia,
599 1669 633 1696 ad
649 1677 731 1704 quam
748 1670 793 1698 illa

8 1714 72 1742 nullo
95 1715 187 1742 modo
209 1719 326 1750 spectat.
345 1714 432 1749 Hujus
457 1720 545 1742 autem
568 1714 793 1751 Chronographiw

7 1769 58 1793 pars
76 1762 182 1789 ultima
196 1767 250 1795 est,
266 1761 365 1796 inquit,
377 1761 424 1788 illa
435 1769 451 1788 a
464 1761 539 1788 nobis
556 1762 668 1788 laudata
685 1761 794 1790 Sticho-

7 1808 105 1841 Ietria,
120 1816 239 1842 umque
251 1808 332 1835 editio
349 1807 485 1834 Anastasii
498 1807 600 1835 exltilzet
615 1808 643 1834 in
657 1808 729 1836 calce
744 1808 795 1836 Hi—

8 1856 97 1881 uarie.
118 1855 156 1881 At
180 1854 334 1889 quomodo,
350 1862 453 1889 quaeso,
469 1853 656 1882 Sticliometria
672 1863 737 1890 pars
752 1859 794 1882 est

6 1898 251 1936 Chronographiaa,
275 1908 336 1935 quae
358 1901 393 1927 ab
410 1907 442 1928 ea
465 1904 521 1928 toto
541 1900 612 1928 coelo
625 1901 728 1929 distat!
741 1902 794 1930 As-

7 1951 61 1973 suta
80 1951 124 1974 est
146 1947 189 1974 illi
208 1947 320 1982 quidem
338 1947 365 1974 in
388 1947 529 1976 codicibus
543 1947 656 1981 Graecis,
673 1948 721 1976 sed
739 1957 794 1977 non

6 1993 88 2028 magis
102 1994 164 2028 ipsa
184 2001 251 2027 pars
264 1997 306 2020 est
320 1993 562 2029 Chronographiae,
575 2002 658 2029 quam
668 1994 795 2023 Chrono-

6 2040 116 2074 graphia
145 2048 212 2075 pars
230 2044 273 2067 est
295 2039 501 2069 Srio/tamenim.
513 2041 592 2077 Apud
616 2041 791 2070 Anastasium

4 2092 96 2114 autem
112 2094 146 2114 nc
156 2086 268 2121 quidem
283 2086 517 2122 Chronographia:
531 2091 573 2115 est
587 2087 728 2122 adjuncta,
745 2088 793 2116 sed

4 2133 31 2159 In
45 2133 120 2160 calce
135 2132 263 2160 Historia:
277 2133 476 2166 Anastasianas,
491 2133 709 2168 patriarcharum
722 2134 794 2161 indi-

5 2179 68 2206 culo
86 2178 456 2214 subjuncta.Anastasiusde
474 2179 620 2215 Nicephori
637 2180 792 2208 Chronolo-

2 2226 46 2260 εἰει
58 2226 192 2262 loquitur,
206 2234 289 2261 quam
303 2234 379 2260 open
393 2234 446 2254 suo
461 2227 637 2262 proposuisse
654 2227 709 2263 (vel
725 2235 793 2260 prte-

2 2273 142 2307 posuisse)
150 2280 181 2300 se
194 2273 272 2300 dixit.
288 2271 359 2306 Quid
368 2273 420 2300 hoc
432 2272 465 2300 ad
476 2272 699 2307 Sticltomctriam,
711 2283 792 2309 quam
811 2280 831 2308 υ

0 2319 80 2353 operi
96 2326 148 2346 suo
160 2327 214 2346 non
229 2319 376 2354 praeposuit
388 2319 561 2352 Anastasius,
577 2327 659 2355 quam
674 2321 701 2347 in
719 2321 793 2349 calce

2 2364 92 2391 editio
113 2364 240 2392 exhibet?
254 2363 317 2392 ldeo
332 2364 589 2400 Chronographiam
610 2367 793 2402 pmposuisse

1 2418 34 2438 se
48 2411 118 2438 dixit
135 2411 310 2442 Anastasius.
328 2416 358 2438 ut
373 2411 494 2439 Joannes
517 2411 660 2446 diaconus,
681 2413 728 2448 qui
752 2421 794 2440 ec-

2 2457 182 2484 clesiasticam
197 2456 346 2484 Historiam
359 2457 513 2493 scripturus
535 2463 604 2491 erat.
620 2467 692 2486 exeo
707 2464 794 2494 posset

0 2504 174 2537 aliquantulo
187 2511 313 2538 carpere;
327 2503 394 2538 quid
411 2509 503 2531 autem
523 2504 630 2532 confert
645 2504 792 2533 Stichome-

2 2551 63 2576 tria
78 2550 111 2577 ad
129 2550 334 2578 ecclesiasticam
351 2550 524 2578 Historiam?
539 2551 690 2586 Scripsisse
710 2552 792 2587 igitur

0 2595 188 2631 Nicephorum
197 2596 414 2625 Stichometriam
422 2597 584 2626 Anastasius
591 2598 668 2626 testis
675 2606 732 2626 non
738 2603 789 2626 est.

42 2641 93 2669 Rei
108 2643 188 2678 hujus
202 2644 303 2672 veritas
318 2644 387 2672 satis
402 2643 552 2671 inualescit
571 2651 603 2671 ex
625 2644 683 2679 ipsa
705 2644 793 2672 farra-

0 2690 81 2724 gine,
102 2698 161 2726 quae
186 2690 304 2726 Georgio
328 2690 456 2727 Syncello
481 2691 627 2726 subjuncta
648 2698 700 2726 est,
716 2697 743 2720 et
758 2701 792 2721 ex

1 2735 128 2770 quinque
153 2736 276 2771 partibus
303 2736 445 2764 distinctis
472 2741 590 2771 constat,
614 2736 791 2774 Chronologia

1 2781 90 2814 irai,
100 2780 264 2818 Geuologia,
280 2781 404 2809 Indicqu
415 2790 505 2816 regum
517 2787 542 2809 et
553 2783 731 2816 sacerdotum.
743 2783 792 2811 In-

3 2827 96 2854 dicalo
121 2829 351 2861 patriarcharum,
370 2831 398 2855 et
420 2826 616 2856 Stichometria.
631 2830 792 2858 Anastasius

4 2877 111 2901 tantum
121 2875 364 2910 Chronograpltiam
377 2874 486 2901 brevem
499 2874 533 2902 ab
541 2874 647 2902 Adamo
657 2875 690 2903 ad
699 2874 789 2904 Theo-

6 2919 107 2953 philum
127 2920 281 2956 Nicephoro
305 2920 404 2948 tribuit
419 2929 426 2948 :
441 2920 626 2956 Geneulogiam
651 2921 715 2950 huic
733 2922 790 2957 qui-

163 2971 290 3001 ΡΑι-ιυι.
328 2969 389 3000 Gn.
405 2967 444 2999 V.

847 967 910 1001 quis
929 971 981 1000 est,
997 976 1119 1004 unquam
1134 969 1279 998 tradidisse
1292 972 1423 1006 epistolas
1444 972 1553 1009 lgnatii,
1566 983 1636 1010 quas

848 1021 900 1041 nos
917 1013 1112 1049 defendimus,
1141 1015 1227 1044 fuisse
1255 1019 1455 1053 supposititias.
1487 1019 1635 1056 Nicephori

846 1059 956 1087 enatum
978 1066 1020 1088 est
1046 1062 1073 1089 in
1094 1063 1208 1098 epistola
1229 1063 1262 1091 ad
1279 1063 1399 1093 Leonem
1415 1074 1513 1102 papam
1530 1067 1634 1096 Roma-

849 1113 914 1133 num
932 1106 966 1134 de
981 1109 1095 1143 receptis
1107 1108 1156 1136 SS.
1173 1109 1284 1138 Palmm
1299 1112 1429 1146 operibus
1440 1121 1447 1139 :
1457 1114 1570 1141 Πάντων
1580 1116 1636 1142 τῶν

846 1151 980 1187 ἐκκρίτων
995 1153 1041 1180 καὶ
1058 1155 1200 1191 μακαρίων
1210 1157 1341 1194 Πατέρων
1356 1158 1392 1185 τά
1403 1167 1434 1186 τε
1448 1159 1571 1196 δόγματι
1588 1162 1635 1188 καὶ

846 1199 993 1234 πονήματα
1016 1200 1185 1237 ἀσπάζομαι,
1201 1202 1239 1234 ὡς
1260 1203 1434 1232 διδασκαλίαν
1452 1205 1635 1243 ἀνεπίληπτον

846 1244 893 1271 καὶ
907 1247 1044 1282 σωτηρίας
1059 1247 1198 1283 θεμέλιον*
1215 1250 1261 1276 καὶ
1277 1249 1323 1283 οὓς
1339 1252 1356 1286 ή
1371 1252 1500 1289 καθολικὴ
1519 1253 1633 1290 Ἐκκλη-

847 1290 892 1316 σία
911 1292 1051 1327 προσίεται
1072 1293 1250 1330 ἀποδέχομαι,
1265 1296 1312 1323 καὶ
1333 1296 1380 1329 οὓς
1402 1298 1586 1335 ἀποτρέπεται
1603 1301 1635 1327 ἀ·

846 1337 1043 1374 ποστρέφομαι.
1064 1338 1190 1367 Omnium
1211 1341 1354 1370 electorum
1373 1345 1560 1381 tectorumque
1578 1346 1634 1374 Pa-

845 1386 917 1409 trum
931 1383 1056 1419 dogmata
1068 1389 1093 1412 et
1105 1386 1243 1420 opuscula,
1257 1393 1285 1414 ut
1298 1396 1358 1423 qua
1367 1390 1399 1416 ab
1410 1392 1482 1418 omni
1497 1392 1634 1426 reprehen-

844 1429 917 1456 sione
945 1429 1059 1458 alienam
1085 1431 1234 1460 doctrinam
1259 1434 1404 1470 salutisque
1432 1436 1634 1471 fundamentum

845 1477 1006 1510 contineant,
1024 1477 1184 1513 amplector;
1195 1483 1219 1506 et
1233 1487 1400 1516 quoscunque
1409 1481 1528 1510 Ecclesia
1538 1483 1632 1510 catho-

847 1521 900 1548 lica
924 1523 1029 1557 recipit,
1051 1524 1159 1559 recipio,
1173 1532 1340 1560 quoscunque
1358 1525 1407 1553 illa
1430 1532 1578 1561 aversetur,
1591 1537 1633 1555 re-

841 1567 919 1601 jicio.
947 1568 982 1595 At
1006 1567 1141 1604 lgnatium
1165 1570 1235 1598 inter
1260 1570 1403 1607 ἐκκρίτους
1419 1572 1465 1599 καὶ
1482 1573 1633 1610 μακαρίους

844 1613 970 1649 ηατέρας
985 1619 1171 1650 numeratum,
1192 1620 1219 1644 et
1242 1617 1374 1652 epistolas
1400 1618 1471 1653 ejus,
1499 1623 1631 1654 tanquam

844 1660 976 1694 opuscula
990 1661 1257 1697 irreprehensibilem
1273 1663 1426 1691 doctrinam
1448 1665 1630 1696 continentia.

844 1705 879 1733 ab
893 1705 1015 1734 Ecclesia
1029 1708 1164 1736 catholica
1178 1716 1228 1744 per
1248 1709 1353 1744 aliquot
1371 1715 1434 1738 ante
1447 1710 1631 1747 Nicephorum

844 1751 943 1779 sazcula
968 1757 1093 1788 receptas
1120 1753 1216 1788 fuisse,
1240 1755 1296 1790 jam
1318 1760 1382 1784 ante
1404 1757 1585 1786 ostendimus.
1600 1758 1630 1785 S.

843 1796 940 1832 lgnatii
953 1797 1036 1834 igitur
1045 1801 1177 1834 epistolas
1188 1802 1290 1836 recepit
1300 1806 1328 1830 et
1341 1803 1484 1838 amplexus
1495 1809 1538 1832 est
1549 1803 1630 1832 Nice-

843 1843 957 1877 phorus.
974 1843 1119 1879 Praeterea,
1134 1845 1319 1881 Nicephorum
1345 1849 1449 1877 scimus
1464 1849 1630 1886 Dionysium

844 1895 894 1923 pro
910 1890 982 1917 veris
996 1890 1168 1927 Areopagitas
1179 1892 1309 1927 operibus
1327 1893 1466 1927 habuisse,
1487 1903 1520 1923 ex
1535 1896 1631 1931 dispu-

844 1933 947 1961 tatione
960 1942 1022 1962 cum
1043 1935 1133 1963 Leone
1148 1937 1286 1971 Armeno;
1303 1938 1373 1966 idem
1388 1941 1509 1969 sensisse
1524 1946 1630 1970 certum

843 1985 887 2007 est
904 1980 1080 2009 Anastasium
1095 1989 1128 2009 ex
1153 1983 1239 2017 ipsius
1262 1984 1420 2018 praefatione
1438 1986 1472 2013 ad
1487 1985 1631 2023 Dionysia-

844 2033 890 2053 na.
915 2026 950 2053 At
968 2026 1114 2063 Dionysius
1130 2027 1160 2055 S.
1174 2028 1270 2064 lgnatii
1287 2031 1430 2065 epistolam
1458 2037 1512 2060 tam
1530 2033 1631 2062 diserte

844 2072 947 2105 laudat,
961 2078 991 2100 ut
1002 2074 1049 2108 qui
1061 2082 1155 2102 verum
1169 2074 1327 2112 Dionysium
1343 2076 1428 2105 fuisse
1441 2079 1537 2112 sensit,
1551 2080 1631 2108 aliter

844 2119 878 2146 de
898 2118 1001 2154 lgnatio
1013 2121 1114 2148 sentire
1134 2129 1189 2148 non
1206 2122 1344 2156 potuerit;
1361 2131 1450 2158 neque
1462 2132 1627 2160 quemquam

844 2165 974 2193 novimus
988 2166 1034 2201 qui
1048 2167 1240 2203 Areopagitam
1253 2167 1384 2203 defendit,
1399 2170 1466 2204 quin
1485 2171 1556 2198 idem
1567 2172 1628 2199 licet

844 2210 879 2238 ad
892 2212 1033 2247 angustias
1045 2213 1182 2246 redactus,
1193 2214 1274 2241 etiam
1287 2214 1318 2241 ε.
1331 2213 1465 2249 lgnatium
1476 2217 1627 2244 admiserit.

880 2256 1027 2285 Auctorem
1046 2258 1127 2285 etiam
1146 2258 1348 2291 Stichometrim,
1369 2261 1496 2296 quisquis
1514 2267 1566 2295 est,
1581 2271 1630 2290 ne-

845 2310 942 2337 gamus
956 2302 985 2330 S.
1008 2302 1104 2338 lgnatii
1126 2304 1257 2339 epistolas
1282 2312 1352 2340 quas
1370 2306 1543 2336 defendimus
1564 2317 1629 2344 sup-

844 2347 980 2381 posititias
1010 2349 1212 2382 pronuntiasse.
1235 2349 1301 2385 Ejus
1325 2351 1435 2386 quidem
1461 2353 1545 2382 verba
1572 2354 1629 2383 hac

845 2397 920 2424 sunt,
934 2397 1015 2428 prout
1028 2393 1056 2421 in
1068 2394 1186 2422 editione
1200 2394 1324 2424 Parisina
1338 2397 1501 2426 exhibentur
1511 2407 1522 2427 :

914 2450 969 2491 {fat
975 2485 981 2491 ’
987 2450 1045 2491 (ἶσα
1057 2450 1114 2491 Ξῆς
1130 2452 1207 2485 Νέας
1213 2454 1310 2491 *εἰσὶνῗ
1316 2455 1484 2491 ᾀπόκρυφαο

915 2485 1040 2525 [ξερζοξος
1056 2486 1159 2525 ρέτρου
1177 2487 1274 2525 στίχων
1290 2490 1365 2525 ,βψνκ

1059 2520 1183 2561 λῐωάκένου
1201 2520 1371 2561 euiluit-kx.

914 2556 1040 2595 yepioso;
1056 2557 1150 2591 Θωμᾶ,
1161 2556 1267 2595 ’σιείχών
1283 2556 1334 2595 ,αῂξ

914 2591 1079 2632 ΙξΣὺ-αγτέλιον
1104 2592 1173 2632 κξτὰ
1189 2591 1298 2632 Omnia},
1309 2591 1414 2632 ’ἂτίχων
1431 2605 1480 2632 ,ατ.

913 2626 1012 2662 Διτδαχὴ
1029 2627 1193 2659 ἀποστόλων,
1210 2626 1310 2662 σ’ὲίχών
1327 2631 1359 2659 6'.

915 2661 1121 2700 ancyram
1138 2663 1235 2700 πτςχων
1252 2661 1308 2700 nc.

920 2696 1058 2731 Ἰγνατίου,
1076 2696 1265 2733 Πολυκᾶρπούξ
1277 2696 1412 2737 ’Ποιμένος
1435 2705 1480 2731 καὶ
1504 2704 1600 2740 Ἑρμᾶ.

843 2742 910 2775 Quae
921 2742 954 2770 ad
970 2743 1072 2772 calcem
1086 2744 1224 2774 Anastasii
1240 2745 1366 2776 Historia
1389 2749 1424 2776 ita
1450 2749 1542 2778 Latins
1563 2750 1624 2777 rod-

842 2788 944 2816 duntur
954 2798 960 2816 :

1016 2834 1051 2862 Et
1067 2844 1126 2871 qua:
1139 2836 1209 2864 Novi
1218 2842 1280 2865 sunt
1298 2840 1457 2874 apocrypha.

878 2888 1050 2927 itinerarium
1068 2891 1153 2927 Petri.
1169 2901 1263 2923 versus
1273 2894 1302 2927 '2,
1315 2894 1376 2922 800.

878 2924 1049 2954 ltiuerarium
1068 2926 1192 2961 Joannis,
1207 2924 1302 2957 versus
1317 2929 1344 2963 2,
1357 2930 1418 2958 500.

1447 2979 1468 3010 Β
