1874 3070
249 145 298 174 107

268 214 272 219 ”
288 205 459 233 [tinet-arium
472 203 593 236 Thomae,
611 211 705 231 versus
718 203 743 234 l,
762 202 822 229 600.

288 240 464 275 Evangelium
480 240 629 267 secundum
643 237 788 275 Thomam,
801 246 896 266 versus
911 239 937 271 t,
954 238 1016 265 500.

288 273 415 303 Doctrina
432 275 628 310 apostolorum,
643 281 739 310 versus
752 273 815 300 200.

283 309 436 339 Clementis
450 308 495 344 Γ),
514 317 607 337 versus
616 309 644 341 2,
661 308 722 335 600.

290 347 387 381 lgnatii
401 352 428 373 ct
438 344 589 380 Polycarpi.

289 392 328 420 Ex
347 393 389 419 bis
410 399 479 427 nego
496 391 552 418 ullo
577 390 658 417 modo
676 390 784 425 probari
806 397 887 425 posse
909 390 1039 424 epistolas

254 437 283 465 S.
302 437 397 473 lgnatii
416 436 535 463 Eusebio
558 436 631 463 visas
647 435 683 463 ab
709 441 821 463 auctore
843 435 1040 463 Stichometric

252 490 302 518 pro
314 481 494 517 supposititiis
514 481 620 508 habitas
645 479 739 508 fuisse.
764 479 872 508 Nudum
899 481 971 508 enim
997 481 1042 509 hic

252 527 348 564 lgnatii
361 535 461 555 nomen
479 527 601 562 ponitur,
616 535 706 562 neque
726 527 767 555 vel
791 528 825 554 de
845 527 979 562 epistolis,
999 528 1042 555 vel

252 574 286 601 de
297 572 653 609 suppositionequidquam
672 573 834 600 allirmalur.
849 572 890 600 Ut
904 578 995 601 autem
1015 573 1042 601 id

252 620 324 656 quod
340 619 568 654 \‘oluntrprobent
589 619 751 651 adversarii,
773 627 884 647 necesse
904 624 946 646 est
968 624 998 646 ut
1012 620 1040 647 in

252 666 326 693 hunc
353 666 464 693 modum
493 665 634 700 disputent
661 674 668 692 :
699 664 836 700 Quidquid
861 665 904 692 Aab
930 670 1042 694 auctore

251 711 445 740 Stichomctrice
457 712 491 739 ad
508 711 664 747 apocrypha
684 712 811 743 refertur,
831 710 857 738 id
872 711 957 746 ipsius
978 719 1041 739 sen-

248 759 334 786 tentia
363 762 406 785 est
425 756 641 792 supposititium.
662 755 790 791 Epistolze
813 756 909 796 lgnatii
933 757 968 784 ab
991 764 1042 784 au-

249 808 325 831 ctore
342 802 536 831 Stichometriaz
550 801 585 829 ad
603 801 756 836 apocrypha
782 794 948 829 referuntur.
970 801 1034 837 Epi-

249 849 325 876 stolzn
337 848 420 883 igitur
435 847 531 883 lgnatii
549 850 660 874 suntex
679 846 813 873 sententia
835 847 957 873 auctoris
979 846 1036 873 Stio

248 895 398 922 chometriw
407 893 597 929 supposititiaa.
608 891 696 928 Hujus
708 892 856 928 syllogismi
864 891 1034 919 Hammondo

248 945 342 968 nostro
349 940 479 974 majorem
488 938 702 974 propositionem
709 944 775 972 nega
780 944 807 964 re
813 957 821 970 ,
830 935 941 964 Usserio
948 937 981 963 de
988 937 1036 963 mi-

230 986 239 997 ‘
250 987 311 1014 nori
320 987 410 1014 visum
420 991 462 1014 est
472 985 650 1019 distinguere.
661 983 717 1018 Ego
726 988 851 1010 neutram
861 983 915 1010 ulla
930 983 1036 1010 ratione

249 1033 361 1068 probari
374 1039 453 1067 posse
461 1031 613 1063 'contendo,
630 1035 657 1057 et
666 1034 810 1064 utramque
818 1030 921 1064 pariter
932 1037 1035 1064 negan-

247 1082 310 1108 dam
324 1084 471 1111 censeo,ut
483 1086 516 1105 ne
523 1077 565 1105 vel
577 1077 673 1104 umbra
689 1076 843 1112 argumenti
853 1076 1034 1110 relinquatur-

282 1124 376 1153 Primo
396 1124 470 1152 enim
489 1123 643 1150 rectissime
669 1121 858 1149 Hammondus
871 1126 964 1148 noster
979 1121 1037 1148 haec

248 1170 384 1199 Salmasio
401 1170 525 1204 reposuit
541 1178 548 1195 :
565 1168 626 1195 Non
643 1169 683 1195 ita
695 1168 764 1194 vocis
779 1167 868 1199 istius,
879 1167 1035 1202 ἁπόκρυφα,

247 1216 410 1252 signiﬁcatio
434 1215 588 1250 accipienda
610 1219 660 1248 est,
685 1219 714 1240 ut
730 1214 821 1240 statim
846 1214 967 1248 spurium
989 1218 1035 1240 aut

248 1262 372 1297 κίὸδηλον
396 1267 442 1288 aut
462 1261 690 1296 ψευδεπίγραφον,
712 1259 839 1294 sequioris
857 1260 905 1286 wvi
929 1260 1037 1294 ﬁgmen-

246 1314 303 1336 tum
321 1309 366 1341 sit,
383 1307 509 1343 quidquid
526 1307 609 1334 ubivis
630 1308 697 1333 inter
721 1306 870 1341 apocrypha
893 1307 1036 1340 repositum

246 1354 407 1382 inveniatur.
426 1353 498 1380 Nihil
510 1353 562 1380 hoc
578 1352 658 1380 eﬂ'ato
675 1352 766 1380 verius
780 1357 831 1379 est.
849 1352 961 1379 Fatetur
975 1351 1036 1379 Dal-

246 1401 323 1433 lzeus,
336 1408 391 1428 non
405 1407 466 1428 esse
480 1407 542 1427 eam
555 1399 636 1434 hujus
652 1399 819 1426 nominis-ex
832 1398 915 1434 etymi
928 1398 970 1426 sui
989 1406 1034 1425 ra-

245 1447 321 1474 tione
334 1447 408 1480 vim;
426 1446 484 1473 vult
505 1450 594 1473 tamen
617 1453 649 1472 ea:
664 1453 713 1472 usu
731 1445 921 1476 ecclesiastico,
941 1449 970 1471 ut
991 1444 1036 1479 qui

243 1493 311 1521 liber
332 1493 496 1528 apocryphus
520 1491 619 1518 dicitur
641 1492 664 1518 is
682 1492 736 1526 fere
753 1492 843 1526 aliqua
863 1491 977 1517 istorum
1000 1491 1036 1517 ri-

242 1540 342 1566 tiorum
354 1539 465 1566 laboret.
484 1537 560 1571 Fere,
578 1537 678 1572 inquit,
696 1537 748 1565 hoc
760 1542 803 1564 est
820 1537 978 1572 aliquando,
992 1537 1034 1564 vel

243 1586 417 1621 plerumque,
436 1585 510 1620 quod
533 1591 584 1611 nec
602 1583 774 1611 llammondo
795 1583 966 1617 contradicit,
982 1592 1033 1612 nec

242 1630 392 1664 quidquam
408 1629 513 1664 probat.
525 1629 648 1656 Aﬂirmat
664 1630 818 1664 apocrypha
837 1629 936 1664 opponi
960 1630 1032 1664 apud

243 1681 340 1703 veteres
360 1677 500 1710 scriptores
523 1675 598 1702 libris
617 1679 643 1702 et
667 1675 765 1702 divinis
786 1681 811 1702 et
834 1675 1029 1707 ecclesiasticis,

243 1722 291 1748 hoc
303 1726 354 1755 est,
372 1721 494 1748 omnibus
508 1721 586 1748 libris
597 1721 668 1756 apud
685 1721 832 1750 Ecclesium
844 1722 914 1748 notis
925 1726 950 1748 et
970 1730 1032 1756 pro-

243 1768 325 1799 batis,
353 1767 426 1801 apud
450 1767 571 1802 aliquos,
592 1767 706 1800 scilicet,
727 1772 754 1794 et
775 1767 920 1802 aliquando
932 1767 1031 1802 (nemi—

242 1819 305 1839 nem
322 1812 394 1838 enim
410 1811 533 1838 nominat
546 1816 643 1846 [mter
660 1810 857 1838 Tertullianum
881 1815 962 1846 atque
979 1811 1030 1839 Ge-

243 1856 367 1891 lasium),
384 1859 457 1891 quod
476 1857 592 1884 omnino
611 1856 681 1883 nihil
702 1857 809 1891 probat.
834 1855 972 1889 Qumritur
994 1864 1030 1883 an

241 1909 350 1936 semper
363 1909 398 1928 ex
416 1909 467 1928 usu
488 1901 677 1929 ecclesiastico
692 1901 729 1927 ita
742 1905 878 1933 sumatur,
895 1905 925 1928 ut
942 1909 1028 1936 oppo-

242 1953 323 1974 natur
335 1947 464 1975 omnibus
476 1948 554 1975 libris
571 1947 606 1974 ab
621 1947 743 1975 Ecclesia
764 1954 876 1981 quoquo
891 1947 973 1974 modo
986 1955 1029 1974 re-

232 1992 347 2027 rceptis?
359 1992 496 2025 Quaeritur
512 2000 547 2019 an
562 1992 670 2027 quoties
691 1992 802 2026 aliquod
825 1992 956 2027 scriptum
982 1992 1024 2020 di-

241 2040 312 2066 citur
326 2039 432 2066 Veteris
453 2039 495 2066 vel
517 2038 585 2066 Novi
607 2037 772 2066 Testamenti
789 2039 985 2074 apocryphum,
1001 2040 1027 2067 id

240 2085 332 2113 statim
351 2085 480 2112 omnibus
497 2085 692 2113 ecclesiasticis
715 2090 878 2120 opponatur,
893 2089 920 2112 et
933 2093 949 2112 a
972 2090 1027 2113 tota

239 2131 364 2160 Ecclesia
387 2139 436 2166 pro
452 2131 545 2165 spurio
562 2136 589 2158 et
611 2131 738 2158 haeretico
754 2131 912 2166 rejiciatur?
925 2132 1027 2159 Auctor

240 2177 435 2205 Stichometriaa
459 2177 496 2204 ita
519 2177 663 2212 loquitur:
683 2177 732 2204 Ha:
750 2182 811 2204 sunt
836 2178 932 2205 divina:
954 2177 1026 2205 Scri-

791 140 820 168 S.
838 140 1011 169 lGNATlUS.
1032 155 1068 161 —
1087 139 1355 168 PROLEGOMENA.
1489 167 1492 170 ,
1828 148 1859 175 101

1054 206 1077 233 Α
1091 203 1295 237 cdificatianem
1313 202 1440 231 Ecclesia
1454 205 1628 238 pertinentem
1650 206 1791 240 epistolam
1811 217 1859 235 com

1091 250 1190 283 posuit,
1211 257 1270 285 qua
1298 250 1368 276 inter
1393 251 1559 286 apocrypha;
1592 251 1750 287 Scripturas
1781 254 1859 290 legitur

1092 294 1224 323 Barnabas
1249 296 1322 323 enim
1351 296 1495 331 epistolam
1526 296 1613 325 fuisse
1636 299 1737 333 tradit;
1757 308 1809 327 non
1829 302 1859 336 ip!

1091 341 1275 375 suppositam,
1299 345 1347 368 aut
1373 341 1514 375 spuriam;
1539 341 1573 368 ad
1599 343 1810 371 aadilicationem
1832 345 1859 374 Ec

1091 386 1183 414 clesizn
1200 386 1368 421 pertinuisse
1388 387 1507 420 asserit;
1532 395 1587 414 non
1614 388 1709 424 itaque
1729 389 1859 419 haeretica!

1091 432 1212 467 putavit;
1234 432 1332 460 lectam
1351 437 1441 460 tamen
1459 434 1530 460 inter
1545 435 1718 470 apocryphas
1736 436 1859 471 scriptura

1091 479 1182 511 docet,
1197 487 1247 507 nec
1263 479 1297 506 ab
1313 478 1436 507 Ecclesia
1451 480 1622 514 repudiatam
1638 481 1741 509 innuit.
1769 481 1836 509 Idem
1853 484 1859 510 i

1092 524 1206 559 epistola
1223 524 1275 551 HO
1295 533 1302 551 :
1323 524 1439 560 Exigitis
1449 525 1519 552 enim
1535 532 1564 553 ut
1575 526 1674 554 librum
1690 527 1817 555 Chalda’o
1831 537 1859 555 sel

1092 579 1167 598 inane
1188 572 1366 606 conscriptum
1395 571 1430 598 ad
1455 571 1583 599 Latinum
1603 573 1703 608 stylum
1719 574 1834 606 traham,
1848 575 1859 602 11

1093 616 1168 643 brum
1180 617 1269 651 utique
1287 617 1387 651 Tobiae,
1407 627 1484 653 quem
1513 618 1619 646 Hebr-lci
1635 619 1667 646 de
1681 620 1806 655 catalogo
1821 621 1859 648 diu

1092 669 1187 688 narum
1202 662 1406 697 Scripturarum
1427 669 1544 691 secantes
1560 665 1600 692 his
1625 673 1686 700 qua:
1706 666 1859 701 hagiograph

1093 707 1163 742 (lege
1179 709 1341 744 apocrypha)
1361 715 1518 743 memorant,
1536 711 1739 746 manciparunt.
1756 711 1859 740 Emendi

1093 753 1195 780 tionem
1210 753 1281 781 hanc
1300 762 1362 781 cum
1380 755 1466 782 multa
1482 755 1547 788 alia,
1564 760 1621 783 tum
1641 757 1728 784 verba
1747 758 1859 792 sequenti

1093 800 1161 827 satis
1173 799 1338 827 conﬁrmant
1349 809 1355 827 :
1368 800 1491 835 Arguunt
1503 802 1572 828 enim
1584 810 1631 829 nos
1642 801 1821 830 Hebrworum
1830 809 1859 830 Sll

1093 846 1148 878 dia,
1167 851 1192 872 et
1208 846 1340 881 imputant
1355 847 1430 874 nobis
1442 853 1537 875 contra
1547 856 1625 875 suum
1637 857 1770 876 canonem
1786 849 1859 876 Latin:

1088 893 1199 920 auribus
1220 893 1272 920 ista
1293 893 1448 927 transferre.
1474 893 1508 921 Et
1534 902 1632 922 rursus
1657 895 1780 930 epistola
1802 897 1843 922 lil

1088 939 1164 973 Apud
1191 937 1316 966 Hebrteos
1337 939 1404 966 liber
1420 938 1517 966 Iudith
1532 941 1601 967 inter
1612 941 1801 977 hagiographa
1819 942 1859 976 (leg

1087 985 1186 1012 iterum
1201 985 1362 1020 apocrypha)
1377 985 1485 1021 legitur,
1499 986 1576 1021 cujus
1586 988 1740 1014 auctoritas
1756 988 1791 1014 ad
1810 990 1859 1014 robe

1087 1031 1174 1058 renda
1188 1031 1248 1063 illa,
1264 1040 1322 1067 quae
1334 1032 1362 1058 in
1382 1032 1574 1059 contentionem
1589 1034 1697 1060 veniunt
1714 1034 1805 1060 minus
1827 1034 1859 1060 ida

1088 1085 1136 1104 nea
1153 1077 1304 1112 judicatur.
1325 1077 1452 1105 Chaldaeo
1472 1084 1559 1106 tamen
1576 1087 1697 1105 sermone
1717 1080 1859 1114 conscripti

1087 1123 1156 1150 inter
1164 1123 1291 1150 historias
1302 1128 1479 1159 computatur.
1493 1124 1585 1157 Quare
1600 1132 1634 1152 ex
1648 1132 1718 1152 voce
1735 1125 1809 1152 nuda
1820 1132 1859 1159 apd

1088 1169 1197 1204 erypha,
1212 1169 1281 1196 nihil
1295 1170 1370 1197 aliud
1387 1174 1460 1198 recte
1478 1170 1605 1204 infertur,
1627 1170 1674 1198 ubi
1693 1171 1730 1198 de
1747 1172 1825 1199 libris
1838 1180 1859 1198 ea

1088 1214 1194 1242 nonicis
1207 1214 1308 1249 agitur,
1323 1221 1406 1250 quam
1423 1215 1557 1250 scriptum
1573 1216 1687 1251 aliquod
1708 1225 1773 1244 esse
1796 1224 1811 1244 a
1836 1225 1859 1243 cu

1088 1268 1159 1287 none
1173 1260 1201 1287 S.
1218 1259 1368 1295 Scriptura:
1383 1262 1588 1289 removendum.
1605 1262 1690 1290 Extra
1704 1263 1793 1299 igitur
1802 1271 1859 1291 eam

1088 1311 1149 1331 nem
1168 1303 1236 1331 Novi
1253 1303 1422 1332 Testameuti
1441 1306 1596 1335 certissime
1614 1308 1727 1343 ponitur
1744 1308 1859 1344 lgnaliaa‘

1087 1355 1176 1382 neque
1187 1349 1336 1384 quidquam
1349 1350 1424 1378 aliud
1438 1359 1472 1379 ex
1486 1352 1513 1379 vi
1523 1353 1673 1380 verborum
1682 1353 1859 1393 βιὶεὴοηιεωήι

1087 1401 1135 1428 per
1152 1396 1334 1423 necessariam
1348 1398 1573 1433 consequentiam
1587 1399 1679 1434 colligi
1696 1404 1801 1434 potest.

1122 1438 1213 1471 Quare
1237 1440 1309 1475 quod
1325 1449 1358 1468 ex
1381 1440 1482 1469 Gelasii
1499 1443 1610 1471 decreto
1634 1445 1734 1479 arripit
1752 1445 1859 1472 Dallam

1087 1485 1167 1519 plane
1179 1490 1221 1513 est
1236 1486 1456 1523 ἀπροσδῐονυσον.
1472 1488 1518 1516 llle
1534 1490 1606 1517 enim
1622 1491 1770 1526 utriusque
1788 1491 1859 1518 Testa

1089 1531 1172 1558 menti
1188 1539 1321 1560 canonem
1344 1534 1436 1568 tradit,
1457 1536 1540 1563 nullis
1565 1537 1682 1563 omnino
1711 1538 1859 1573 apocryphi

1085 1578 1200 1612 additis;
1224 1580 1279 1607 imo
1302 1580 1409 1609 Veteris
1430 1581 1598 1610 Testamenti
1621 1585 1792 1620 apocryphis
1808 1593 1859 1611 non

1084 1625 1167 1652 nullis
1192 1625 1219 1652 in
1245 1633 1379 1654 canonem
1402 1629 1529 1663 receptis,
1549 1629 1610 1656 aliis
1630 1638 1695 1657 eum
1712 1630 1859 1665 apocryphi

1082 1667 1151 1698 Novi
1169 1671 1197 1698 in
1218 1672 1346 1700 ultimum
1369 1679 1452 1709 caput
1475 1674 1594 1710 rejectis,
1616 1680 1644 1703 et
1662 1676 1736 1703 inter
1751 1677 1859 1703 haeretic

1082 1717 1185 1752 scripta
1200 1718 1308 1753 positis.
1324 1718 1402 1747 Unde
1419 1721 1474 1748 duo
1498 1720 1571 1748 facta
1591 1726 1666 1754 sunt,
1690 1722 1826 1757 primum,
1848 1730 1859 1748 ι]

1081 1764 1237 1800 apocrypha
1262 1765 1384 1793 melioris
1408 1771 1480 1794 nota:
1506 1767 1539 1794 ad
1563 1767 1650 1796 Vetus
1664 1767 1859 1796 Testamentum

1081 1810 1255 1844 pertinentia,
1289 1811 1349 1838 sine
1369 1811 1425 1839 ulla
1453 1812 1642 1846 distinctione,
1659 1822 1711 1848 pro
1735 1815 1859 1842 canonici

1082 1856 1246 1884 haberentur
1260 1857 1332 1892 (qua:
1357 1857 1433 1885 labes
1451 1859 1540 1886 adhuc
1561 1860 1663 1886 canoni
1682 1859 1815 1889 Romano
1830 1863 1859 1888 ad

1081 1902 1233 1938 harescit);
1254 1903 1416 1936 secundum,
1440 1909 1471 1931 ut
1486 1905 1593 1939 reliqua
1613 1905 1725 1935 Veteris
1737 1912 1768 1935 et
1788 1908 1859 1935 omni

1079 1947 1147 1975 Novi
1161 1948 1327 1976 Testamenti
1341 1951 1496 1986 apocrypha
1511 1953 1703 1988 cum-scriptis
1728 1954 1859 1982 haereticis

1079 1994 1183 2022 ﬁctitiis
1216 1999 1298 2030 atque
1322 1995 1460 2024 damnatis
1481 2002 1577 2025 contra
1603 1998 1741 2027 Veterum
1766 2000 1859 2028 Patrm

1079 2040 1243 2067 sententiam
1261 2041 1506 2071 confunderentur.
1525 2043 1706 2079 lniquissime
1725 2046 1815 2082 igitur
1831 2054 1859 2082 ρο

1078 2086 1207 2119 stulatur,
1231 2091 1261 2113 ut
1284 2094 1318 2114 ex
1346 2087 1397 2115 hoc
1419 2089 1528 2116 decreto
1551 2090 1604 2118 sub
1627 2092 1748 2120 nomine
1779 2093 1856 2120 Gelas

1077 2132 1150 2160 edito
1163 2131 1375 2160 Stichometriam
1389 2134 1601 2169 interpretemur
1616 2146 1621 2164 :
1639 2145 1706 2165 cum
1725 2139 1757 2166 in
1772 2139 1859 2167 Sticho

1077 2179 1186 2212 metria,
1202 2179 1271 2206 Novi
1286 2179 1447 2208 Testamenti
1461 2183 1612 2217 apocrypha
1625 2183 1776 2218 dicantur,
1794 2186 1821 2213 in
1832 2187 1859 2214 dc

238 2228 335 2258 ptum,
354 2231 413 2258 qua:
432 2223 593 2257 recipiuntur
622 2223 654 2249 ab
676 2222 796 2250 Ecclesia
815 2228 840 2250 et
864 2225 1025 2250 canonizan-
1040 2223 1062 2251 D
1077 2229 1151 2252 creto
1164 2229 1269 2252 tantum
1283 2227 1442 2261 apocrypha,
1466 2228 1526 2254 sine
1550 2228 1606 2256 ulla
1627 2231 1831 2265 reskictione;
1851 2233 1859 2258 i:

240 2275 293 2296 tur.
312 2269 345 2296 Et
357 2277 416 2304 qua:
426 2274 487 2295 sunt
503 2269 664 2303 apocrypha,
686 2268 784 2296 Veteris
804 2269 972 2296 Testamenli.
991 2269 1024 2296 Et

235 2324 297 2350 qua:
314 2314 383 2341 Novi
401 2319 462 2341 sunt
481 2315 641 2348 apocrypha.
666 2313 715 2341 Hic
733 2315 807 2342 nulla
824 2315 926 2342 mentio
940 2315 1024 2342 libro-

239 2368 300 2386 rum
313 2359 575 2391 ecclesiasticorum,
588 2363 652 2392 puta
668 2358 806 2393 Cypriani,
821 2359 924 2390 Basilii,
938 2358 1024 2394 Chry-

239 2405 366 2436 sostomi,
385 2412 399 2430 a
420 2411 537 2439 quorum
551 2405 694 2430 consortio
712 2404 832 2439 lgnatius
853 2409 880 2431 et
895 2404 1023 2440 Polycar-

239 2459 291 2486 pus
321 2451 530 2485 ablegarentur;
546 2450 594 2477 sed
612 2448 716 2476 Veteris
732 2454 836 2477 tantum
848 2455 878 2477 et
891 2450 958 2477 Novi
973 2450 1024 2477 Te-

241 2495 368 2523 stamenli
376 2501 426 2523 uta
444 2495 595 2530 Scriptura:
611 2503 716 2522 canone
736 2496 923 2530 rejicerentur.
940 2496 974 2523 Ut
993 2497 1021 2524 S.

239 2541 422 2576 Hieronymus
443 2541 557 2577 epistola
579 2541 654 2568 106:
678 2540 730 2567 Hic
755 2542 878 2578 prologus
901 2541 1022 2577 Scriptu-

239 2595 342 2620 rarum,
368 2588 445 2622 quasi
465 2587 598 2623 galeatum
617 2588 775 2622 principium
793 2588 912 2615 onmibus
935 2588 1021 2622 libris,

238 2641 304 2667 quos
321 2634 352 2659 de
369 2632 479 2661 Hebrco
492 2635 615 2661 vertimus
631 2635 658 2660 in
674 2634 810 2668 Latinum,
823 2635 959 2662 convenire
973 2643 1022 2669 po-

240 2684 342 2705 test:ut
355 2680 425 2706 scire
438 2680 572 2708 valeamus
588 2681 716 2716 quidquid
730 2686 806 2708 extra
825 2681 871 2708 hos
883 2686 932 2712 est,
954 2681 1022 2708 inter

236 2725 386 2760 apocrypha
400 2734 454 2753 esse
471 2728 629 2761 ponendum.
647 2727 699 2760 Qui
720 2728 803 2754 etiam
822 2726 917 2754 eodem
940 2727 1021 2754 modo

236 2768 310 2804 loqui
327 2771 479 2798 censendus
495 2771 522 2798 in
546 2771 676 2807 Catalogo
698 2781 705 2799 :
723 2772 861 2799 Barnabas
882 2780 962 2798 unum
986 2771 1020 2798 ad

272 2825 304 2861 (‘)
317 2825 352 2853 De
375 2827 572 2864 signiﬁcatione
582 2828 747 2864 litterarum
758 2829 791 2855 λῦ
808 2836 870 2864 quae
885 2828 911 2855 in
924 2828 1019 2864 Graeco

229 2865 309 2888 textu
322 2867 447 2897 exstant,
463 2863 525 2891 vide
548 2863 688 2895 infra'col.
702 2864 763 2897 109,
774 2864 804 2898 C,
817 2862 845 2891 Vel
855 2864 897 2890 col
921 2863 979 2896 429,
987 2862 1016 2890 Β.

1076 2270 1121 2298 illa
1140 2275 1205 2305 post
1221 2271 1369 2306 scriptores
1387 2274 1545 2307 canonicos,
1573 2274 1600 2301 in
1618 2275 1674 2303 hoc
1692 2283 1764 2312 post
1785 2286 1859 2305 omne

1075 2316 1240 2350 catholicos;
1260 2317 1288 2343 in
1302 2317 1348 2344 illa
1360 2319 1512 2353 canonicis,
1530 2320 1558 2347 in
1578 2320 1632 2348 hoc
1650 2324 1794 2352 omnibus
1810 2325 1859 2351 scri

1074 2362 1198 2395 ptoribus
1210 2362 1244 2389 ab
1258 2361 1379 2391 Ecclesia
1389 2365 1511 2399 probatis
1522 2373 1716 2400 opponantur.

1109 2407 1186 2440 Quod
1206 2413 1297 2435 autem
1316 2417 1351 2436 ex
1376 2411 1449 2438 nudo
1472 2411 1550 2438 titulo
1567 2411 1674 2440 frustra
1691 2415 1821 2448 probare
1835 2423 1859 2442 ca

1074 2458 1157 2480 natus
1170 2458 1211 2481 est
1225 2453 1387 2488 Salmasius,
1406 2456 1433 2483 id
1451 2464 1485 2484 ex
1501 2461 1601 2485 natura
1619 2458 1770 2488 librorum
1784 2462 1831 2496 qui
1846 2469 1859 2487 al

1074 2499 1131 2526 inul
1159 2506 1222 2526 cum
1251 2499 1355 2536 lgnatio
1382 2502 1453 2529 inter
1480 2503 1656 2538 apocryphos
1686 2513 1859 2534 numerantu

1072 2550 1202 2580 praestare
1223 2547 1309 2574 voluit
1343 2547 1469 2576 Dallaaus.
1487 2549 1525 2576 lta
1548 2550 1623 2576 enim
1642 2551 1767 2579 videtur
1786 2554 1859 2588 dispu

1073 2595 1147 2618 tare:
1160 2591 1261 2620 Omnes
1272 2593 1332 2620 libri
1348 2595 1394 2628 qui
1410 2595 1445 2622 ab
1459 2600 1572 2623 auctore
1581 2594 1793 2626 Stichometria:
1809 2600 1859 2626 inte

1072 2638 1241 2673 apocryphos
1259 2644 1448 2674 numerantur,
1473 2641 1507 2669 ab
1530 2649 1564 2669 eo
1586 2646 1732 2677 tanquam
1754 2645 1859 2672 haeretiu

1072 2689 1120 2710 aut
1132 2683 1187 2710 ﬁcti
1202 2692 1216 2710 a
1228 2684 1336 2719 publica
1351 2685 1481 2714 Ecclesiae
1496 2687 1559 2715 luce
1577 2695 1774 2718 removentur
1792 2701 1798 2718 :
1814 2697 1859 2725 erg

1070 2732 1097 2754 et
1117 2727 1238 2762 epistolae
1259 2728 1364 2763 lgnatii.
1385 2729 1438 2757 Sed
1463 2732 1618 2766 respondeo
1636 2734 1750 2769 primo,
1773 2737 1859 2763 nullan

1070 2780 1131 2800 esse
1162 2775 1352 2803 necessitatem
1377 2779 1593 2812 consequentiae.
1618 2778 1681 2807 Non
1708 2784 1793 2810 enim
1818 2784 1859 2809 leu

1068 2828 1137 2867 Nota
1149 2830 1246 2863 obiter,
1256 2839 1386 2859 numeros
1400 2841 1527 2867 versuum
1553 2835 1581 2862 in
1595 2835 1798 2867 Anastasiana
1812 2847 1859 2866 ven

1071 2865 1147 2891 sione
1159 2872 1212 2892 non
1221 2873 1329 2901 semper
1335 2865 1429 2896 Graeco
1441 2865 1859 2903 ῑειιυὶεοιῖεοηπεᾹΞΒ-ξῖδλὶιι
