1874 3070
46 163 77 191 ")9

391 156 412 186 ι.
433 155 614 185 PEARSONII
633 154 793 184 VINDICLE
813 151 1026 182 ἰϐΝΔΤιΑΝΛΕ.
1042 165 1076 172 -—
1093 150 1183 178 PARS
1205 150 1226 178 I.

1578 149 1630 178 Μ’.)

43 229 122 256 semper
132 221 277 249 discrimen
299 220 419 247 habitum
433 219 559 247 estinter
571 225 620 246 eos
633 218 727 249 libros,
745 225 781 252 qu

891 215 981 247 τίσας,
1004 213 1052 241 καὶ
1078 213 1114 240 τὰ
1138 211 1212 247 ἑξῆς.
1246 209 1307 237 Non
1338 214 1442 237 tantum
1466 209 1536 236 novit
1560 208 1631 244 (1η-

41 267 155 303 :pocryphi
169 266 340 294 dicebantur.
368 265 402 292 Et
427 266 553 300 quamvis
573 272 627 291 una
642 264 792 298 eademque,

40 323 75 340 tuo
83 316 208 347 eodemque
222 313 338 345 nomine,
357 313 410 339 sive
432 312 529 347 elogio.
548 311 579 338 de
596 310 715 339 omnibus
736 309 793 336 lata

39 360 193 391 simulantia,
207 359 278 386 nihil
293 364 381 386 tamen
398 365 483 385 unum
496 362 577 392 atque
594 357 666 384 idem
683 356 716 383 de
734 363 793 383 om-

39 407 98 433 nibus
117 405 254 437 asseritur,
283 404 336 431 nisi
359 404 432 438 quod
453 411 548 430 omnes
564 410 579 429 a
593 409 674 430 sacro
687 409 794 429 canone

37 455 192 479 removentur.
217 450 291 477 Fieri
313 450 404 484 itaque
429 450 528 484 potuit,
550 453 580 475 ut
604 456 678 476 unus
693 448 792 482 aliquis

38 498 126 532 ntiquis
135 496 227 523 melior
247 495 339 528 fuerit,
356 496 482 530 quamvis
506 495 576 522 inter
598 494 792 526 θεοπνεύστθυς

38 548 167 570 numeratus
186 551 240 570 non
272 543 318 570 sit.
349 542 510 576 Respondeo
535 542 667 572 secundo,
682 540 792 575 probari

37 590 93 616 nullo
105 590 176 616 modo
196 596 279 622 posse
299 593 439 615 auctorem
463 587 657 614 Stichometriat
672 587 792 622 reliquos

38 644 110 663 manes
132 642 179 671 pro
201 635 340 662 haereticis
358 638 406 661 aut
425 633 496 660 lictis
515 633 655 664 habuisse,
669 637 697 660 et
711 640 726 659 a
742 640 792 667 pu-

36 683 88 710 blica
100 681 217 710 Ecclesia
232 681 296 709 luce
309 687 450 708 removere
465 679 594 708 voluisse.
611 678 678 706 Nam
690 680 790 714 primo,

38 728 181 762 Nicephorum,
202 728 302 764 inquit,
322 727 463 762 epistolam
482 726 623 762 Polycarpi
644 727 715 753 inter
727 735 791 761 apo-

36 775 111 809 ιτνρίιιι
130 774 222 801 nullius
248 774 320 809 apud
339 782 368 800 se
383 773 462 809 pretii
475 777 571 800 censet.
585 772 658 800 Inter
673 780 790 808 apocry-

36 821 75 855 pha
84 820 179 854 quidem
194 825 332 853 numerat,
349 820 398 848 sed
411 819 490 855 cujus
509 819 589 854 pretii
605 819 676 854 apud
691 826 720 846 se
731 818 791 846 fue-

37 866 70 897 rit,
83 867 144 893 nullo
157 866 236 893 modo
248 865 362 894 indicat.
374 865 408 893 At
421 872 502 893 nemo
514 873 635 900 unquam
647 864 788 900 Polycarpi

38 913 148 947 epistolam
161 917 206 940 aut
221 921 272 948 pro
288 913 416 940 haeretica
439 916 487 939 aut
505 919 555 947 pro
576 912 638 940 licta
662 911 790 939 habuisse
805 918 828 948 β

38 958 232 992 deprehenditur;
251 956 426 993 Nicephorus
445 957 538 992 itaque
550 956 642 984 Dallaai
663 957 723 984 sine
736 957 791 984 ullo

38 1002 182 1030 fundamento
199 1011 249 1038 pro
279 1003 327 1030 tali
347 1003 476 1031 habuisse
485 1002 600 1035 dicitur;
621 1007 648 1030 et
675 1003 792 1037 iniquis-

38 1051 89 1077 sime
99 1057 240 1084 accusatur,
266 1059 300 1079 ac
314 1051 338 1079 si
353 1051 469 1078 voluerit
481 1058 542 1078 eam
556 1050 711 1084 epistolam,
730 1057 792 1084 qua:

39 1101 77 1122 tam
90 1096 128 1123 diu
142 1097 166 1124 iu
184 1097 255 1124 Asia:
274 1101 415 1125 conventu
440 1096 508 1124 lecta
523 1094 625 1127 fuerat,
645 1102 661 1122 a
683 1095 791 1130 publica

39 1143 133 1169 omnium
152 1142 334 1171 Ecclesiarum
354 1143 415 1170 luce
430 1149 579 1169 removere.
599 1141 735 1174 Secundo,
752 1142 793 1168 Δι-

38 1187 88 1223 διχὴ
110 1189 271 1221 ἁτωστωων,
301 1196 432 1216 versuum
454 1188 517 1221 200,
539 1188 611 1215 inter
636 1187 791 1223 apocrypha

40 1239 176 1262 numeratur.
190 1236 231 1263 Au
249 1236 337 1271 igitur
360 1243 420 1263 eam
440 1239 569 1270 tanquam
581 1234 707 1269 pessimae
721 1238 792 1262 notae

39 1278 150 1311 scriptum,
166 1279 198 1305 ab
213 1278 340 1306 Ecclesia
352 1279 459 1313 penitus
471 1278 666 1306 eliminandam
686 1278 793 1305 censuit

39 1323 197 1352 Stichoutctria:
211 1325 327 1353 auctor?
344 1324 487 1358 Quodnam
504 1324 587 1359 hujus
608 1331 731 1351 censurae
752 1323 792 1350 in-

38 1371 123 1403 dicium,
136 1379 191 1406 quc
203 1373 276 1399 ratio
290 1371 438 1406 excogitari
451 1370 555 1406 potest?
564 1370 606 1398 Ab
619 1370 674 1398 illis
684 1377 744 1405 qua:
758 1371 792 1398 ab

39 1417 143 1445 hereticis
156 1419 268 1446 conﬁcta
284 1423 358 1450 sunt,
373 1421 482 1452 separat
498 1417 550 1444 hoc
563 1424 632 1452 opus
645 1416 790 1444 Eusebius.

38 1462 125 1498 Magnus
135 1465 299 1492 Athanasius
315 1465 342 1491 in
359 1464 473 1499 epistola
490 1464 793 1499 ἑορταστικῇλιιιιιιιεηιι

38 1509 90 1537 inter
97 1518 139 1538 eos
152 1506 242 1544 libros,
256 1518 330 1546 quos
347 1510 397 1538 SS.
413 1509 508 1538 Patres
523 1510 631 1545 praelegi
648 1510 793 1538 voluerunt

38 1556 219 1590 catechumenis,
238 1562 268 1584 ut
286 1557 349 1584 inde
367 1556 476 1592 pietatis
494 1556 628 1584 rationem
643 1564 791 1592 cognosce-

38 1608 87 1630 teut.

60 1647 146 1683 Tertio,
161 1657 287 1685 quaenam
303 1650 406 1678 iuerint
426 1650 471 1677 illa
486 1649 668 1682 Clementina,
685 1657 745 1685 quae
767 1650 794 1677 in

38 1693 75 1721 hoc
88 1694 196 1723 Indiculo
211 1700 412 1729 memorantur,
431 1703 486 1723 non
499 1696 578 1724 docet
596 1692 712 1724 Dallaeus
728 1703 795 1723 :vo—

38 1746 67 1767 at
78 1742 172 1776 quidem
187 1742 284 1769 Libros
307 1742 448 1769 Clementis
467 1742 512 1770 3‘2.
531 1742 583 1770 Sed
601 1743 714 1778 quinam
736 1742 795 1770 fue-

38 1786 77 1814 rint
86 1787 138 1815 libri
150 1788 182 1816 52
192 1789 238 1824 qui
249 1788 399 1820 Clementi,
411 1792 508 1823 praeter
517 1796 564 1816 eos
574 1789 621 1823 qui
634 1789 662 1816 in
672 1787 795 1816 lndiculo

39 1834 137 1866 superius
154 1839 353 1867 memorantur,
380 1834 492 1861 attribui
510 1834 641 1868 solerent,
665 1841 699 1862 ne
712 1834 795 1862 laudo

39 1879 153 1915 quisquam
168 1881 255 1908 adhuc
274 1880 386 1908 audivit.
411 1879 482 1913 Quid
509 1880 591 1916 igitur
618 1882 642 1908 si
661 1888 711 1916 pro
732 1881 755 1907 A
774 1880 795 1907 Β

40 1924 134 1959 legamus
145 1926 195 1953 AB
210 1927 244 1963 (A
256 1927 333 1954 enim
347 1931 374 1954 et
391 1927 415 1953 Α
428 1933 500 1960 saepe
520 1926 549 1954 in
576 1934 643 1954 mss.
678 1926 795 1954 confun-

39 1970 137 2007 duntur),
152 1979 178 2001 et
192 1974 261 2000 duas
281 1972 430 2000 Clementis
448 1973 578 2008 epistolas
593 1972 795 2008 intelligamus?

40 2020 86 2044 tunc
97 2019 159 2046 enim
175 2025 201 2047 et
212 2027 311 2047 versus
325 2019 410 2053 2,600
427 2019 480 2047 illis
499 2019 566 2047 satis
583 2019 652 2047 bene
676 2020 795 2054 quadra-

40 2062 90 2090 bunt
105 2064 169 2100 (nam
183 2071 330 2101 utramque
350 2065 432 2094 simul
448 2071 585 2101 sumptam
603 2073 666 2093 cum
679 2066 737 2101 jam
752 2065 795 2093 in-

40 2114 101 2144 legas
112 2118 203 2146 essent,
218 2121 346 2148 aequasse
364 2111 540 2148 Evangelium
566 2113 717 2140 secundum
743 2112 794 2139 Lu-

39 2160 142 2191 cam,cui
160 2161 270 2188 totidem
289 2160 370 2195 plane
388 2168 483 2187 versus
503 2160 689 2193 ascribuntur,
704 2160 794 2195 quivis

39 2205 162 2241 concedet).
175 2212 200 2234 et
213 2208 364 2242 genuinum
383 2206 530 2233 Clementis
557 2214 626 2240 opus
648 2205 794 2241 lgnatianis

38 2250 167 2284 adjunctunt
195 2254 369 2286 habebimus,
395 2253 467 2288 quod
487 2261 519 2280 ea
541 2253 671 2288 paritera
693 2261 793 2288 suppo-
810 2273 832 2300 Β
844 2268 893 2295 Διὰ
909 2267 955 2294 τοῦ

38 2297 123 2325 sitionis
133 2300 238 2328 crimine
250 2300 386 2328 liberabit.
399 2299 509 2333 Quinto,
521 2300 593 2335 quod
606 2299 719 2328 Hermas
731 2308 794 2328 cum

38 2339 158 2376 lgnztianis
185 2346 353 2378 nominetur,
382 2346 475 2381 negari
500 2354 555 2373 non
580 2353 660 2381 posse
681 2346 793 2380 volunt,

38 2388 90 2421 quin
104 2389 254 2426 Nicephorus
271 2393 364 2420 cadent
380 2393 501 2420 habuerit
515 2402 562 2428 pro
575 2394 662 2428 falsis,
679 2394 795 2428 adeoque

39 2434 93 2466 ﬁctis
114 2442 135 2462 et
159 2439 264 2471 spuriis.
287 2438 345 2466 lmo
359 2446 423 2466 vero
442 2439 494 2466 hoc
517 2440 609 2474 negari
632 2440 713 2474 idque
734 2439 795 2474 jure

39 2481 121 2513 optimo
130 2489 220 2518 potest,
231 2486 254 2513 si
263 2485 513 2513 vetustissimorum
522 2487 796 2521 doctissimorumque

39 2526 60 2551 in
75 2526 177 2557 Ecclesia
192 2533 357 2568 scriptorum
374 2533 516 2560 sententia:
531 2533 794 2567 animadvertatttur,

30 2579 94 2619 lituos
104 2581 216 2605 secutum
229 2577 314 2606 fuisse
327 2582 469 2606 auctorem
485 2577 679 2606 Stichometria:
693 2587 743 2614 par
753 2584 796 2607 est

28 2627 34 2648 2
39 2621 137 2650 credere.

66 2667 121 2700 Quae
131 2669 246 2699 lueritS.
266 2672 364 2700 lranei
385 2673 419 2700 de
440 2672 547 2701 Hermae
560 2673 632 2700 libro
648 2673 794 2707 sententia,

40 2714 66 2740 ab
81 2715 183 2745 Eusebio
207 2720 380 2747 observatum
403 2725 454 2753 est,
477 2720 548 2748 Hist.
565 2721 655 2748 eccles.
690 2721 709 2748 l.
725 2729 753 2754 v,
769 2727 794 2748 c.

41 2759 70 2785 δῖ
84 2763 115 2788 Οὐ
131 2765 204 2798 μόνον
219 2766 245 2793 δὲ
260 2765 342 2800 οἶδεν,
360 2766 427 2794 ἀλλὰ
445 2767 491 2794 καὶ
508 2767 667 2803 ἀποδέχεται
684 2767 732 2802 τὴν
749 2766 795 2793 τοῦ

41 2807 160 2844 Πιιμένος
187 2815 302 2850 γραφὴν,
330 2814 426 2849 λέγων·
455 2814 560 2847 Καλῶς
587 2814 643 2841 οὖν
666 2814 751 2840 εἶπεν
776 2814 796 2848 ἡ

42 2855 125 2890 Γραρὴ
147 2859 164 2892 ὴ
189 2860 327 2895 λέγουσιν
351 2860 471 2896 Πρῶτον
496 2861 615 2888 πάντων
631 2862 797 2888 πίστευσον

41 2899 75 2926 ὅτι
87 2902 123 2937 εἷς
136 2905 214 2932 ἐστιν
230 2910 244 2935 ό
261 2907 333 2940 Θεὸς
349 2909 366 2934 ό
381 2908 418 2936 τὰ
434 2907 532 2935 πάντα
546 2908 653 2941 κτίσας
669 2908 717 2935 καὶ
731 2917 797 2935 κατ-

845 262 929 294 mcm)
960 259 1005 287 sed
1032 264 1057 286 et
1090 259 1181 293 recipit
1205 256 1327 284 Pastoris
1350 256 1527 290 scripturam.
1542 255 1632 282 dicens

844 306 902 340 (ΠΙ).
925 313 962 337 tv,
980 313 1006 332 c.
1024 304 1070 336 57,
1097 303 1246 331 secundum
1280 302 1454 337 interpretem
1476 301 1606 334 veterem)
1626 309 1632 326 :

852 361 861 377 ι
880 351 949 378 Bene
966 358 1027 385 ergo
1046 348 1185 384 Scriptura
1202 348 1268 375 dicit
1291 355 1302 374 :
1316 346 1408 374 Primo
1429 346 1546 373 omnium
1559 345 1634 372 crede

843 398 968 433 quoniam
982 404 1050 423 unus
1064 400 1102 423 est
1118 395 1199 427 Deus,
1214 395 1258 429 qui
1271 393 1361 420 omnia
1380 392 1518 419 constituit
1533 396 1559 418 et
1571 400 1634 418 con-

843 443 996 474 summauit,
1011 446 1036 468 et
1059 441 1121 476 [erit
1148 448 1181 467 ex
1209 447 1240 466 eo
1267 438 1336 474 quod
1355 446 1406 464 non
1421 442 1488 468 erat,
1503 442 1533 464 ut
1549 443 1633 464 essent

843 489 942 520 omnia,
960 488 1076 514 omnium
1094 494 1188 520 capax,
1206 490 1229 512 et
1244 485 1290 520 qui
1310 493 1326 511 a
1348 484 1449 511 nemine
1469 483 1601 518 capiatur.
1621 493 1630 508 ι

843 534 910 568 Quae
924 534 1006 562 verba
1021 538 1130 561 exstant
1142 532 1249 560 Hermze
1268 532 1287 558 l.
1305 539 1334 564 ιι,
1356 530 1486 558 mandato
1504 530 1531 562 l,
1551 530 1633 557 toties

844 586 902 606 turn
920 587 935 606 a
946 578 1094 607 Catholicis
1111 582 1168 605 tum
1183 577 1217 604 ab
1244 576 1377 604 haereticis
1399 576 1490 604 citata.
1507 574 1634 602 Clemens

848 623 1048 652 Alexandrinus
1071 621 1172 649 lrenazo
1195 621 1351 657 σύγχρονος,
1374 619 1479 646 Hermae
1505 618 1633 653 frequen-

845 671 909 703 tius,
929 678 1012 705 quam
1033 669 1188 704 cujuspiam
1209 667 1353 702 scriptoris
1379 666 1557 694 ecclesiastici
1583 673 1633 692 au-

842 716 970 744 ctoritate
983 715 1081 748 utitur,
1105 721 1223 749 eumque
1242 713 1342 748 saepius
1363 712 1481 748 explicat
1505 716 1533 740 et
1549 712 1620 739 inter

841 766 975 797 pretatur.
998 761 1167 788 Sententiam
1184 760 1245 794 ejus
1261 759 1295 787 de
1316 759 1388 786 libro
1407 759 1467 794 ipso
1485 758 1527 786 vel
1541 766 1574 786 ex
1590 756 1634 786 his

840 807 909 835 locis
937 806 1065 841 colligere
1090 813 1250 840 possumus.
1274 804 1422 839 Στρωματ.
1440 803 1459 831 l.
1481 812 1489 831 ι
1515 813 1521 831 :
1547 802 1634 836 Θιίως

840 852 928 879 τοίνυν
944 853 961 888 ἡ
978 851 1090 886 δύναμις
1106 852 1123 886 ἡ
1141 850 1180 885 τῷ
1202 850 1290 886 Ἑρμᾷ
1307 850 1377 876 κατὰ
1400 847 1571 884 ἀποκάλυψιν
1585 848 1634 876 λα·

840 898 932 925 λοῦσα·
955 898 993 925 Τὰ
1009 897 1150 932 ὁράματα,
1168 896 1246 932 φησὶ,
1264 896 1312 923 καὶ
1330 895 1365 922 τὰ
1379 895 1634 930 ἁποκαλύμματαδ

842 944 936 971 Divine
951 951 1013 978 ergo
1026 947 1142 977 potestas
1153 942 1201 968 illa
1216 950 1274 977 qua:
1288 941 1394 968 Hermae
1412 941 1531 976 loquitur
1544 942 1571 968 in
1595 949 1633 968 re-

842 989 983 1021 uelatione,
1002 998 1011 1014 ι
1034 987 1164 1020 Visiones,
1178 987 1277 1022 inquit,
1291 992 1316 1014 et
1336 986 1516 1021 revelationes,
1534 997 1543 1013 ι
1563 992 1634 1020 etc.;

843 1033 862 1061 l.
882 1041 907 1060 νι
926 1043 933 1060 :
950 1033 1004 1060 Καὶ
1023 1032 1112 1065 καλῶς
1136 1032 1244 1069 εἴρηται
1261 1032 1300 1068 τῷ
1317 1030 1440 1068 Ποιμένι,
1458 1032 1636 1066 Κατέθησαν

842 1080 897 1106 οὖν
903 1080 967 1114 μετ’
981 1079 1080 1107 αὐτῶν
1091 1079 1139 1114 (ita
1152 1079 1306 1114 legendum)
1316 1080 1359 1111 εὶς
1373 1078 1405 1105 τὸ
1420 1077 1506 1113 ὕδωρ.
1519 1077 1554 1105 Et
1566 1087 1635 1113 prc-

843 1126 914 1154 clare
940 1127 1043 1153 dictitat
1068 1131 1107 1153 est
1135 1134 1151 1153 a
1177 1125 1310 1152 Portare:
1330 1134 1340 1150 t
1363 1124 1554 1152 Descendcrunt
1573 1133 1635 1161 ergo

843 1180 903 1198 cum
913 1173 951 1199 eis
963 1173 1040 1208 (non,
1055 1181 1157 1205 eorum,
1170 1176 1200 1199 ut
1215 1172 1286 1199 male
1297 1171 1441 1207 interpres)
1457 1172 1484 1198 in
1496 1180 1602 1207 aquam.
1620 1181 1631 1199 ι

843 1217 987 1253 Origenes,
1001 1217 1150 1246 Clementis
1165 1217 1335 1254 discipulus,
1353 1217 1460 1245 Hermas
1478 1217 1636 1246 testimonio

843 1264 1011 1292 creberrime
1028 1265 1125 1298 utitur,
1143 1268 1171 1292 et
1186 1269 1244 1292 tum
1269 1272 1351 1292 suum
1375 1267 1434 1291 tum
1455 1264 1571 1292 aliorum
1586 1264 1634 1300 jn-~

843 1310 947 1338 dicium
975 1310 1009 1337 de
1039 1310 1118 1337 libris
1140 1308 1200 1344 ejus
1225 1317 1296 1344 saepe
1316 1309 1456 1344 exprimit.
1486 1310 1634 1337 Auctorem

843 1356 970 1391 agnoscit
988 1355 1117 1383 Hermam
1136 1355 1223 1387 illum,
1235 1356 1314 1390 cujus
1331 1356 1358 1382 in
1380 1354 1502 1391 Epistola
1520 1356 1554 1383 ad
1575 1355 1635 1382 llo-

843 1408 942 1428 manos
961 1401 1064 1428 mentio
1087 1402 1127 1434 tit,
1141 1405 1168 1428 et
1181 1408 1250 1436 opus
1269 1401 1357 1435 ipsum
1380 1401 1408 1428 in
1423 1401 1635 1430 Commentariis

843 1446 876 1474 ad
894 1454 957 1474 eum
974 1446 1064 1474 locum
1080 1454 1244 1482 magnopere
1259 1447 1363 1474 laudat.
1383 1446 1452 1474 Puto
1473 1452 1572 1480 tamen,
1589 1448 1634 1475 in-

843 1491 914 1526 quit,
930 1491 1000 1526 quod
1023 1490 1136 1518 Hermas
1150 1492 1200 1518 iste
1221 1491 1256 1518 sit
1277 1491 1392 1526 scriptor
1406 1491 1488 1518 libelli
1501 1491 1574 1519 illius
1589 1493 1635 1528 qui

843 1536 942 1565 Pastor
956 1537 1116 1572 appellatur.
1144 1537 1210 1570 Quae
1232 1537 1364 1572 scriptura
1384 1537 1459 1564 valde
1478 1538 1544 1564 mihi
1559 1538 1635 1565 utilis

847 1584 960 1616 videtur,
982 1588 1017 1617 et,
1041 1589 1069 1610 ut
1086 1588 1160 1618 puto,
1180 1583 1307 1610 diuinitus
1330 1583 1472 1618 inspirata.
1488 1582 1588 1610 Homil.
1606 1584 1635 1611 in

848 1628 962 1660 Lucam,
974 1627 1008 1656 55
1024 1638 1029 1654 :
1045 1627 1166 1663 Legimus
1180 1629 1213 1663 (si
1229 1633 1314 1655 tamen
1329 1629 1372 1655 cui
1385 1630 1470 1663 placet
1485 1629 1636 1664 hujusmodi

847 1674 1007 1708 scripturam
1028 1674 1152 1708 recipere)
1174 1673 1290 1707 justitite
1318 1678 1344 1700 et
1364 1673 1512 1708 iniquitatis
1529 1674 1635 1709 angelos

846 1727 924 1753 super
940 1719 1052 1746 Abrahae
1075 1718 1162 1746 salute
1185 1723 1210 1745 et
1229 1719 1341 1745 interitu
1365 1718 1556 1754 disceptantes;
1571 1720 1636 1747 dum

846 1769 964 1799 utrmque
989 1769 1084 1791 turma:
1110 1772 1158 1791 suo
1186 1772 1246 1791 eum
1278 1763 1369 1791 volunt
1391 1765 1469 1791 omni
1490 1766 1634 1792 vindicare.

846 1809 923 1843 Quod
937 1811 960 1838 si
976 1811 1018 1836 cui
1030 1809 1163 1845 displicet,
1181 1815 1299 1838 transeat
1317 1811 1352 1837 ad
1372 1812 1503 1842 volumen.
1519 1812 1589 1846 quod
1602 1812 1636 1838 ti-

846 1857 901 1883 tulo
914 1855 1036 1884 Pastoﬁs
1051 1855 1187 1889 scribitur,
1199 1861 1224 1883 et
1244 1857 1356 1884 inveniet
1372 1856 1474 1883 cunctis
1487 1856 1636 1883 horninibus

846 1903 912 1929 duos
929 1902 1019 1929 adesse
1030 1902 1146 1937 angelos.
1161 1901 1248 1930 Tomo
1260 1911 1318 1936 xw,
1336 1903 1364 1930 in
1376 1902 1534 1930 Matthzeum
1545 1903 1592 1930 :El
1607 1903 1636 1930 δὲ

845 1947 898 1983 χρὴ
913 1947 1086 1983 τολμήσαντα
1103 1947 1149 1974 καὶ
1166 1947 1220 1974 ἀπό
1237 1957 1309 1980 τινος
1326 1948 1479 1984 φερομένης
1496 1948 1545 1984 μὲν
1561 1950 1590 1975 ὲν
1602 1949 1635 1984 τῇ

852 1993 1000 2030 Ἐκκλησία
1017 1994 1135 2030 γραφῆς,
1153 1994 1183 2020 οὐ
1201 1994 1276 2030 παρὰ
1292 1995 1358 2021 πᾶσι
1375 1994 1402 2021 δὲ
1418 1995 1636 2031 ὁμολογουμένης

845 2035 912 2066 εἶναι
929 2039 1012 2072 θείας,
1031 2039 1060 2066 τὸ
1076 2040 1179 2066 τοιοῦτο
1195 2040 1454 2076 παραμυθήσασθαι,
1473 2041 1587 2078 ληφθείη
1603 2041 1636 2069 ἂν

844 2085 875 2112 τὸ
891 2085 944 2113 ἀπὸ
961 2086 1008 2112 τοῦ
1024 2085 1177 2121 Ποιμὲνος.
1197 2086 1244 2114 Sin
1259 2087 1407 2114 audendum
1421 2088 1455 2114 sit
1469 2088 1540 2114 istud
1558 2088 1637 2115 emol-

845 2130 894 2157 lire
903 2138 936 2158 ea:
947 2131 1064 2166 quadam
1079 2132 1222 2166 scriptura,
1235 2140 1293 2167 qua:
1304 2133 1329 2158 in
1345 2131 1467 2160 Ecclesia
1478 2134 1636 2168 circumfer-

846 2182 899 2210 tur,
913 2177 959 2204 sed
975 2185 1025 2204 non
1039 2177 1070 2204 ab
1082 2177 1202 2204 omnibus
1214 2185 1261 2212 pro
1272 2177 1362 2204 divina
1374 2177 1495 2210 habetur,
1509 2178 1636 2205 adhibea-

846 2227 889 2249 tur
918 2221 987 2248 illud
1008 2229 1040 2249 ea;
1067 2222 1135 2248 libro
1158 2221 1290 2250 Pastoris.
1308 2223 1378 2256 Περὶ
1395 2223 1506 2257 ἀρχῶν,
1525 2223 1572 2250 lib.
1591 2231 1633 2250 Iv:

958 2277 988 2294 το
1005 2269 1084 2303 ἡμεῖς
1102 2268 1148 2295 καὶ
1165 2268 1194 2295 τὸ
1211 2270 1240 2295 ὲν
1257 2268 1294 2304 τῷ
1320 2269 1373 2295 ἀπό
1397 2277 1478 2295 τινων
1503 2277 1636 2306 καταφρο-

845 2313 967 2348 νουμένῳ
985 2312 1090 2348 βιϐλίῳ,
1108 2312 1146 2348 τῷ
1163 2313 1294 2348 Ποιμένι,
1313 2314 1377 2350 περὶ
1403 2313 1450 2340 τοῦ
1468 2315 1636 2350 προστάσσε-

846 2358 907 2385 σθαι
923 2358 968 2384 τὸν
992 2357 1095 2394 Ἑρμᾶν
1111 2358 1158 2385 δύο
1168 2359 1272 2394 γράψαι
1287 2359 1389 2394 βιϐλία,
1406 2360 1453 2386 ’καὶ
1469 2360 1538 2395 μετὰ
1549 2359 1637 2387 ταῦτα.

844 2406 924 2432 αὐτὸν
950 2405 1125 2440 ἀναγγέλλων
1149 2407 1205 2437 τοῖς
1231 2406 1425 2442 πρεσϐυτέροις
1449 2406 1498 2441 τῆς
1522 2406 1635 2442 Ἐκκλη-

846 2451 906 2483 σίας
930 2450 948 2478 ἃ
974 2451 1132 2487 μεμάθηκεν
1157 2452 1211 2478 ἀπὸ
1235 2452 1281 2478 τοῦ
1298 2451 1466 2488 Πνεύματος,
1492 2452 1563 2479 οὕτω
1578 2452 1636 2489 διη-

845 2496 975 2532 γοὺμεϐα.
994 2496 1137 2532 Propterea
1158 2507 1204 2525 nos
1222 2498 1290 2524 illud
1309 2499 1336 2525 in
1354 2497 1479 2530 Pastore,
1499 2498 1566 2526 libro
1589 2501 1635 2535 qui

846 2541 877 2568 ab
890 2541 1023 2576 aliquibus
1037 2543 1223 2574 contemnitur,
1236 2543 1268 2569 de
1288 2542 1352 2569 dato
1368 2541 1474 2569 Hermae
1492 2548 1633 2577 prtecepto,

845 2592 874 2614 ut
891 2588 957 2614 duos
983 2587 1065 2614 libros
1082 2588 1217 2621 scriberet,
1244 2588 1348 2623 ipseque
1375 2593 1464 2623 postea
1487 2588 1633 2616 senioribus

847 2632 973 2660 Ecclesia:
985 2634 1153 2661 annuntiaret
1164 2643 1222 2669 quae
1238 2643 1254 2661 a
1266 2633 1367 2668 Spiritu
1383 2634 1525 2669 didicerat,
1536 2636 1574 2662 ita
1593 2635 1635 2662 in-

847 2683 1031 2713 terpretamur.
1049 2678 1165 2706 llomilia
1183 2679 1209 2712 8,
1231 2680 1258 2707 in
1275 2679 1411 2707 Numeros
1428 2689 1433 2706 :
1453 2681 1530 2713 Quod
1546 2685 1633 2708 autem

846 2725 901 2752 dies
920 2726 1020 2760 peccati
1033 2726 1061 2753 in
1077 2735 1174 2754 annum
1189 2735 1271 2762 pana:
1282 2732 1423 2761 reputetur,
1439 2736 1490 2754 non
1510 2727 1595 2754 solum
1605 2728 1634 2754 in

847 2771 894 2798 hoc
908 2771 986 2803 libro.
1003 2772 1030 2798 in
1045 2781 1095 2807 quo
1109 2773 1175 2800 nillil
1188 2774 1293 2800 omnino
1307 2779 1344 2800 est
1356 2773 1425 2808 quod
1437 2773 1555 2800 dubitari
1571 2781 1633 2807 pos-

847 2819 893 2849 sit,
917 2817 1075 2850 ostenditur,
1099 2819 1144 2846 sed
1161 2825 1185 2846 et
1201 2820 1228 2846 in
1239 2819 1326 2846 libella
1345 2819 1476 2850 Pastoris,
1492 2819 1515 2845 si
1530 2819 1572 2846 cui
1588 2825 1633 2846 ta-

848 2872 904 2890 men
920 2865 1053 2899 scriptura
1071 2864 1119 2891 illa
1138 2865 1288 2900 recipienda
1310 2865 1422 2898 videtur,
1441 2864 1540 2892 similia
1565 2864 1631 2892 desi-

849 2915 971 2944 qnantur.
986 2909 1129 2941 Eusebius.
1146 2910 1217 2938 Hist.
1235 2912 1298 2939 θεοί.
1320 2912 1339 2939 1.
1355 2920 1399 2946 ιιι,
1412 2919 1436 2940 c.
1451 2911 1468 2938 5
1483 2920 1490 2938 :
1516 2911 1592 2938 Ἐπεὶ
1606 2911 1633 2937 δὲ
