  <div class='ocr_page' id='page_1' title='image "/cluster/home/n/w/nwhite01/storage/ocr_20150623/5/njp.32101077772372/073.png"; bbox 0 0 1874 3070; ppageno 0'>
   <div class='ocr_carea' id='block_1_1' title="bbox 217 139 264 166">
    <p class='ocr_par' dir='ltr' id='par_1_1' title="bbox 217 139 264 166">
     <span class='ocr_line' id='line_1_1' title="bbox 217 139 264 166; baseline 0.021 -1"><span class='ocrx_word' id='word_1_1' title='bbox 217 139 264 166; x_wconf 79' lang='lat' dir='ltr'><strong><em>ill</em></strong></span> 
     </span>
    </p>
   </div>
   <div class='ocr_carea' id='block_1_2' title="bbox 743 143 1306 176">
    <p class='ocr_par' dir='ltr' id='par_1_2' title="bbox 743 143 1306 176">
     <span class='ocr_line' id='line_1_2' title="bbox 743 143 1306 176; baseline 0.009 -5"><span class='ocrx_word' id='word_1_2' title='bbox 743 143 773 171; x_wconf 89' lang='lat' dir='ltr'><strong><em>S.</em></strong></span> <span class='ocrx_word' id='word_1_3' title='bbox 795 143 970 173; x_wconf 79' lang='lat' dir='ltr'><strong><em>lGNATIUS.</em></strong></span> <span class='ocrx_word' id='word_1_4' title='bbox 990 161 1024 166; x_wconf 90' lang='lat'><strong>—</strong></span> <span class='ocrx_word' id='word_1_5' title='bbox 1039 146 1306 176; x_wconf 70' lang='lat' dir='ltr'><strong><em>PROLEGOMENA.</em></strong></span> 
     </span>
    </p>
   </div>
   <div class='ocr_carea' id='block_1_3' title="bbox 1807 151 1867 179">
    <p class='ocr_par' dir='ltr' id='par_1_3' title="bbox 1807 151 1867 179">
     <span class='ocr_line' id='line_1_3' title="bbox 1807 151 1867 179; baseline 0.033 -2"><span class='ocrx_word' id='word_1_6' title='bbox 1807 151 1867 179; x_wconf 67' lang='lat'><strong><em>“2</em></strong></span> 
     </span>
    </p>
   </div>
   <div class='ocr_carea' id='block_1_4' title="bbox 211 200 1854 246">
    <p class='ocr_par' dir='ltr' id='par_1_4' title="bbox 211 200 1854 246">
     <span class='ocr_line' id='line_1_4' title="bbox 211 200 1854 246; baseline 0.005 -18"><span class='ocrx_word' id='word_1_7' title='bbox 211 203 225 227; x_wconf 69' lang='grc' dir='ltr'><strong>ὁ</strong></span> <span class='ocrx_word' id='word_1_8' title='bbox 241 200 321 234; x_wconf 68' lang='grc' dir='ltr'><strong>αὐτὸς</strong></span> <span class='ocrx_word' id='word_1_9' title='bbox 350 203 511 236; x_wconf 65' lang='grc' dir='ltr'><strong>’Λπόπολος</strong></span> <span class='ocrx_word' id='word_1_10' title='bbox 536 205 566 231; x_wconf 74' lang='grc' dir='ltr'><strong>ἑν</strong></span> <span class='ocrx_word' id='word_1_11' title='bbox 593 205 654 236; x_wconf 80' lang='grc' dir='ltr'><strong>ταῖς</strong></span> <span class='ocrx_word' id='word_1_12' title='bbox 679 206 725 232; x_wconf 74' lang='grc' dir='ltr'><strong><em>ἐπὶ</em></strong></span> <span class='ocrx_word' id='word_1_13' title='bbox 741 206 813 233; x_wconf 69' lang='grc' dir='ltr'><strong>τέλει</strong></span> <span class='ocrx_word' id='word_1_14' title='bbox 839 208 1010 244; x_wconf 79' lang='grc' dir='ltr'><strong>προσρήσεσι</strong></span> <span class='ocrx_word' id='word_1_15' title='bbox 1024 211 1047 240; x_wconf 76' lang='grc' dir='ltr'>Α</span> <span class='ocrx_word' id='word_1_16' title='bbox 1062 209 1113 246; x_wconf 75' lang='grc' dir='ltr'><strong><em>ϐὴς</em></strong></span> <span class='ocrx_word' id='word_1_17' title='bbox 1124 208 1171 237; x_wconf 86' lang='grc' dir='ltr'><strong><em>οὖν</em></strong></span> <span class='ocrx_word' id='word_1_18' title='bbox 1181 210 1291 238; x_wconf 76' lang='grc' dir='ltr'>ἃπασαν</span> <span class='ocrx_word' id='word_1_19' title='bbox 1301 210 1351 246; x_wconf 83' lang='grc' dir='ltr'><strong><em>τὴν</em></strong></span> <span class='ocrx_word' id='word_1_20' title='bbox 1360 209 1499 246; x_wconf 81' lang='grc' dir='ltr'>διαγωγὴν</span> <span class='ocrx_word' id='word_1_21' title='bbox 1508 210 1611 246; x_wconf 80' lang='grc' dir='ltr'><strong><em>ὲνοῐκῳ</em></strong></span> <span class='ocrx_word' id='word_1_22' title='bbox 1621 211 1722 242; x_wconf 79' lang='grc' dir='ltr'>κακίας</span> <span class='ocrx_word' id='word_1_23' title='bbox 1733 210 1794 246; x_wconf 75' lang='grc' dir='ltr'><strong>ἔχει</strong></span> <span class='ocrx_word' id='word_1_24' title='bbox 1803 211 1854 237; x_wconf 75' lang='grc' dir='ltr'><strong>δια</strong></span> 
     </span>
    </p>
   </div>
   <div class='ocr_carea' id='block_1_5' title="bbox 211 248 1005 289">
    <p class='ocr_par' dir='ltr' id='par_1_5' title="bbox 211 248 1005 289">
     <span class='ocr_line' id='line_1_5' title="bbox 211 248 1005 289; baseline 0.009 -14"><span class='ocrx_word' id='word_1_25' title='bbox 211 249 260 284; x_wconf 78' lang='grc' dir='ltr'><strong>τῆς</strong></span> <span class='ocrx_word' id='word_1_26' title='bbox 276 249 345 285; x_wconf 67' lang='grc' dir='ltr'><strong>πρὸς</strong></span> <span class='ocrx_word' id='word_1_27' title='bbox 372 248 525 285; x_wconf 71' lang='grc' dir='ltr'><strong><em>Ῥωμαίους</em></strong></span> <span class='ocrx_word' id='word_1_28' title='bbox 550 251 660 287; x_wconf 85' lang='grc' dir='ltr'><strong><em>μνήμην</em></strong></span> <span class='ocrx_word' id='word_1_29' title='bbox 683 252 830 289; x_wconf 80' lang='grc' dir='ltr'><strong>πεποίηται</strong></span> <span class='ocrx_word' id='word_1_30' title='bbox 857 254 927 289; x_wconf 81' lang='grc' dir='ltr'><strong>μετὰ</strong></span> <span class='ocrx_word' id='word_1_31' title='bbox 951 254 1005 281; x_wconf 79' lang='grc' dir='ltr'><strong>τῶν</strong></span> 
     </span>
    </p>
   </div>
   <div class='ocr_carea' id='block_1_6' title="bbox 211 294 1006 335">
    <p class='ocr_par' dir='ltr' id='par_1_6' title="bbox 211 294 1006 335">
     <span class='ocr_line' id='line_1_6' title="bbox 211 294 1006 335; baseline 0.006 -13"><span class='ocrx_word' id='word_1_32' title='bbox 211 295 299 322; x_wconf 78' lang='grc' dir='ltr'><strong>ιλλων</strong></span> <span class='ocrx_word' id='word_1_33' title='bbox 315 296 361 323; x_wconf 71' lang='grc' dir='ltr'><strong><em>καὶ</em></strong></span> <span class='ocrx_word' id='word_1_34' title='bbox 382 296 481 332; x_wconf 78' lang='grc' dir='ltr'><strong>Ἑρμᾶ,</strong></span> <span class='ocrx_word' id='word_1_35' title='bbox 498 294 530 324; x_wconf 79' lang='grc' dir='ltr'><strong>οὗ</strong></span> <span class='ocrx_word' id='word_1_36' title='bbox 547 305 629 332; x_wconf 85' lang='grc' dir='ltr'><strong>φασιν</strong></span> <span class='ocrx_word' id='word_1_37' title='bbox 645 298 778 334; x_wconf 80' lang='grc' dir='ltr'><strong><em>ὑπάρχειν</em></strong></span> <span class='ocrx_word' id='word_1_38' title='bbox 793 297 823 326; x_wconf 74' lang='grc' dir='ltr'><strong><em>τὸ</em></strong></span> <span class='ocrx_word' id='word_1_39' title='bbox 839 300 886 326; x_wconf 84' lang='grc' dir='ltr'><strong>τοῦ</strong></span> <span class='ocrx_word' id='word_1_40' title='bbox 902 298 1006 335; x_wconf 80' lang='grc' dir='ltr'><strong><em>Ποιμέ-</em></strong></span> 
     </span>
    </p>
   </div>
   <div class='ocr_carea' id='block_1_7' title="bbox 210 341 1006 382">
    <p class='ocr_par' dir='ltr' id='par_1_7' title="bbox 210 341 1006 382">
     <span class='ocr_line' id='line_1_7' title="bbox 210 341 1006 382; baseline 0.008 -14"><span class='ocrx_word' id='word_1_41' title='bbox 210 350 265 375; x_wconf 74' lang='grc' dir='ltr'><strong>γος</strong></span> <span class='ocrx_word' id='word_1_42' title='bbox 282 341 393 377; x_wconf 72' lang='grc' dir='ltr'><strong>βιϐλίον’</strong></span> <span class='ocrx_word' id='word_1_43' title='bbox 413 343 500 370; x_wconf 71' lang='grc' dir='ltr'>ἰστέον</span> <span class='ocrx_word' id='word_1_44' title='bbox 515 341 553 376; x_wconf 81' lang='grc' dir='ltr'><strong>ὡς</strong></span> <span class='ocrx_word' id='word_1_45' title='bbox 578 344 624 371; x_wconf 80' lang='grc' dir='ltr'><strong><em>καὶ</em></strong></span> <span class='ocrx_word' id='word_1_46' title='bbox 649 345 729 372; x_wconf 79' lang='grc' dir='ltr'><strong>τοῦτο</strong></span> <span class='ocrx_word' id='word_1_47' title='bbox 755 345 824 382; x_wconf 71' lang='grc' dir='ltr'><strong>πρὸς</strong></span> <span class='ocrx_word' id='word_1_48' title='bbox 851 346 901 382; x_wconf 82' lang='grc' dir='ltr'><strong><em>μέν</em></strong></span> <span class='ocrx_word' id='word_1_49' title='bbox 923 355 1006 374; x_wconf 81' lang='grc' dir='ltr'>τινων</span> 
     </span>
    </p>
   </div>
   <div class='ocr_carea' id='block_1_8' title="bbox 210 387 1006 429">
    <p class='ocr_par' dir='ltr' id='par_1_8' title="bbox 210 387 1006 429">
     <span class='ocr_line' id='line_1_8' title="bbox 210 387 1006 429; baseline 0.008 -14"><span class='ocrx_word' id='word_1_50' title='bbox 210 388 407 422; x_wconf 71' lang='grc' dir='ltr'><strong><em>ἁντιλέλεκται,</em></strong></span> <span class='ocrx_word' id='word_1_51' title='bbox 433 387 466 417; x_wconf 81' lang='grc' dir='ltr'><strong>δι’</strong></span> <span class='ocrx_word' id='word_1_52' title='bbox 491 390 539 422; x_wconf 84' lang='grc' dir='ltr'><strong>οὒς</strong></span> <span class='ocrx_word' id='word_1_53' title='bbox 554 390 604 418; x_wconf 73' lang='grc' dir='ltr'><strong><em>οὐκ</em></strong></span> <span class='ocrx_word' id='word_1_54' title='bbox 620 391 653 418; x_wconf 80' lang='grc' dir='ltr'>ἂν</span> <span class='ocrx_word' id='word_1_55' title='bbox 669 392 699 419; x_wconf 84' lang='grc' dir='ltr'>ὲν</span> <span class='ocrx_word' id='word_1_56' title='bbox 723 393 949 429; x_wconf 78' lang='grc' dir='ltr'><strong><em>ὁμολογουμένοις</em></strong></span> <span class='ocrx_word' id='word_1_57' title='bbox 965 403 1006 421; x_wconf 83' lang='grc' dir='ltr'><strong><em>τι-</em></strong></span> 
     </span>
    </p>
   </div>
   <div class='ocr_carea' id='block_1_9' title="bbox 212 434 1007 475">
    <p class='ocr_par' dir='ltr' id='par_1_9' title="bbox 212 434 1007 475">
     <span class='ocr_line' id='line_1_9' title="bbox 212 434 1007 475; baseline 0.008 -14"><span class='ocrx_word' id='word_1_58' title='bbox 212 434 282 471; x_wconf 76' lang='grc' dir='ltr'><strong>θείη·</strong></span> <span class='ocrx_word' id='word_1_59' title='bbox 303 436 348 470; x_wconf 79' lang='grc' dir='ltr'><strong><em>ὑφ’</em></strong></span> <span class='ocrx_word' id='word_1_60' title='bbox 372 437 473 473; x_wconf 75' lang='grc' dir='ltr'><strong><em>ἑτέρων</em></strong></span> <span class='ocrx_word' id='word_1_61' title='bbox 489 436 517 464; x_wconf 85' lang='grc' dir='ltr'><strong><em>δὲ</em></strong></span> <span class='ocrx_word' id='word_1_62' title='bbox 537 438 750 472; x_wconf 78' lang='grc' dir='ltr'><strong><em>ἀναγκαιότατον</em></strong></span> <span class='ocrx_word' id='word_1_63' title='bbox 775 437 817 472; x_wconf 82' lang='grc' dir='ltr'><strong>οἷς</strong></span> <span class='ocrx_word' id='word_1_64' title='bbox 834 440 951 475; x_wconf 79' lang='grc' dir='ltr'><strong>μάλιστα</strong></span> <span class='ocrx_word' id='word_1_65' title='bbox 966 440 1007 467; x_wconf 86' lang='grc' dir='ltr'><strong>δετ</strong></span> 
     </span>
    </p>
   </div>
   <div class='ocr_carea' id='block_1_10' title="bbox 213 482 1006 522">
    <p class='ocr_par' dir='ltr' id='par_1_10' title="bbox 213 482 1006 522">
     <span class='ocr_line' id='line_1_10' title="bbox 213 482 1006 522; baseline 0.006 -13"><span class='ocrx_word' id='word_1_66' title='bbox 213 482 407 518; x_wconf 77' lang='grc' dir='ltr'><strong>στοιχειώσεως</strong></span> <span class='ocrx_word' id='word_1_67' title='bbox 422 485 604 521; x_wconf 77' lang='grc' dir='ltr'><strong><em>εἰσαγωγικῆς</em></strong></span> <span class='ocrx_word' id='word_1_68' title='bbox 621 485 755 522; x_wconf 80' lang='grc' dir='ltr'><strong>κέκριται·</strong></span> <span class='ocrx_word' id='word_1_69' title='bbox 770 486 831 513; x_wconf 80' lang='grc' dir='ltr'><strong>ὅθεν</strong></span> <span class='ocrx_word' id='word_1_70' title='bbox 848 485 897 522; x_wconf 74' lang='grc' dir='ltr'><strong><em>ἤδη</em></strong></span> <span class='ocrx_word' id='word_1_71' title='bbox 912 486 959 514; x_wconf 75' lang='grc' dir='ltr'><strong><em>καὶ</em></strong></span> <span class='ocrx_word' id='word_1_72' title='bbox 976 487 1006 515; x_wconf 74' lang='grc' dir='ltr'>ἓν</span> 
     </span>
    </p>
   </div>
   <div class='ocr_carea' id='block_1_11' title="bbox 218 529 1006 569">
    <p class='ocr_par' dir='ltr' id='par_1_11' title="bbox 218 529 1006 569">
     <span class='ocr_line' id='line_1_11' title="bbox 218 529 1006 569; baseline 0.006 -13"><span class='ocrx_word' id='word_1_73' title='bbox 218 529 391 566; x_wconf 71' lang='grc' dir='ltr'><strong><em>Ἑκκλησξαις</em></strong></span> <span class='ocrx_word' id='word_1_74' title='bbox 414 530 492 566; x_wconf 76' lang='grc' dir='ltr'><strong>ἴσμεν</strong></span> <span class='ocrx_word' id='word_1_75' title='bbox 516 531 582 558; x_wconf 78' lang='grc' dir='ltr'>αὐτὸ</span> <span class='ocrx_word' id='word_1_76' title='bbox 605 532 856 569; x_wconf 80' lang='grc' dir='ltr'><strong>δεδημοσιευμένον,</strong></span> <span class='ocrx_word' id='word_1_77' title='bbox 879 533 927 560; x_wconf 79' lang='grc' dir='ltr'><strong><em>καὶ</em></strong></span> <span class='ocrx_word' id='word_1_78' title='bbox 950 533 1006 561; x_wconf 81' lang='grc' dir='ltr'><strong>τῶν</strong></span> 
     </span>
    </p>
   </div>
   <div class='ocr_carea' id='block_1_12' title="bbox 211 575 1006 616">
    <p class='ocr_par' dir='ltr' id='par_1_12' title="bbox 211 575 1006 616">
     <span class='ocr_line' id='line_1_12' title="bbox 211 575 1006 616; baseline 0.006 -14"><span class='ocrx_word' id='word_1_79' title='bbox 211 575 400 604; x_wconf 70' lang='grc' dir='ltr'><strong><em>παλαιοτάτων</em></strong></span> <span class='ocrx_word' id='word_1_80' title='bbox 430 576 459 604; x_wconf 83' lang='grc' dir='ltr'><strong><em>δὲ</em></strong></span> <span class='ocrx_word' id='word_1_81' title='bbox 491 579 673 614; x_wconf 79' lang='grc' dir='ltr'>συγγραφέων</span> <span class='ocrx_word' id='word_1_82' title='bbox 713 579 899 616; x_wconf 78' lang='grc' dir='ltr'><strong><em>κεχρημένους</em></strong></span> <span class='ocrx_word' id='word_1_83' title='bbox 929 579 1006 612; x_wconf 74' lang='grc' dir='ltr'><strong>τινὰς</strong></span> 
     </span>
    </p>
   </div>
   <div class='ocr_carea' id='block_1_13' title="bbox 211 623 1005 661">
    <p class='ocr_par' dir='ltr' id='par_1_13' title="bbox 211 623 1005 661">
     <span class='ocr_line' id='line_1_13' title="bbox 211 623 1005 661; baseline 0.005 -12"><span class='ocrx_word' id='word_1_84' title='bbox 211 623 286 659; x_wconf 76' lang='grc' dir='ltr'><strong><em>αὐτῷ</em></strong></span> <span class='ocrx_word' id='word_1_85' title='bbox 302 623 463 659; x_wconf 78' lang='grc' dir='ltr'><strong><em>κατείληφα.</em></strong></span> <span class='ocrx_word' id='word_1_86' title='bbox 487 624 621 657; x_wconf 80' lang='lat' dir='ltr'><strong><em>Quoniam</em></strong></span> <span class='ocrx_word' id='word_1_87' title='bbox 638 633 698 653; x_wconf 73' lang='lat' dir='ltr'><strong><em>vero</em></strong></span> <span class='ocrx_word' id='word_1_88' title='bbox 719 625 789 653; x_wconf 86' lang='lat' dir='ltr'><strong><em>idem</em></strong></span> <span class='ocrx_word' id='word_1_89' title='bbox 810 625 951 661; x_wconf 78' lang='lat' dir='ltr'><strong><em>Apostolus</em></strong></span> <span class='ocrx_word' id='word_1_90' title='bbox 976 626 1005 653; x_wconf 86' lang='lat' dir='ltr'><strong><em>in</em></strong></span> 
     </span>
    </p>
   </div>
   <div class='ocr_carea' id='block_1_14' title="bbox 211 668 1006 706">
    <p class='ocr_par' dir='ltr' id='par_1_14' title="bbox 211 668 1006 706">
     <span class='ocr_line' id='line_1_14' title="bbox 211 668 1006 706; baseline 0.004 -10"><span class='ocrx_word' id='word_1_91' title='bbox 211 668 418 697; x_wconf 71' lang='lat' dir='ltr'><strong><em>salutationibus</em></strong></span> <span class='ocrx_word' id='word_1_92' title='bbox 433 670 470 697; x_wconf 90' lang='lat' dir='ltr'><strong><em>ad</em></strong></span> <span class='ocrx_word' id='word_1_93' title='bbox 491 670 570 705; x_wconf 86' lang='lat' dir='ltr'><strong><em>ﬁnem</em></strong></span> <span class='ocrx_word' id='word_1_94' title='bbox 588 669 718 706; x_wconf 75' lang='lat' dir='ltr'><strong><em>Epistolte</em></strong></span> <span class='ocrx_word' id='word_1_95' title='bbox 735 671 770 698; x_wconf 90' lang='lat' dir='ltr'><strong><em>ad</em></strong></span> <span class='ocrx_word' id='word_1_96' title='bbox 785 671 919 700; x_wconf 84' lang='lat' dir='ltr'><strong><em>Romanos</em></strong></span> <span class='ocrx_word' id='word_1_97' title='bbox 936 673 1006 699; x_wconf 84' lang='lat' dir='ltr'><strong><em>inter</em></strong></span> 
     </span>
    </p>
   </div>
   <div class='ocr_carea' id='block_1_15' title="bbox 211 715 1005 752">
    <p class='ocr_par' dir='ltr' id='par_1_15' title="bbox 211 715 1005 752">
     <span class='ocr_line' id='line_1_15' title="bbox 211 715 1005 752; baseline 0.005 -10"><span class='ocrx_word' id='word_1_98' title='bbox 211 715 279 743; x_wconf 85' lang='lat' dir='ltr'><strong><em>alios</em></strong></span> <span class='ocrx_word' id='word_1_99' title='bbox 302 716 459 743; x_wconf 78' lang='lat' dir='ltr'><strong><em>mentionem</em></strong></span> <span class='ocrx_word' id='word_1_100' title='bbox 487 717 551 751; x_wconf 82' lang='lat' dir='ltr'><strong><em>fecit</em></strong></span> <span class='ocrx_word' id='word_1_101' title='bbox 577 716 694 750; x_wconf 71' lang='lat' dir='ltr'><strong><em>Hermw,</em></strong></span> <span class='ocrx_word' id='word_1_102' title='bbox 718 718 793 752; x_wconf 85' lang='lat' dir='ltr'><strong><em>cuius</em></strong></span> <span class='ocrx_word' id='word_1_103' title='bbox 811 726 867 746; x_wconf 81' lang='lat' dir='ltr'><strong><em>esse</em></strong></span> <span class='ocrx_word' id='word_1_104' title='bbox 880 719 956 746; x_wconf 83' lang='lat' dir='ltr'><strong><em>aiunt</em></strong></span> <span class='ocrx_word' id='word_1_105' title='bbox 971 718 1005 745; x_wconf 89' lang='lat' dir='ltr'><strong><em>li-</em></strong></span> 
     </span>
    </p>
   </div>
   <div class='ocr_carea' id='block_1_16' title="bbox 211 760 1005 800">
    <p class='ocr_par' dir='ltr' id='par_1_16' title="bbox 211 760 1005 800">
     <span class='ocr_line' id='line_1_16' title="bbox 211 760 1005 800; baseline 0.003 -11"><span class='ocrx_word' id='word_1_106' title='bbox 211 765 287 789; x_wconf 86' lang='lat' dir='ltr'><strong><em>brum</em></strong></span> <span class='ocrx_word' id='word_1_107' title='bbox 307 760 447 795; x_wconf 72' lang='lat' dir='ltr'><strong><em>Pastoris;</em></strong></span> <span class='ocrx_word' id='word_1_108' title='bbox 470 762 606 789; x_wconf 84' lang='lat' dir='ltr'><strong><em>sciendum</em></strong></span> <span class='ocrx_word' id='word_1_109' title='bbox 621 768 670 797; x_wconf 84' lang='lat' dir='ltr'><strong><em>est,</em></strong></span> <span class='ocrx_word' id='word_1_110' title='bbox 686 764 767 790; x_wconf 84' lang='lat' dir='ltr'><strong><em>etiam</em></strong></span> <span class='ocrx_word' id='word_1_111' title='bbox 781 764 842 791; x_wconf 86' lang='lat' dir='ltr'><strong><em>huic</em></strong></span> <span class='ocrx_word' id='word_1_112' title='bbox 860 773 877 791; x_wconf 93' lang='lat' dir='ltr'><strong><em>a</em></strong></span> <span class='ocrx_word' id='word_1_113' title='bbox 896 764 1005 800; x_wconf 84' lang='lat' dir='ltr'><strong><em>quibus-</em></strong></span> 
     </span>
    </p>
   </div>
   <div class='ocr_carea' id='block_1_17' title="bbox 209 807 1003 846">
    <p class='ocr_par' dir='ltr' id='par_1_17' title="bbox 209 807 1003 846">
     <span class='ocr_line' id='line_1_17' title="bbox 209 807 1003 846; baseline 0.005 -12"><span class='ocrx_word' id='word_1_114' title='bbox 209 807 273 834; x_wconf 88' lang='lat' dir='ltr'><strong><em>dam</em></strong></span> <span class='ocrx_word' id='word_1_115' title='bbox 290 807 447 840; x_wconf 86' lang='lat' dir='ltr'><strong><em>contradici,</em></strong></span> <span class='ocrx_word' id='word_1_116' title='bbox 467 813 573 844; x_wconf 86' lang='lat' dir='ltr'><strong><em>propter</em></strong></span> <span class='ocrx_word' id='word_1_117' title='bbox 588 816 653 844; x_wconf 83' lang='lat' dir='ltr'><strong><em>quos</em></strong></span> <span class='ocrx_word' id='word_1_118' title='bbox 672 810 740 837; x_wconf 87' lang='lat' dir='ltr'><strong><em>inter</em></strong></span> <span class='ocrx_word' id='word_1_119' title='bbox 757 815 868 846; x_wconf 65' lang='lat' dir='ltr'><strong><em>recepta</em></strong></span> <span class='ocrx_word' id='word_1_120' title='bbox 883 811 1003 838; x_wconf 84' lang='lat' dir='ltr'><strong><em>auctori-</em></strong></span> 
     </span>
    </p>
   </div>
   <div class='ocr_carea' id='block_1_18' title="bbox 211 853 1016 889">
    <p class='ocr_par' dir='ltr' id='par_1_18' title="bbox 211 853 1016 889">
     <span class='ocr_line' id='line_1_18' title="bbox 211 853 1016 889; baseline 0.004 -9"><span class='ocrx_word' id='word_1_121' title='bbox 211 854 277 880; x_wconf 82' lang='lat' dir='ltr'><strong><em>tatis</em></strong></span> <span class='ocrx_word' id='word_1_122' title='bbox 294 853 375 881; x_wconf 82' lang='lat' dir='ltr'><strong><em>libros</em></strong></span> <span class='ocrx_word' id='word_1_123' title='bbox 390 855 454 889; x_wconf 88' lang='lat' dir='ltr'><strong><em>poni</em></strong></span> <span class='ocrx_word' id='word_1_124' title='bbox 475 863 527 881; x_wconf 90' lang='lat' dir='ltr'><strong><em>non</em></strong></span> <span class='ocrx_word' id='word_1_125' title='bbox 547 859 644 889; x_wconf 87' lang='lat' dir='ltr'><strong><em>potest.</em></strong></span> <span class='ocrx_word' id='word_1_126' title='bbox 660 855 700 882; x_wconf 79' lang='lat' dir='ltr'><strong><em>Ab</em></strong></span> <span class='ocrx_word' id='word_1_127' title='bbox 724 855 787 882; x_wconf 86' lang='lat' dir='ltr'><strong><em>alils</em></strong></span> <span class='ocrx_word' id='word_1_128' title='bbox 807 864 867 883; x_wconf 83' lang='lat' dir='ltr'><strong><em>vero</em></strong></span> <span class='ocrx_word' id='word_1_129' title='bbox 887 857 1016 884; x_wconf 71' lang='lat' dir='ltr'><strong><em>maxime&#39;</em></strong></span> 
     </span>
    </p>
   </div>
   <div class='ocr_carea' id='block_1_19' title="bbox 1056 256 1867 294">
    <p class='ocr_par' dir='ltr' id='par_1_19' title="bbox 1056 256 1867 294">
     <span class='ocr_line' id='line_1_19' title="bbox 1056 256 1867 294; baseline -0.002 -10"><span class='ocrx_word' id='word_1_130' title='bbox 1056 257 1212 293; x_wconf 81' lang='grc' dir='ltr'><strong><em>λελυμένος,</em></strong></span> <span class='ocrx_word' id='word_1_131' title='bbox 1223 257 1294 283; x_wconf 79' lang='grc' dir='ltr'><strong><em>κατὰ</em></strong></span> <span class='ocrx_word' id='word_1_132' title='bbox 1301 256 1365 288; x_wconf 85' lang='grc' dir='ltr'><strong>τοὺς</strong></span> <span class='ocrx_word' id='word_1_133' title='bbox 1375 256 1428 290; x_wconf 75' lang='grc' dir='ltr'><strong><em>ἔξω</em></strong></span> <span class='ocrx_word' id='word_1_134' title='bbox 1442 256 1492 292; x_wconf 80' lang='grc' dir='ltr'><strong><em>τῆς</em></strong></span> <span class='ocrx_word' id='word_1_135' title='bbox 1504 257 1649 292; x_wconf 80' lang='grc' dir='ltr'><strong>οἰκοδομῆς</strong></span> <span class='ocrx_word' id='word_1_136' title='bbox 1659 257 1762 289; x_wconf 81' lang='grc' dir='ltr'><strong><em>λίθους,</em></strong></span> <span class='ocrx_word' id='word_1_137' title='bbox 1772 257 1801 284; x_wconf 81' lang='grc' dir='ltr'><strong>οῖ</strong></span> <span class='ocrx_word' id='word_1_138' title='bbox 1813 258 1867 294; x_wconf 64' lang='grc' dir='ltr'><strong><em>οὺχ</em></strong></span> 
     </span>
    </p>
   </div>
   <div class='ocr_carea' id='block_1_20' title="bbox 1057 302 1867 340">
    <p class='ocr_par' dir='ltr' id='par_1_20' title="bbox 1057 302 1867 340">
     <span class='ocr_line' id='line_1_20' title="bbox 1057 302 1867 340; baseline -0.002 -9"><span class='ocrx_word' id='word_1_139' title='bbox 1057 303 1206 340; x_wconf 75' lang='grc' dir='ltr'><strong>ἁρμόζουσι</strong></span> <span class='ocrx_word' id='word_1_140' title='bbox 1222 305 1255 339; x_wconf 82' lang='grc' dir='ltr'><strong><em>τῇ</em></strong></span> <span class='ocrx_word' id='word_1_141' title='bbox 1274 303 1402 339; x_wconf 73' lang='grc' dir='ltr'><strong>οἰκοδομῇ</strong></span> <span class='ocrx_word' id='word_1_142' title='bbox 1428 302 1477 330; x_wconf 80' lang='grc' dir='ltr'><strong><em>τοῦ</em></strong></span> <span class='ocrx_word' id='word_1_143' title='bbox 1504 303 1609 339; x_wconf 84' lang='grc' dir='ltr'>πύργου</span> <span class='ocrx_word' id='word_1_144' title='bbox 1631 303 1704 331; x_wconf 80' lang='grc' dir='ltr'>κατὰ</span> <span class='ocrx_word' id='word_1_145' title='bbox 1729 303 1778 329; x_wconf 79' lang='grc' dir='ltr'><strong><em>τὸν</em></strong></span> <span class='ocrx_word' id='word_1_146' title='bbox 1796 303 1867 329; x_wconf 65' lang='grc' dir='ltr'><strong><em>Πομ</em></strong></span> 
     </span>
    </p>
   </div>
   <div class='ocr_carea' id='block_1_21' title="bbox 1058 349 1867 386">
    <p class='ocr_par' dir='ltr' id='par_1_21' title="bbox 1058 349 1867 386">
     <span class='ocr_line' id='line_1_21' title="bbox 1058 349 1867 386; baseline -0.002 -9"><span class='ocrx_word' id='word_1_147' title='bbox 1058 350 1135 386; x_wconf 81' lang='grc' dir='ltr'>μένα.</span> <span class='ocrx_word' id='word_1_148' title='bbox 1154 349 1221 377; x_wconf 88' lang='lat' dir='ltr'><strong><em>Tota</em></strong></span> <span class='ocrx_word' id='word_1_149' title='bbox 1235 350 1319 384; x_wconf 86' lang='lat' dir='ltr'><strong><em>igitur</em></strong></span> <span class='ocrx_word' id='word_1_150' title='bbox 1342 349 1417 384; x_wconf 81' lang='lat' dir='ltr'><strong><em>impii</em></strong></span> <span class='ocrx_word' id='word_1_151' title='bbox 1437 351 1602 376; x_wconf 80' lang='lat' dir='ltr'><strong><em>conversatio</em></strong></span> <span class='ocrx_word' id='word_1_152' title='bbox 1622 350 1649 377; x_wconf 91' lang='lat' dir='ltr'><strong><em>in</em></strong></span> <span class='ocrx_word' id='word_1_153' title='bbox 1665 350 1747 376; x_wconf 92' lang='lat' dir='ltr'><strong><em>domo</em></strong></span> <span class='ocrx_word' id='word_1_154' title='bbox 1767 351 1867 385; x_wconf 74' lang='lat' dir='ltr'><strong><em>pravi-</em></strong></span> 
     </span>
    </p>
   </div>
   <div class='ocr_carea' id='block_1_22' title="bbox 1057 395 1867 431">
    <p class='ocr_par' dir='ltr' id='par_1_22' title="bbox 1057 395 1867 431">
     <span class='ocr_line' id='line_1_22' title="bbox 1057 395 1867 431; baseline -0.002 -8"><span class='ocrx_word' id='word_1_155' title='bbox 1057 396 1120 423; x_wconf 87' lang='lat' dir='ltr'><strong><em>tatis</em></strong></span> <span class='ocrx_word' id='word_1_156' title='bbox 1134 401 1185 428; x_wconf 83' lang='lat' dir='ltr'><strong><em>est,</em></strong></span> <span class='ocrx_word' id='word_1_157' title='bbox 1201 404 1262 422; x_wconf 81' lang='lat' dir='ltr'><strong><em>cum</em></strong></span> <span class='ocrx_word' id='word_1_158' title='bbox 1274 396 1308 423; x_wconf 88' lang='lat' dir='ltr'><strong><em>sit</em></strong></span> <span class='ocrx_word' id='word_1_159' title='bbox 1323 395 1469 423; x_wconf 78' lang='lat' dir='ltr'><strong><em>dissolutus</em></strong></span> <span class='ocrx_word' id='word_1_160' title='bbox 1485 405 1538 423; x_wconf 87' lang='lat' dir='ltr'><strong><em>non</em></strong></span> <span class='ocrx_word' id='word_1_161' title='bbox 1553 396 1632 422; x_wconf 81' lang='lat' dir='ltr'><strong><em>aliter</em></strong></span> <span class='ocrx_word' id='word_1_162' title='bbox 1645 404 1728 431; x_wconf 88' lang='lat' dir='ltr'><strong><em>quam</em></strong></span> <span class='ocrx_word' id='word_1_163' title='bbox 1751 395 1867 430; x_wconf 59' lang='lat' dir='ltr'><strong><em>lapides</em></strong></span> 
     </span>
    </p>
   </div>
   <div class='ocr_carea' id='block_1_23' title="bbox 1055 441 1867 477">
    <p class='ocr_par' dir='ltr' id='par_1_23' title="bbox 1055 441 1867 477">
     <span class='ocr_line' id='line_1_23' title="bbox 1055 441 1867 477; baseline 0 -9"><span class='ocrx_word' id='word_1_164' title='bbox 1055 448 1132 469; x_wconf 68' lang='lat' dir='ltr'><strong><em>extra</em></strong></span> <span class='ocrx_word' id='word_1_165' title='bbox 1150 441 1306 476; x_wconf 66' lang='lat' dir='ltr'><strong><em>cedi/icium,</em></strong></span> <span class='ocrx_word' id='word_1_166' title='bbox 1325 442 1371 476; x_wconf 80' lang='lat' dir='ltr'><strong><em>qui</em></strong></span> <span class='ocrx_word' id='word_1_167' title='bbox 1389 442 1555 476; x_wconf 69' lang='lat' dir='ltr'><strong><em>aediﬁcanda:</em></strong></span> <span class='ocrx_word' id='word_1_168' title='bbox 1580 443 1649 469; x_wconf 82' lang='lat' dir='ltr'><strong><em>turri</em></strong></span> <span class='ocrx_word' id='word_1_169' title='bbox 1674 442 1756 477; x_wconf 83' lang='lat' dir='ltr'><strong><em>plane</em></strong></span> <span class='ocrx_word' id='word_1_170' title='bbox 1776 441 1867 475; x_wconf 71' lang='lat' dir='ltr'><strong><em>inepti</em></strong></span> 
     </span>
    </p>
   </div>
   <div class='ocr_carea' id='block_1_24' title="bbox 1056 486 1867 524">
    <p class='ocr_par' dir='ltr' id='par_1_24' title="bbox 1056 486 1867 524">
     <span class='ocr_line' id='line_1_24' title="bbox 1056 486 1867 524; baseline -0.002 -9"><span class='ocrx_word' id='word_1_171' title='bbox 1056 493 1129 520; x_wconf 84' lang='lat' dir='ltr'><strong><em>sunt,</em></strong></span> <span class='ocrx_word' id='word_1_172' title='bbox 1143 487 1226 522; x_wconf 71' lang='lat' dir='ltr'><strong><em>juxta</em></strong></span> <span class='ocrx_word' id='word_1_173' title='bbox 1245 487 1396 514; x_wconf 83' lang='lat' dir='ltr'><strong><em>Pastorem.</em></strong></span> <span class='ocrx_word' id='word_1_174' title='bbox 1412 486 1546 519; x_wconf 77' lang='lat' dir='ltr'><strong><em>Bullinus.</em></strong></span> <span class='ocrx_word' id='word_1_175' title='bbox 1564 487 1671 524; x_wconf 76' lang='lat' dir='ltr'><strong><em>Didymi</em></strong></span> <span class='ocrx_word' id='word_1_176' title='bbox 1688 487 1867 523; x_wconf 55' lang='lat' dir='ltr'><strong><em>discipulus,</em></strong></span> 
     </span>
    </p>
   </div>
   <div class='ocr_carea' id='block_1_25' title="bbox 1055 533 1867 569">
    <p class='ocr_par' dir='ltr' id='par_1_25' title="bbox 1055 533 1867 569">
     <span class='ocr_line' id='line_1_25' title="bbox 1055 533 1867 569; baseline -0.001 -8"><span class='ocrx_word' id='word_1_177' title='bbox 1055 535 1103 569; x_wconf 87' lang='lat' dir='ltr'><strong><em>qui</em></strong></span> <span class='ocrx_word' id='word_1_178' title='bbox 1119 534 1146 561; x_wconf 93' lang='lat' dir='ltr'><strong><em>in</em></strong></span> <span class='ocrx_word' id='word_1_179' title='bbox 1160 533 1282 561; x_wconf 82' lang='lat' dir='ltr'><strong><em>Ecclesia</em></strong></span> <span class='ocrx_word' id='word_1_180' title='bbox 1305 533 1399 561; x_wconf 62' lang='lat' dir='ltr'><strong><em>Graaca</em></strong></span> <span class='ocrx_word' id='word_1_181' title='bbox 1417 533 1565 569; x_wconf 89' lang='lat' dir='ltr'><strong><em>plurimum</em></strong></span> <span class='ocrx_word' id='word_1_182' title='bbox 1582 541 1708 562; x_wconf 73' lang='lat' dir='ltr'><strong><em>versatus</em></strong></span> <span class='ocrx_word' id='word_1_183' title='bbox 1731 538 1791 566; x_wconf 79' lang='lat' dir='ltr'><strong><em>est,</em></strong></span> <span class='ocrx_word' id='word_1_184' title='bbox 1808 533 1867 560; x_wconf 69' lang='lat' dir='ltr'><strong><em>Ex&lt;</em></strong></span> 
     </span>
    </p>
   </div>
   <div class='ocr_carea' id='block_1_26' title="bbox 1055 578 1867 614">
    <p class='ocr_par' dir='ltr' id='par_1_26' title="bbox 1055 578 1867 614">
     <span class='ocr_line' id='line_1_26' title="bbox 1055 578 1867 614; baseline -0.001 -7"><span class='ocrx_word' id='word_1_185' title='bbox 1055 579 1191 614; x_wconf 81' lang='lat' dir='ltr'><strong><em>positione</em></strong></span> <span class='ocrx_word' id='word_1_186' title='bbox 1209 579 1235 605; x_wconf 90' lang='lat' dir='ltr'><strong><em>in</em></strong></span> <span class='ocrx_word' id='word_1_187' title='bbox 1246 578 1406 614; x_wconf 80' lang='lat' dir='ltr'><strong><em>Symbolum</em></strong></span> <span class='ocrx_word' id='word_1_188' title='bbox 1423 578 1622 613; x_wconf 79' lang='lat' dir='ltr'><strong><em>apostolorum,</em></strong></span> <span class='ocrx_word' id='word_1_189' title='bbox 1638 586 1702 606; x_wconf 88' lang='lat' dir='ltr'><strong><em>cum</em></strong></span> <span class='ocrx_word' id='word_1_190' title='bbox 1718 585 1867 606; x_wconf 71' lang='lat' dir='ltr'><strong><em>canonum</em></strong></span> 
     </span>
    </p>
   </div>
   <div class='ocr_carea' id='block_1_27' title="bbox 1057 623 1867 659">
    <p class='ocr_par' dir='ltr' id='par_1_27' title="bbox 1057 623 1867 659">
     <span class='ocr_line' id='line_1_27' title="bbox 1057 623 1867 659; baseline -0.002 -7"><span class='ocrx_word' id='word_1_191' title='bbox 1057 623 1086 652; x_wconf 85' lang='lat' dir='ltr'><strong><em>S.</em></strong></span> <span class='ocrx_word' id='word_1_192' title='bbox 1109 624 1259 659; x_wconf 79' lang='lat' dir='ltr'><strong><em>Scriptura:</em></strong></span> <span class='ocrx_word' id='word_1_193' title='bbox 1282 624 1360 659; x_wconf 90' lang='lat' dir='ltr'><strong><em>prius</em></strong></span> <span class='ocrx_word' id='word_1_194' title='bbox 1386 623 1564 657; x_wconf 81' lang='lat' dir='ltr'><strong><em>tradidisset,</em></strong></span> <span class='ocrx_word' id='word_1_195' title='bbox 1589 624 1690 651; x_wconf 89' lang='lat' dir='ltr'><strong><em>addit:</em></strong></span> <span class='ocrx_word' id='word_1_196' title='bbox 1710 623 1867 654; x_wconf 79' lang='lat' dir='ltr'><strong><em>Sciendum</em></strong></span> 
     </span>
    </p>
   </div>
   <div class='ocr_carea' id='block_1_28' title="bbox 1056 669 1867 706">
    <p class='ocr_par' dir='ltr' id='par_1_28' title="bbox 1056 669 1867 706">
     <span class='ocr_line' id='line_1_28' title="bbox 1056 669 1867 706; baseline -0.001 -8"><span class='ocrx_word' id='word_1_197' title='bbox 1056 675 1144 698; x_wconf 84' lang='lat' dir='ltr'><strong><em>tamen</em></strong></span> <span class='ocrx_word' id='word_1_198' title='bbox 1158 675 1198 698; x_wconf 84' lang='lat' dir='ltr'><strong><em>est</em></strong></span> <span class='ocrx_word' id='word_1_199' title='bbox 1212 670 1282 706; x_wconf 89' lang='lat' dir='ltr'><strong><em>quod</em></strong></span> <span class='ocrx_word' id='word_1_200' title='bbox 1292 675 1318 697; x_wconf 89' lang='lat' dir='ltr'><strong><em>et</em></strong></span> <span class='ocrx_word' id='word_1_201' title='bbox 1344 669 1393 697; x_wconf 87' lang='lat' dir='ltr'><strong><em>alii</em></strong></span> <span class='ocrx_word' id='word_1_202' title='bbox 1405 669 1466 696; x_wconf 85' lang='lat' dir='ltr'><strong><em>libri</em></strong></span> <span class='ocrx_word' id='word_1_203' title='bbox 1488 674 1560 703; x_wconf 88' lang='lat' dir='ltr'><strong><em>sunt,</em></strong></span> <span class='ocrx_word' id='word_1_204' title='bbox 1573 671 1618 705; x_wconf 89' lang='lat' dir='ltr'><strong><em>qui</em></strong></span> <span class='ocrx_word' id='word_1_205' title='bbox 1642 679 1695 697; x_wconf 88' lang='lat' dir='ltr'><strong><em>non</em></strong></span> <span class='ocrx_word' id='word_1_206' title='bbox 1720 669 1867 704; x_wconf 68' lang='lat' dir='ltr'><strong><em>canonici,</em></strong></span> 
     </span>
    </p>
   </div>
   <div class='ocr_carea' id='block_1_29' title="bbox 1055 714 1867 750">
    <p class='ocr_par' dir='ltr' id='par_1_29' title="bbox 1055 714 1867 750">
     <span class='ocr_line' id='line_1_29' title="bbox 1055 714 1867 750; baseline -0.001 -6"><span class='ocrx_word' id='word_1_207' title='bbox 1055 717 1100 744; x_wconf 87' lang='lat' dir='ltr'><strong><em>sed</em></strong></span> <span class='ocrx_word' id='word_1_208' title='bbox 1115 716 1289 744; x_wconf 72' lang='lat' dir='ltr'><strong><em>ecclesiastici</em></strong></span> <span class='ocrx_word' id='word_1_209' title='bbox 1312 724 1329 743; x_wconf 95' lang='lat' dir='ltr'><strong><em>a</em></strong></span> <span class='ocrx_word' id='word_1_210' title='bbox 1357 715 1503 750; x_wconf 81' lang='lat' dir='ltr'><strong><em>majoribus</em></strong></span> <span class='ocrx_word' id='word_1_211' title='bbox 1524 715 1651 750; x_wconf 77' lang='lat' dir='ltr'><strong><em>appellati</em></strong></span> <span class='ocrx_word' id='word_1_212' title='bbox 1670 721 1746 749; x_wconf 85' lang='lat' dir='ltr'><strong><em>sunt,</em></strong></span> <span class='ocrx_word' id='word_1_213' title='bbox 1764 722 1799 743; x_wconf 83' lang='lat' dir='ltr'><strong><em>ut</em></strong></span> <span class='ocrx_word' id='word_1_214' title='bbox 1827 714 1867 744; x_wconf 81' lang='lat' dir='ltr'><strong><em>esl</em></strong></span> 
     </span>
    </p>
   </div>
   <div class='ocr_carea' id='block_1_30' title="bbox 1056 749 1867 798">
    <p class='ocr_par' dir='ltr' id='par_1_30' title="bbox 1056 749 1867 798">
     <span class='ocr_line' id='line_1_30' title="bbox 1056 749 1867 798; baseline 0.001 -9"><span class='ocrx_word' id='word_1_215' title='bbox 1056 762 1194 798; x_wconf 83' lang='lat' dir='ltr'><strong><em>Sapientia</em></strong></span> <span class='ocrx_word' id='word_1_216' title='bbox 1210 761 1372 795; x_wconf 82' lang='lat' dir='ltr'><strong><em>Salomonis,</em></strong></span> <span class='ocrx_word' id='word_1_217' title='bbox 1394 749 1420 789; x_wconf 84' lang='lat' dir='ltr'><strong><em>et</em></strong></span> <span class='ocrx_word' id='word_1_218' title='bbox 1439 763 1495 790; x_wconf 87' lang='lat' dir='ltr'><strong><em>alia</em></strong></span> <span class='ocrx_word' id='word_1_219' title='bbox 1515 749 1652 797; x_wconf 78' lang='lat' dir='ltr'><strong><em>sapientia</em></strong></span> <span class='ocrx_word' id='word_1_220' title='bbox 1672 771 1735 798; x_wconf 76' lang='lat' dir='ltr'><strong><em>qua:</em></strong></span> <span class='ocrx_word' id='word_1_221' title='bbox 1757 749 1867 790; x_wconf 66' lang='lat' dir='ltr'><strong><em>dicitui</em></strong></span> 
     </span>
    </p>
   </div>
   <div class='ocr_carea' id='block_1_31' title="bbox 1054 808 1867 844">
    <p class='ocr_par' dir='ltr' id='par_1_31' title="bbox 1054 808 1867 844">
     <span class='ocr_line' id='line_1_31' title="bbox 1054 808 1867 844; baseline 0 -8"><span class='ocrx_word' id='word_1_222' title='bbox 1054 809 1105 844; x_wconf 87' lang='lat' dir='ltr'><strong><em>ﬁlii</em></strong></span> <span class='ocrx_word' id='word_1_223' title='bbox 1122 808 1226 836; x_wconf 74' lang='lat' dir='ltr'><strong><em>Siraclt.</em></strong></span> <span class='ocrx_word' id='word_1_224' title='bbox 1236 808 1364 844; x_wconf 84' lang='lat' dir='ltr'><strong><em>Ejusdem</em></strong></span> <span class='ocrx_word' id='word_1_225' title='bbox 1376 809 1478 836; x_wconf 82' lang='lat' dir='ltr'><strong><em>ordinis</em></strong></span> <span class='ocrx_word' id='word_1_226' title='bbox 1491 814 1529 836; x_wconf 77' lang='lat' dir='ltr'><strong><em>est</em></strong></span> <span class='ocrx_word' id='word_1_227' title='bbox 1542 809 1647 837; x_wconf 84' lang='lat' dir='ltr'><strong><em>libellus</em></strong></span> <span class='ocrx_word' id='word_1_228' title='bbox 1663 809 1758 837; x_wconf 70' lang='lat' dir='ltr'><strong><em>Tobiee</em></strong></span> <span class='ocrx_word' id='word_1_229' title='bbox 1774 816 1801 837; x_wconf 88' lang='lat' dir='ltr'><strong><em>e&#39;</em></strong></span> <span class='ocrx_word' id='word_1_230' title='bbox 1813 810 1867 836; x_wconf 73' lang='lat' dir='ltr'><strong><em>Ju&lt;</em></strong></span> 
     </span>
    </p>
   </div>
   <div class='ocr_carea' id='block_1_32' title="bbox 1054 854 1867 885">
    <p class='ocr_par' dir='ltr' id='par_1_32' title="bbox 1054 854 1867 885">
     <span class='ocr_line' id='line_1_32' title="bbox 1054 854 1867 885; baseline -0.002 -3"><span class='ocrx_word' id='word_1_231' title='bbox 1054 855 1122 885; x_wconf 68' lang='lat' dir='ltr'><strong><em>dit/1.</em></strong></span> <span class='ocrx_word' id='word_1_232' title='bbox 1137 859 1162 882; x_wconf 94' lang='lat' dir='ltr'><strong><em>et</em></strong></span> <span class='ocrx_word' id='word_1_233' title='bbox 1186 854 1402 882; x_wconf 73' lang='lat' dir='ltr'><strong><em>Alae/tuba:on</em></strong></span> <span class='ocrx_word' id='word_1_234' title='bbox 1428 854 1501 881; x_wconf 81' lang='lat' dir='ltr'><strong><em>libri.</em></strong></span> <span class='ocrx_word' id='word_1_235' title='bbox 1526 854 1559 881; x_wconf 85' lang='lat' dir='ltr'><strong><em>In</em></strong></span> <span class='ocrx_word' id='word_1_236' title='bbox 1588 854 1664 882; x_wconf 85' lang='lat' dir='ltr'><strong><em>Novo</em></strong></span> <span class='ocrx_word' id='word_1_237' title='bbox 1682 863 1746 882; x_wconf 83' lang='lat' dir='ltr'><strong><em>vero</em></strong></span> <span class='ocrx_word' id='word_1_238' title='bbox 1762 855 1867 882; x_wconf 63' lang='grc' dir='ltr'><strong><em>Τεδιη·</em></strong></span> 
     </span>
    </p>
   </div>
   <div class='ocr_carea' id='block_1_33' title="bbox 209 899 1867 938">
    <p class='ocr_par' dir='ltr' id='par_1_33' title="bbox 209 899 1867 938">
     <span class='ocr_line' id='line_1_33' title="bbox 209 899 1867 938; baseline 0.001 -13"><span class='ocrx_word' id='word_1_239' title='bbox 209 900 372 926; x_wconf 80' lang='lat' dir='ltr'><strong><em>necessarius</em></strong></span> <span class='ocrx_word' id='word_1_240' title='bbox 385 899 537 934; x_wconf 88' lang='lat' dir='ltr'><strong><em>judicatur,</em></strong></span> <span class='ocrx_word' id='word_1_241' title='bbox 557 900 591 926; x_wconf 85' lang='lat' dir='ltr'><strong><em>iis</em></strong></span> <span class='ocrx_word' id='word_1_242' title='bbox 608 901 756 934; x_wconf 73' lang='lat' dir='ltr'><strong><em>prwsertim</em></strong></span> <span class='ocrx_word' id='word_1_243' title='bbox 769 901 815 936; x_wconf 92' lang='lat' dir='ltr'><strong><em>qui</em></strong></span> <span class='ocrx_word' id='word_1_244' title='bbox 831 901 1002 928; x_wconf 80' lang='lat' dir='ltr'><strong><em>elementaria</em></strong></span> <span class='ocrx_word' id='word_1_245' title='bbox 1018 902 1039 929; x_wconf 87' lang='grc' dir='ltr'><strong>Β</strong></span> <span class='ocrx_word' id='word_1_246' title='bbox 1052 907 1140 929; x_wconf 88' lang='lat' dir='ltr'><strong><em>mento</em></strong></span> <span class='ocrx_word' id='word_1_247' title='bbox 1156 901 1260 928; x_wconf 72' lang='lat' dir='ltr'><strong><em>libellus</em></strong></span> <span class='ocrx_word' id='word_1_248' title='bbox 1278 901 1324 936; x_wconf 87' lang='lat' dir='ltr'><strong><em>qui</em></strong></span> <span class='ocrx_word' id='word_1_249' title='bbox 1339 901 1440 928; x_wconf 84' lang='lat' dir='ltr'><strong><em>dicitur</em></strong></span> <span class='ocrx_word' id='word_1_250' title='bbox 1463 901 1606 934; x_wconf 84' lang='lat' dir='ltr'><strong><em>Pastoris,</em></strong></span> <span class='ocrx_word' id='word_1_251' title='bbox 1625 902 1680 929; x_wconf 82' lang='lat' dir='ltr'><strong><em>sive</em></strong></span> <span class='ocrx_word' id='word_1_252' title='bbox 1702 901 1867 938; x_wconf 63' lang='lat' dir='ltr'><strong><em>Humatis,</em></strong></span> 
     </span>
    </p>
   </div>
   <div class='ocr_carea' id='block_1_34' title="bbox 210 945 1003 980">
    <p class='ocr_par' dir='ltr' id='par_1_34' title="bbox 210 945 1003 980">
     <span class='ocr_line' id='line_1_34' title="bbox 210 945 1003 980; baseline 0.004 -9"><span class='ocrx_word' id='word_1_253' title='bbox 210 945 375 972; x_wconf 86' lang='lat' dir='ltr'><strong><em>institutione</em></strong></span> <span class='ocrx_word' id='word_1_254' title='bbox 401 945 528 980; x_wconf 82' lang='lat' dir='ltr'><strong><em>indigent.</em></strong></span> <span class='ocrx_word' id='word_1_255' title='bbox 552 945 625 972; x_wconf 84' lang='lat' dir='ltr'><strong><em>Unde</em></strong></span> <span class='ocrx_word' id='word_1_256' title='bbox 643 946 724 973; x_wconf 87' lang='lat' dir='ltr'><strong><em>etiant</em></strong></span> <span class='ocrx_word' id='word_1_257' title='bbox 750 947 778 973; x_wconf 84' lang='lat' dir='ltr'><strong><em>in</em></strong></span> <span class='ocrx_word' id='word_1_258' title='bbox 794 946 918 974; x_wconf 85' lang='lat' dir='ltr'><strong><em>Ecclesiis</em></strong></span> <span class='ocrx_word' id='word_1_259' title='bbox 944 954 1003 974; x_wconf 82' lang='lat' dir='ltr'><strong><em>eum</em></strong></span> 
     </span>
    </p>
   </div>
   <div class='ocr_carea' id='block_1_35' title="bbox 209 991 1003 1027">
    <p class='ocr_par' dir='ltr' id='par_1_35' title="bbox 209 991 1003 1027">
     <span class='ocr_line' id='line_1_35' title="bbox 209 991 1003 1027; baseline 0.004 -9"><span class='ocrx_word' id='word_1_260' title='bbox 209 991 373 1026; x_wconf 86' lang='lat' dir='ltr'><strong><em>publicatum</em></strong></span> <span class='ocrx_word' id='word_1_261' title='bbox 390 991 505 1024; x_wconf 80' lang='lat' dir='ltr'><strong><em>scimus;</em></strong></span> <span class='ocrx_word' id='word_1_262' title='bbox 520 996 545 1019; x_wconf 87' lang='lat' dir='ltr'><strong><em>et</em></strong></span> <span class='ocrx_word' id='word_1_263' title='bbox 559 991 615 1026; x_wconf 83' lang='lat' dir='ltr'><strong><em>ipse</em></strong></span> <span class='ocrx_word' id='word_1_264' title='bbox 625 992 752 1027; x_wconf 84' lang='lat' dir='ltr'><strong><em>quosdam</em></strong></span> <span class='ocrx_word' id='word_1_265' title='bbox 769 1001 802 1020; x_wconf 77' lang='lat' dir='ltr'><strong><em>ea:</em></strong></span> <span class='ocrx_word' id='word_1_266' title='bbox 816 993 1003 1021; x_wconf 74' lang='lat' dir='ltr'><strong><em>vetustissimis</em></strong></span> 
     </span>
    </p>
   </div>
   <div class='ocr_carea' id='block_1_36' title="bbox 209 1039 983 1076">
    <p class='ocr_par' dir='ltr' id='par_1_36' title="bbox 209 1039 983 1076">
     <span class='ocr_line' id='line_1_36' title="bbox 209 1039 983 1076; baseline 0.004 -10"><span class='ocrx_word' id='word_1_267' title='bbox 209 1039 382 1074; x_wconf 81' lang='lat' dir='ltr'><strong><em>scriptoribus</em></strong></span> <span class='ocrx_word' id='word_1_268' title='bbox 398 1039 483 1074; x_wconf 78' lang='lat' dir='ltr'><strong><em>ipsius</em></strong></span> <span class='ocrx_word' id='word_1_269' title='bbox 499 1039 650 1066; x_wconf 85' lang='lat' dir='ltr'><strong><em>testimonio</em></strong></span> <span class='ocrx_word' id='word_1_270' title='bbox 667 1048 728 1067; x_wconf 83' lang='lat' dir='ltr'><strong><em>usos</em></strong></span> <span class='ocrx_word' id='word_1_271' title='bbox 741 1048 798 1068; x_wconf 82' lang='lat' dir='ltr'><strong><em>esse</em></strong></span> <span class='ocrx_word' id='word_1_272' title='bbox 813 1041 983 1076; x_wconf 83' lang='lat' dir='ltr'><strong><em>deprehendi.</em></strong></span> 
     </span>
    </p>
   </div>
   <div class='ocr_carea' id='block_1_37' title="bbox 247 1083 1003 1122">
    <p class='ocr_par' dir='ltr' id='par_1_37' title="bbox 247 1083 1003 1122">
     <span class='ocr_line' id='line_1_37' title="bbox 247 1083 1003 1122; baseline 0.007 -12"><span class='ocrx_word' id='word_1_273' title='bbox 247 1083 276 1111; x_wconf 90' lang='lat' dir='ltr'><strong><em>S.</em></strong></span> <span class='ocrx_word' id='word_1_274' title='bbox 295 1083 476 1116; x_wconf 79' lang='lat' dir='ltr'><strong><em>Athanasius,</em></strong></span> <span class='ocrx_word' id='word_1_275' title='bbox 498 1083 619 1111; x_wconf 87' lang='lat' dir='ltr'><strong><em>Eusebio</em></strong></span> <span class='ocrx_word' id='word_1_276' title='bbox 635 1085 822 1120; x_wconf 86' lang='lat' dir='ltr'><strong><em>synchronus.</em></strong></span> <span class='ocrx_word' id='word_1_277' title='bbox 841 1086 869 1113; x_wconf 89' lang='lat' dir='ltr'><strong><em>in</em></strong></span> <span class='ocrx_word' id='word_1_278' title='bbox 888 1088 1003 1122; x_wconf 86' lang='lat' dir='ltr'><strong><em>epistola</em></strong></span> 
     </span>
    </p>
   </div>
   <div class='ocr_carea' id='block_1_38' title="bbox 209 1128 1004 1166">
    <p class='ocr_par' dir='ltr' id='par_1_38' title="bbox 209 1128 1004 1166">
     <span class='ocr_line' id='line_1_38' title="bbox 209 1128 1004 1166; baseline 0.008 -10"><span class='ocrx_word' id='word_1_279' title='bbox 209 1128 384 1166; x_wconf 79' lang='grc' dir='ltr'><strong><em>ἔορταστικῇ,</em></strong></span> <span class='ocrx_word' id='word_1_280' title='bbox 397 1137 459 1157; x_wconf 92' lang='lat' dir='ltr'><strong><em>cum</em></strong></span> <span class='ocrx_word' id='word_1_281' title='bbox 477 1129 563 1157; x_wconf 89' lang='lat' dir='ltr'><strong><em>libros</em></strong></span> <span class='ocrx_word' id='word_1_282' title='bbox 584 1130 613 1158; x_wconf 90' lang='lat' dir='ltr'><strong><em>S.</em></strong></span> <span class='ocrx_word' id='word_1_283' title='bbox 636 1130 785 1166; x_wconf 73' lang='lat' dir='ltr'><strong><em>Scriptum</em></strong></span> <span class='ocrx_word' id='word_1_284' title='bbox 799 1133 947 1161; x_wconf 82' lang='lat' dir='ltr'><strong><em>canonicos</em></strong></span> <span class='ocrx_word' id='word_1_285' title='bbox 961 1142 1004 1162; x_wconf 76' lang='lat' dir='ltr'><strong><em>re~</em></strong></span> 
     </span>
    </p>
   </div>
   <div class='ocr_carea' id='block_1_39' title="bbox 209 1176 1003 1213">
    <p class='ocr_par' dir='ltr' id='par_1_39' title="bbox 209 1176 1003 1213">
     <span class='ocr_line' id='line_1_39' title="bbox 209 1176 1003 1213; baseline 0.004 -9"><span class='ocrx_word' id='word_1_286' title='bbox 209 1176 333 1210; x_wconf 85' lang='lat' dir='ltr'><strong><em>citasset,</em></strong></span> <span class='ocrx_word' id='word_1_287' title='bbox 350 1176 456 1203; x_wconf 84' lang='lat' dir='ltr'><strong><em>monuit</em></strong></span> <span class='ocrx_word' id='word_1_288' title='bbox 470 1183 532 1204; x_wconf 84' lang='lat' dir='ltr'><strong><em>esse</em></strong></span> <span class='ocrx_word' id='word_1_289' title='bbox 545 1177 593 1204; x_wconf 78' lang='grc' dir='ltr'>καὶ</span> <span class='ocrx_word' id='word_1_290' title='bbox 609 1177 691 1213; x_wconf 72' lang='grc' dir='ltr'><strong>ἔτερα</strong></span> <span class='ocrx_word' id='word_1_291' title='bbox 710 1178 800 1213; x_wconf 77' lang='grc' dir='ltr'>βιϐλία</span> <span class='ocrx_word' id='word_1_292' title='bbox 817 1178 920 1207; x_wconf 86' lang='grc' dir='ltr'><strong><em>τούτων</em></strong></span> <span class='ocrx_word' id='word_1_293' title='bbox 936 1180 1003 1213; x_wconf 79' lang='grc' dir='ltr'><strong><em>ἐξω-</em></strong></span> 
     </span>
    </p>
   </div>
   <div class='ocr_carea' id='block_1_40' title="bbox 209 1222 1003 1262">
    <p class='ocr_par' dir='ltr' id='par_1_40' title="bbox 209 1222 1003 1262">
     <span class='ocr_line' id='line_1_40' title="bbox 209 1222 1003 1262; baseline 0.006 -13"><span class='ocrx_word' id='word_1_294' title='bbox 209 1222 265 1255; x_wconf 78' lang='grc' dir='ltr'><strong><em>θεν,</em></strong></span> <span class='ocrx_word' id='word_1_295' title='bbox 277 1223 308 1250; x_wconf 72' lang='grc' dir='ltr'><strong><em>οὗ</em></strong></span> <span class='ocrx_word' id='word_1_296' title='bbox 323 1222 520 1258; x_wconf 81' lang='grc' dir='ltr'>κανονιζόμενα</span> <span class='ocrx_word' id='word_1_297' title='bbox 538 1223 597 1258; x_wconf 76' lang='grc' dir='ltr'><strong><em>μὲν,</em></strong></span> <span class='ocrx_word' id='word_1_298' title='bbox 615 1224 796 1260; x_wconf 83' lang='grc' dir='ltr'><strong><em>τετυπωμένα</em></strong></span> <span class='ocrx_word' id='word_1_299' title='bbox 811 1224 840 1252; x_wconf 85' lang='grc' dir='ltr'><strong><em>δὲ</em></strong></span> <span class='ocrx_word' id='word_1_300' title='bbox 857 1226 933 1262; x_wconf 79' lang='grc' dir='ltr'>παρὰ</span> <span class='ocrx_word' id='word_1_301' title='bbox 949 1227 1003 1254; x_wconf 86' lang='grc' dir='ltr'><strong><em>τῶν</em></strong></span> 
     </span>
    </p>
   </div>
   <div class='ocr_carea' id='block_1_41' title="bbox 208 1267 1004 1308">
    <p class='ocr_par' dir='ltr' id='par_1_41' title="bbox 208 1267 1004 1308">
     <span class='ocr_line' id='line_1_41' title="bbox 208 1267 1004 1308; baseline 0.005 -12"><span class='ocrx_word' id='word_1_302' title='bbox 208 1267 340 1304; x_wconf 80' lang='grc' dir='ltr'><strong><em>Πατέρων</em></strong></span> <span class='ocrx_word' id='word_1_303' title='bbox 357 1267 590 1303; x_wconf 75' lang='grc' dir='ltr'>ἀναγινώσκεσθαι</span> <span class='ocrx_word' id='word_1_304' title='bbox 606 1270 661 1302; x_wconf 80' lang='grc' dir='ltr'><strong>τοῖς</strong></span> <span class='ocrx_word' id='word_1_305' title='bbox 686 1270 750 1306; x_wconf 81' lang='grc' dir='ltr'><strong>ἄρτι</strong></span> <span class='ocrx_word' id='word_1_306' title='bbox 776 1272 1004 1308; x_wconf 67' lang='grc' dir='ltr'><strong>προσερχομένας</strong></span> 
     </span>
    </p>
   </div>
   <div class='ocr_carea' id='block_1_42' title="bbox 209 1314 1003 1352">
    <p class='ocr_par' dir='ltr' id='par_1_42' title="bbox 209 1314 1003 1352">
     <span class='ocr_line' id='line_1_42' title="bbox 209 1314 1003 1352; baseline 0.006 -11"><span class='ocrx_word' id='word_1_307' title='bbox 209 1315 258 1342; x_wconf 71' lang='grc' dir='ltr'><strong><em>καὶ</em></strong></span> <span class='ocrx_word' id='word_1_308' title='bbox 275 1314 446 1350; x_wconf 83' lang='grc' dir='ltr'><strong>βουλομένοις</strong></span> <span class='ocrx_word' id='word_1_309' title='bbox 462 1315 640 1351; x_wconf 81' lang='grc' dir='ltr'><strong><em>κατηχεῖσθαι</em></strong></span> <span class='ocrx_word' id='word_1_310' title='bbox 656 1315 702 1343; x_wconf 80' lang='grc' dir='ltr'><strong><em>τὸν</em></strong></span> <span class='ocrx_word' id='word_1_311' title='bbox 727 1316 778 1352; x_wconf 80' lang='grc' dir='ltr'><strong><em>τῆς</em></strong></span> <span class='ocrx_word' id='word_1_312' title='bbox 802 1317 943 1350; x_wconf 75' lang='grc' dir='ltr'><strong>εὐσεϐείας</strong></span> <span class='ocrx_word' id='word_1_313' title='bbox 959 1318 1003 1346; x_wconf 79' lang='grc' dir='ltr'><strong><em>λό-</em></strong></span> 
     </span>
    </p>
   </div>
   <div class='ocr_carea' id='block_1_43' title="bbox 209 1361 1004 1398">
    <p class='ocr_par' dir='ltr' id='par_1_43' title="bbox 209 1361 1004 1398">
     <span class='ocr_line' id='line_1_43' title="bbox 209 1361 1004 1398; baseline 0.004 -10"><span class='ocrx_word' id='word_1_314' title='bbox 209 1370 267 1396; x_wconf 89' lang='grc' dir='ltr'>γον·</span> <span class='ocrx_word' id='word_1_315' title='bbox 301 1361 386 1397; x_wconf 78' lang='grc' dir='ltr'>Σοφία</span> <span class='ocrx_word' id='word_1_316' title='bbox 417 1362 604 1398; x_wconf 79' lang='grc' dir='ltr'><strong>Σολομῶντος,</strong></span> <span class='ocrx_word' id='word_1_317' title='bbox 631 1361 678 1388; x_wconf 79' lang='grc' dir='ltr'>καὶ</span> <span class='ocrx_word' id='word_1_318' title='bbox 704 1363 799 1397; x_wconf 71' lang='grc' dir='ltr'><strong><em>Σοφία</em></strong></span> <span class='ocrx_word' id='word_1_319' title='bbox 811 1363 925 1397; x_wconf 85' lang='grc' dir='ltr'><strong><em>Σιρὰχ,</em></strong></span> <span class='ocrx_word' id='word_1_320' title='bbox 957 1363 1004 1391; x_wconf 82' lang='grc' dir='ltr'><strong><em>καὶ</em></strong></span> 
     </span>
    </p>
   </div>
   <div class='ocr_carea' id='block_1_44' title="bbox 223 1405 1005 1443">
    <p class='ocr_par' dir='ltr' id='par_1_44' title="bbox 223 1405 1005 1443">
     <span class='ocr_line' id='line_1_44' title="bbox 223 1405 1005 1443; baseline 0.001 -8"><span class='ocrx_word' id='word_1_321' title='bbox 223 1407 338 1442; x_wconf 74' lang='grc' dir='ltr'><strong><em>Εσθὴρ,</em></strong></span> <span class='ocrx_word' id='word_1_322' title='bbox 351 1409 396 1436; x_wconf 78' lang='grc' dir='ltr'>καὶ</span> <span class='ocrx_word' id='word_1_323' title='bbox 408 1406 525 1441; x_wconf 75' lang='grc' dir='ltr'><strong><em>Ἵουόὶθ,</em></strong></span> <span class='ocrx_word' id='word_1_324' title='bbox 541 1408 586 1435; x_wconf 73' lang='grc' dir='ltr'><strong><em>καὶ</em></strong></span> <span class='ocrx_word' id='word_1_325' title='bbox 600 1407 711 1441; x_wconf 78' lang='grc' dir='ltr'><strong><em>Τοὸίας,</em></strong></span> <span class='ocrx_word' id='word_1_326' title='bbox 723 1408 769 1434; x_wconf 82' lang='grc' dir='ltr'>καὶ</span> <span class='ocrx_word' id='word_1_327' title='bbox 780 1405 891 1443; x_wconf 79' lang='grc' dir='ltr'><strong><em>Διδαχὴ</em></strong></span> <span class='ocrx_word' id='word_1_328' title='bbox 909 1409 1005 1436; x_wconf 81' lang='grc' dir='ltr'><strong>καλου-</strong></span> 
     </span>
    </p>
   </div>
   <div class='ocr_carea' id='block_1_45' title="bbox 210 1453 1004 1491">
    <p class='ocr_par' dir='ltr' id='par_1_45' title="bbox 210 1453 1004 1491">
     <span class='ocr_line' id='line_1_45' title="bbox 210 1453 1004 1491; baseline 0.001 -10"><span class='ocrx_word' id='word_1_329' title='bbox 210 1454 279 1491; x_wconf 79' lang='grc' dir='ltr'><strong><em>μένη</em></strong></span> <span class='ocrx_word' id='word_1_330' title='bbox 296 1454 356 1481; x_wconf 80' lang='grc' dir='ltr'><strong><em>τῶν</em></strong></span> <span class='ocrx_word' id='word_1_331' title='bbox 374 1455 568 1487; x_wconf 65' lang='grc' dir='ltr'><strong><em>ἀποστόλων,</em></strong></span> <span class='ocrx_word' id='word_1_332' title='bbox 586 1453 633 1481; x_wconf 78' lang='grc' dir='ltr'><strong><em>καὶ</em></strong></span> <span class='ocrx_word' id='word_1_333' title='bbox 650 1453 803 1489; x_wconf 80' lang='grc' dir='ltr'><strong><em>όΠοιμήν.</em></strong></span> <span class='ocrx_word' id='word_1_334' title='bbox 822 1454 914 1482; x_wconf 84' lang='lat' dir='ltr'><strong><em>Etiam</em></strong></span> <span class='ocrx_word' id='word_1_335' title='bbox 937 1454 1004 1482; x_wconf 91' lang='lat' dir='ltr'><strong><em>alios</em></strong></span> 
     </span>
    </p>
   </div>
   <div class='ocr_carea' id='block_1_46' title="bbox 208 1501 1008 1536">
    <p class='ocr_par' dir='ltr' id='par_1_46' title="bbox 208 1501 1008 1536">
     <span class='ocr_line' id='line_1_46' title="bbox 208 1501 1008 1536; baseline 0.003 -8"><span class='ocrx_word' id='word_1_336' title='bbox 208 1502 291 1530; x_wconf 78' lang='lat' dir='ltr'><strong><em>tibros</em></strong></span> <span class='ocrx_word' id='word_1_337' title='bbox 305 1506 381 1529; x_wconf 70' lang='lat' dir='ltr'><strong><em>extra</em></strong></span> <span class='ocrx_word' id='word_1_338' title='bbox 398 1502 456 1535; x_wconf 85' lang='lat' dir='ltr'><strong><em>hos,</em></strong></span> <span class='ocrx_word' id='word_1_339' title='bbox 470 1509 523 1528; x_wconf 89' lang='lat' dir='ltr'><strong><em>non</em></strong></span> <span class='ocrx_word' id='word_1_340' title='bbox 544 1509 644 1528; x_wconf 81' lang='lat' dir='ltr'><strong><em>canone</em></strong></span> <span class='ocrx_word' id='word_1_341' title='bbox 663 1501 768 1536; x_wconf 87' lang='lat' dir='ltr'><strong><em>quidem</em></strong></span> <span class='ocrx_word' id='word_1_342' title='bbox 793 1501 928 1536; x_wconf 85' lang='lat' dir='ltr'><strong><em>probatos,</em></strong></span> <span class='ocrx_word' id='word_1_343' title='bbox 957 1501 1008 1530; x_wconf 83' lang='lat' dir='ltr'><strong><em>sed-</em></strong></span> 
     </span>
    </p>
   </div>
   <div class='ocr_carea' id='block_1_47' title="bbox 1054 946 1867 982">
    <p class='ocr_par' dir='ltr' id='par_1_47' title="bbox 1054 946 1867 982">
     <span class='ocr_line' id='line_1_47' title="bbox 1054 946 1867 982; baseline 0 -9"><span class='ocrx_word' id='word_1_344' title='bbox 1054 947 1100 982; x_wconf 76' lang='lat' dir='ltr'><strong><em>qui</em></strong></span> <span class='ocrx_word' id='word_1_345' title='bbox 1110 946 1263 982; x_wconf 81' lang='lat' dir='ltr'><strong><em>appellatur</em></strong></span> <span class='ocrx_word' id='word_1_346' title='bbox 1275 946 1343 974; x_wconf 64' lang='lat' dir='ltr'><strong><em>Duas</em></strong></span> <span class='ocrx_word' id='word_1_347' title='bbox 1355 947 1414 979; x_wconf 75' lang='lat' dir='ltr'><strong><em>vita,</em></strong></span> <span class='ocrx_word' id='word_1_348' title='bbox 1431 947 1469 974; x_wconf 81' lang='lat' dir='ltr'><strong><em>vel</em></strong></span> <span class='ocrx_word' id='word_1_349' title='bbox 1485 947 1619 982; x_wconf 78' lang='lat' dir='ltr'><strong><em>judicium</em></strong></span> <span class='ocrx_word' id='word_1_350' title='bbox 1634 946 1790 973; x_wconf 84' lang='lat' dir='ltr'><strong><em>secundum</em></strong></span> <span class='ocrx_word' id='word_1_351' title='bbox 1815 946 1867 973; x_wconf 83' lang='lat' dir='ltr'><strong><em>Pe-</em></strong></span> 
     </span>
    </p>
   </div>
   <div class='ocr_carea' id='block_1_48' title="bbox 1055 985 1867 1028">
    <p class='ocr_par' dir='ltr' id='par_1_48' title="bbox 1055 985 1867 1028">
     <span class='ocr_line' id='line_1_48' title="bbox 1055 985 1867 1028; baseline 0 -11"><span class='ocrx_word' id='word_1_352' title='bbox 1055 997 1126 1018; x_wconf 91' lang='lat' dir='ltr'><strong><em>trum</em></strong></span> <span class='ocrx_word' id='word_1_353' title='bbox 1140 999 1149 1018; x_wconf 92' lang='lat'><em>:</em></span> <span class='ocrx_word' id='word_1_354' title='bbox 1163 1000 1221 1027; x_wconf 67' lang='lat' dir='ltr'><strong><em>qut:</em></strong></span> <span class='ocrx_word' id='word_1_355' title='bbox 1236 992 1324 1019; x_wconf 87' lang='lat' dir='ltr'><strong><em>omnia</em></strong></span> <span class='ocrx_word' id='word_1_356' title='bbox 1333 991 1385 1027; x_wconf 87' lang='lat' dir='ltr'><strong><em>legi</em></strong></span> <span class='ocrx_word' id='word_1_357' title='bbox 1400 992 1505 1027; x_wconf 86' lang='lat' dir='ltr'><strong><em>quidem</em></strong></span> <span class='ocrx_word' id='word_1_358' title='bbox 1519 992 1546 1018; x_wconf 88' lang='lat' dir='ltr'><strong><em>in</em></strong></span> <span class='ocrx_word' id='word_1_359' title='bbox 1561 991 1689 1018; x_wconf 71' lang='lat' dir='ltr'><strong><em>Ecclesiit</em></strong></span> <span class='ocrx_word' id='word_1_360' title='bbox 1700 985 1867 1028; x_wconf 61' lang='lat' dir='ltr'><strong><em>voluerunt,</em></strong></span> 
     </span>
    </p>
   </div>
   <div class='ocr_carea' id='block_1_49' title="bbox 1054 1038 1867 1075">
    <p class='ocr_par' dir='ltr' id='par_1_49' title="bbox 1054 1038 1867 1075">
     <span class='ocr_line' id='line_1_49' title="bbox 1054 1038 1867 1075; baseline 0.001 -11"><span class='ocrx_word' id='word_1_361' title='bbox 1054 1046 1105 1065; x_wconf 88' lang='lat' dir='ltr'><strong><em>non</em></strong></span> <span class='ocrx_word' id='word_1_362' title='bbox 1118 1043 1207 1066; x_wconf 84' lang='lat' dir='ltr'><strong><em>tamen</em></strong></span> <span class='ocrx_word' id='word_1_363' title='bbox 1226 1039 1342 1073; x_wconf 81' lang='lat' dir='ltr'><strong><em>proferri</em></strong></span> <span class='ocrx_word' id='word_1_364' title='bbox 1359 1038 1393 1065; x_wconf 89' lang='lat' dir='ltr'><strong><em>ad</em></strong></span> <span class='ocrx_word' id='word_1_365' title='bbox 1408 1039 1593 1065; x_wconf 76' lang='lat' dir='ltr'><strong><em>auctoritatem</em></strong></span> <span class='ocrx_word' id='word_1_366' title='bbox 1604 1046 1637 1065; x_wconf 73' lang='lat' dir='ltr'><strong><em>ex</em></strong></span> <span class='ocrx_word' id='word_1_367' title='bbox 1652 1039 1694 1064; x_wconf 84' lang='lat' dir='ltr'><strong><em>his</em></strong></span> <span class='ocrx_word' id='word_1_368' title='bbox 1709 1038 1779 1072; x_wconf 87' lang='lat' dir='ltr'><strong><em>ﬁdei</em></strong></span> <span class='ocrx_word' id='word_1_369' title='bbox 1796 1047 1867 1075; x_wconf 55' lang='grc' dir='ltr'><strong><em>εοκτ</em></strong></span> 
     </span>
    </p>
   </div>
   <div class='ocr_carea' id='block_1_50' title="bbox 1054 1084 1867 1121">
    <p class='ocr_par' dir='ltr' id='par_1_50' title="bbox 1054 1084 1867 1121">
     <span class='ocr_line' id='line_1_50' title="bbox 1054 1084 1867 1121; baseline -0.001 -9"><span class='ocrx_word' id='word_1_370' title='bbox 1054 1085 1223 1120; x_wconf 85' lang='lat' dir='ltr'><strong><em>ﬁrmandam.</em></strong></span> <span class='ocrx_word' id='word_1_371' title='bbox 1241 1085 1270 1113; x_wconf 89' lang='lat' dir='ltr'><strong><em>S.</em></strong></span> <span class='ocrx_word' id='word_1_372' title='bbox 1285 1084 1478 1121; x_wconf 79' lang='lat' dir='ltr'><strong><em>Hieronymus,</em></strong></span> <span class='ocrx_word' id='word_1_373' title='bbox 1489 1086 1537 1120; x_wconf 86' lang='lat' dir='ltr'><strong><em>qui</em></strong></span> <span class='ocrx_word' id='word_1_374' title='bbox 1554 1085 1626 1112; x_wconf 89' lang='lat' dir='ltr'><strong><em>inter</em></strong></span> <span class='ocrx_word' id='word_1_375' title='bbox 1640 1084 1759 1112; x_wconf 68' lang='lat' dir='ltr'><strong><em>Graecos</em></strong></span> <span class='ocrx_word' id='word_1_376' title='bbox 1791 1093 1867 1120; x_wconf 51' lang='grc' dir='ltr'><strong>ρριιτ</strong></span> 
     </span>
    </p>
   </div>
   <div class='ocr_carea' id='block_1_51' title="bbox 1055 1131 1867 1168">
    <p class='ocr_par' dir='ltr' id='par_1_51' title="bbox 1055 1131 1867 1168">
     <span class='ocr_line' id='line_1_51' title="bbox 1055 1131 1867 1168; baseline 0.001 -10"><span class='ocrx_word' id='word_1_377' title='bbox 1055 1131 1161 1165; x_wconf 83' lang='lat' dir='ltr'><strong><em>senuit,</em></strong></span> <span class='ocrx_word' id='word_1_378' title='bbox 1191 1132 1219 1159; x_wconf 92' lang='lat' dir='ltr'><strong><em>in</em></strong></span> <span class='ocrx_word' id='word_1_379' title='bbox 1249 1131 1380 1168; x_wconf 76' lang='lat' dir='ltr'><strong><em>Catalogo</em></strong></span> <span class='ocrx_word' id='word_1_380' title='bbox 1412 1132 1471 1160; x_wconf 65' lang='lat' dir='ltr'><strong><em>haec</em></strong></span> <span class='ocrx_word' id='word_1_381' title='bbox 1499 1132 1600 1159; x_wconf 85' lang='lat' dir='ltr'><strong><em>habet:</em></strong></span> <span class='ocrx_word' id='word_1_382' title='bbox 1620 1131 1752 1158; x_wconf 82' lang='lat' dir='ltr'><strong><em>Hennam</em></strong></span> <span class='ocrx_word' id='word_1_383' title='bbox 1784 1133 1867 1166; x_wconf 68' lang='lat' dir='ltr'><strong><em>cujus</em></strong></span> 
     </span>
    </p>
   </div>
   <div class='ocr_carea' id='block_1_52' title="bbox 1055 1177 1867 1212">
    <p class='ocr_par' dir='ltr' id='par_1_52' title="bbox 1055 1177 1867 1212">
     <span class='ocr_line' id='line_1_52' title="bbox 1055 1177 1867 1212; baseline 0 -8"><span class='ocrx_word' id='word_1_384' title='bbox 1055 1178 1190 1212; x_wconf 80' lang='lat' dir='ltr'><strong><em>apostolus</em></strong></span> <span class='ocrx_word' id='word_1_385' title='bbox 1207 1178 1306 1206; x_wconf 85' lang='lat' dir='ltr'><strong><em>Paulus</em></strong></span> <span class='ocrx_word' id='word_1_386' title='bbox 1329 1180 1362 1206; x_wconf 86' lang='lat' dir='ltr'><strong><em>ad</em></strong></span> <span class='ocrx_word' id='word_1_387' title='bbox 1377 1177 1511 1206; x_wconf 85' lang='lat' dir='ltr'><strong><em>Romanos</em></strong></span> <span class='ocrx_word' id='word_1_388' title='bbox 1527 1177 1644 1204; x_wconf 83' lang='lat' dir='ltr'><strong><em>scribens</em></strong></span> <span class='ocrx_word' id='word_1_389' title='bbox 1659 1178 1804 1209; x_wconf 85' lang='lat' dir='ltr'><strong><em>meminit,</em></strong></span> <span class='ocrx_word' id='word_1_390' title='bbox 1821 1187 1867 1204; x_wconf 51' lang='lat' dir='ltr'><strong><em>as.</em></strong></span> 
     </span>
    </p>
   </div>
   <div class='ocr_carea' id='block_1_53' title="bbox 1054 1223 1867 1259">
    <p class='ocr_par' dir='ltr' id='par_1_53' title="bbox 1054 1223 1867 1259">
     <span class='ocr_line' id='line_1_53' title="bbox 1054 1223 1867 1259; baseline -0.001 -8"><span class='ocrx_word' id='word_1_391' title='bbox 1054 1230 1145 1251; x_wconf 86' lang='lat' dir='ltr'><strong><em>serunt</em></strong></span> <span class='ocrx_word' id='word_1_392' title='bbox 1161 1230 1296 1252; x_wconf 83' lang='lat' dir='ltr'><strong><em>auctorem</em></strong></span> <span class='ocrx_word' id='word_1_393' title='bbox 1311 1232 1367 1252; x_wconf 82' lang='lat' dir='ltr'><strong><em>esse</em></strong></span> <span class='ocrx_word' id='word_1_394' title='bbox 1389 1224 1450 1251; x_wconf 87' lang='lat' dir='ltr'><strong><em>libri</em></strong></span> <span class='ocrx_word' id='word_1_395' title='bbox 1463 1225 1508 1259; x_wconf 88' lang='lat' dir='ltr'><strong><em>qui</em></strong></span> <span class='ocrx_word' id='word_1_396' title='bbox 1534 1224 1686 1259; x_wconf 75' lang='lat' dir='ltr'><strong><em>appellatur</em></strong></span> <span class='ocrx_word' id='word_1_397' title='bbox 1696 1223 1820 1253; x_wconf 79' lang='lat' dir='ltr'><strong><em>Pastor.</em></strong></span> <span class='ocrx_word' id='word_1_398' title='bbox 1842 1226 1867 1250; x_wconf 75' lang='lat' dir='ltr'><strong><em>et</em></strong></span> 
     </span>
    </p>
   </div>
   <div class='ocr_carea' id='block_1_54' title="bbox 1054 1269 1867 1306">
    <p class='ocr_par' dir='ltr' id='par_1_54' title="bbox 1054 1269 1867 1306">
     <span class='ocr_line' id='line_1_54' title="bbox 1054 1269 1867 1306; baseline -0.001 -9"><span class='ocrx_word' id='word_1_399' title='bbox 1054 1270 1125 1305; x_wconf 88' lang='lat' dir='ltr'><strong><em>apud</em></strong></span> <span class='ocrx_word' id='word_1_400' title='bbox 1138 1271 1267 1306; x_wconf 87' lang='lat' dir='ltr'><strong><em>quasdam</em></strong></span> <span class='ocrx_word' id='word_1_401' title='bbox 1293 1269 1404 1298; x_wconf 78' lang='lat' dir='ltr'><strong><em>Cra-cite</em></strong></span> <span class='ocrx_word' id='word_1_402' title='bbox 1421 1270 1553 1297; x_wconf 83' lang='lat' dir='ltr'><strong><em>Ecclesias</em></strong></span> <span class='ocrx_word' id='word_1_403' title='bbox 1574 1270 1654 1297; x_wconf 84' lang='lat' dir='ltr'><strong><em>etiam</em></strong></span> <span class='ocrx_word' id='word_1_404' title='bbox 1673 1269 1787 1304; x_wconf 80' lang='lat' dir='ltr'><strong><em>publice</em></strong></span> <span class='ocrx_word' id='word_1_405' title='bbox 1799 1270 1867 1305; x_wconf 59' lang='lat' dir='ltr'><strong><em>legi&quot;</em></strong></span> 
     </span>
    </p>
   </div>
   <div class='ocr_carea' id='block_1_55' title="bbox 1055 1316 1867 1351">
    <p class='ocr_par' dir='ltr' id='par_1_55' title="bbox 1055 1316 1867 1351">
     <span class='ocr_line' id='line_1_55' title="bbox 1055 1316 1867 1351; baseline -0.002 -7"><span class='ocrx_word' id='word_1_406' title='bbox 1055 1321 1108 1344; x_wconf 88' lang='lat' dir='ltr'><strong><em>tur.</em></strong></span> <span class='ocrx_word' id='word_1_407' title='bbox 1126 1317 1226 1344; x_wconf 79' lang='lat' dir='ltr'><strong><em>Revera</em></strong></span> <span class='ocrx_word' id='word_1_408' title='bbox 1241 1317 1317 1344; x_wconf 87' lang='lat' dir='ltr'><strong><em>utilis</em></strong></span> <span class='ocrx_word' id='word_1_409' title='bbox 1336 1317 1414 1350; x_wconf 81' lang='lat' dir='ltr'><strong><em>liber,</em></strong></span> <span class='ocrx_word' id='word_1_410' title='bbox 1431 1317 1559 1351; x_wconf 88' lang='lat' dir='ltr'><strong><em>multique</em></strong></span> <span class='ocrx_word' id='word_1_411' title='bbox 1574 1316 1606 1343; x_wconf 91' lang='lat' dir='ltr'><strong><em>de</em></strong></span> <span class='ocrx_word' id='word_1_412' title='bbox 1629 1324 1659 1343; x_wconf 85' lang='lat' dir='ltr'><strong><em>eo</em></strong></span> <span class='ocrx_word' id='word_1_413' title='bbox 1686 1316 1867 1350; x_wconf 82' lang='lat' dir='ltr'><strong><em>scriptorum</em></strong></span> 
     </span>
    </p>
   </div>
   <div class='ocr_carea' id='block_1_56' title="bbox 1054 1362 1867 1399">
    <p class='ocr_par' dir='ltr' id='par_1_56' title="bbox 1054 1362 1867 1399">
     <span class='ocr_line' id='line_1_56' title="bbox 1054 1362 1867 1399; baseline -0.002 -9"><span class='ocrx_word' id='word_1_414' title='bbox 1054 1368 1170 1391; x_wconf 77' lang='lat' dir='ltr'><strong><em>ueterum</em></strong></span> <span class='ocrx_word' id='word_1_415' title='bbox 1184 1368 1381 1399; x_wconf 78' lang='lat' dir='ltr'><strong><em>usurpaverant</em></strong></span> <span class='ocrx_word' id='word_1_416' title='bbox 1399 1362 1570 1395; x_wconf 84' lang='lat' dir='ltr'><strong><em>testimonia;</em></strong></span> <span class='ocrx_word' id='word_1_417' title='bbox 1587 1362 1633 1389; x_wconf 83' lang='lat' dir='ltr'><strong><em>sed</em></strong></span> <span class='ocrx_word' id='word_1_418' title='bbox 1648 1362 1723 1397; x_wconf 81' lang='lat' dir='ltr'><strong><em>apud</em></strong></span> <span class='ocrx_word' id='word_1_419' title='bbox 1741 1362 1867 1389; x_wconf 69' lang='lat' dir='ltr'><strong><em>Latinos</em></strong></span> 
     </span>
    </p>
   </div>
   <div class='ocr_carea' id='block_1_57' title="bbox 1054 1406 1867 1444">
    <p class='ocr_par' dir='ltr' id='par_1_57' title="bbox 1054 1406 1867 1444">
     <span class='ocr_line' id='line_1_57' title="bbox 1054 1406 1867 1444; baseline -0.002 -8"><span class='ocrx_word' id='word_1_420' title='bbox 1054 1417 1118 1444; x_wconf 83' lang='lat' dir='ltr'><strong><em>pene</em></strong></span> <span class='ocrx_word' id='word_1_421' title='bbox 1140 1409 1244 1444; x_wconf 84' lang='lat' dir='ltr'><strong><em>ignotus</em></strong></span> <span class='ocrx_word' id='word_1_422' title='bbox 1270 1413 1319 1436; x_wconf 79' lang='lat' dir='ltr'><strong><em>est.</em></strong></span> <span class='ocrx_word' id='word_1_423' title='bbox 1343 1408 1415 1436; x_wconf 91' lang='lat' dir='ltr'><strong><em>Idem</em></strong></span> <span class='ocrx_word' id='word_1_424' title='bbox 1432 1409 1547 1443; x_wconf 86' lang='lat' dir='ltr'><strong><em>epistola</em></strong></span> <span class='ocrx_word' id='word_1_425' title='bbox 1565 1407 1628 1441; x_wconf 72' lang='lat'><strong><em>106,</em></strong></span> <span class='ocrx_word' id='word_1_426' title='bbox 1650 1407 1708 1435; x_wconf 87' lang='lat' dir='ltr'><strong><em>sive</em></strong></span> <span class='ocrx_word' id='word_1_427' title='bbox 1733 1406 1867 1444; x_wconf 78' lang='lat' dir='ltr'><strong><em>Prolog-‘I</em></strong></span> 
     </span>
    </p>
   </div>
   <div class='ocr_carea' id='block_1_58' title="bbox 1055 1451 1859 1490">
    <p class='ocr_par' dir='ltr' id='par_1_58' title="bbox 1055 1451 1859 1490">
     <span class='ocr_line' id='line_1_58' title="bbox 1055 1451 1859 1490; baseline -0.006 -8"><span class='ocrx_word' id='word_1_428' title='bbox 1055 1455 1160 1490; x_wconf 75' lang='lat' dir='ltr'><strong><em>galeato</em></strong></span> <span class='ocrx_word' id='word_1_429' title='bbox 1188 1464 1195 1482; x_wconf 93' lang='lat'><strong>:</strong></span> <span class='ocrx_word' id='word_1_430' title='bbox 1225 1454 1314 1490; x_wconf 80' lang='lat' dir='ltr'><strong><em>igitur</em></strong></span> <span class='ocrx_word' id='word_1_431' title='bbox 1348 1454 1487 1490; x_wconf 83' lang='lat' dir='ltr'><strong><em>Sapientia</em></strong></span> <span class='ocrx_word' id='word_1_432' title='bbox 1519 1462 1578 1490; x_wconf 69' lang='lat' dir='ltr'><strong><em>qua;</em></strong></span> <span class='ocrx_word' id='word_1_433' title='bbox 1608 1453 1686 1488; x_wconf 78' lang='lat' dir='ltr'><strong><em>vulgo</em></strong></span> <span class='ocrx_word' id='word_1_434' title='bbox 1721 1451 1859 1478; x_wconf 71' lang='lat' dir='ltr'><strong><em>Salomo-</em></strong></span> 
     </span>
    </p>
   </div>
   <div class='ocr_carea' id='block_1_59' title="bbox 1055 1498 1864 1535">
    <p class='ocr_par' dir='ltr' id='par_1_59' title="bbox 1055 1498 1864 1535">
     <span class='ocr_line' id='line_1_59' title="bbox 1055 1498 1864 1535; baseline -0.005 -7"><span class='ocrx_word' id='word_1_435' title='bbox 1055 1501 1099 1528; x_wconf 81' lang='lat' dir='ltr'><strong><em>nis</em></strong></span> <span class='ocrx_word' id='word_1_436' title='bbox 1117 1501 1287 1535; x_wconf 80' lang='lat' dir='ltr'><strong><em>inscribitur,</em></strong></span> <span class='ocrx_word' id='word_1_437' title='bbox 1312 1506 1337 1529; x_wconf 89' lang='lat' dir='ltr'><strong><em>et</em></strong></span> <span class='ocrx_word' id='word_1_438' title='bbox 1358 1500 1424 1529; x_wconf 81' lang='lat' dir='ltr'><strong><em>Jesu</em></strong></span> <span class='ocrx_word' id='word_1_439' title='bbox 1449 1501 1497 1528; x_wconf 86' lang='lat' dir='ltr'><strong><em>lilii</em></strong></span> <span class='ocrx_word' id='word_1_440' title='bbox 1519 1500 1615 1528; x_wconf 85' lang='lat' dir='ltr'><strong><em>Sirach</em></strong></span> <span class='ocrx_word' id='word_1_441' title='bbox 1639 1499 1725 1530; x_wconf 86' lang='lat' dir='ltr'><strong><em>liber,</em></strong></span> <span class='ocrx_word' id='word_1_442' title='bbox 1754 1503 1781 1525; x_wconf 89' lang='lat' dir='ltr'><strong><em>et</em></strong></span> <span class='ocrx_word' id='word_1_443' title='bbox 1810 1498 1864 1525; x_wconf 82' lang='lat' dir='ltr'><strong><em>Ju-</em></strong></span> 
     </span>
    </p>
   </div>
   <div class='ocr_carea' id='block_1_60' title="bbox 209 1543 1865 1584">
    <p class='ocr_par' dir='ltr' id='par_1_60' title="bbox 209 1543 1865 1584">
     <span class='ocr_line' id='line_1_60' title="bbox 209 1543 1865 1584; baseline -0.004 -8"><span class='ocrx_word' id='word_1_444' title='bbox 209 1548 325 1576; x_wconf 83' lang='lat' dir='ltr'><strong><em>Patrum</em></strong></span> <span class='ocrx_word' id='word_1_445' title='bbox 341 1548 501 1576; x_wconf 85' lang='lat' dir='ltr'><strong><em>auctoritate</em></strong></span> <span class='ocrx_word' id='word_1_446' title='bbox 524 1547 581 1575; x_wconf 88' lang='lat' dir='ltr'><strong><em>illis</em></strong></span> <span class='ocrx_word' id='word_1_447' title='bbox 605 1548 651 1583; x_wconf 87' lang='lat' dir='ltr'><strong><em>qui</em></strong></span> <span class='ocrx_word' id='word_1_448' title='bbox 668 1548 775 1582; x_wconf 84' lang='lat' dir='ltr'><strong><em>pietatis</em></strong></span> <span class='ocrx_word' id='word_1_449' title='bbox 799 1547 934 1575; x_wconf 86' lang='lat' dir='ltr'><strong><em>elementis</em></strong></span> <span class='ocrx_word' id='word_1_450' title='bbox 956 1548 1005 1575; x_wconf 63' lang='lat' dir='ltr'><strong><em>itm</em></strong></span> <span class='ocrx_word' id='word_1_451' title='bbox 1017 1555 1038 1584; x_wconf 73' lang='grc' dir='ltr'><em>ε</em></span> <span class='ocrx_word' id='word_1_452' title='bbox 1055 1547 1114 1574; x_wconf 85' lang='lat' dir='ltr'><strong><em>dith</em></strong></span> <span class='ocrx_word' id='word_1_453' title='bbox 1128 1551 1152 1574; x_wconf 92' lang='lat' dir='ltr'><strong><em>et</em></strong></span> <span class='ocrx_word' id='word_1_454' title='bbox 1171 1546 1272 1575; x_wconf 82' lang='lat' dir='ltr'><strong><em>Tobias</em></strong></span> <span class='ocrx_word' id='word_1_455' title='bbox 1287 1552 1312 1574; x_wconf 89' lang='lat' dir='ltr'><strong><em>et</em></strong></span> <span class='ocrx_word' id='word_1_456' title='bbox 1327 1547 1424 1575; x_wconf 80' lang='lat' dir='ltr'><strong><em>Pastor</em></strong></span> <span class='ocrx_word' id='word_1_457' title='bbox 1446 1556 1498 1574; x_wconf 86' lang='lat' dir='ltr'><strong><em>non</em></strong></span> <span class='ocrx_word' id='word_1_458' title='bbox 1515 1551 1574 1574; x_wconf 86' lang='lat' dir='ltr'><strong><em>sunt</em></strong></span> <span class='ocrx_word' id='word_1_459' title='bbox 1591 1547 1619 1572; x_wconf 89' lang='lat' dir='ltr'><strong><em>in</em></strong></span> <span class='ocrx_word' id='word_1_460' title='bbox 1633 1551 1750 1571; x_wconf 80' lang='lat' dir='ltr'><strong><em>canone.</em></strong></span> <span class='ocrx_word' id='word_1_461' title='bbox 1770 1543 1865 1571; x_wconf 80' lang='lat' dir='ltr'><strong><em>Joan-</em></strong></span> 
     </span>
    </p>
   </div>
   <div class='ocr_carea' id='block_1_61' title="bbox 209 1593 1005 1630">
    <p class='ocr_par' dir='ltr' id='par_1_61' title="bbox 209 1593 1005 1630">
     <span class='ocr_line' id='line_1_61' title="bbox 209 1593 1005 1630; baseline -0.001 -7"><span class='ocrx_word' id='word_1_462' title='bbox 209 1596 306 1623; x_wconf 73' lang='lat' dir='ltr'><strong><em>buendi</em></strong></span> <span class='ocrx_word' id='word_1_463' title='bbox 331 1600 416 1623; x_wconf 79' lang='lat' dir='ltr'><strong><em>essent</em></strong></span> <span class='ocrx_word' id='word_1_464' title='bbox 440 1595 607 1630; x_wconf 81' lang='lat' dir='ltr'><strong><em>propositos,</em></strong></span> <span class='ocrx_word' id='word_1_465' title='bbox 628 1594 725 1629; x_wconf 87' lang='lat' dir='ltr'><strong><em>quales</em></strong></span> <span class='ocrx_word' id='word_1_466' title='bbox 749 1598 814 1622; x_wconf 87' lang='lat' dir='ltr'><strong><em>sunt</em></strong></span> <span class='ocrx_word' id='word_1_467' title='bbox 835 1603 842 1621; x_wconf 90' lang='lat'>:</span> <span class='ocrx_word' id='word_1_468' title='bbox 866 1593 1005 1629; x_wconf 86' lang='lat' dir='ltr'><strong><em>Sapientia</em></strong></span> 
     </span>
    </p>
   </div>
   <div class='ocr_carea' id='block_1_62' title="bbox 209 1637 1003 1675">
    <p class='ocr_par' dir='ltr' id='par_1_62' title="bbox 209 1637 1003 1675">
     <span class='ocr_line' id='line_1_62' title="bbox 209 1637 1003 1675; baseline -0.001 -7"><span class='ocrx_word' id='word_1_469' title='bbox 209 1641 372 1673; x_wconf 72' lang='lat' dir='ltr'><strong><em>Solomonis,</em></strong></span> <span class='ocrx_word' id='word_1_470' title='bbox 385 1639 523 1675; x_wconf 85' lang='lat' dir='ltr'><strong><em>Sapientia</em></strong></span> <span class='ocrx_word' id='word_1_471' title='bbox 536 1638 644 1672; x_wconf 82' lang='lat' dir='ltr'><strong><em>Sirach,</em></strong></span> <span class='ocrx_word' id='word_1_472' title='bbox 657 1638 761 1671; x_wconf 80' lang='lat' dir='ltr'><strong><em>Esther,</em></strong></span> <span class='ocrx_word' id='word_1_473' title='bbox 775 1637 792 1665; x_wconf 83' lang='grc'><strong><em>,1</em></strong></span> <span class='ocrx_word' id='word_1_474' title='bbox 796 1639 881 1672; x_wconf 87' lang='lat' dir='ltr'><strong><em>udith,</em></strong></span> <span class='ocrx_word' id='word_1_475' title='bbox 897 1639 1003 1675; x_wconf 78' lang='lat' dir='ltr'><strong><em>Tobias,</em></strong></span> 
     </span>
    </p>
   </div>
   <div class='ocr_carea' id='block_1_63' title="bbox 210 1683 1005 1720">
    <p class='ocr_par' dir='ltr' id='par_1_63' title="bbox 210 1683 1005 1720">
     <span class='ocr_line' id='line_1_63' title="bbox 210 1683 1005 1720; baseline -0.001 -6"><span class='ocrx_word' id='word_1_476' title='bbox 210 1687 339 1714; x_wconf 79' lang='lat' dir='ltr'><strong><em>Doctrina</em></strong></span> <span class='ocrx_word' id='word_1_477' title='bbox 351 1685 542 1720; x_wconf 78' lang='lat' dir='ltr'><strong><em>apostolorum,</em></strong></span> <span class='ocrx_word' id='word_1_478' title='bbox 553 1689 579 1712; x_wconf 89' lang='lat' dir='ltr'><strong><em>et</em></strong></span> <span class='ocrx_word' id='word_1_479' title='bbox 598 1683 705 1712; x_wconf 83' lang='lat' dir='ltr'><strong><em>Pastor.</em></strong></span> <span class='ocrx_word' id='word_1_480' title='bbox 735 1683 797 1712; x_wconf 58' lang='lat' dir='ltr'><strong><em>Haec</em></strong></span> <span class='ocrx_word' id='word_1_481' title='bbox 812 1684 922 1719; x_wconf 82' lang='lat' dir='ltr'><strong><em>quidem</em></strong></span> <span class='ocrx_word' id='word_1_482' title='bbox 940 1690 1005 1714; x_wconf 86' lang='lat' dir='ltr'><strong><em>tunc</em></strong></span> 
     </span>
    </p>
   </div>
   <div class='ocr_carea' id='block_1_64' title="bbox 210 1730 1004 1766">
    <p class='ocr_par' dir='ltr' id='par_1_64' title="bbox 210 1730 1004 1766">
     <span class='ocr_line' id='line_1_64' title="bbox 210 1730 1004 1766; baseline 0 -8"><span class='ocrx_word' id='word_1_483' title='bbox 210 1731 341 1760; x_wconf 76' lang='lat' dir='ltr'><strong><em>Ecclesia:</em></strong></span> <span class='ocrx_word' id='word_1_484' title='bbox 357 1731 510 1765; x_wconf 77' lang='lat' dir='ltr'><strong><em>sententia;</em></strong></span> <span class='ocrx_word' id='word_1_485' title='bbox 527 1731 593 1766; x_wconf 88' lang='lat' dir='ltr'><strong><em>quid</em></strong></span> <span class='ocrx_word' id='word_1_486' title='bbox 607 1735 700 1758; x_wconf 86' lang='lat' dir='ltr'><strong><em>autem</em></strong></span> <span class='ocrx_word' id='word_1_487' title='bbox 716 1730 750 1758; x_wconf 84' lang='lat' dir='ltr'><strong><em>de</em></strong></span> <span class='ocrx_word' id='word_1_488' title='bbox 766 1732 880 1758; x_wconf 84' lang='lat' dir='ltr'><strong><em>Pastore</em></strong></span> <span class='ocrx_word' id='word_1_489' title='bbox 899 1730 1004 1766; x_wconf 83' lang='lat' dir='ltr'><strong><em>judica-</em></strong></span> 
     </span>
    </p>
   </div>
   <div class='ocr_carea' id='block_1_65' title="bbox 209 1776 1004 1813">
    <p class='ocr_par' dir='ltr' id='par_1_65' title="bbox 209 1776 1004 1813">
     <span class='ocr_line' id='line_1_65' title="bbox 209 1776 1004 1813; baseline -0.003 -7"><span class='ocrx_word' id='word_1_490' title='bbox 209 1780 291 1812; x_wconf 82' lang='lat' dir='ltr'><strong><em>verit,</em></strong></span> <span class='ocrx_word' id='word_1_491' title='bbox 307 1778 418 1806; x_wconf 84' lang='lat' dir='ltr'><strong><em>aliunde</em></strong></span> <span class='ocrx_word' id='word_1_492' title='bbox 443 1782 527 1813; x_wconf 87' lang='lat' dir='ltr'><strong><em>patet.</em></strong></span> <span class='ocrx_word' id='word_1_493' title='bbox 547 1776 617 1805; x_wconf 87' lang='lat' dir='ltr'><strong><em>Nam</em></strong></span> <span class='ocrx_word' id='word_1_494' title='bbox 643 1781 671 1805; x_wconf 86' lang='lat' dir='ltr'><strong><em>et</em></strong></span> <span class='ocrx_word' id='word_1_495' title='bbox 696 1777 812 1812; x_wconf 86' lang='lat' dir='ltr'><strong><em>epistola</em></strong></span> <span class='ocrx_word' id='word_1_496' title='bbox 833 1777 867 1804; x_wconf 85' lang='lat' dir='ltr'><strong><em>de</em></strong></span> <span class='ocrx_word' id='word_1_497' title='bbox 894 1776 1004 1805; x_wconf 62' lang='lat' dir='ltr'><strong><em>Nicena</em></strong></span> 
     </span>
    </p>
   </div>
   <div class='ocr_carea' id='block_1_66' title="bbox 210 1822 1004 1860">
    <p class='ocr_par' dir='ltr' id='par_1_66' title="bbox 210 1822 1004 1860">
     <span class='ocr_line' id='line_1_66' title="bbox 210 1822 1004 1860; baseline -0.003 -8"><span class='ocrx_word' id='word_1_498' title='bbox 210 1825 317 1860; x_wconf 81' lang='lat' dir='ltr'><strong><em>synodo</em></strong></span> <span class='ocrx_word' id='word_1_499' title='bbox 331 1824 423 1852; x_wconf 85' lang='lat' dir='ltr'><strong><em>verbis</em></strong></span> <span class='ocrx_word' id='word_1_500' title='bbox 437 1823 546 1851; x_wconf 47' lang='lat' dir='ltr'><strong><em>Hermas.</em></strong></span> <span class='ocrx_word' id='word_1_501' title='bbox 556 1823 642 1858; x_wconf 77' lang='lat' dir='ltr'><strong><em>ipsius</em></strong></span> <span class='ocrx_word' id='word_1_502' title='bbox 654 1823 750 1856; x_wconf 87' lang='lat' dir='ltr'><strong><em>utitur,</em></strong></span> <span class='ocrx_word' id='word_1_503' title='bbox 762 1827 788 1850; x_wconf 87' lang='lat' dir='ltr'><strong><em>et</em></strong></span> <span class='ocrx_word' id='word_1_504' title='bbox 801 1823 848 1851; x_wconf 88' lang='lat' dir='ltr'><strong><em>lib.</em></strong></span> <span class='ocrx_word' id='word_1_505' title='bbox 859 1822 896 1850; x_wconf 85' lang='lat' dir='ltr'><strong><em>De</em></strong></span> <span class='ocrx_word' id='word_1_506' title='bbox 907 1822 1004 1850; x_wconf 84' lang='lat' dir='ltr'><strong><em>Incur-</em></strong></span> 
     </span>
    </p>
   </div>
   <div class='ocr_carea' id='block_1_67' title="bbox 209 1868 1003 1905">
    <p class='ocr_par' dir='ltr' id='par_1_67' title="bbox 209 1868 1003 1905">
     <span class='ocr_line' id='line_1_67' title="bbox 209 1868 1003 1905; baseline -0.003 -6"><span class='ocrx_word' id='word_1_507' title='bbox 209 1871 319 1899; x_wconf 78' lang='lat' dir='ltr'><strong><em>natione</em></strong></span> <span class='ocrx_word' id='word_1_508' title='bbox 336 1869 410 1898; x_wconf 85' lang='lat' dir='ltr'><strong><em>Verbi</em></strong></span> <span class='ocrx_word' id='word_1_509' title='bbox 420 1870 518 1905; x_wconf 85' lang='lat' dir='ltr'><strong><em>probat</em></strong></span> <span class='ocrx_word' id='word_1_510' title='bbox 532 1869 626 1897; x_wconf 85' lang='lat' dir='ltr'><strong><em>omnia</em></strong></span> <span class='ocrx_word' id='word_1_511' title='bbox 636 1877 670 1896; x_wconf 80' lang='lat' dir='ltr'><strong><em>ex</em></strong></span> <span class='ocrx_word' id='word_1_512' title='bbox 684 1869 771 1897; x_wconf 89' lang='lat' dir='ltr'><strong><em>nihilo</em></strong></span> <span class='ocrx_word' id='word_1_513' title='bbox 783 1869 855 1897; x_wconf 79' lang='lat' dir='ltr'><strong><em>facta</em></strong></span> <span class='ocrx_word' id='word_1_514' title='bbox 871 1877 919 1905; x_wconf 87' lang='lat' dir='ltr'><strong><em>per</em></strong></span> <span class='ocrx_word' id='word_1_515' title='bbox 934 1868 1003 1897; x_wconf 83' lang='lat' dir='ltr'><strong><em>Ver-</em></strong></span> 
     </span>
    </p>
   </div>
   <div class='ocr_carea' id='block_1_68' title="bbox 210 1912 1003 1953">
    <p class='ocr_par' dir='ltr' id='par_1_68' title="bbox 210 1912 1003 1953">
     <span class='ocr_line' id='line_1_68' title="bbox 210 1912 1003 1953; baseline -0.003 -9"><span class='ocrx_word' id='word_1_516' title='bbox 210 1917 277 1944; x_wconf 82' lang='lat' dir='ltr'><strong><em>bum</em></strong></span> <span class='ocrx_word' id='word_1_517' title='bbox 295 1937 302 1943; x_wconf 88' lang='lat'><strong><em>.</em></strong></span> <span class='ocrx_word' id='word_1_518' title='bbox 317 1912 357 1952; x_wconf 72' lang='grc' dir='ltr'><strong><em>’ῌ</em></strong></span> <span class='ocrx_word' id='word_1_519' title='bbox 373 1924 440 1953; x_wconf 85' lang='grc' dir='ltr'><strong><em>φησι</em></strong></span> <span class='ocrx_word' id='word_1_520' title='bbox 455 1916 500 1943; x_wconf 84' lang='grc' dir='ltr'><strong>διὰ</strong></span> <span class='ocrx_word' id='word_1_521' title='bbox 517 1916 567 1952; x_wconf 85' lang='grc' dir='ltr'><strong><em>μὲν</em></strong></span> <span class='ocrx_word' id='word_1_522' title='bbox 583 1915 715 1947; x_wconf 75' lang='grc' dir='ltr'><strong><em>Μωσέως·</em></strong></span> <span class='ocrx_word' id='word_1_523' title='bbox 740 1916 792 1942; x_wconf 79' lang='grc' dir='ltr'><strong><em>Ἐν</em></strong></span> <span class='ocrx_word' id='word_1_524' title='bbox 807 1915 886 1951; x_wconf 80' lang='grc' dir='ltr'><strong><em>ἀρχῇ</em></strong></span> <span class='ocrx_word' id='word_1_525' title='bbox 902 1915 1003 1950; x_wconf 81' lang='grc' dir='ltr'><strong>ἐποιη-</strong></span> 
     </span>
    </p>
   </div>
   <div class='ocr_carea' id='block_1_69' title="bbox 210 1956 1003 1997">
    <p class='ocr_par' dir='ltr' id='par_1_69' title="bbox 210 1956 1003 1997">
     <span class='ocr_line' id='line_1_69' title="bbox 210 1956 1003 1997; baseline -0.001 -8"><span class='ocrx_word' id='word_1_526' title='bbox 210 1970 269 1990; x_wconf 78' lang='grc' dir='ltr'><strong><em>σεν</em></strong></span> <span class='ocrx_word' id='word_1_527' title='bbox 284 1964 301 1989; x_wconf 83' lang='grc' dir='ltr'><strong><em>ό</em></strong></span> <span class='ocrx_word' id='word_1_528' title='bbox 318 1962 390 1996; x_wconf 74' lang='grc' dir='ltr'><strong><em>Θεὸς</em></strong></span> <span class='ocrx_word' id='word_1_529' title='bbox 404 1962 458 1989; x_wconf 78' lang='grc' dir='ltr'><strong><em>τὸν</em></strong></span> <span class='ocrx_word' id='word_1_530' title='bbox 473 1961 604 1997; x_wconf 81' lang='grc' dir='ltr'><strong>οὐρανὸν</strong></span> <span class='ocrx_word' id='word_1_531' title='bbox 620 1962 669 1989; x_wconf 75' lang='grc' dir='ltr'><strong><em>καὶ</em></strong></span> <span class='ocrx_word' id='word_1_532' title='bbox 686 1961 744 1996; x_wconf 76' lang='grc' dir='ltr'><strong><em>τὴν</em></strong></span> <span class='ocrx_word' id='word_1_533' title='bbox 759 1961 826 1997; x_wconf 70' lang='grc' dir='ltr'>γῆν·</span> <span class='ocrx_word' id='word_1_534' title='bbox 845 1956 889 1989; x_wconf 73' lang='grc' dir='ltr'><strong>διὰ</strong></span> <span class='ocrx_word' id='word_1_535' title='bbox 908 1961 936 1988; x_wconf 77' lang='grc' dir='ltr'><strong><em>δὲ</em></strong></span> <span class='ocrx_word' id='word_1_536' title='bbox 953 1962 1003 1997; x_wconf 78' lang='grc' dir='ltr'><strong><em>τῆς</em></strong></span> 
     </span>
    </p>
   </div>
   <div class='ocr_carea' id='block_1_70' title="bbox 210 2007 1003 2044">
    <p class='ocr_par' dir='ltr' id='par_1_70' title="bbox 210 2007 1003 2044">
     <span class='ocr_line' id='line_1_70' title="bbox 210 2007 1003 2044; baseline -0.001 -9"><span class='ocrx_word' id='word_1_537' title='bbox 210 2007 425 2044; x_wconf 80' lang='grc' dir='ltr'><strong><em>ὼφελιμωτάτης</em></strong></span> <span class='ocrx_word' id='word_1_538' title='bbox 444 2007 536 2043; x_wconf 74' lang='grc' dir='ltr'><strong>βίϐλου</strong></span> <span class='ocrx_word' id='word_1_539' title='bbox 553 2007 600 2034; x_wconf 74' lang='grc' dir='ltr'><strong><em>τοῦ</em></strong></span> <span class='ocrx_word' id='word_1_540' title='bbox 618 2007 772 2042; x_wconf 81' lang='grc' dir='ltr'><strong>Ποιμένος·</strong></span> <span class='ocrx_word' id='word_1_541' title='bbox 791 2007 913 2041; x_wconf 83' lang='grc' dir='ltr'><strong>Πρῶτον</strong></span> <span class='ocrx_word' id='word_1_542' title='bbox 928 2007 1003 2035; x_wconf 77' lang='grc' dir='ltr'><strong><em>πάν-</em></strong></span> 
     </span>
    </p>
   </div>
   <div class='ocr_carea' id='block_1_71' title="bbox 209 2052 1004 2086">
    <p class='ocr_par' dir='ltr' id='par_1_71' title="bbox 209 2052 1004 2086">
     <span class='ocr_line' id='line_1_71' title="bbox 209 2052 1004 2086; baseline 0 -4"><span class='ocrx_word' id='word_1_543' title='bbox 209 2060 271 2082; x_wconf 73' lang='grc' dir='ltr'><strong><em>των</em></strong></span> <span class='ocrx_word' id='word_1_544' title='bbox 286 2054 454 2081; x_wconf 75' lang='grc' dir='ltr'><strong><em>πίστευσον</em></strong></span> <span class='ocrx_word' id='word_1_545' title='bbox 469 2053 515 2080; x_wconf 80' lang='grc' dir='ltr'><strong><em>ὅτι</em></strong></span> <span class='ocrx_word' id='word_1_546' title='bbox 530 2053 574 2086; x_wconf 78' lang='grc' dir='ltr'><strong><em>εἷς</em></strong></span> <span class='ocrx_word' id='word_1_547' title='bbox 589 2053 676 2080; x_wconf 81' lang='grc' dir='ltr'><strong>ἐστιν</strong></span> <span class='ocrx_word' id='word_1_548' title='bbox 698 2054 715 2080; x_wconf 88' lang='grc' dir='ltr'><strong><em>ό</em></strong></span> <span class='ocrx_word' id='word_1_549' title='bbox 732 2052 804 2086; x_wconf 82' lang='grc' dir='ltr'><strong><em>Θεὸς</em></strong></span> <span class='ocrx_word' id='word_1_550' title='bbox 820 2053 837 2080; x_wconf 79' lang='grc' dir='ltr'><em>ὁ</em></span> <span class='ocrx_word' id='word_1_551' title='bbox 853 2053 890 2080; x_wconf 85' lang='grc' dir='ltr'><strong><em>τὰ</em></strong></span> <span class='ocrx_word' id='word_1_552' title='bbox 905 2053 1004 2082; x_wconf 76' lang='grc' dir='ltr'>πάντα</span> 
     </span>
    </p>
   </div>
   <div class='ocr_carea' id='block_1_72' title="bbox 210 2097 1001 2134">
    <p class='ocr_par' dir='ltr' id='par_1_72' title="bbox 210 2097 1001 2134">
     <span class='ocr_line' id='line_1_72' title="bbox 210 2097 1001 2134; baseline -0.003 -6"><span class='ocrx_word' id='word_1_553' title='bbox 210 2101 319 2133; x_wconf 74' lang='grc' dir='ltr'><em>κτίσας</em></span> <span class='ocrx_word' id='word_1_554' title='bbox 341 2100 391 2126; x_wconf 70' lang='grc' dir='ltr'><strong><em>καὶ</em></strong></span> <span class='ocrx_word' id='word_1_555' title='bbox 416 2099 598 2133; x_wconf 81' lang='grc' dir='ltr'><strong><em>καταρτίσας</em></strong></span> <span class='ocrx_word' id='word_1_556' title='bbox 623 2098 672 2126; x_wconf 78' lang='grc' dir='ltr'><strong><em>καὶ</em></strong></span> <span class='ocrx_word' id='word_1_557' title='bbox 689 2098 821 2132; x_wconf 82' lang='grc' dir='ltr'><strong><em>ποιήσας</em></strong></span> <span class='ocrx_word' id='word_1_558' title='bbox 836 2097 870 2125; x_wconf 74' lang='grc' dir='ltr'><strong><em>ἐκ</em></strong></span> <span class='ocrx_word' id='word_1_559' title='bbox 887 2099 940 2126; x_wconf 83' lang='grc' dir='ltr'><strong><em>τοῦ</em></strong></span> <span class='ocrx_word' id='word_1_560' title='bbox 958 2098 1001 2134; x_wconf 77' lang='grc' dir='ltr'><strong><em>μὴ</em></strong></span> 
     </span>
    </p>
   </div>
   <div class='ocr_carea' id='block_1_73' title="bbox 211 2144 1001 2179">
    <p class='ocr_par' dir='ltr' id='par_1_73' title="bbox 211 2144 1001 2179">
     <span class='ocr_line' id='line_1_73' title="bbox 211 2144 1001 2179; baseline -0.003 -5"><span class='ocrx_word' id='word_1_561' title='bbox 211 2147 299 2179; x_wconf 79' lang='grc' dir='ltr'><strong><em>ὄντος</em></strong></span> <span class='ocrx_word' id='word_1_562' title='bbox 314 2147 359 2178; x_wconf 81' lang='grc' dir='ltr'><strong>εις</strong></span> <span class='ocrx_word' id='word_1_563' title='bbox 374 2144 407 2172; x_wconf 82' lang='grc' dir='ltr'><strong><em>τὸ</em></strong></span> <span class='ocrx_word' id='word_1_564' title='bbox 430 2145 516 2172; x_wconf 79' lang='grc' dir='ltr'><strong>εἶναι.</strong></span> <span class='ocrx_word' id='word_1_565' title='bbox 541 2144 677 2177; x_wconf 78' lang='lat' dir='ltr'><strong><em>Quatenus</em></strong></span> <span class='ocrx_word' id='word_1_566' title='bbox 698 2144 817 2179; x_wconf 85' lang='lat' dir='ltr'><strong><em>loquitur</em></strong></span> <span class='ocrx_word' id='word_1_567' title='bbox 839 2153 885 2179; x_wconf 89' lang='lat' dir='ltr'><strong><em>per</em></strong></span> <span class='ocrx_word' id='word_1_568' title='bbox 911 2144 1001 2172; x_wconf 77' lang='lat' dir='ltr'><strong><em>Mosen</em></strong></span> 
     </span>
    </p>
   </div>
   <div class='ocr_carea' id='block_1_74' title="bbox 205 2190 998 2229">
    <p class='ocr_par' dir='ltr' id='par_1_74' title="bbox 205 2190 998 2229">
     <span class='ocr_line' id='line_1_74' title="bbox 205 2190 998 2229; baseline -0.004 -8"><span class='ocrx_word' id='word_1_569' title='bbox 205 2194 318 2229; x_wconf 77' lang='lat' dir='ltr'><strong><em>quidem</em></strong></span> <span class='ocrx_word' id='word_1_570' title='bbox 330 2199 339 2218; x_wconf 93' lang='lat'><strong><em>:</em></strong></span> <span class='ocrx_word' id='word_1_571' title='bbox 354 2200 364 2217; x_wconf 85' lang='grc'><strong>‹</strong></span> <span class='ocrx_word' id='word_1_572' title='bbox 375 2190 409 2218; x_wconf 83' lang='grc' dir='ltr'><em>1η</em></span> <span class='ocrx_word' id='word_1_573' title='bbox 422 2191 551 2225; x_wconf 85' lang='lat' dir='ltr'><strong><em>principio</em></strong></span> <span class='ocrx_word' id='word_1_574' title='bbox 564 2190 626 2225; x_wconf 81' lang='lat' dir='ltr'><strong><em>fecit</em></strong></span> <span class='ocrx_word' id='word_1_575' title='bbox 636 2190 707 2218; x_wconf 82' lang='lat' dir='ltr'><strong><em>Deus</em></strong></span> <span class='ocrx_word' id='word_1_576' title='bbox 720 2191 814 2218; x_wconf 69' lang='lat' dir='ltr'><strong><em>caelum</em></strong></span> <span class='ocrx_word' id='word_1_577' title='bbox 824 2195 850 2218; x_wconf 86' lang='lat' dir='ltr'><strong><em>et</em></strong></span> <span class='ocrx_word' id='word_1_578' title='bbox 861 2195 974 2218; x_wconf 87' lang='lat' dir='ltr'><strong><em>terram:</em></strong></span> <span class='ocrx_word' id='word_1_579' title='bbox 988 2201 998 2218; x_wconf 83' lang='lat' dir='ltr'><strong><em>s</em></strong></span> 
     </span>
    </p>
   </div>
   <div class='ocr_carea' id='block_1_75' title="bbox 1056 1585 1867 1622">
    <p class='ocr_par' dir='ltr' id='par_1_75' title="bbox 1056 1585 1867 1622">
     <span class='ocr_line' id='line_1_75' title="bbox 1056 1585 1867 1622; baseline -0.006 -6"><span class='ocrx_word' id='word_1_580' title='bbox 1056 1596 1105 1616; x_wconf 86' lang='lat' dir='ltr'><strong><em>nes</em></strong></span> <span class='ocrx_word' id='word_1_581' title='bbox 1151 1588 1326 1622; x_wconf 86' lang='lat' dir='ltr'><strong><em>Cassianus,</em></strong></span> <span class='ocrx_word' id='word_1_582' title='bbox 1358 1588 1447 1615; x_wconf 81' lang='lat' dir='ltr'><strong><em>sancti</em></strong></span> <span class='ocrx_word' id='word_1_583' title='bbox 1485 1585 1675 1622; x_wconf 84' lang='lat' dir='ltr'><strong><em>Chrysostomi</em></strong></span> <span class='ocrx_word' id='word_1_584' title='bbox 1727 1585 1867 1619; x_wconf 83' lang='lat' dir='ltr'><strong><em>discipu—</em></strong></span> 
     </span>
    </p>
   </div>
   <div class='ocr_carea' id='block_1_76' title="bbox 1056 1632 1867 1670">
    <p class='ocr_par' dir='ltr' id='par_1_76' title="bbox 1056 1632 1867 1670">
     <span class='ocr_line' id='line_1_76' title="bbox 1056 1632 1867 1670; baseline -0.007 -7"><span class='ocrx_word' id='word_1_585' title='bbox 1056 1636 1110 1669; x_wconf 88' lang='lat' dir='ltr'><strong><em>lus,</em></strong></span> <span class='ocrx_word' id='word_1_586' title='bbox 1134 1635 1226 1663; x_wconf 82' lang='lat' dir='ltr'><strong><em>collat.</em></strong></span> <span class='ocrx_word' id='word_1_587' title='bbox 1252 1642 1320 1668; x_wconf 84' lang='lat' dir='ltr'><strong><em>vut,</em></strong></span> <span class='ocrx_word' id='word_1_588' title='bbox 1342 1634 1426 1670; x_wconf 87' lang='lat' dir='ltr'><strong><em>capit.</em></strong></span> <span class='ocrx_word' id='word_1_589' title='bbox 1448 1633 1579 1661; x_wconf 71' lang='lat' dir='ltr'><strong><em>17:1am</em></strong></span> <span class='ocrx_word' id='word_1_590' title='bbox 1603 1633 1674 1667; x_wconf 87' lang='lat' dir='ltr'><strong><em>quod</em></strong></span> <span class='ocrx_word' id='word_1_591' title='bbox 1709 1632 1867 1666; x_wconf 68' lang='lat' dir='ltr'><strong><em>unicuique</em></strong></span> 
     </span>
    </p>
   </div>
   <div class='ocr_carea' id='block_1_77' title="bbox 1055 1677 1867 1714">
    <p class='ocr_par' dir='ltr' id='par_1_77' title="bbox 1055 1677 1867 1714">
     <span class='ocr_line' id='line_1_77' title="bbox 1055 1677 1867 1714; baseline -0.007 -6"><span class='ocrx_word' id='word_1_592' title='bbox 1055 1685 1176 1708; x_wconf 85' lang='lat' dir='ltr'><strong><em>nostrum</em></strong></span> <span class='ocrx_word' id='word_1_593' title='bbox 1190 1681 1242 1707; x_wconf 87' lang='lat' dir='ltr'><strong><em>duo</em></strong></span> <span class='ocrx_word' id='word_1_594' title='bbox 1267 1680 1415 1707; x_wconf 64' lang='lat' dir='ltr'><strong><em>cohaereant</em></strong></span> <span class='ocrx_word' id='word_1_595' title='bbox 1443 1678 1540 1714; x_wconf 86' lang='lat' dir='ltr'><strong><em>angeli,</em></strong></span> <span class='ocrx_word' id='word_1_596' title='bbox 1556 1678 1583 1705; x_wconf 89' lang='lat' dir='ltr'><strong><em>id</em></strong></span> <span class='ocrx_word' id='word_1_597' title='bbox 1595 1682 1634 1705; x_wconf 86' lang='lat' dir='ltr'><strong><em>est</em></strong></span> <span class='ocrx_word' id='word_1_598' title='bbox 1651 1677 1739 1703; x_wconf 85' lang='lat' dir='ltr'><strong><em>bonus</em></strong></span> <span class='ocrx_word' id='word_1_599' title='bbox 1756 1682 1782 1704; x_wconf 88' lang='lat' dir='ltr'><strong><em>et</em></strong></span> <span class='ocrx_word' id='word_1_600' title='bbox 1801 1685 1867 1702; x_wconf 80' lang='lat' dir='ltr'><strong><em>ma-</em></strong></span> 
     </span>
    </p>
   </div>
   <div class='ocr_carea' id='block_1_78' title="bbox 1054 1722 1865 1762">
    <p class='ocr_par' dir='ltr' id='par_1_78' title="bbox 1054 1722 1865 1762">
     <span class='ocr_line' id='line_1_78' title="bbox 1054 1722 1865 1762; baseline -0.007 -8"><span class='ocrx_word' id='word_1_601' title='bbox 1054 1727 1108 1760; x_wconf 83' lang='lat' dir='ltr'><strong><em>lus,</em></strong></span> <span class='ocrx_word' id='word_1_602' title='bbox 1126 1726 1267 1762; x_wconf 83' lang='lat' dir='ltr'><strong><em>Scriptura</em></strong></span> <span class='ocrx_word' id='word_1_603' title='bbox 1282 1731 1405 1753; x_wconf 79' lang='lat' dir='ltr'><strong><em>testatur.</em></strong></span> <span class='ocrx_word' id='word_1_604' title='bbox 1430 1725 1470 1752; x_wconf 86' lang='lat' dir='ltr'><strong><em>De</em></strong></span> <span class='ocrx_word' id='word_1_605' title='bbox 1498 1725 1572 1751; x_wconf 88' lang='lat' dir='ltr'><strong><em>bonis</em></strong></span> <span class='ocrx_word' id='word_1_606' title='bbox 1591 1723 1698 1760; x_wconf 87' lang='lat' dir='ltr'><strong><em>quidem</em></strong></span> <span class='ocrx_word' id='word_1_607' title='bbox 1716 1722 1865 1755; x_wconf 71' lang='lat' dir='ltr'><strong><em>Salvator,</em></strong></span> 
     </span>
    </p>
   </div>
   <div class='ocr_carea' id='block_1_79' title="bbox 1054 1769 1867 1807">
    <p class='ocr_par' dir='ltr' id='par_1_79' title="bbox 1054 1769 1867 1807">
     <span class='ocr_line' id='line_1_79' title="bbox 1054 1769 1867 1807; baseline -0.006 -7"><span class='ocrx_word' id='word_1_608' title='bbox 1054 1777 1121 1806; x_wconf 84' lang='lat' dir='ltr'><strong><em>etc.,</em></strong></span> <span class='ocrx_word' id='word_1_609' title='bbox 1148 1772 1180 1799; x_wconf 89' lang='lat' dir='ltr'><strong><em>de</em></strong></span> <span class='ocrx_word' id='word_1_610' title='bbox 1216 1772 1335 1807; x_wconf 84' lang='lat' dir='ltr'><strong><em>utrisque</em></strong></span> <span class='ocrx_word' id='word_1_611' title='bbox 1370 1778 1429 1798; x_wconf 79' lang='lat' dir='ltr'><strong><em>vero</em></strong></span> <span class='ocrx_word' id='word_1_612' title='bbox 1455 1770 1522 1797; x_wconf 89' lang='lat' dir='ltr'><strong><em>liber</em></strong></span> <span class='ocrx_word' id='word_1_613' title='bbox 1545 1769 1670 1797; x_wconf 82' lang='lat' dir='ltr'><strong><em>Pastoris</em></strong></span> <span class='ocrx_word' id='word_1_614' title='bbox 1698 1769 1867 1804; x_wconf 71' lang='lat' dir='ltr'><strong><em>plenissime</em></strong></span> 
     </span>
    </p>
   </div>
   <div class='ocr_carea' id='block_1_80' title="bbox 1053 1815 1867 1852">
    <p class='ocr_par' dir='ltr' id='par_1_80' title="bbox 1053 1815 1867 1852">
     <span class='ocr_line' id='line_1_80' title="bbox 1053 1815 1867 1852; baseline -0.006 -6"><span class='ocrx_word' id='word_1_615' title='bbox 1053 1819 1139 1846; x_wconf 83' lang='lat' dir='ltr'><strong><em>docet.</em></strong></span> <span class='ocrx_word' id='word_1_616' title='bbox 1156 1818 1189 1845; x_wconf 87' lang='lat' dir='ltr'><strong><em>Et</em></strong></span> <span class='ocrx_word' id='word_1_617' title='bbox 1203 1817 1296 1845; x_wconf 88' lang='lat' dir='ltr'><strong><em>collat.</em></strong></span> <span class='ocrx_word' id='word_1_618' title='bbox 1317 1825 1378 1851; x_wconf 79' lang='lat' dir='ltr'><strong><em>xm,</em></strong></span> <span class='ocrx_word' id='word_1_619' title='bbox 1394 1824 1455 1852; x_wconf 87' lang='lat' dir='ltr'><strong><em>cap.</em></strong></span> <span class='ocrx_word' id='word_1_620' title='bbox 1474 1817 1508 1843; x_wconf 70' lang='lat' dir='ltr'><strong><em>ta</em></strong></span> <span class='ocrx_word' id='word_1_621' title='bbox 1522 1826 1528 1844; x_wconf 97' lang='lat'>:</span> <span class='ocrx_word' id='word_1_622' title='bbox 1544 1816 1675 1851; x_wconf 77' lang='lat' dir='ltr'><strong><em>Adjucere</em></strong></span> <span class='ocrx_word' id='word_1_623' title='bbox 1692 1821 1792 1842; x_wconf 86' lang='lat' dir='ltr'><strong><em>autem</em></strong></span> <span class='ocrx_word' id='word_1_624' title='bbox 1818 1815 1867 1841; x_wconf 81' lang='lat' dir='ltr'><strong><em>Ito-</em></strong></span> 
     </span>
    </p>
   </div>
   <div class='ocr_carea' id='block_1_81' title="bbox 1053 1862 1867 1899">
    <p class='ocr_par' dir='ltr' id='par_1_81' title="bbox 1053 1862 1867 1899">
     <span class='ocr_line' id='line_1_81' title="bbox 1053 1862 1867 1899; baseline -0.006 -7"><span class='ocrx_word' id='word_1_625' title='bbox 1053 1865 1120 1892; x_wconf 87' lang='lat' dir='ltr'><strong><em>mini</em></strong></span> <span class='ocrx_word' id='word_1_626' title='bbox 1135 1865 1162 1891; x_wconf 88' lang='lat' dir='ltr'><strong><em>in</em></strong></span> <span class='ocrx_word' id='word_1_627' title='bbox 1182 1864 1326 1899; x_wconf 88' lang='lat' dir='ltr'><strong><em>quamlibet</em></strong></span> <span class='ocrx_word' id='word_1_628' title='bbox 1343 1868 1446 1898; x_wconf 83' lang='lat' dir='ltr'><strong><em>portent</em></strong></span> <span class='ocrx_word' id='word_1_629' title='bbox 1462 1862 1569 1890; x_wconf 87' lang='lat' dir='ltr'><strong><em>arbitrii</em></strong></span> <span class='ocrx_word' id='word_1_630' title='bbox 1589 1862 1759 1895; x_wconf 83' lang='lat' dir='ltr'><strong><em>libertatem,</em></strong></span> <span class='ocrx_word' id='word_1_631' title='bbox 1778 1862 1867 1889; x_wconf 82' lang='lat' dir='ltr'><strong><em>etiam</em></strong></span> 
     </span>
    </p>
   </div>
   <div class='ocr_carea' id='block_1_82' title="bbox 1053 1907 1867 1946">
    <p class='ocr_par' dir='ltr' id='par_1_82' title="bbox 1053 1907 1867 1946">
     <span class='ocr_line' id='line_1_82' title="bbox 1053 1907 1867 1946; baseline -0.005 -8"><span class='ocrx_word' id='word_1_632' title='bbox 1053 1911 1120 1938; x_wconf 81' lang='lat' dir='ltr'><strong><em>liber</em></strong></span> <span class='ocrx_word' id='word_1_633' title='bbox 1130 1910 1175 1937; x_wconf 86' lang='lat' dir='ltr'><strong><em>ille</em></strong></span> <span class='ocrx_word' id='word_1_634' title='bbox 1186 1911 1232 1946; x_wconf 87' lang='lat' dir='ltr'><strong><em>qui</em></strong></span> <span class='ocrx_word' id='word_1_635' title='bbox 1245 1910 1345 1937; x_wconf 83' lang='lat' dir='ltr'><strong><em>dicitur</em></strong></span> <span class='ocrx_word' id='word_1_636' title='bbox 1364 1909 1487 1937; x_wconf 88' lang='lat' dir='ltr'><strong><em>Pastoris</em></strong></span> <span class='ocrx_word' id='word_1_637' title='bbox 1501 1907 1671 1944; x_wconf 83' lang='lat' dir='ltr'><strong><em>apertissime</em></strong></span> <span class='ocrx_word' id='word_1_638' title='bbox 1685 1907 1781 1936; x_wconf 81' lang='lat' dir='ltr'><strong><em>docet.</em></strong></span> <span class='ocrx_word' id='word_1_639' title='bbox 1808 1908 1867 1935; x_wconf 65' lang='lat' dir='ltr'><strong><em>Bla-</em></strong></span> 
     </span>
    </p>
   </div>
   <div class='ocr_carea' id='block_1_83' title="bbox 1054 1953 1867 1991">
    <p class='ocr_par' dir='ltr' id='par_1_83' title="bbox 1054 1953 1867 1991">
     <span class='ocr_line' id='line_1_83' title="bbox 1054 1953 1867 1991; baseline -0.005 -6"><span class='ocrx_word' id='word_1_640' title='bbox 1054 1957 1145 1985; x_wconf 79' lang='lat' dir='ltr'><strong><em>ximus</em></strong></span> <span class='ocrx_word' id='word_1_641' title='bbox 1159 1957 1186 1984; x_wconf 92' lang='lat' dir='ltr'><strong><em>in</em></strong></span> <span class='ocrx_word' id='word_1_642' title='bbox 1199 1956 1318 1984; x_wconf 86' lang='lat' dir='ltr'><strong><em>Scholiis</em></strong></span> <span class='ocrx_word' id='word_1_643' title='bbox 1333 1955 1367 1982; x_wconf 86' lang='lat' dir='ltr'><strong><em>ad</em></strong></span> <span class='ocrx_word' id='word_1_644' title='bbox 1382 1955 1504 1991; x_wconf 75' lang='lat' dir='ltr'><strong><em>Dionysii</em></strong></span> <span class='ocrx_word' id='word_1_645' title='bbox 1522 1955 1621 1981; x_wconf 90' lang='lat' dir='ltr'><strong><em>librum</em></strong></span> <span class='ocrx_word' id='word_1_646' title='bbox 1637 1953 1677 1981; x_wconf 91' lang='lat' dir='ltr'><strong><em>De</em></strong></span> <span class='ocrx_word' id='word_1_647' title='bbox 1691 1954 1803 1982; x_wconf 77' lang='lat' dir='ltr'><strong><em>divinis</em></strong></span> <span class='ocrx_word' id='word_1_648' title='bbox 1819 1964 1867 1981; x_wconf 88' lang='lat' dir='ltr'><strong><em>no-</em></strong></span> 
     </span>
    </p>
   </div>
   <div class='ocr_carea' id='block_1_84' title="bbox 1053 2000 1867 2037">
    <p class='ocr_par' dir='ltr' id='par_1_84' title="bbox 1053 2000 1867 2037">
     <span class='ocr_line' id='line_1_84' title="bbox 1053 2000 1867 2037; baseline -0.004 -6"><span class='ocrx_word' id='word_1_649' title='bbox 1053 2003 1168 2031; x_wconf 82' lang='lat' dir='ltr'><strong><em>minibus</em></strong></span> <span class='ocrx_word' id='word_1_650' title='bbox 1180 2023 1188 2037; x_wconf 86' lang='lat'><strong><em>,</em></strong></span> <span class='ocrx_word' id='word_1_651' title='bbox 1205 2010 1266 2037; x_wconf 85' lang='lat' dir='ltr'><strong><em>cap.</em></strong></span> <span class='ocrx_word' id='word_1_652' title='bbox 1280 2002 1316 2029; x_wconf 63' lang='lat'><strong><em>4:</em></strong></span> <span class='ocrx_word' id='word_1_653' title='bbox 1333 2000 1543 2037; x_wconf 79' lang='grc' dir='ltr'><strong>Τελεσιουργίαν</strong></span> <span class='ocrx_word' id='word_1_654' title='bbox 1566 2000 1595 2027; x_wconf 83' lang='grc' dir='ltr'><strong><em>δὲ</em></strong></span> <span class='ocrx_word' id='word_1_655' title='bbox 1618 2000 1752 2034; x_wconf 82' lang='grc' dir='ltr'>ἀγγέλων</span> <span class='ocrx_word' id='word_1_656' title='bbox 1787 2001 1867 2036; x_wconf 68' lang='grc' dir='ltr'><strong>λέγει</strong></span> 
     </span>
    </p>
   </div>
   <div class='ocr_carea' id='block_1_85' title="bbox 1052 2045 1867 2083">
    <p class='ocr_par' dir='ltr' id='par_1_85' title="bbox 1052 2045 1867 2083">
     <span class='ocr_line' id='line_1_85' title="bbox 1052 2045 1867 2083; baseline -0.005 -8"><span class='ocrx_word' id='word_1_657' title='bbox 1052 2049 1090 2081; x_wconf 82' lang='grc' dir='ltr'><strong>ὡς</strong></span> <span class='ocrx_word' id='word_1_658' title='bbox 1106 2049 1152 2075; x_wconf 74' lang='grc' dir='ltr'><strong><em>ἐπὶ</em></strong></span> <span class='ocrx_word' id='word_1_659' title='bbox 1163 2047 1210 2074; x_wconf 82' lang='grc' dir='ltr'><strong><em>τοῦ</em></strong></span> <span class='ocrx_word' id='word_1_660' title='bbox 1224 2047 1323 2083; x_wconf 84' lang='grc' dir='ltr'><strong><em>Δανιὴλ</em></strong></span> <span class='ocrx_word' id='word_1_661' title='bbox 1338 2047 1384 2073; x_wconf 76' lang='grc' dir='ltr'><strong><em>καὶ</em></strong></span> <span class='ocrx_word' id='word_1_662' title='bbox 1395 2046 1443 2072; x_wconf 81' lang='grc' dir='ltr'><strong><em>τοῦ</em></strong></span> <span class='ocrx_word' id='word_1_663' title='bbox 1460 2045 1576 2080; x_wconf 76' lang='grc' dir='ltr'><strong><em>ἀγγέλου</em></strong></span> <span class='ocrx_word' id='word_1_664' title='bbox 1595 2045 1643 2072; x_wconf 72' lang='grc' dir='ltr'><strong><em>τοῦ</em></strong></span> <span class='ocrx_word' id='word_1_665' title='bbox 1668 2046 1867 2081; x_wconf 62' lang='grc' dir='ltr'><strong><em>ἑρμηνεῦσι-μ</em></strong></span> 
     </span>
    </p>
   </div>
   <div class='ocr_carea' id='block_1_86' title="bbox 1052 2090 1867 2129">
    <p class='ocr_par' dir='ltr' id='par_1_86' title="bbox 1052 2090 1867 2129">
     <span class='ocr_line' id='line_1_86' title="bbox 1052 2090 1867 2129; baseline -0.004 -8"><span class='ocrx_word' id='word_1_666' title='bbox 1052 2103 1098 2126; x_wconf 83' lang='grc' dir='ltr'><strong>τος</strong></span> <span class='ocrx_word' id='word_1_667' title='bbox 1115 2093 1198 2129; x_wconf 82' lang='grc' dir='ltr'>αὐτῷ,</span> <span class='ocrx_word' id='word_1_668' title='bbox 1222 2093 1269 2120; x_wconf 75' lang='grc' dir='ltr'>καὶ</span> <span class='ocrx_word' id='word_1_669' title='bbox 1293 2093 1357 2129; x_wconf 83' lang='grc' dir='ltr'><strong>περὶ</strong></span> <span class='ocrx_word' id='word_1_670' title='bbox 1375 2091 1422 2119; x_wconf 80' lang='grc' dir='ltr'><strong><em>τοῦ</em></strong></span> <span class='ocrx_word' id='word_1_671' title='bbox 1446 2091 1580 2127; x_wconf 84' lang='grc' dir='ltr'><strong>Ποιμένος</strong></span> <span class='ocrx_word' id='word_1_672' title='bbox 1603 2090 1650 2117; x_wconf 75' lang='grc' dir='ltr'><strong><em>τὸν</em></strong></span> <span class='ocrx_word' id='word_1_673' title='bbox 1683 2091 1805 2127; x_wconf 80' lang='grc' dir='ltr'>Ἑρμᾶν</span> <span class='ocrx_word' id='word_1_674' title='bbox 1824 2101 1867 2118; x_wconf 72' lang='grc' dir='ltr'><strong><em>τεε</em></strong></span> 
     </span>
    </p>
   </div>
   <div class='ocr_carea' id='block_1_87' title="bbox 1054 2136 1867 2173">
    <p class='ocr_par' dir='ltr' id='par_1_87' title="bbox 1054 2136 1867 2173">
     <span class='ocr_line' id='line_1_87' title="bbox 1054 2136 1867 2173; baseline -0.005 -6"><span class='ocrx_word' id='word_1_675' title='bbox 1054 2140 1223 2172; x_wconf 71' lang='grc' dir='ltr'><strong>λειώοαντος,</strong></span> <span class='ocrx_word' id='word_1_676' title='bbox 1232 2139 1270 2171; x_wconf 82' lang='grc' dir='ltr'><strong>ὡς</strong></span> <span class='ocrx_word' id='word_1_677' title='bbox 1280 2139 1338 2165; x_wconf 73' lang='grc' dir='ltr'><strong>ἐκεῖ</strong></span> <span class='ocrx_word' id='word_1_678' title='bbox 1348 2138 1504 2173; x_wconf 78' lang='grc' dir='ltr'><strong><em>ἀνέγνωμεν</em></strong></span> <span class='ocrx_word' id='word_1_679' title='bbox 1519 2138 1547 2163; x_wconf 81' lang='grc' dir='ltr'>ὲν</span> <span class='ocrx_word' id='word_1_680' title='bbox 1561 2137 1601 2173; x_wconf 82' lang='grc' dir='ltr'>τῷ</span> <span class='ocrx_word' id='word_1_681' title='bbox 1614 2136 1761 2171; x_wconf 61' lang='lat' dir='ltr'><strong><em>Homere.</em></strong></span> <span class='ocrx_word' id='word_1_682' title='bbox 1778 2137 1867 2165; x_wconf 80' lang='lat' dir='ltr'><strong><em>Porro</em></strong></span> 
     </span>
    </p>
   </div>
   <div class='ocr_carea' id='block_1_88' title="bbox 1053 2184 1867 2222">
    <p class='ocr_par' dir='ltr' id='par_1_88' title="bbox 1053 2184 1867 2222">
     <span class='ocr_line' id='line_1_88' title="bbox 1053 2184 1867 2222; baseline -0.002 -9"><span class='ocrx_word' id='word_1_683' title='bbox 1053 2186 1220 2222; x_wconf 79' lang='lat' dir='ltr'><strong><em>perfectionis</em></strong></span> <span class='ocrx_word' id='word_1_684' title='bbox 1233 2186 1398 2221; x_wconf 69' lang='lat' dir='ltr'><strong><em>eﬁicienlium</em></strong></span> <span class='ocrx_word' id='word_1_685' title='bbox 1413 2184 1566 2219; x_wconf 83' lang='lat' dir='ltr'><strong><em>angelorum</em></strong></span> <span class='ocrx_word' id='word_1_686' title='bbox 1586 2187 1660 2210; x_wconf 82' lang='lat' dir='ltr'><strong><em>vocat</em></strong></span> <span class='ocrx_word' id='word_1_687' title='bbox 1673 2202 1681 2214; x_wconf 86' lang='lat'><strong><em>,</em></strong></span> <span class='ocrx_word' id='word_1_688' title='bbox 1698 2190 1735 2210; x_wconf 81' lang='lat' dir='ltr'><strong><em>ut</em></strong></span> <span class='ocrx_word' id='word_1_689' title='bbox 1759 2185 1797 2211; x_wconf 81' lang='lat' dir='ltr'><strong><em>de</em></strong></span> <span class='ocrx_word' id='word_1_690' title='bbox 1812 2184 1867 2211; x_wconf 65' lang='lat' dir='ltr'><strong><em>Dm</em></strong></span> 
     </span>
    </p>
   </div>
   <div class='ocr_carea' id='block_1_89' title="bbox 209 2227 1867 2274">
    <p class='ocr_par' dir='ltr' id='par_1_89' title="bbox 209 2227 1867 2274">
     <span class='ocr_line' id='line_1_89' title="bbox 209 2227 1867 2274; baseline -0.005 -9"><span class='ocrx_word' id='word_1_691' title='bbox 209 2227 257 2274; x_wconf 78' lang='lat' dir='ltr'><strong><em>per</em></strong></span> <span class='ocrx_word' id='word_1_692' title='bbox 276 2238 450 2266; x_wconf 86' lang='lat' dir='ltr'><strong><em>utilissimum</em></strong></span> <span class='ocrx_word' id='word_1_693' title='bbox 465 2242 553 2263; x_wconf 88' lang='lat' dir='ltr'><strong><em>autem</em></strong></span> <span class='ocrx_word' id='word_1_694' title='bbox 569 2236 691 2264; x_wconf 76' lang='lat' dir='ltr'><strong><em>Pastoris</em></strong></span> <span class='ocrx_word' id='word_1_695' title='bbox 706 2236 806 2264; x_wconf 84' lang='lat' dir='ltr'><strong><em>librum</em></strong></span> <span class='ocrx_word' id='word_1_696' title='bbox 817 2244 827 2263; x_wconf 87' lang='lat'><em>:</em></span> <span class='ocrx_word' id='word_1_697' title='bbox 848 2246 858 2263; x_wconf 79' lang='lat'><strong>(</strong></span> <span class='ocrx_word' id='word_1_698' title='bbox 878 2237 1002 2265; x_wconf 79' lang='lat' dir='ltr'><strong><em>Primum</em></strong></span> <span class='ocrx_word' id='word_1_699' title='bbox 1019 2232 1041 2260; x_wconf 92' lang='lat' dir='ltr'><strong>D</strong></span> <span class='ocrx_word' id='word_1_700' title='bbox 1055 2232 1123 2260; x_wconf 85' lang='lat' dir='ltr'><strong><em>niele</em></strong></span> <span class='ocrx_word' id='word_1_701' title='bbox 1134 2236 1158 2259; x_wconf 83' lang='lat' dir='ltr'><strong><em>et</em></strong></span> <span class='ocrx_word' id='word_1_702' title='bbox 1174 2231 1265 2267; x_wconf 81' lang='lat' dir='ltr'><strong><em>angelo</em></strong></span> <span class='ocrx_word' id='word_1_703' title='bbox 1280 2232 1330 2266; x_wconf 87' lang='lat' dir='ltr'><strong><em>ipsi</em></strong></span> <span class='ocrx_word' id='word_1_704' title='bbox 1342 2231 1541 2265; x_wconf 77' lang='lat' dir='ltr'><strong><em>interpretante,</em></strong></span> <span class='ocrx_word' id='word_1_705' title='bbox 1554 2234 1579 2256; x_wconf 82' lang='lat' dir='ltr'><strong><em>et</em></strong></span> <span class='ocrx_word' id='word_1_706' title='bbox 1600 2229 1632 2256; x_wconf 88' lang='lat' dir='ltr'><strong><em>de</em></strong></span> <span class='ocrx_word' id='word_1_707' title='bbox 1646 2227 1776 2257; x_wconf 80' lang='lat' dir='ltr'><strong><em>Pastore</em></strong></span> <span class='ocrx_word' id='word_1_708' title='bbox 1795 2230 1867 2257; x_wconf 76' lang='lat' dir='ltr'><strong><em>Her-</em></strong></span> 
     </span>
    </p>
   </div>
   <div class='ocr_carea' id='block_1_90' title="bbox 203 2281 1006 2317">
    <p class='ocr_par' dir='ltr' id='par_1_90' title="bbox 203 2281 1006 2317">
     <span class='ocr_line' id='line_1_90' title="bbox 203 2281 1006 2317; baseline -0.004 -4"><span class='ocrx_word' id='word_1_709' title='bbox 203 2286 330 2313; x_wconf 50' lang='lat' dir='ltr'><strong><em>‘omnium</em></strong></span> <span class='ocrx_word' id='word_1_710' title='bbox 342 2283 419 2311; x_wconf 81' lang='lat' dir='ltr'><strong><em>crede</em></strong></span> <span class='ocrx_word' id='word_1_711' title='bbox 436 2290 518 2310; x_wconf 88' lang='lat' dir='ltr'><strong><em>unum</em></strong></span> <span class='ocrx_word' id='word_1_712' title='bbox 533 2290 589 2308; x_wconf 82' lang='lat' dir='ltr'><strong><em>esse</em></strong></span> <span class='ocrx_word' id='word_1_713' title='bbox 609 2281 704 2316; x_wconf 87' lang='lat' dir='ltr'><strong><em>Deum,</em></strong></span> <span class='ocrx_word' id='word_1_714' title='bbox 723 2283 768 2317; x_wconf 87' lang='lat' dir='ltr'><strong><em>qui</em></strong></span> <span class='ocrx_word' id='word_1_715' title='bbox 783 2283 902 2309; x_wconf 85' lang='lat' dir='ltr'><strong><em>condidit</em></strong></span> <span class='ocrx_word' id='word_1_716' title='bbox 916 2283 1006 2310; x_wconf 82' lang='lat' dir='ltr'><strong><em>omnia</em></strong></span> 
     </span>
    </p>
   </div>
   <div class='ocr_carea' id='block_1_91' title="bbox 211 2329 1005 2364">
    <p class='ocr_par' dir='ltr' id='par_1_91' title="bbox 211 2329 1005 2364">
     <span class='ocr_line' id='line_1_91' title="bbox 211 2329 1005 2364; baseline -0.004 -5"><span class='ocrx_word' id='word_1_717' title='bbox 211 2337 237 2360; x_wconf 89' lang='lat' dir='ltr'><strong><em>et</em></strong></span> <span class='ocrx_word' id='word_1_718' title='bbox 256 2331 380 2364; x_wconf 80' lang='lat' dir='ltr'><strong><em>absolvit,</em></strong></span> <span class='ocrx_word' id='word_1_719' title='bbox 400 2329 514 2364; x_wconf 85' lang='lat' dir='ltr'><strong><em>fecitque</em></strong></span> <span class='ocrx_word' id='word_1_720' title='bbox 529 2333 560 2355; x_wconf 90' lang='lat' dir='ltr'><strong><em>ut</em></strong></span> <span class='ocrx_word' id='word_1_721' title='bbox 580 2335 613 2354; x_wconf 66' lang='lat' dir='ltr'><strong><em>ex</em></strong></span> <span class='ocrx_word' id='word_1_722' title='bbox 630 2336 682 2355; x_wconf 84' lang='lat' dir='ltr'><strong><em>non</em></strong></span> <span class='ocrx_word' id='word_1_723' title='bbox 699 2333 757 2356; x_wconf 88' lang='lat' dir='ltr'><strong><em>ente</em></strong></span> <span class='ocrx_word' id='word_1_724' title='bbox 768 2333 865 2356; x_wconf 83' lang='lat' dir='ltr'><strong><em>essent.</em></strong></span> <span class='ocrx_word' id='word_1_725' title='bbox 882 2338 892 2355; x_wconf 74' lang='grc' dir='ltr'><strong><em>ι</em></strong></span> <span class='ocrx_word' id='word_1_726' title='bbox 918 2329 1005 2362; x_wconf 88' lang='lat' dir='ltr'><strong><em>Quem</em></strong></span> 
     </span>
    </p>
   </div>
   <div class='ocr_carea' id='block_1_92' title="bbox 207 2373 1005 2408">
    <p class='ocr_par' dir='ltr' id='par_1_92' title="bbox 207 2373 1005 2408">
     <span class='ocr_line' id='line_1_92' title="bbox 207 2373 1005 2408; baseline -0.008 -2"><span class='ocrx_word' id='word_1_727' title='bbox 207 2377 424 2405; x_wconf 65' lang='lat' dir='ltr'><strong><em>Rermmlocurn</em></strong></span> <span class='ocrx_word' id='word_1_728' title='bbox 445 2378 520 2408; x_wconf 86' lang='lat' dir='ltr'><strong><em>ante,</em></strong></span> <span class='ocrx_word' id='word_1_729' title='bbox 536 2373 570 2401; x_wconf 90' lang='lat' dir='ltr'><strong><em>ad</em></strong></span> <span class='ocrx_word' id='word_1_730' title='bbox 589 2373 714 2400; x_wconf 89' lang='lat' dir='ltr'><strong><em>eamdem</em></strong></span> <span class='ocrx_word' id='word_1_731' title='bbox 732 2381 790 2401; x_wconf 88' lang='lat' dir='ltr'><strong><em>rem</em></strong></span> <span class='ocrx_word' id='word_1_732' title='bbox 812 2374 1005 2401; x_wconf 88' lang='lat' dir='ltr'><strong><em>demonstran-</em></strong></span> 
     </span>
    </p>
   </div>
   <div class='ocr_carea' id='block_1_93' title="bbox 205 2418 1007 2458">
    <p class='ocr_par' dir='ltr' id='par_1_93' title="bbox 205 2418 1007 2458">
     <span class='ocr_line' id='line_1_93' title="bbox 205 2418 1007 2458; baseline -0.007 -6"><span class='ocrx_word' id='word_1_733' title='bbox 205 2424 285 2454; x_wconf 78' lang='lat' dir='ltr'><strong><em>dam,</em></strong></span> <span class='ocrx_word' id='word_1_734' title='bbox 301 2422 470 2458; x_wconf 79' lang='lat' dir='ltr'><strong><em>produxerat</em></strong></span> <span class='ocrx_word' id='word_1_735' title='bbox 486 2419 618 2454; x_wconf 71' lang='lat' dir='ltr'><strong><em>Origenes</em></strong></span> <span class='ocrx_word' id='word_1_736' title='bbox 634 2424 709 2446; x_wconf 87' lang='lat' dir='ltr'><strong><em>tomo</em></strong></span> <span class='ocrx_word' id='word_1_737' title='bbox 729 2424 739 2446; x_wconf 85' lang='grc' dir='ltr'><strong><em>ι</em></strong></span> <span class='ocrx_word' id='word_1_738' title='bbox 760 2420 787 2446; x_wconf 91' lang='lat' dir='ltr'><strong><em>in</em></strong></span> <span class='ocrx_word' id='word_1_739' title='bbox 804 2418 949 2448; x_wconf 85' lang='lat' dir='ltr'><strong><em>Joannem.</em></strong></span> <span class='ocrx_word' id='word_1_740' title='bbox 974 2419 1007 2446; x_wconf 83' lang='lat' dir='ltr'><strong><em>Et</em></strong></span> 
     </span>
    </p>
   </div>
   <div class='ocr_carea' id='block_1_94' title="bbox 206 2465 1006 2501">
    <p class='ocr_par' dir='ltr' id='par_1_94' title="bbox 206 2465 1006 2501">
     <span class='ocr_line' id='line_1_94' title="bbox 206 2465 1006 2501; baseline -0.008 -4"><span class='ocrx_word' id='word_1_741' title='bbox 206 2476 277 2497; x_wconf 66' lang='lat' dir='ltr'><strong><em>&#39;cutn</em></strong></span> <span class='ocrx_word' id='word_1_742' title='bbox 294 2468 421 2496; x_wconf 88' lang='lat' dir='ltr'><strong><em>eumdem</em></strong></span> <span class='ocrx_word' id='word_1_743' title='bbox 437 2467 522 2494; x_wconf 88' lang='lat' dir='ltr'><strong><em>etiam</em></strong></span> <span class='ocrx_word' id='word_1_744' title='bbox 544 2465 729 2501; x_wconf 87' lang='lat' dir='ltr'><strong><em>producerent</em></strong></span> <span class='ocrx_word' id='word_1_745' title='bbox 751 2465 857 2497; x_wconf 81' lang='lat' dir='ltr'><strong><em>Ariani,</em></strong></span> <span class='ocrx_word' id='word_1_746' title='bbox 884 2465 1006 2492; x_wconf 85' lang='lat' dir='ltr'><strong><em>Athana-</em></strong></span> 
     </span>
    </p>
   </div>
   <div class='ocr_carea' id='block_1_95' title="bbox 213 2509 1005 2549">
    <p class='ocr_par' dir='ltr' id='par_1_95' title="bbox 213 2509 1005 2549">
     <span class='ocr_line' id='line_1_95' title="bbox 213 2509 1005 2549; baseline -0.009 -7"><span class='ocrx_word' id='word_1_747' title='bbox 213 2515 272 2542; x_wconf 86' lang='lat' dir='ltr'><strong><em>sius</em></strong></span> <span class='ocrx_word' id='word_1_748' title='bbox 287 2513 402 2549; x_wconf 84' lang='lat' dir='ltr'><strong><em>epistola</em></strong></span> <span class='ocrx_word' id='word_1_749' title='bbox 420 2519 471 2548; x_wconf 87' lang='lat' dir='ltr'><strong><em>pro</em></strong></span> <span class='ocrx_word' id='word_1_750' title='bbox 492 2510 603 2538; x_wconf 65' lang='lat' dir='ltr'><strong><em>Nicaeus</em></strong></span> <span class='ocrx_word' id='word_1_751' title='bbox 619 2509 724 2546; x_wconf 86' lang='lat' dir='ltr'><strong><em>synodo</em></strong></span> <span class='ocrx_word' id='word_1_752' title='bbox 743 2518 749 2536; x_wconf 89' lang='lat'><strong>:</strong></span> <span class='ocrx_word' id='word_1_753' title='bbox 779 2509 823 2536; x_wconf 87' lang='lat' dir='ltr'><strong><em>‘Ev</em></strong></span> <span class='ocrx_word' id='word_1_754' title='bbox 838 2509 866 2536; x_wconf 81' lang='grc' dir='ltr'><strong>δὲ</strong></span> <span class='ocrx_word' id='word_1_755' title='bbox 883 2509 921 2545; x_wconf 82' lang='grc' dir='ltr'><strong><em>τῷ</em></strong></span> <span class='ocrx_word' id='word_1_756' title='bbox 938 2511 1005 2536; x_wconf 88' lang='grc' dir='ltr'><strong>Ποι-</strong></span> 
     </span>
    </p>
   </div>
   <div class='ocr_carea' id='block_1_96' title="bbox 210 2555 1006 2596">
    <p class='ocr_par' dir='ltr' id='par_1_96' title="bbox 210 2555 1006 2596">
     <span class='ocr_line' id='line_1_96' title="bbox 210 2555 1006 2596; baseline -0.008 -9"><span class='ocrx_word' id='word_1_757' title='bbox 210 2561 280 2596; x_wconf 73' lang='grc' dir='ltr'><strong>μὲνι</strong></span> <span class='ocrx_word' id='word_1_758' title='bbox 295 2559 450 2595; x_wconf 79' lang='grc' dir='ltr'>γέγραπται</span> <span class='ocrx_word' id='word_1_759' title='bbox 475 2557 596 2594; x_wconf 76' lang='grc' dir='ltr'><strong>(ἐπειδὰν</strong></span> <span class='ocrx_word' id='word_1_760' title='bbox 622 2556 669 2584; x_wconf 77' lang='grc' dir='ltr'><strong><em>καὶ</em></strong></span> <span class='ocrx_word' id='word_1_761' title='bbox 694 2555 782 2588; x_wconf 72' lang='grc' dir='ltr'><strong>τοῦτο,</strong></span> <span class='ocrx_word' id='word_1_762' title='bbox 809 2555 897 2582; x_wconf 78' lang='grc' dir='ltr'><strong>καίτοι</strong></span> <span class='ocrx_word' id='word_1_763' title='bbox 924 2555 960 2590; x_wconf 81' lang='grc' dir='ltr'><strong><em>μὴ</em></strong></span> <span class='ocrx_word' id='word_1_764' title='bbox 976 2555 1006 2582; x_wconf 79' lang='grc' dir='ltr'>ὃν</span> 
     </span>
    </p>
   </div>
   <div class='ocr_carea' id='block_1_97' title="bbox 214 2600 1006 2640">
    <p class='ocr_par' dir='ltr' id='par_1_97' title="bbox 214 2600 1006 2640">
     <span class='ocr_line' id='line_1_97' title="bbox 214 2600 1006 2640; baseline -0.009 -7"><span class='ocrx_word' id='word_1_765' title='bbox 214 2608 247 2634; x_wconf 76' lang='grc' dir='ltr'><strong><em>ἐκ</em></strong></span> <span class='ocrx_word' id='word_1_766' title='bbox 270 2605 318 2632; x_wconf 76' lang='grc' dir='ltr'><strong>τοῦ</strong></span> <span class='ocrx_word' id='word_1_767' title='bbox 339 2605 461 2636; x_wconf 80' lang='grc' dir='ltr'><strong><em>κανόνος,</em></strong></span> <span class='ocrx_word' id='word_1_768' title='bbox 484 2602 674 2640; x_wconf 72' lang='grc' dir='ltr'><strong><em>προφέρουσι)’</em></strong></span> <span class='ocrx_word' id='word_1_769' title='bbox 705 2611 714 2627; x_wconf 73' lang='grc' dir='ltr'><strong><em>ι</em></strong></span> <span class='ocrx_word' id='word_1_770' title='bbox 742 2600 863 2635; x_wconf 82' lang='grc' dir='ltr'><strong>Πρῶτον</strong></span> <span class='ocrx_word' id='word_1_771' title='bbox 886 2601 1006 2627; x_wconf 79' lang='grc' dir='ltr'><strong><em>πάντων</em></strong></span> 
     </span>
    </p>
   </div>
   <div class='ocr_carea' id='block_1_98' title="bbox 214 2646 1005 2683">
    <p class='ocr_par' dir='ltr' id='par_1_98' title="bbox 214 2646 1005 2683">
     <span class='ocr_line' id='line_1_98' title="bbox 214 2646 1005 2683; baseline -0.008 -4"><span class='ocrx_word' id='word_1_772' title='bbox 214 2652 392 2679; x_wconf 75' lang='grc' dir='ltr'><strong><em>πίστευσον.</em></strong></span> <span class='ocrx_word' id='word_1_773' title='bbox 414 2659 424 2676; x_wconf 86' lang='grc'><strong>›</strong></span> <span class='ocrx_word' id='word_1_774' title='bbox 444 2649 478 2677; x_wconf 90' lang='lat' dir='ltr'><strong><em>ln</em></strong></span> <span class='ocrx_word' id='word_1_775' title='bbox 489 2649 604 2677; x_wconf 86' lang='lat' dir='ltr'><strong><em>Pastore</em></strong></span> <span class='ocrx_word' id='word_1_776' title='bbox 626 2655 728 2683; x_wconf 78' lang='lat' dir='ltr'><strong><em>quoque</em></strong></span> <span class='ocrx_word' id='word_1_777' title='bbox 747 2647 877 2682; x_wconf 88' lang='lat' dir='ltr'><strong><em>scriptum</em></strong></span> <span class='ocrx_word' id='word_1_778' title='bbox 894 2646 1005 2674; x_wconf 85' lang='lat' dir='ltr'><strong><em>habetur</em></strong></span> 
     </span>
    </p>
   </div>
   <div class='ocr_carea' id='block_1_99' title="bbox 213 2693 1004 2733">
    <p class='ocr_par' dir='ltr' id='par_1_99' title="bbox 213 2693 1004 2733">
     <span class='ocr_line' id='line_1_99' title="bbox 213 2693 1004 2733; baseline -0.006 -9"><span class='ocrx_word' id='word_1_779' title='bbox 213 2697 352 2733; x_wconf 83' lang='lat' dir='ltr'><strong><em>(quoniam</em></strong></span> <span class='ocrx_word' id='word_1_780' title='bbox 373 2701 399 2723; x_wconf 91' lang='lat' dir='ltr'><strong><em>et</em></strong></span> <span class='ocrx_word' id='word_1_781' title='bbox 420 2696 478 2729; x_wconf 87' lang='lat' dir='ltr'><strong><em>hoc,</em></strong></span> <span class='ocrx_word' id='word_1_782' title='bbox 501 2695 622 2731; x_wconf 86' lang='lat' dir='ltr'><strong><em>quamvis</em></strong></span> <span class='ocrx_word' id='word_1_783' title='bbox 640 2703 672 2721; x_wconf 63' lang='lat' dir='ltr'><strong><em>ee</em></strong></span> <span class='ocrx_word' id='word_1_784' title='bbox 691 2702 790 2720; x_wconf 86' lang='lat' dir='ltr'><strong><em>canone</em></strong></span> <span class='ocrx_word' id='word_1_785' title='bbox 805 2701 857 2720; x_wconf 86' lang='lat' dir='ltr'><strong><em>non</em></strong></span> <span class='ocrx_word' id='word_1_786' title='bbox 871 2693 917 2727; x_wconf 87' lang='lat' dir='ltr'><strong><em>sit,</em></strong></span> <span class='ocrx_word' id='word_1_787' title='bbox 939 2693 1004 2720; x_wconf 91' lang='lat' dir='ltr'><strong><em>alle-</em></strong></span> 
     </span>
    </p>
   </div>
   <div class='ocr_carea' id='block_1_100' title="bbox 213 2740 808 2778">
    <p class='ocr_par' dir='ltr' id='par_1_100' title="bbox 213 2740 808 2778">
     <span class='ocr_line' id='line_1_100' title="bbox 213 2740 808 2778; baseline -0.007 -8"><span class='ocrx_word' id='word_1_788' title='bbox 213 2746 310 2778; x_wconf 72' lang='lat' dir='ltr'><strong><em>gant):</em></strong></span> <span class='ocrx_word' id='word_1_789' title='bbox 327 2752 338 2769; x_wconf 73' lang='grc' dir='ltr'>ι</span> <span class='ocrx_word' id='word_1_790' title='bbox 357 2742 479 2769; x_wconf 85' lang='lat' dir='ltr'><strong><em>Primum</em></strong></span> <span class='ocrx_word' id='word_1_791' title='bbox 494 2742 610 2769; x_wconf 87' lang='lat' dir='ltr'><strong><em>omnium</em></strong></span> <span class='ocrx_word' id='word_1_792' title='bbox 626 2740 712 2773; x_wconf 83' lang='lat' dir='ltr'><strong><em>crede,</em></strong></span> <span class='ocrx_word' id='word_1_793' title='bbox 729 2749 738 2766; x_wconf 71' lang='grc' dir='ltr'><strong><em>ι</em></strong></span> <span class='ocrx_word' id='word_1_794' title='bbox 755 2744 808 2767; x_wconf 88' lang='lat' dir='ltr'><strong><em>etc.</em></strong></span> 
     </span>
    </p>
   </div>
   <div class='ocr_carea' id='block_1_101' title="bbox 250 2784 1003 2824">
    <p class='ocr_par' dir='ltr' id='par_1_101' title="bbox 250 2784 1003 2824">
     <span class='ocr_line' id='line_1_101' title="bbox 250 2784 1003 2824; baseline -0.007 -8"><span class='ocrx_word' id='word_1_795' title='bbox 250 2790 322 2823; x_wconf 83' lang='lat' dir='ltr'><strong><em>Quid</em></strong></span> <span class='ocrx_word' id='word_1_796' title='bbox 344 2789 474 2824; x_wconf 87' lang='lat' dir='ltr'><strong><em>Didymus</em></strong></span> <span class='ocrx_word' id='word_1_797' title='bbox 490 2787 642 2815; x_wconf 84' lang='lat' dir='ltr'><strong><em>Athanasio</em></strong></span> <span class='ocrx_word' id='word_1_798' title='bbox 660 2787 833 2822; x_wconf 85' lang='lat' dir='ltr'><strong><em>synchronus</em></strong></span> <span class='ocrx_word' id='word_1_799' title='bbox 854 2785 888 2812; x_wconf 89' lang='lat' dir='ltr'><strong><em>de</em></strong></span> <span class='ocrx_word' id='word_1_800' title='bbox 903 2784 1003 2812; x_wconf 81' lang='lat' dir='ltr'><strong><em>Herma</em></strong></span> 
     </span>
    </p>
   </div>
   <div class='ocr_carea' id='block_1_102' title="bbox 215 2831 1001 2871">
    <p class='ocr_par' dir='ltr' id='par_1_102' title="bbox 215 2831 1001 2871">
     <span class='ocr_line' id='line_1_102' title="bbox 215 2831 1001 2871; baseline -0.009 -7"><span class='ocrx_word' id='word_1_801' title='bbox 215 2837 340 2869; x_wconf 76' lang='lat' dir='ltr'><strong><em>senserit,</em></strong></span> <span class='ocrx_word' id='word_1_802' title='bbox 353 2835 478 2871; x_wconf 85' lang='lat' dir='ltr'><strong><em>quamvis</em></strong></span> <span class='ocrx_word' id='word_1_803' title='bbox 492 2835 552 2870; x_wconf 87' lang='lat' dir='ltr'><strong><em>ejus</em></strong></span> <span class='ocrx_word' id='word_1_804' title='bbox 570 2834 663 2861; x_wconf 83' lang='lat' dir='ltr'><strong><em>omnia</em></strong></span> <span class='ocrx_word' id='word_1_805' title='bbox 682 2833 738 2860; x_wconf 82' lang='lat' dir='ltr'><strong><em>fere</em></strong></span> <span class='ocrx_word' id='word_1_806' title='bbox 760 2839 844 2867; x_wconf 83' lang='lat' dir='ltr'><strong><em>opera</em></strong></span> <span class='ocrx_word' id='word_1_807' title='bbox 859 2831 1001 2866; x_wconf 85' lang='lat' dir='ltr'><strong><em>perierim,</em></strong></span> 
     </span>
    </p>
   </div>
   <div class='ocr_carea' id='block_1_103' title="bbox 215 2878 1002 2919">
    <p class='ocr_par' dir='ltr' id='par_1_103' title="bbox 215 2878 1002 2919">
     <span class='ocr_line' id='line_1_103' title="bbox 215 2878 1002 2919; baseline -0.01 -8"><span class='ocrx_word' id='word_1_808' title='bbox 215 2883 340 2919; x_wconf 70' lang='lat' dir='ltr'><strong><em>colligere</em></strong></span> <span class='ocrx_word' id='word_1_809' title='bbox 354 2883 416 2911; x_wconf 82' lang='lat' dir='ltr'><strong><em>licet</em></strong></span> <span class='ocrx_word' id='word_1_810' title='bbox 430 2889 463 2910; x_wconf 76' lang='lat' dir='ltr'><strong><em>ex</em></strong></span> <span class='ocrx_word' id='word_1_811' title='bbox 480 2881 583 2910; x_wconf 83' lang='lat' dir='ltr'><strong><em>Catena</em></strong></span> <span class='ocrx_word' id='word_1_812' title='bbox 596 2881 622 2907; x_wconf 92' lang='lat' dir='ltr'><strong><em>in</em></strong></span> <span class='ocrx_word' id='word_1_813' title='bbox 634 2878 746 2913; x_wconf 82' lang='lat' dir='ltr'><strong><em>Jobum,</em></strong></span> <span class='ocrx_word' id='word_1_814' title='bbox 762 2878 808 2905; x_wconf 88' lang='lat' dir='ltr'><strong><em>ubi</em></strong></span> <span class='ocrx_word' id='word_1_815' title='bbox 821 2878 879 2906; x_wconf 85' lang='lat' dir='ltr'><strong><em>ait:</em></strong></span> <span class='ocrx_word' id='word_1_816' title='bbox 900 2878 927 2905; x_wconf 88' lang='lat'><strong><em>&#39;0</em></strong></span> <span class='ocrx_word' id='word_1_817' title='bbox 943 2878 1002 2904; x_wconf 75' lang='grc' dir='ltr'><strong><em>ἀσε-</em></strong></span> 
     </span>
    </p>
   </div>
   <div class='ocr_carea' id='block_1_104' title="bbox 1057 2275 1867 2314">
    <p class='ocr_par' dir='ltr' id='par_1_104' title="bbox 1057 2275 1867 2314">
     <span class='ocr_line' id='line_1_104' title="bbox 1057 2275 1867 2314; baseline -0.002 -8"><span class='ocrx_word' id='word_1_818' title='bbox 1057 2287 1128 2306; x_wconf 90' lang='lat' dir='ltr'><strong><em>mam</em></strong></span> <span class='ocrx_word' id='word_1_819' title='bbox 1138 2278 1299 2314; x_wconf 87' lang='lat' dir='ltr'><strong><em>perﬁciente,</em></strong></span> <span class='ocrx_word' id='word_1_820' title='bbox 1314 2283 1342 2304; x_wconf 89' lang='lat' dir='ltr'><strong><em>ut</em></strong></span> <span class='ocrx_word' id='word_1_821' title='bbox 1358 2278 1393 2304; x_wconf 89' lang='lat' dir='ltr'><strong><em>ibi</em></strong></span> <span class='ocrx_word' id='word_1_822' title='bbox 1409 2277 1520 2312; x_wconf 82' lang='lat' dir='ltr'><strong><em>legimus</em></strong></span> <span class='ocrx_word' id='word_1_823' title='bbox 1535 2277 1564 2304; x_wconf 91' lang='lat' dir='ltr'><strong><em>in</em></strong></span> <span class='ocrx_word' id='word_1_824' title='bbox 1578 2275 1708 2304; x_wconf 85' lang='lat' dir='ltr'><strong><em>Pastore.</em></strong></span> <span class='ocrx_word' id='word_1_825' title='bbox 1729 2276 1772 2305; x_wconf 84' lang='lat' dir='ltr'><strong><em>Et</em></strong></span> <span class='ocrx_word' id='word_1_826' title='bbox 1784 2279 1867 2314; x_wconf 83' lang='lat' dir='ltr'><strong><em>paulo</em></strong></span> 
     </span>
    </p>
   </div>
   <div class='ocr_carea' id='block_1_105' title="bbox 1057 2321 1867 2360">
    <p class='ocr_par' dir='ltr' id='par_1_105' title="bbox 1057 2321 1867 2360">
     <span class='ocr_line' id='line_1_105' title="bbox 1057 2321 1867 2360; baseline -0.002 -8"><span class='ocrx_word' id='word_1_827' title='bbox 1057 2330 1137 2360; x_wconf 88' lang='lat' dir='ltr'><strong><em>post:</em></strong></span> <span class='ocrx_word' id='word_1_828' title='bbox 1153 2325 1207 2351; x_wconf 73' lang='grc' dir='ltr'><strong><em>Καὶ</em></strong></span> <span class='ocrx_word' id='word_1_829' title='bbox 1223 2324 1263 2350; x_wconf 81' lang='grc' dir='ltr'><strong><em>ὅτι</em></strong></span> <span class='ocrx_word' id='word_1_830' title='bbox 1279 2323 1323 2350; x_wconf 87' lang='grc' dir='ltr'><strong><em>διὰ</em></strong></span> <span class='ocrx_word' id='word_1_831' title='bbox 1348 2323 1403 2350; x_wconf 86' lang='grc' dir='ltr'>τῶν</span> <span class='ocrx_word' id='word_1_832' title='bbox 1425 2321 1547 2358; x_wconf 77' lang='grc' dir='ltr'>ἀγγέλων</span> <span class='ocrx_word' id='word_1_833' title='bbox 1563 2322 1592 2348; x_wconf 83' lang='lat' dir='ltr'><strong><em>al</em></strong></span> <span class='ocrx_word' id='word_1_834' title='bbox 1611 2322 1698 2357; x_wconf 70' lang='grc' dir='ltr'>ψυχαὶ</span> <span class='ocrx_word' id='word_1_835' title='bbox 1718 2331 1867 2360; x_wconf 60' lang='grc' dir='ltr'><strong>χειραγωα</strong></span> 
     </span>
    </p>
   </div>
   <div class='ocr_carea' id='block_1_106' title="bbox 1057 2367 1867 2405">
    <p class='ocr_par' dir='ltr' id='par_1_106' title="bbox 1057 2367 1867 2405">
     <span class='ocr_line' id='line_1_106' title="bbox 1057 2367 1867 2405; baseline -0.001 -9"><span class='ocrx_word' id='word_1_836' title='bbox 1057 2370 1166 2405; x_wconf 80' lang='grc' dir='ltr'>γοῦνται</span> <span class='ocrx_word' id='word_1_837' title='bbox 1182 2371 1210 2396; x_wconf 82' lang='grc' dir='ltr'>αἱ</span> <span class='ocrx_word' id='word_1_838' title='bbox 1227 2369 1298 2405; x_wconf 77' lang='grc' dir='ltr'><strong><em>ζωὴν</em></strong></span> <span class='ocrx_word' id='word_1_839' title='bbox 1320 2369 1469 2404; x_wconf 77' lang='grc' dir='ltr'><strong>ἀγγελικὴν</strong></span> <span class='ocrx_word' id='word_1_840' title='bbox 1481 2367 1690 2404; x_wconf 80' lang='grc' dir='ltr'><strong>ἐπιτηδεύουσαι</strong></span> <span class='ocrx_word' id='word_1_841' title='bbox 1704 2389 1714 2401; x_wconf 82' lang='lat'><strong><em>,</em></strong></span> <span class='ocrx_word' id='word_1_842' title='bbox 1742 2370 1824 2397; x_wconf 74' lang='grc' dir='ltr'><strong><em>οὕτω</em></strong></span> <span class='ocrx_word' id='word_1_843' title='bbox 1841 2371 1867 2396; x_wconf 74' lang='grc' dir='ltr'><strong><em>ἐν</em></strong></span> 
     </span>
    </p>
   </div>
   <div class='ocr_carea' id='block_1_107' title="bbox 1056 2414 1867 2452">
    <p class='ocr_par' dir='ltr' id='par_1_107' title="bbox 1056 2414 1867 2452">
     <span class='ocr_line' id='line_1_107' title="bbox 1056 2414 1867 2452; baseline 0.001 -9"><span class='ocrx_word' id='word_1_844' title='bbox 1056 2416 1096 2452; x_wconf 81' lang='grc' dir='ltr'>τῷ</span> <span class='ocrx_word' id='word_1_845' title='bbox 1112 2415 1234 2451; x_wconf 80' lang='grc' dir='ltr'><strong>Ποιμένι</strong></span> <span class='ocrx_word' id='word_1_846' title='bbox 1250 2415 1416 2451; x_wconf 83' lang='grc' dir='ltr'><strong><em>ἀνέγνωμεν.</em></strong></span> <span class='ocrx_word' id='word_1_847' title='bbox 1437 2414 1471 2442; x_wconf 83' lang='lat' dir='ltr'><strong><em>Et</em></strong></span> <span class='ocrx_word' id='word_1_848' title='bbox 1485 2414 1555 2450; x_wconf 92' lang='lat' dir='ltr'><strong><em>quod</em></strong></span> <span class='ocrx_word' id='word_1_849' title='bbox 1578 2415 1677 2442; x_wconf 75' lang='lat' dir='ltr'><strong><em>animle</em></strong></span> <span class='ocrx_word' id='word_1_850' title='bbox 1695 2416 1795 2443; x_wconf 73' lang='lat' dir='ltr'><strong><em>vitam</em></strong></span> <span class='ocrx_word' id='word_1_851' title='bbox 1822 2425 1867 2444; x_wconf 58' lang='grc' dir='ltr'><strong><em>σιμ</em></strong></span> 
     </span>
    </p>
   </div>
   <div class='ocr_carea' id='block_1_108' title="bbox 1057 2460 1867 2498">
    <p class='ocr_par' dir='ltr' id='par_1_108' title="bbox 1057 2460 1867 2498">
     <span class='ocr_line' id='line_1_108' title="bbox 1057 2460 1867 2498; baseline 0.001 -9"><span class='ocrx_word' id='word_1_852' title='bbox 1057 2463 1169 2498; x_wconf 86' lang='lat' dir='ltr'><strong><em>gelicam</em></strong></span> <span class='ocrx_word' id='word_1_853' title='bbox 1182 2463 1350 2489; x_wconf 84' lang='lat' dir='ltr'><strong><em>instituentes</em></strong></span> <span class='ocrx_word' id='word_1_854' title='bbox 1366 2460 1397 2488; x_wconf 89' lang='lat' dir='ltr'><strong><em>ab</em></strong></span> <span class='ocrx_word' id='word_1_855' title='bbox 1410 2461 1511 2497; x_wconf 85' lang='lat' dir='ltr'><strong><em>angelis</em></strong></span> <span class='ocrx_word' id='word_1_856' title='bbox 1521 2461 1768 2497; x_wconf 69' lang='lat' dir='ltr'><strong><em>manuducuntur,</em></strong></span> <span class='ocrx_word' id='word_1_857' title='bbox 1782 2465 1828 2491; x_wconf 86' lang='lat' dir='ltr'><strong><em>ita</em></strong></span> <span class='ocrx_word' id='word_1_858' title='bbox 1844 2465 1867 2490; x_wconf 72' lang='lat' dir='ltr'><strong><em>in</em></strong></span> 
     </span>
    </p>
   </div>
   <div class='ocr_carea' id='block_1_109' title="bbox 1057 2508 1311 2543">
    <p class='ocr_par' dir='ltr' id='par_1_109' title="bbox 1057 2508 1311 2543">
     <span class='ocr_line' id='line_1_109' title="bbox 1057 2508 1311 2543; baseline -0.008 -7"><span class='ocrx_word' id='word_1_859' title='bbox 1057 2508 1171 2536; x_wconf 88' lang='lat' dir='ltr'><strong><em>Pastore</em></strong></span> <span class='ocrx_word' id='word_1_860' title='bbox 1191 2508 1311 2543; x_wconf 85' lang='lat' dir='ltr'><strong><em>legimus.</em></strong></span> 
     </span>
    </p>
   </div>
   <div class='ocr_carea' id='block_1_110' title="bbox 1092 2554 1867 2589">
    <p class='ocr_par' dir='ltr' id='par_1_110' title="bbox 1092 2554 1867 2589">
     <span class='ocr_line' id='line_1_110' title="bbox 1092 2554 1867 2589; baseline -0.004 -7"><span class='ocrx_word' id='word_1_861' title='bbox 1092 2555 1158 2582; x_wconf 81' lang='lat' dir='ltr'><strong><em>Cum</em></strong></span> <span class='ocrx_word' id='word_1_862' title='bbox 1172 2555 1230 2582; x_wconf 61' lang='lat' dir='ltr'><strong><em>haec</em></strong></span> <span class='ocrx_word' id='word_1_863' title='bbox 1253 2554 1332 2582; x_wconf 73' lang='lat' dir='ltr'><strong><em>fuerit</em></strong></span> <span class='ocrx_word' id='word_1_864' title='bbox 1350 2559 1404 2581; x_wconf 91' lang='lat' dir='ltr'><strong><em>tam</em></strong></span> <span class='ocrx_word' id='word_1_865' title='bbox 1421 2554 1550 2589; x_wconf 87' lang='lat' dir='ltr'><strong><em>antiqua,</em></strong></span> <span class='ocrx_word' id='word_1_866' title='bbox 1573 2557 1628 2580; x_wconf 82' lang='lat' dir='ltr'><strong><em>tam</em></strong></span> <span class='ocrx_word' id='word_1_867' title='bbox 1648 2559 1800 2582; x_wconf 75' lang='lat' dir='ltr'><strong><em>constans</em></strong></span> <span class='ocrx_word' id='word_1_868' title='bbox 1827 2563 1867 2582; x_wconf 46' lang='lat' dir='ltr'><strong><em>Et»</em></strong></span> 
     </span>
    </p>
   </div>
   <div class='ocr_carea' id='block_1_111' title="bbox 1057 2600 1867 2636">
    <p class='ocr_par' dir='ltr' id='par_1_111' title="bbox 1057 2600 1867 2636">
     <span class='ocr_line' id='line_1_111' title="bbox 1057 2600 1867 2636; baseline 0.002 -8"><span class='ocrx_word' id='word_1_869' title='bbox 1057 2609 1118 2628; x_wconf 89' lang='lat' dir='ltr'><strong><em>rum</em></strong></span> <span class='ocrx_word' id='word_1_870' title='bbox 1136 2602 1183 2636; x_wconf 85' lang='lat' dir='ltr'><strong><em>qui</em></strong></span> <span class='ocrx_word' id='word_1_871' title='bbox 1198 2602 1225 2628; x_wconf 92' lang='lat' dir='ltr'><strong><em>in</em></strong></span> <span class='ocrx_word' id='word_1_872' title='bbox 1243 2601 1337 2629; x_wconf 65' lang='lat' dir='ltr'><strong><em>Graeca</em></strong></span> <span class='ocrx_word' id='word_1_873' title='bbox 1356 2600 1479 2628; x_wconf 87' lang='lat' dir='ltr'><strong><em>Ecclesia</em></strong></span> <span class='ocrx_word' id='word_1_874' title='bbox 1492 2600 1646 2627; x_wconf 80' lang='lat' dir='ltr'><strong><em>ﬂoruerunt</em></strong></span> <span class='ocrx_word' id='word_1_875' title='bbox 1661 2601 1696 2628; x_wconf 83' lang='lat' dir='ltr'><strong><em>de</em></strong></span> <span class='ocrx_word' id='word_1_876' title='bbox 1711 2601 1797 2630; x_wconf 85' lang='lat' dir='ltr'><strong><em>libro</em></strong></span> <span class='ocrx_word' id='word_1_877' title='bbox 1818 2602 1867 2630; x_wconf 74' lang='lat' dir='ltr'><strong><em>Pa~</em></strong></span> 
     </span>
    </p>
   </div>
   <div class='ocr_carea' id='block_1_112' title="bbox 1057 2645 1867 2681">
    <p class='ocr_par' dir='ltr' id='par_1_112' title="bbox 1057 2645 1867 2681">
     <span class='ocr_line' id='line_1_112' title="bbox 1057 2645 1867 2681; baseline 0 -7"><span class='ocrx_word' id='word_1_878' title='bbox 1057 2648 1136 2674; x_wconf 80' lang='lat' dir='ltr'><strong><em>storis</em></strong></span> <span class='ocrx_word' id='word_1_879' title='bbox 1155 2647 1306 2680; x_wconf 84' lang='lat' dir='ltr'><strong><em>sententia;</em></strong></span> <span class='ocrx_word' id='word_1_880' title='bbox 1323 2652 1540 2674; x_wconf 80' lang='lat' dir='ltr'><strong><em>cum-auctorem</em></strong></span> <span class='ocrx_word' id='word_1_881' title='bbox 1559 2646 1680 2681; x_wconf 87' lang='lat' dir='ltr'><strong><em>prodant</em></strong></span> <span class='ocrx_word' id='word_1_882' title='bbox 1691 2645 1838 2676; x_wconf 75' lang='lat' dir='ltr'><strong><em>Her-mam</em></strong></span> <span class='ocrx_word' id='word_1_883' title='bbox 1857 2657 1867 2674; x_wconf 66' lang='grc' dir='ltr'>π</span> 
     </span>
    </p>
   </div>
   <div class='ocr_carea' id='block_1_113' title="bbox 1058 2691 1864 2726">
    <p class='ocr_par' dir='ltr' id='par_1_113' title="bbox 1058 2691 1864 2726">
     <span class='ocr_line' id='line_1_113' title="bbox 1058 2691 1864 2726; baseline 0 -6"><span class='ocrx_word' id='word_1_884' title='bbox 1058 2693 1087 2720; x_wconf 83' lang='lat' dir='ltr'><strong><em>S.</em></strong></span> <span class='ocrx_word' id='word_1_885' title='bbox 1110 2693 1196 2720; x_wconf 84' lang='lat' dir='ltr'><strong><em>Paulo</em></strong></span> <span class='ocrx_word' id='word_1_886' title='bbox 1219 2693 1402 2725; x_wconf 82' lang='lat' dir='ltr'><strong><em>nominatum,</em></strong></span> <span class='ocrx_word' id='word_1_887' title='bbox 1428 2699 1492 2719; x_wconf 93' lang='lat' dir='ltr'><strong><em>cum</em></strong></span> <span class='ocrx_word' id='word_1_888' title='bbox 1516 2691 1619 2718; x_wconf 87' lang='lat' dir='ltr'><strong><em>librum</em></strong></span> <span class='ocrx_word' id='word_1_889' title='bbox 1647 2691 1751 2726; x_wconf 88' lang='lat' dir='ltr'><strong><em>ipsum</em></strong></span> <span class='ocrx_word' id='word_1_890' title='bbox 1769 2694 1800 2721; x_wconf 92' lang='lat' dir='ltr'><strong><em>in</em></strong></span> <span class='ocrx_word' id='word_1_891' title='bbox 1818 2694 1864 2720; x_wconf 84' lang='lat' dir='ltr'><strong><em>ali-</em></strong></span> 
     </span>
    </p>
   </div>
   <div class='ocr_carea' id='block_1_114' title="bbox 1056 2739 1864 2777">
    <p class='ocr_par' dir='ltr' id='par_1_114' title="bbox 1056 2739 1864 2777">
     <span class='ocr_line' id='line_1_114' title="bbox 1056 2739 1864 2777; baseline -0.001 -9"><span class='ocrx_word' id='word_1_892' title='bbox 1056 2742 1158 2777; x_wconf 85' lang='lat' dir='ltr'><strong><em>quibus</em></strong></span> <span class='ocrx_word' id='word_1_893' title='bbox 1170 2741 1294 2768; x_wconf 86' lang='lat' dir='ltr'><strong><em>ecclesiis</em></strong></span> <span class='ocrx_word' id='word_1_894' title='bbox 1301 2741 1408 2776; x_wconf 85' lang='lat' dir='ltr'><strong><em>publice</em></strong></span> <span class='ocrx_word' id='word_1_895' title='bbox 1419 2739 1532 2772; x_wconf 83' lang='lat' dir='ltr'><strong><em>lectum,</em></strong></span> <span class='ocrx_word' id='word_1_896' title='bbox 1541 2739 1574 2766; x_wconf 89' lang='lat' dir='ltr'><strong><em>ad</em></strong></span> <span class='ocrx_word' id='word_1_897' title='bbox 1583 2739 1806 2769; x_wconf 82' lang='lat' dir='ltr'><strong><em>institutionem</em></strong></span> <span class='ocrx_word' id='word_1_898' title='bbox 1821 2748 1864 2767; x_wconf 86' lang='lat' dir='ltr'><strong><em>ca-</em></strong></span> 
     </span>
    </p>
   </div>
   <div class='ocr_carea' id='block_1_115' title="bbox 1057 2785 1863 2814">
    <p class='ocr_par' dir='ltr' id='par_1_115' title="bbox 1057 2785 1863 2814">
     <span class='ocr_line' id='line_1_115' title="bbox 1057 2785 1863 2814; baseline 0 0"><span class='ocrx_word' id='word_1_899' title='bbox 1057 2787 1283 2814; x_wconf 85' lang='lat' dir='ltr'><strong><em>techumenorum</em></strong></span> <span class='ocrx_word' id='word_1_900' title='bbox 1307 2794 1322 2813; x_wconf 85' lang='lat' dir='ltr'><strong><em>a</em></strong></span> <span class='ocrx_word' id='word_1_901' title='bbox 1348 2785 1475 2813; x_wconf 82' lang='lat' dir='ltr'><strong><em>Patribus</em></strong></span> <span class='ocrx_word' id='word_1_902' title='bbox 1498 2785 1736 2814; x_wconf 84' lang='lat' dir='ltr'><strong><em>commendatum</em></strong></span> <span class='ocrx_word' id='word_1_903' title='bbox 1760 2794 1863 2814; x_wconf 85' lang='lat' dir='ltr'><strong><em>memo-</em></strong></span> 
     </span>
    </p>
   </div>
   <div class='ocr_carea' id='block_1_116' title="bbox 1057 2830 1862 2867">
    <p class='ocr_par' dir='ltr' id='par_1_116' title="bbox 1057 2830 1862 2867">
     <span class='ocr_line' id='line_1_116' title="bbox 1057 2830 1862 2867; baseline 0.002 -9"><span class='ocrx_word' id='word_1_904' title='bbox 1057 2836 1128 2864; x_wconf 87' lang='lat' dir='ltr'><strong><em>rent,</em></strong></span> <span class='ocrx_word' id='word_1_905' title='bbox 1148 2840 1210 2859; x_wconf 87' lang='lat' dir='ltr'><strong><em>cum</em></strong></span> <span class='ocrx_word' id='word_1_906' title='bbox 1231 2832 1282 2867; x_wconf 77' lang='lat' dir='ltr'><strong><em>ipsi</em></strong></span> <span class='ocrx_word' id='word_1_907' title='bbox 1307 2836 1355 2859; x_wconf 87' lang='lat' dir='ltr'><strong><em>aut</em></strong></span> <span class='ocrx_word' id='word_1_908' title='bbox 1371 2838 1479 2859; x_wconf 75' lang='lat' dir='ltr'><strong><em>sacrum</em></strong></span> <span class='ocrx_word' id='word_1_909' title='bbox 1496 2835 1524 2857; x_wconf 85' lang='lat' dir='ltr'><strong><em>et</em></strong></span> <span class='ocrx_word' id='word_1_910' title='bbox 1546 2830 1694 2864; x_wconf 85' lang='lat' dir='ltr'><strong><em>divinum,</em></strong></span> <span class='ocrx_word' id='word_1_911' title='bbox 1715 2837 1772 2860; x_wconf 83' lang='lat' dir='ltr'><strong><em>aut</em></strong></span> <span class='ocrx_word' id='word_1_912' title='bbox 1793 2836 1862 2860; x_wconf 73' lang='lat' dir='ltr'><strong><em>certe</em></strong></span> 
     </span>
    </p>
   </div>
   <div class='ocr_carea' id='block_1_117' title="bbox 1058 2874 1859 2917">
    <p class='ocr_par' dir='ltr' id='par_1_117' title="bbox 1058 2874 1859 2917">
     <span class='ocr_line' id='line_1_117' title="bbox 1058 2874 1859 2917; baseline 0 -14"><span class='ocrx_word' id='word_1_913' title='bbox 1058 2875 1234 2904; x_wconf 82' lang='lat' dir='ltr'><strong><em>utilissimum</em></strong></span> <span class='ocrx_word' id='word_1_914' title='bbox 1250 2874 1350 2917; x_wconf 76' lang='lat' dir='ltr'><strong><em>librum</em></strong></span> <span class='ocrx_word' id='word_1_915' title='bbox 1365 2875 1554 2912; x_wconf 84' lang='lat' dir='ltr'><strong><em>pronuntient,</em></strong></span> <span class='ocrx_word' id='word_1_916' title='bbox 1576 2880 1603 2903; x_wconf 81' lang='lat' dir='ltr'><strong><em>et</em></strong></span> <span class='ocrx_word' id='word_1_917' title='bbox 1618 2874 1684 2904; x_wconf 81' lang='lat' dir='ltr'><strong><em>ideo</em></strong></span> <span class='ocrx_word' id='word_1_918' title='bbox 1703 2881 1823 2906; x_wconf 75' lang='lat' dir='ltr'><strong><em>tantum</em></strong></span> <span class='ocrx_word' id='word_1_919' title='bbox 1838 2878 1859 2906; x_wconf 72' lang='lat' dir='ltr'><strong><em>ist</em></strong></span> 
     </span>
    </p>
   </div>
  </div>
