1874 3070
39 164 67 189 lii
387 162 412 190 J.
436 160 617 189 PEARSONII
637 158 796 189 VINDICIE
815 156 1023 186 lCNATlANIE.
1043 171 1077 176 -—
1097 154 1187 184 PARS
1204 154 1226 182 1.

1584 151 1635 179 lli

35 231 109 251 I‘illoﬂe
133 231 185 250 non
206 223 385 258 ponendum,
397 223 470 259 quod
483 223 516 251 de
534 231 567 251 eo
579 223 664 258 aliqui
679 221 789 249 dubita-
803 230 826 258 Α
839 219 882 247 nis
898 218 1091 255 Apocalypsin,
1107 224 1176 252 quos
1191 221 1282 244 tamen
1295 214 1420 250 agnoscit
1441 214 1529 242 libros
1550 221 1566 241 a
1582 213 1637 248 plo-

34 277 82 302 runt,
92 278 121 297 an
133 269 261 297 credibile
276 274 321 298 est
336 269 521 305 Nicephorum
532 274 579 297 aut
594 269 678 296 alium
693 275 789 302 quern-

32 318 58 343 vis
71 316 181 343 Ecclesia:
195 315 299 343 Graecae
323 317 477 349 alumnum,
491 316 617 344 eumdem
636 321 666 342 ut
689 314 788 341 falsum

31 363 140 394 rtﬁetum,
155 367 183 389 ut
198 362 328 396 pessima:
353 367 424 390 notat
445 362 629 397 apocryphum
652 360 787 396 jugulare,

31 408 83 435 dab
96 408 163 434 omni
186 407 320 435 Ecclesiae
346 408 407 436 luce
427 415 571 435 removere
597 406 733 434 voluisse?
757 405 789 433 Et

31 459 95 480 tamen
108 453 217 481 Dallaaus
230 461 282 489 pro
297 458 377 482 certo
397 454 479 481 habet
491 453 672 489 Nicephorum
695 460 787 486 suum,

31 498 59 524 bis
71 499 183 526 onmibus
198 500 398 534 praetermissis
429 500 487 527 sive
507 499 656 530 damnatis.
680 503 789 526 senten-

31 546 76 571 tiam
91 544 239 572 Tertulliani
255 549 346 580 atque
361 545 462 573 Gelasii
478 550 602 573 secutum
617 552 688 572 esse.

54 590 216 619 Tertullianus
228 592 385 627 aliquando
399 591 561 625 catholicus,
574 591 722 626 aliquando
733 591 789 618 ha:-

31 636 116 669 reticus,
131 641 155 664 et
170 636 221 664 alia
241 637 377 665 catholici
388 660 396 671 ,
414 638 468 665 alia
489 637 610 665 haeretici
624 637 658 664 de
679 636 790 664 Pastore

31 683 133 709 Sententia
140 682 196 710 l‘uit.
212 682 330 710 Librum
344 683 382 711 De
396 684 515 711 oratione
533 683 622 711 adhuc
637 683 789 712 catholicus

31 727 123 762 scripsit,
134 727 158 755 in
173 735 226 763 quo
254 728 324 756 dum
351 729 422 757 ritus
449 729 583 764 quosdam
611 729 637 756 in
665 729 790 756 oratione

31 778 156 808 usurpatos,
169 779 300 808 tanquam
334 775 475 803 ail‘ectatos
497 779 526 802 et
549 780 671 808 coactus,
687 780 714 802 et
738 783 788 802 cu-

31 819 79 846 riosi
97 820 177 855 potius
190 829 273 856 quam
288 823 434 850 rationalis
450 822 532 850 oﬂicii
546 822 715 858 perstringit,
732 822 789 850 haec

31 867 89 894 habet
100 877 106 894 :
119 867 184 894 Idem
199 869 271 903 quod
283 870 424 904 assignato
440 870 560 897 oratione
583 869 718 896 assidendi
734 877 788 896 mos

840 265 932 300 risque
943 264 1138 292 ecclesiasticis
1150 263 1269 298 agnitos,
1283 261 1330 297 qui
1348 261 1518 296 apocryphos
1548 260 1637 295 pessi-

839 319 891 338 mae
901 316 973 339 noue
984 311 1045 338 οὐδὲ
1056 312 1085 337 tv
1098 310 1184 341 νόθοις
1195 308 1338 344 ponendos
1354 307 1451 341 voluit,
1469 306 1541 335 Hist.
1559 306 1577 333 Ι.
1593 314 1635 336 ιιι.

839 365 864 385 c.
881 357 927 385 25.
945 356 979 385 Ει
992 357 1050 392 ipso
1062 356 1249 384 Tertullianus
1264 355 1302 383 ita
1325 354 1432 383 videtur
1446 354 1568 389 seipsum
1587 361 1633 380 es-

839 404 954 440 plicare;
975 412 1039 432 nam
1062 404 1154 432 statim
1185 402 1260 431 addit
1277 411 1283 430 :
1301 401 1335 428 Αι
1355 409 1402 436 ego
1420 400 1479 435 ejus
1506 399 1634 428 Pastoris

838 451 983 485 scripturas
1008 450 1113 481 Isauria,
1128 450 1174 485 qui
1199 457 1253 477 non
1275 452 1360 482 potest
1384 447 1485 482 frangi,
1510 447 1563 474 hoc
1591 450 1634 472 est

838 504 902 524 vere
912 496 1080 525 canonicas.
1096 495 1152 524 Nec
1180 503 1234 523 non
1266 494 1362 522 eodem
1375 492 1516 522 librozEt
1540 492 1629 527 utique

839 544 967 578 receptior
977 543 1048 578 apud
1061 542 1194 571 Ecclesias
1202 540 1323 576 Epistola
1336 540 1468 568 Barnubte
1480 539 1629 575 apocrypha

839 589 953 617 Pastore
971 589 1148 620 sacellorum:
1172 588 1288 623 epistola
1304 591 1395 614 autem
1412 586 1544 615 Barnabas:
1560 585 1628 614 Ter-

839 635 954 662 tulliano
965 635 1019 662 alia
1031 642 1086 661 non
1096 638 1139 662 est
1151 641 1232 669 quam
1247 633 1292 660 illa
1305 631 1335 659 S.
1350 631 1429 659 Pauli
1440 630 1474 658 ad
1489 630 1627 660 Hebraeos.

839 680 918 714 Quod
932 680 956 708 si
977 679 1081 715 aliquid
1110 679 1184 707 aliud
1210 677 1354 711 intellexit,
1378 681 1405 705 et
1427 684 1475 712 per
1491 675 1589 705 falsam
1603 680 1630 704 ct

839 727 992 754 adulteram
1024 725 1211 761 scripturam,
1236 724 1344 752 Hermae
1371 723 1471 750 librum
1498 727 1629 757 tanquam

839 773 966 807 pessimae
978 776 1049 799 notat
1068 770 1255 806 apocryphum
1279 769 1314 798 ab
1339 769 1469 797 omnibus
1497 767 1629 796 Ecclesiis

840 817 926 844 fuisse
939 817 1110 844 eliminatum
1127 815 1254 848 voluerit,
1266 822 1322 842 non
1335 814 1422 850 magis
1440 813 1468 841 id
1478 821 1572 841 verum
1588 817 1630 840 est

840 871 922 898 quarti
936 870 998 890 cum
1013 870 1073 890 eam
1088 862 1175 891 solam
1189 861 1312 892 mtechos
1334 868 1427 889 amare
1439 860 1478 887 ait
1493 869 1499 887 :
1515 864 1543 887 et
1558 867 1627 886 con-

31 919 57 939 m
71 913 219 947 quibusdam,
239 923 294 941 non
308 915 440 950 perspicio
455 916 583 942 rationem
595 924 606 948 ,-
616 915 669 943 nisi
680 915 704 942 si
719 914 786 942 lit-r-
803 913 824 940 Β
838 909 951 936 trnrium
963 909 1042 944 plane
1053 908 1241 937 demonstrant
1250 907 1343 937 lrentei
1351 927 1359 940 ,
1370 906 1517 936 Clementis
1529 910 1556 934 et
1569 905 1628 933 Ori-

33 966 74 984 ναι
89 958 135 991 ille,
157 959 229 993 cujus
254 961 394 995 scriptura
417 961 471 996 fere
493 961 590 989 Pastor
621 961 786 994 inscribitur,

32 1008 137 1031 transacta
150 1006 265 1032 oratione
273 1014 328 1033 non
339 1015 417 1042 super
426 1007 523 1034 lectum
535 1007 686 1039 assedisset,
699 1015 787 1034 verum

32 1050 85 1076 aliud
97 1052 151 1085 quid
164 1053 277 1087 fecisset,
294 1054 325 1080 id
341 1062 444 1089 quoque
455 1054 490 1080 ad
504 1054 712 1081 obseruationem
729 1054 787 1081 cin-

31 1097 156 1125 diwrernss.
183 1098 276 1134 Utique
300 1107 365 1126 non.
389 1099 552 1134 Simpliciter
570 1100 641 1127 enim
666 1105 691 1127 et
719 1109 788 1127 nunc

32 1145 118 1176 positum
131 1151 165 1172 est
183 1154 192 1172 :
207 1155 216 1171 ι
235 1146 306 1173 Cum
319 1146 484 1179 adorassem,
498 1150 522 1174 et
535 1147 693 1175 assedisse»:
709 1155 787 1182 super

34 1191 112 1224 lttlltl,
130 1201 138 1217 ι
154 1193 185 1219 ad
199 1193 321 1220 ordinem
337 1194 509 1226 narrationis,
525 1202 576 1221 non
592 1193 627 1220 ad
644 1194 731 1221 instar
745 1195 787 1221 di-

34 1238 130 1265 sriv’iua.
142 1239 260 1274 Miaquin
274 1248 409 1275 nusquam
426 1240 475 1266 erit
489 1240 654 1268 adorandum
668 1241 721 1268 nisi
742 1241 787 1269 ubi

36 1283 91 1315 [terit
103 1284 182 1312 lectus.
204 1284 260 1312 lmo
276 1290 374 1313 contra
392 1285 558 1320 Scripturam
572 1287 673 1322 tecerit,
689 1288 712 1315 si
728 1288 787 1322 quis

34 1329 53 1353 in
62 1329 160 1357 cathedra
172 1337 216 1358 aut
231 1332 360 1359 subsellio
374 1333 484 1360 sederet.
510 1332 613 1368 Nempe
633 1333 703 1361 ritus
724 1334 787 1368 qui-

35 1373 78 1401 dum
91 1376 266 1406 aChristianis
286 1378 455 1413 quibusdam
472 1377 650 1407 Tertullianei
670 1380 719 1407 αξνὶ
736 1380 784 1406 oh-

36 1427 137 1457 servatus,
152 1425 239 1452 Statim
253 1425 332 1452 [inita
348 1425 473 1453 oratione
497 1426 625 1459 sedendi;
640 1434 720 1462 quem
742 1426 787 1454 ille

34 1471 130 1502 tanquam
156 1471 376 1505 superstitiosum
387 1491 394 1504 ,
410 1470 594 1505 irreligiosum
609 1492 616 1504 ,
635 1475 662 1499 et
692 1472 785 1507 gentili

36 1513 180 1542 rituiaiﬁnem
196 1516 384 1551 reprehendit.
409 1516 502 1544 Ritum
525 1522 615 1544 autem
642 1517 731 1554 ipsum
752 1526 784 1545 ex

36 1558 75 1585 loco
86 1561 188 1594 quodam
206 1561 332 1590 Pastoris
355 1563 426 1590 male
449 1562 587 1591 intellecto
612 1568 703 1591 ortum
724 1571 785 1592 esse

37 1610 96 1637 putat.
115 1605 185 1639 Quod
207 1608 282 1636 clare
299 1608 430 1642 ostendit,
447 1612 551 1644 quanto
565 1613 623 1636 tum
644 1609 670 1636 in
696 1609 784 1644 pretio

37 1650 83 1678 liber
101 1653 138 1681 ille
153 1653 254 1682 ﬂermte
276 1655 342 1688 fuit,
359 1660 389 1683 ut
409 1663 444 1682 ex
460 1663 493 1682 eo
521 1656 590 1683 ritus
620 1656 647 1682 in
658 1655 787 1684 Ecclesiae

38 1697 171 1732 disciplinam
196 1700 416 1728 translundetur.
438 1699 499 1735 ipse
521 1705 623 1734 autem,
657 1706 688 1729 ut
705 1702 785 1736 solet,

37 1749 90 1772 acute
109 1747 275 1781 respondens,
301 1755 358 1775 non
381 1747 470 1782 rejieit
491 1747 555 1775 libri
581 1748 785 1782 auctoritatem,

39 1790 68 1816 sed
86 1792 197 1827 admittit,
211 1799 238 1821 et
265 1794 350 1822 verba
371 1794 431 1829 ejus
455 1794 492 1821 ita
517 1793 731 1830 interpretatur,
756 1799 787 1822 ut

39 1837 130 1864 (sentiat
143 1843 239 1866 tantum
262 1839 388 1867 ordinem
403 1841 569 1869 narrationis
584 1841 785 1869 observandum

39 1888 87 1912 esse.
97 1891 137 1910 nec
144 1885 219 1912 ullam
231 1886 294 1914 inde
306 1886 459 1921 disciplina
469 1887 604 1914 rationem
617 1888 676 1914 erui
693 1894 784 1922 posse.

39 1922 65 1951 lu
75 1924 234 1958 Tertullianus
247 1931 342 1958 adhuc
365 1931 531 1965 catholicus,
545 1937 575 1959 ut
586 1932 741 1960 observavit
754 1932 783 1961 S.

40 1967 127 2000 liilarius
137 1973 331 2010 inMatthaeum,
346 1984 451 2005 canone
462 1978 478 2005 5
491 1986 497 2004 :
513 1976 671 2013 Quanquam
683 1983 708 2005 et
721 1978 783 2006 Ter-

40 2017 133 2047 tullinus
152 2021 206 2048 hinc
227 2023 288 2058 (De
312 2024 448 2060 oratione)
467 2024 587 2052 volumen
615 2025 784 2060 aptissimum

40 2064 192 2100 “Pieriam!
206 2077 367 2105 consequens
378 2078 453 2098 error
465 2070 579 2098 hominis
591 2070 707 2098 detraxit
720 2073 784 2099 scri-

38 2110 75 2143 ptis
86 2113 239 2145 probabilibus
257 2117 456 2143 auctoritatem.
473 2116 526 2144 Sed
541 2117 569 2144 in
588 2116 659 2144 libro
680 2117 718 2144 De
732 2126 782 2152 pu-

40 2156 124 2190 dicitia,
137 2159 176 2187 ubi
190 2169 272 2196 purus
285 2167 368 2197 putus
380 2161 546 2190 Montanista
560 2167 602 2190 est
611 2182 618 2195 ,
632 2168 783 2199 contraque

39 2201 153 2230 (amolitus
165 2208 288 2240 tanquam
301 2206 448 2242 psychicos
465 2206 604 2242 disputat,
621 2211 648 2234 et
662 2207 707 2234 illa
721 2215 784 2243 quae

839 955 916 989 genis
931 954 1098 982 testimonia.
1113 952 1194 982 Nullo
1206 953 1289 988 igitur
1305 953 1388 980 modo
1403 952 1569 980 credendum
1586 956 1629 979 est

839 1005 979 1028 auctorem
992 1000 1186 1028 Sticbometriar
1200 1008 1216 1027 a
1230 1005 1340 1035 recepta
1352 999 1508 1027 Graecorum
1516 997 1627 1026 Patrum

839 1047 973 1075 sententia
991 1047 1150 1080 recessisse,
1163 1051 1192 1074 et
1217 1045 1379 1074 auctoritate
1391 1045 1550 1072 Tertulliani
1574 1044 1630 1072 ha:-

838 1093 915 1120 retici
943 1097 1115 1128 permotumI
1142 1091 1249 1120 Hermae
1274 1091 1412 1120 Pastorem
1427 1099 1476 1128 pro
1503 1091 1629 1126 pessimae

838 1142 911 1166 notae
920 1139 1077 1175 apocrypho
1090 1138 1184 1167 haberi
1199 1138 1330 1166 voluisse.

874 1195 914 1223 Ad
926 1195 1065 1224 Gelasium
1083 1201 1172 1224 autem
1192 1195 1266 1231 quod
1292 1195 1408 1227 attinet.
1422 1202 1485 1222 cum
1510 1193 1629 1222 Dsllatus

837 1243 973 1278 utriusque
995 1244 1109 1270 censoris
1139 1242 1251 1270 Romani
1273 1246 1298 1269 et
1325 1240 1626 1276 Constantinopolttani,

837 1293 862 1316 et
876 1289 982 1324 quidem
1004 1290 1139 1324 utriusque
1158 1296 1290 1316 summam
1316 1288 1344 1314 in
1372 1287 1491 1315 Ecclesia
1508 1286 1627 1322 dignita-

838 1338 889 1361 tem
904 1343 952 1361 suo
965 1334 1061 1362 amulo
1075 1334 1197 1369 gerentis,
1207 1334 1359 1360 concordem
1372 1333 1500 1368 planeque
1512 1333 1629 1368 ejusdem

837 1381 938 1416 generis
956 1387 1093 1407 cursuram
1115 1380 1201 1407 fuisse
1216 1380 1314 1412 tradat,
1331 1387 1414 1407 suave
1425 1379 1540 1407 omnino
1554 1387 1629 1407 som-

837 1427 913 1453 nium
927 1431 978 1454 est.
995 1425 1063 1460 Quis
1076 1426 1150 1453 enim
1164 1425 1258 1453 credat
1275 1430 1415 1452 auctorem
1432 1424 1627 1452 Stichometric

836 1471 947 1500 Grteeos
961 1471 1057 1499 Patres
1072 1471 1099 1498 in
1109 1471 1216 1506 judicio
1231 1471 1265 1499 de
1286 1470 1387 1498 Herma
1405 1470 1577 1504 deseruisse,
1597 1475 1627 1498 ut

836 1517 945 1545 Gelasio
965 1518 1150 1550 consentiret;
1174 1516 1388 1551 eorumdemque
1407 1515 1570 1545 sententiam
1594 1516 1629 1543 de

836 1563 940 1600 lgnatio
956 1565 1153 1599 postposuisse,
1166 1568 1196 1591 ut
1211 1562 1528 1597 Gelasiocontradieeret
1540 1562 1552 1588 ’ἶ
1566 1561 1629 1589 Vult

837 1610 910 1638 enim
926 1610 1100 1638 adversarius
1111 1609 1296 1645 Nicephorum
1312 1616 1392 1636 suum
1407 1607 1537 1643 epistolas
1550 1606 1629 1643 lgna-

839 1657 867 1684 tii
883 1661 1014 1693 tanquam
1025 1657 1102 1684 lictas
1115 1656 1186 1683 inter
1198 1655 1355 1691 apocrypha
1371 1662 1543 1688 numerasse,
1557 1662 1629 1689 quas

837 1702 962 1732 Gelasius
978 1703 1046 1737 ipse,
1065 1702 1169 1737 scripto
1193 1702 1273 1737 plane
1293 1702 1412 1737 genuino
1436 1700 1487 1735 ipsi
1514 1699 1628 1735 martyri

836 1750 973 1786 ascripsit,
990 1754 1021 1777 ut
1044 1756 1078 1777 ex
1096 1748 1260 1776 testimoniis
1274 1748 1377 1776 nostris
1395 1752 1479 1783 patet.
1492 1747 1551 1775 lmo
1565 1748 1628 1782 quis

836 1795 1020 1831 Nicephorum
1037 1795 1138 1823 Gclasii
1152 1795 1318 1822 sententiam
1333 1794 1360 1821 in
1377 1794 1486 1822 decreto
1501 1798 1626 1822 secutum

836 1850 899 1871 esse
914 1842 1070 1875 aﬂlrmabit,
1089 1842 1135 1877 qui
1149 1841 1216 1868 illud
1233 1841 1322 1876 ipsum
1336 1841 1476 1868 decretum
1491 1840 1598 1868 noverit
1611 1848 1627 1866 a

836 1890 945 1917 nemine
959 1895 1080 1923 unquam
1103 1888 1146 1915 vel
1167 1888 1239 1915 inter
1256 1886 1369 1918 Latinos
1394 1886 1480 1914 luisse
1502 1887 1627 1922 agnitum

835 1938 899 1961 ante
912 1933 1017 1969 aliquot
1040 1941 1129 1960 annos
1150 1937 1212 1968 post
1234 1931 1379 1967 Nicephori
1395 1933 1529 1960 mortem?
1544 1931 1626 1960 Nice-

835 1981 938 2015 phorus
965 1980 1124 2014 patriarcha
1147 1987 1162 2007 e
1190 1979 1260 2006 vivis
1273 1979 1391 2006 excessit
1417 1978 1491 2006 circa
1521 1986 1625 2006 annum

834 2026 936 2055 Christi
950 2026 1002 2054 828
1017 2034 1023 2053 :
1039 2026 1119 2061 primi
1132 2031 1234 2058 autem,
1247 2026 1355 2060 opinor,
1371 2025 1417 2060 qui
1433 2024 1533 2052 decreti
1546 2024 1626 2053 Gela-

834 2072 905 2100 siani
920 2072 1082 2100 meminisse
1094 2071 1347 2106 deprehenduntur,
1361 2074 1426 2098 sunt
1447 2070 1542 2106 Lupus
1557 2070 1626 2099 Fer~

834 2118 975 2152 rariensis,
989 2117 1152 2146 Hincmarus
1173 2122 1202 2145 et
1215 2117 1344 2145 Nicotaus
1355 2125 1424 2152 papa
1442 2117 1558 2152 primus,
1569 2125 1625 2145 crr-

834 2173 866 2193 ca
882 2165 953 2192 idem
972 2164 1083 2200 quidem
1106 2170 1214 2199 tempus
1234 2170 1348 2197 omnes;
1369 2163 1419 2191 sed
1431 2167 1459 2191 et
1478 2170 1511 2190 ex
1526 2163 1564 2195 iis
1577 2162 1624 2197 qui

833 2211 923 2246 primo
946 2211 1008 2238 loco
1029 2210 1132 2238 decreti
1154 2210 1319 2238 mentionem
1342 2208 1424 2243 fecit,
1438 2213 1501 2243 post
1520 2215 1623 2239 annum

40 2245 110 2296 ipsein
124 2249 182 2279 libro
194 2252 228 2280 De
241 2253 398 2288 paenitentia
414 2257 477 2281 ante
498 2252 639 2287 docuerat,
655 2253 780 2288 damnat,
798 2268 820 2296 ο
834 2245 887 2284 ὲω
912 2256 1034 2291 scripsit.
1062 2255 1164 2285 Mentio
1192 2255 1303 2291 quidem
1330 2254 1419 2289 hujus.
1443 2253 1569 2289 opusculi
1595 2253 1625 2282 in

40 2291 96 2320 3W"
108 2297 200 2330 quidem
214 2299 347 2335 loquitur.
363 2299 415 2327 Sed
430 2299 546 2327 cederem
557 2298 616 2332 tibi,
629 2301 653 2326 si
664 2300 780 2335 scriptu-

42 2346 62 2363 ra
71 2339 175 2378 Pastoris,
182 2354 235 2380 qui:
249 2347 308 2374 sola
327 2347 440 2373 mwchos
464 2350 552 2379 amat,
572 2346 661 2373 diuino
676 2345 783 2373 lustru-

42 2392 103 2413 mento
116 2392 231 2419 meruisset
245 2391 428 2419 incidi:sinon
435 2392 468 2419 ab
474 2392 545 2421 omni
560 2392 672 2420 concilio
688 2392 781 2423 Eccle-

42 2431 201 2468 timm,etiam
220 2443 379 2471 vestrarum,
400 2439 470 2467 inter
490 2438 641 2474 apocrypha
667 2443 691 2466 et
711 2438 782 2473 falsa

42 2476 302 2516 illdit‘orelurmdulteru
323 2489 349 2512 et
365 2485 433 2520 ipsa,
453 2489 478 2512 et
491 2484 552 2511 inde
566 2489 678 2519 patrona
697 2484 782 2511 socio-

43 2531 193 2563 "m.aqttoct
206 2531 273 2559 alias
290 2531 422 2558 initiaris.
444 2530 472 2558 In
488 2531 532 2558 his
544 2529 704 2558 Tertulliani
722 2539 781 2558 am-

43 2571 101 2602 Pullit
118 2574 163 2608 iam
182 2579 376 2605 catholicorum
405 2577 529 2604 omnium
551 2577 638 2605 hostis
662 2577 740 2608 facti,
755 2582 782 2604 et

43 2613 137 2647 Hrrmam
147 2629 187 2657 pro
198 2623 319 2652 doctrina
332 2623 467 2653 catholica
483 2623 650 2656 accusantis,
663 2623 782 2651 fortasse

45 2662 93 2706 nihil
102 2665 159 2694 aliud
168 2670 292 2698 contineri
311 2670 464 2706 putandum
480 2674 531 2703 est,
543 2677 626 2705 quam
642 2670 781 2700 Pastorem

45 2704 122 2738 “arma:
137 2720 182 2741 non
196 2715 276 2744 fuisse
293 2704 327 2744 es
345 2716 451 2752 judicio
469 2704 599 2745 Ecclesiae
613 2716 713 2744 librum
734 2724 781 2744 ca-

47 2755 147 2792 nonicum,
162 2761 202 2789 sed
226 2763 318 2798 potius
343 2763 413 2790 inter
424 2764 607 2798 apocryphos,
625 2763 652 2791 id
667 2768 709 2791 est
725 2771 779 2791 non

46 2803 153 2833 ’τείεοῐιίωε
175 2815 359 2843 numeratum;
383 2814 414 2836 ut
442 2808 576 2837 Eusebius
602 2810 631 2836 ἐν
658 2811 716 2842 τοῖς
737 2810 780 2836 vo-

49 2843 87 2891 9m;
103 2852 172 2883 posuit
184 2854 318 2883 Pastorem
331 2877 339 2889 ,
362 2863 445 2891 quem
472 2855 530 2890 ipse
546 2855 721 2883 utilissimum
749 2856 780 2883 li-

50 2889 104 2921 mm
115 2902 284 2937 Ponuntiavit,
299 2907 326 2931 et
341 2889 473 2931 Barnabas
485 2889 649 2939 Epistulam,
661 2907 687 2931 et
698 2901 778 2932 Joan-

837 2302 966 2333 Chronico
978 2300 1129 2330 Centulensi
1149 2308 1166 2329 ι
1178 2301 1310 2330 Dacherio
1322 2301 1406 2335 edito,
1415 2300 1463 2329 ubi
1473 2301 1545 2328 inter
1555 2300 1623 2328 alios

832 2348 1005 2376 bibliothecae
1028 2348 1102 2377 illius
1127 2347 1245 2376 ahbatiaa
1268 2348 1354 2375 libros
1383 2347 1506 2383 legitur:
1524 2346 1623 2374 Gelasii

832 2402 907 2429 papa
922 2393 955 2421 de
968 2393 1043 2421 libris
1059 2394 1212 2428 recipiendis
1221 2398 1246 2420 et
1259 2402 1309 2421 non
1325 2392 1492 2428 recipiendis,
1509 2392 1557 2420 lib.
1579 2399 1621 2425 tu.

833 2448 858 2468 c.
875 2440 901 2468 5.
918 2440 971 2468 Iste
986 2444 1078 2468 autem
1100 2439 1244 2474 catalogus
1273 2439 1416 2467 confectus
1439 2446 1500 2466 esse
1521 2438 1622 2466 dicitur

833 2493 905 2512 anno
918 2485 981 2517 851,
999 2485 1119 2512 triennio
1133 2489 1278 2520 postquam
1292 2483 1464 2518 Nicephorus
1475 2482 1623 2511 defunctus

832 2536 883 2559 est.
908 2530 947 2559 Ne
979 2538 1069 2559 autem
1094 2531 1210 2558 duorum
1235 2530 1455 2566 patriarcharum
1483 2536 1622 2557 causensu

832 2577 947 2604 nimium
969 2577 1020 2604 viri
1044 2576 1196 2604 doctissimi
1209 2577 1357 2611 triumphet
1377 2576 1475 2609 oratio,
1488 2576 1621 2610 quemad-

833 2623 944 2650 modum
959 2624 1007 2650 uni
1023 2623 1149 2658 superius
1162 2623 1268 2650 larvam
1283 2621 1463 2656 detraximus,
1481 2622 1520 2650 ita
1538 2626 1566 2650 et
1580 2621 1620 2649 al-

832 2669 882 2696 teri
897 2668 952 2704 iam
965 2668 1155 2697 detrahamus.

867 2714 1011 2743 Decretum
1029 2715 1138 2750 quidem
1151 2719 1240 2743 exstat
1252 2715 1285 2743 de
1299 2714 1374 2742 libris
1391 2715 1526 2743 canonicis
1540 2713 1620 2742 θεοισν

832 2762 950 2790 siasticis
968 2766 992 2789 et
1009 2762 1167 2798 apocryphis
1180 2783 1188 2796 ,
1206 2762 1279 2797 quod
1300 2769 1400 2798 magna
1422 2761 1544 2790 virorum
1565 2761 1619 2788 hu-

829 2810 875 2845 jus
889 2810 939 2837 aevi
962 2809 1107 2837 doctorum
1127 2809 1330 2845 conspiratione
1350 2809 1458 2837 Gelasio
1473 2807 1617 2843 lpontiﬁci

834 2857 956 2883 Romano
972 2855 1111 2883 tribuitur.
1127 2855 1179 2882 Sed
1195 2862 1263 2883 mss.
1279 2854 1388 2883 codices
1403 2854 1550 2882 multorum
1567 2861 1617 2882 sa-

832 2903 955 2930 culorum
972 2902 998 2930 in
1019 2901 1184 2937 assignando
1207 2906 1318 2930 auctore
1337 2899 1485 2936 plurimum
1499 2898 1616 2928 variant.
