1874 3070
240 150 293 177 115

763 144 792 172 S.
816 143 933 172 lGNATI
939 143 1045 172 US‘.’—
1059 143 1326 172 PROLEGOMENA.

1825 124 1856 150 Η

242 209 450 238 Vetustissimos
461 207 546 236 codex
561 207 728 235 collectionis
747 207 930 242 Dionysianaz,
944 214 1025 241 quem
1042 210 1065 236 Α
1079 206 1212 232 codicibus
1227 214 1291 232 mss.
1311 205 1400 232 omnia
1411 205 1628 232 illustrabuntur.
1652 205 1741 240 Atque
1754 205 1796 232 ita
1811 210 1856 233 tan

241 255 374 285 beneﬁcio
401 255 525 282 Dacherii
550 254 616 281 vidit
641 253 788 286 Baluzius,
812 254 950 281 decretum
971 253 1024 280 hoc

242 302 358 329 Damaso
367 308 444 335 papa
459 301 581 331 ascribit.
594 305 621 327 et
632 300 766 327 Baronius
785 301 817 326 ad
832 307 934 326 annum
948 298 1026 326 Chri-

241 348 277 375 sti
290 347 335 379 69.
347 355 381 374 ex
395 346 510 374 concilio
528 346 651 372 Romano
665 346 717 373 sub
732 345 940 380 Damaso,quod
957 353 1026 372 con-

241 395 310 422 tinet
321 393 504 420 Cresconiana
529 392 653 420 collectio
666 413 674 425 ,
691 397 794 427 partem
820 391 903 425 hujus
926 390 1026 418 decreti

241 441 319 468 citat.
335 439 375 467 Ex
388 447 442 474 qua
453 439 542 466 obiter
555 439 671 466 observo
686 438 768 465 verba
787 438 831 464 illa
847 446 855 463 :
870 437 968 464 Sancta
988 442 1027 463 ta-

241 494 300 513 men
314 485 432 512 Romana
447 484 565 511 Ecclesia
581 485 715 511 nonnullis
730 483 862 518 synodicis
877 483 1027 509 constitutis

241 531 345 558 ueteris
360 530 485 558 Ecclesiis
499 530 611 562 praelata
621 536 671 563 est,
689 530 734 556 sed
758 534 783 556 et
807 529 954 563 evangelica
969 536 1028 554 voce

241 575 277 603 D.
299 575 446 603 Saluatoris
462 576 544 602 nostri
559 576 703 610 primatum
717 575 846 607 obtinuit,
859 574 910 601 levi
940 578 1029 600 muta-

241 622 315 650 tione
327 643 335 656 ,
349 622 397 649 sed
419 622 493 656 gravi
509 629 602 648 errore
622 621 649 647 in
674 620 732 648 haec
753 620 810 654 jam
824 627 885 647 esse
904 624 1027 646 mutata:

242 668 342 695 Sancta
359 672 445 694 tamen
459 667 579 694 Romana
595 665 716 693 Ecclesia
739 665 820 692 nullis
840 667 948 700 synodi:
968 674 1030 692 con-

241 714 342 742 stitutis
364 714 465 740 caneris
481 712 607 740 Ecclesiis
628 711 741 747 pralata
753 718 801 742 est.
821 713 867 738 sed
881 712 1030 747 evangelica

242 769 304 787 voce
315 760 424 787 Domini
433 764 457 786 et
472 759 621 787 Saluatoris
638 759 724 785 nostri
737 759 883 793 primulum
906 758 1030 784 obtinuit.

242 806 333 835 Codex
349 806 477 834 Ecclesiae
488 805 666 840 Urgellensis,
680 810 749 833 teste
761 804 886 838 Baluzio,
901 809 928 832 et
937 805 1032 832 Juren-

244 853 283 880 sis
296 858 480 888 pervetustus,
496 857 563 880 teste
578 851 714 884 Chiﬁetio.
729 851 800 880 idem
824 851 947 878 tribuunt
961 850 1031 878 Hor-

245 899 351 926 misdaa.
377 899 431 926 Alii
450 898 589 926 Gelasium
613 903 752 925 auctorem
775 902 938 932 agnoscunt,
955 902 984 923 ut
1006 902 1032 924 et

243 950 358 978 uoster,
387 945 434 979 qui
457 946 485 971 iu
511 944 675 972 bibliotheca
692 943 798 979 collegii
824 942 875 969 SS.
891 941 1034 969 Trinitatis

243 990 425 1026 Cantabrigi-aa
439 995 607 1022 asservatur,
624 997 707 1024 quem
722 989 788 1016 olim
804 988 972 1023 Lanfrancus
989 997 1034 1014 ar—

244 1038 423 1072 chiepiscopus
449 1037 658 1064 Cantuariensis
682 1035 715 1063 de
739 1035 862 1062 Beccensi
876 1035 990 1062 camabio
1006 1035 1033 1061 in

244 1083 384 1119 Anglicum
401 1088 498 1110 terram
509 1082 607 1116 deferri
621 1082 694 1116 fecit,
707 1086 737 1108 ut
754 1081 811 1115 ipse
825 1081 955 1116 loquitur.
969 1080 1033 1107 lude

243 1130 378 1165 colligunt
404 1129 455 1156 viri
482 1128 554 1156 docti
581 1128 672 1163 primo
696 1127 847 1160 Gelasium,
877 1127 939 1154 dein
968 1134 1033 1154 vero

243 1176 419 1208 Hounisdam
438 1175 509 1202 idem
522 1174 660 1202 decretum
677 1173 806 1201 edidisse.
823 1173 863 1200 Ad
885 1172 1032 1201 Damasum

244 1223 318 1250 enim
334 1221 429 1250 referri
441 1221 516 1248 nullo
533 1221 614 1248 modo
637 1224 734 1255 potest.
750 1219 881 1253 Quamvis
906 1219 1033 1246 Baluzius

245 1267 392 1295 Damasum
416 1268 530 1301 primum
544 1267 576 1293 de
603 1266 756 1300 bujusmodi
776 1265 851 1292 libris
865 1266 966 1299 publice
982 1274 1034 1291 sta-

247 1314 328 1341 !uisse
342 1321 353 1341 :
371 1313 431 1340 dein
445 1321 504 1339 vero
519 1310 653 1339 Gelasium
670 1311 782 1339 Damasi
804 1311 936 1339 decretum
956 1320 1033 1338 reuo-

245 1367 331 1393 oasse,
344 1359 463 1394 illudque
488 1359 595 1386 auxisse
612 1367 702 1386 eorum
727 1363 864 1386 auctorum
884 1358 1033 1385 nominibus

245 1406 291 1442 qui
305 1411 363 1440 post
376 1406 522 1432 Damasum
542 1405 645 1438 risere,
667 1410 690 1432 et
702 1406 771 1432 idem
783 1412 883 1439 quoque
906 1404 937 1430 de
962 1403 1033 1430 Hor-

245 1451 333 1478 misda
344 1451 398 1478 dici
413 1460 499 1486 posse,
511 1456 594 1486 atque
608 1451 666 1478 haec
685 1451 777 1477 omnia
794 1458 826 1477 ex
848 1449 934 1479 titulis
950 1449 1034 1476 libro-

245 1504 306 1532 rum
321 1505 386 1524 mss.
407 1497 469 1524 elici
484 1503 565 1531 posse
583 1496 746 1523 hariolatur.
771 1495 839 1523 Cum
868 1499 958 1522 autem
981 1494 1034 1521 tale

245 1541 387 1577 quidpiam
400 1550 488 1577 neque
500 1542 533 1569 de
551 1541 679 1574 Damaso,
693 1549 780 1576 neque
799 1540 833 1567 de
851 1539 970 1572 Gelasio,
983 1547 1031 1567 ne~
1047 1555 1070 1585 ο

245 1597 299 1623 que
314 1589 348 1617 de
371 1588 515 1617 Hormisda
537 1593 616 1615 vetus
642 1587 770 1614 Ecclesiae
788 1587 902 1614 historia
924 1587 1032 1619 doceat,

246 1635 312 1663 illud
329 1636 420 1670 potius
432 1643 466 1663 ex
479 1643 546 1662 mss.
561 1634 724 1661 eliciendum
736 1638 812 1668 puto,
828 1633 960 1660 incertum
975 1632 1034 1668 pla-

248 1689 283 1708 ne
296 1679 382 1708 fuisse
397 1688 412 1707 a
433 1688 488 1715 quo
505 1680 633 1714 pontiﬁce
644 1699 652 1712 ,
668 1678 725 1706 imo
744 1686 759 1706 a
775 1686 830 1713 quo
852 1683 964 1705 auctore
982 1678 1035 1705 hoc

247 1727 387 1754 decretum
409 1726 550 1753 conditum
565 1725 610 1753 sit.

286 1771 379 1799 Refert
393 1772 502 1806 quidem
515 1771 664 1799 Gratianus
679 1769 817 1798 decretum
828 1770 880 1796 hoc
902 1769 1034 1804 scriptum

249 1818 336 1845 fuisse
355 1825 370 1844 a
387 1817 495 1845 Gelasio
517 1817 544 1844 in
563 1817 681 1845 concilio
700 1825 753 1844 Lxx
778 1817 981 1851 episcoporum,
1007 1820 1036 1842 ut

249 1871 325 1892 nunc
353 1863 500 1891 Gratianus
534 1863 626 1891 editur
653 1872 660 1890 :
685 1871 749 1890 nam
781 1862 809 1889 in
840 1862 1035 1889 vetustissimis

249 1917 321 1937 mss.
335 1909 382 1937 illa
397 1910 430 1937 de
446 1909 564 1937 concilio
577 1909 776 1938 desiderantur.
795 1908 847 1935 Sed
871 1916 923 1936 ms.
942 1912 1036 1935 uoster

251 1955 383 1983 Gratiano
398 1960 426 1983 et
442 1955 522 1984 lvone
535 1956 685 1991 antiquior,
699 1955 773 1982 hunc
785 1954 893 1982 titulum
910 1953 1034 1988 praal'ert:

251 2002 364 2030 Decreta
377 2002 476 2030 Gelasii
487 2011 562 2037 papa
577 2002 609 2029 de
626 2001 778 2037 recipiendis
789 2007 814 2029 et
825 2009 875 2028 non
884 2001 1036 2036 recipiendis

252 2048 340 2076 libris.
359 2048 425 2082 Qute
440 2049 539 2084 scripta
561 2053 622 2076 sunt
642 2048 674 2075 ab
694 2056 724 2075 eo
742 2056 802 2074 cum
825 2055 877 2075 Lxx
894 2047 1038 2074 eruditissi-

253 2096 305 2122 mis
319 2095 458 2130 episcopis.
472 2093 639 2130 Videturque
648 2094 691 2122 hic
701 2094 796 2122 titulus
807 2093 892 2121 fuisse
905 2093 1038 2127 antiquis-

257 2141 357 2174 simus,
373 2145 431 2168 tum
447 2140 520 2175 quod
531 2141 602 2175 apud
622 2139 811 2167 Burchardum
825 2139 861 2166 ita
873 2138 1037 2173 concipitur,

253 2194 311 2216 tum
324 2187 397 2223 quod
414 2187 531 2214 maxime
552 2187 607 2215 illis
621 2187 750 2215 convenit
761 2194 823 2221 qua:
837 2186 908 2221 apud
933 2185 1038 2220 Lupum

254 2233 470 2264 Ferrariensem,
484 2233 563 2267 epist.
579 2233 641 2266 128,
660 2233 776 2268 legimus
789 2242 796 2260 :
808 2232 942 2266 Quoniam
965 2231 1040 2259 docet

254 2278 374 2306 Gelasius
409 2286 469 2305 cum
493 2286 547 2306 Lxx
573 2279 716 2313 episcopis,
744 2279 807 2305 viris
834 2278 1038 2310 eruditissimis,

254 2326 301 2361 qui
312 2326 452 2360 scriptores
470 2328 555 2351 essent
573 2324 611 2350 vel
623 2332 674 2351 non
685 2329 768 2351 essent
782 2324 931 2358 recipiendi.
949 2324 1040 2358 Aliqui

255 2376 346 2399 autem
362 2379 429 2399 mss.
444 2369 554 2397 codices
569 2369 730 2397 addiderunt
748 2369 865 2397 concilio
878 2369 943 2396 huic
958 2370 1040 2396 etiam

255 2424 323 2445 suos
337 2416 482 2449 consules,
506 2415 729 2450 cclcbratumque
752 2415 921 2442 tradiderunt
937 2415 1041 2442 Asteria

255 2461 427 2489 u'Prtesidio
438 2469 506 2488 coss.
523 2460 588 2487 lude
604 2458 738 2487 Batonius
758 2461 785 2487 in
798 2460 945 2487 Annalibus
958 2459 1042 2487 refert

254 2513 449 2543 congregatum
477 2506 572 2534 Romae
598 2505 744 2533 conicilium
773 2513 826 2533 tu
851 2506 1040 2541 episcoporum

255 2553 479 2582 tertioGelasiani
491 2553 666 2588 pontiﬁcatus
679 2559 762 2586 anno,
774 2551 880 2580 Domini
896 2559 959 2579 vero
970 2552 1039 2586 495;

255 2609 318 2628 cum
336 2605 426 2628 tamen
439 2599 542 2627 nullum
552 2599 612 2633 ejus
627 2599 654 2626 in
668 2597 787 2626 Historia
798 2599 982 2626 ecclesiastica
995 2607 1042 2626 cx-

255 2651 310 2674 stet
324 2651 530 2674 monumentum
553 2651 600 2673 aut
618 2646 773 2681 vestigium.
796 2644 942 2672 Baronium
966 2653 1042 2674 secu-

231 2692 234 2695 ’
257 2698 301 2720 Ius
314 2696 356 2720 est
367 2692 396 2719 in
409 2691 529 2719 editione
542 2691 723 2720 conciliorum
739 2691 845 2724 Binius,
860 2696 887 2718 et
899 2691 1041 2726 Philippus

257 2737 394 2770 Labbeus,
409 2737 437 2765 in
450 2737 569 2766 Historia
582 2738 705 2766 omnium
717 2738 901 2766 Conciliorum
917 2739 1040 2773 synopsi.

258 2784 494 2817 “hilominus!
523 2793 532 2812 ι
555 2785 697 2812 concilium
725 2785 773 2812 sub
805 2785 926 2817 Gelasio,
950 2793 1000 2819 quo
1025 2793 1042 2811 ιι

259 2839 315 2859 Lxx
333 2831 460 2866 episcopis
476 2831 538 2858 libri
555 2831 625 2858 sacri
639 2836 663 2858 et
678 2831 824 2858 authentici
836 2830 869 2857 ab
885 2830 1042 2865 apocryphis

261 2881 322 2906 sunt
335 2877 454 2913 discreti,
470 2877 572 2905 Asteria
591 2883 667 2913 atque
679 2876 809 2904 Prtt'sidiu
824 2877 983 2904 consulibus.
1002 2875 1042 2905 Es:

1078 253 1140 279 dem
1156 252 1289 279 habemus
1314 251 1462 279 concilium
1486 251 1538 279 sub
1559 251 1669 279 Gelasio
1695 251 1831 286 primum,
1849 260 1856 280 ε

1076 306 1126 333 pro
1139 298 1214 325 Actis
1224 298 1332 325 concilii
1346 298 1397 325 hoc
1408 299 1556 325 decretum.

1115 343 1167 371 Sed
1183 351 1216 371 eo
1241 351 1325 377 anno,
1340 349 1387 370 aut
1413 344 1465 371 sub
1485 344 1539 371 illis
1551 344 1713 372 consulibus
1728 345 1856 372 conditui

1079 390 1163 417 fuisse
1179 391 1232 418 hoc
1253 390 1392 417 decretum
1418 390 1498 424 plane
1523 390 1684 417 incredibile
1699 395 1754 418 est.
1783 389 1856 424 Nequ

1078 436 1151 463 enim
1164 435 1211 463 diu
1223 441 1283 470 post
1297 435 1492 463 CollectiOnem
1509 436 1686 463 decretorum
1709 436 1856 470 pontiﬁcut

1079 483 1187 518 collegit
1201 488 1228 510 et
1244 483 1329 510 edidit
1346 482 1493 518 Dionysius
1507 482 1648 517 Exiguus,
1658 487 1686 510 et
1698 482 1816 510 decreta
1831 482 1856 509 Gl

1078 529 1139 555 Iasii
1154 536 1228 563 papa.-
1242 528 1321 556 nobis
1337 528 1456 561 exhibet,
1472 529 1541 555 inter
1550 537 1612 563 quae
1625 529 1691 555 illud
1704 528 1740 555 de
1752 535 1812 563 quo
1824 528 1856 555 dit

1080 580 1202 610 putatur,
1215 576 1327 602 minime
1341 580 1490 610 comparet.
1512 576 1559 602 illa
1577 580 1666 602 tamen
1688 576 1808 602 decreta
1822 582 1856 602 ω(

1081 627 1125 649 net
1137 621 1282 658 Dionysius
1295 623 1347 650 sub
1360 623 1457 650 iisdem
1470 622 1630 650 consulibus
1641 622 1757 650 condita
1782 621 1856 649 fuisst

1081 668 1143 695 Haec
1159 669 1230 695 enim
1250 669 1283 695 ad
1301 676 1396 696 eorum
1420 668 1592 696 decretorum
1619 668 1702 696 linem
1727 669 1850 703 legimus

1082 715 1181 741 Datum
1195 723 1213 740 ν
1233 714 1299 741 ldus
1316 714 1486 747 Martiarum,
1501 715 1605 741 Asteria
1620 720 1644 741 et
1657 714 1798 741 Prtesidio
1820 711 1856 739 Vl

1083 760 1137 788 CC.
1154 769 1220 788 coss.
1233 760 1421 796 Quisquamne
1429 767 1518 788 autem
1533 761 1625 789 credet
1641 761 1822 797 Dionysium,
1835 768 1856 788 n4

1083 807 1165 834 minis
1179 807 1317 834 Gelasiani
1346 807 1414 835 adeo
1435 807 1599 840 studiosum,
1613 807 1684 834 inter
1704 807 1821 834 decreta
1845 805 1856 833 il

1083 853 1243 879 consulibus
1254 853 1336 884 edita,
1346 853 1398 880 hoc
1411 858 1467 880 tam
1478 853 1584 880 celebre
1597 853 1729 880 omittere
1743 853 1856 880 voluisst

1083 905 1137 932 quo
1161 897 1286 925 Gclasius
1299 897 1454 933 depingitur
1465 918 1473 930 ,
1489 898 1655 932 distinguens
1684 905 1856 932 separansqut

1081 943 1158 978 quasi
1170 951 1199 970 os
1222 942 1339 974 Domini,
1360 943 1487 970 mundum
1511 942 1543 969 ab
1567 943 1722 976 immundo,
1747 947 1774 970 et
1796 950 1856 969 sese:

1083 998 1146 1016 nens
1161 991 1306 1023 pretiosum
1321 998 1336 1016 a
1356 989 1412 1021 vili,
1430 994 1459 1016 ut
1482 989 1602 1024 loquitur
1617 989 1758 1016 Baronius
1773 990 1787 1015 Ὺ
1809 988 1856 1016 Pra

1083 1040 1155 1062 terea
1168 1043 1211 1062 res
1226 1035 1284 1069 ipsa
1299 1035 1421 1062 clamitat
1441 1043 1503 1062 cum
1521 1035 1630 1061 titulum
1653 1042 1688 1062 ex
1712 1035 1856 1062 collection

1083 1081 1205 1116 Dionysii
1224 1081 1310 1108 fuisse
1329 1081 1393 1108 huic
1404 1081 1515 1108 decreto
1530 1080 1601 1108 falso
1623 1080 1784 1116 praeﬁxum.
1802 1080 1830 1107 In
1844 1088 1856 1108 ε

1082 1127 1156 1154 enim
1180 1127 1317 1162 legimus:
1335 1126 1403 1154 Item
1425 1127 1580 1154 uenerabilis
1603 1127 1656 1154 viri
1677 1126 1788 1154 Sedulii
1821 1125 1856 1154 Pa

1074 1172 1162 1201 scitule
1172 1181 1248 1207 opus,
1266 1174 1336 1208 quod
1350 1173 1461 1201 heroicis
1476 1173 1614 1207 descripsit
1629 1172 1762 1204 versibus.
1781 1173 1856 1207 insigi

1082 1220 1161 1246 laude
1175 1219 1351 1254 pneferimus.
1371 1219 1477 1252 Quibus
1494 1219 1584 1247 verbis
1599 1224 1697 1246 auctor
1715 1219 1823 1246 decreti
1839 1227 1856 1246 Cl

1083 1264 1157 1291 lebre
1180 1268 1208 1291 et
1225 1264 1397 1291 notissimum
1422 1271 1518 1298 poema
1531 1285 1538 1296 ,
1558 1269 1688 1298 tanquam
1707 1263 1856 1291 catholicul

1083 1310 1142 1337 suis
1157 1309 1288 1337 Romanis
1299 1310 1491 1337 commendare
1504 1310 1598 1337 voluit.
1611 1310 1647 1336 At
1657 1318 1732 1344 opus
1744 1309 1856 1344 Paschal

1085 1355 1190 1382 Sedulii
1205 1355 1239 1383 iis
1253 1355 1414 1382 consulibus
1428 1360 1522 1382 notum
1535 1363 1588 1382 non
1605 1355 1654 1382 l‘uit
1667 1364 1674 1386 ;
1690 1363 1756 1383 nam
1769 1354 1856 1382 Asteri

1083 1401 1194 1428 demum
1216 1401 1365 1429 exconsule
1388 1401 1557 1437 divulgatum
1582 1406 1634 1429 est.
1657 1400 1741 1429 Unde
1776 1402 1856 1428 factm

1083 1454 1126 1475 est
1139 1453 1168 1477 ut
1178 1447 1337 1476 Gennadius
1352 1447 1455 1475 Sedulii
1471 1455 1525 1475 non
1539 1447 1696 1475 meminerit
1711 1455 1719 1473 :
1736 1447 1811 1482 quod
1829 1451 1856 1473 ml

1085 1499 1180 1521 rantur
1195 1494 1234 1520 illi
1252 1495 1297 1528 qui
1309 1495 1389 1520 linem
1404 1493 1475 1520 libro
1499 1492 1538 1520 De
1552 1493 1728 1527 scriptoribus
1753 1493 1856 1519 ecclesia

1085 1540 1158 1567 sticis
1173 1540 1270 1567 eodem
1293 1547 1366 1566 anno
1389 1539 1548 1574 impositum
1563 1546 1578 1565 a
1592 1538 1738 1566 Gennadio
1764 1545 1818 1565 non
1833 1537 1856 1565 ol

1085 1590 1204 1612 servant.
1222 1584 1369 1611 Adnotatio
1383 1584 1440 1616 illa,
1455 1591 1516 1618 quae
1532 1584 1559 1611 in
1582 1583 1666 1610 veteri
1683 1583 1749 1610 Aldi
1764 1582 1856 1609 Manut

1083 1631 1202 1658 editione
1213 1629 1340 1657 Paschali
1355 1629 1471 1657 carmini
1488 1629 1593 1657 adnexa
1611 1633 1664 1660 est.
1676 1629 1732 1656 hoc
1753 1629 1820 1656 satis
1834 1629 1856 1655 in

1084 1677 1176 1704 dicat:
1195 1675 1253 1704 Hoc
1262 1676 1418 1710 opusculum
1444 1684 1497 1702 non
1527 1684 1543 1702 α
1558 1675 1667 1703 Sedulio
1693 1680 1804 1702 auctore
1824 1675 1854 1701 ed

1085 1728 1140 1750 tum
1153 1728 1202 1754 est,
1219 1723 1263 1749 sed
1278 1731 1294 1749 a
1312 1721 1409 1749 Turcio
1428 1722 1498 1757 Rufo
1519 1722 1624 1749 Asteria
1641 1721 1673 1748 V.
1687 1722 1721 1749 C.
1738 1726 1856 1748 acmiqu

1085 1769 1220 1796 ordinario
1233 1774 1312 1804 atque
1329 1768 1453 1803 patricio,
1469 1768 1514 1803 qui
1529 1768 1557 1794 id
1570 1768 1640 1795 inter
1654 1769 1760 1802 scripta
1776 1766 1856 1794 Sedul

1084 1817 1194 1844 invertit.
1212 1816 1339 1851 Idemque
1354 1815 1498 1842 conﬁrmat
1521 1815 1608 1849 ipsius
1618 1814 1722 1842 Asterii
1743 1820 1856 1841 exconsu

1085 1864 1120 1891 lis
1137 1863 1170 1890 ad
1181 1862 1370 1891 Maccdonium
1384 1862 1564 1896 epigramma,
1576 1860 1664 1887 eidem
1677 1860 1759 1895 operi
1770 1860 1798 1887 in
1810 1861 1856 1886 duo

1085 1909 1138 1937 bus
1151 1908 1268 1936 vetustis
1291 1915 1358 1935 mss.
1371 1908 1488 1934 testibus
1502 1907 1655 1935 Sirmundo
1667 1911 1757 1941 atque
1769 1905 1856 1935 Usscri

1086 1956 1159 1991 pra-li
1164 1962 1227 1982 xum
1232 1975 1239 1981 .

1123 2000 1215 2034 Sume,
1230 2009 1303 2029 sacer
1317 2000 1428 2032 meritis,
1445 1999 1548 2026 veracia
1562 1998 1633 2026 dicta
1647 2003 1737 2033 poeta
1747 2019 1758 2032 ,

1159 2046 1225 2080 Qua
1241 2047 1298 2074 sine
1312 2047 1431 2082 ﬁgmenti
1445 2046 1553 2073 condita
1565 2050 1627 2072 sunt
1637 2045 1703 2072 vitio
1712 2053 1724 2077 ,'

1124 2093 1182 2126 Quo
1198 2099 1268 2120 caret
1283 2093 1354 2120 alma
1366 2093 1442 2127 fides,
1460 2100 1510 2127 quo
1530 2092 1614 2119 sancti
1631 2091 1722 2126 gratia
1738 2090 1856 2123 Christi.

1160 2138 1212 2166 Per
1227 2147 1306 2173 quam
1318 2138 1408 2173 justus
1427 2138 1466 2165 ait
1479 2137 1544 2164 talia
1561 2136 1697 2164 Sedulius.

1125 2185 1274 2220 Asteriique
1290 2185 1328 2211 tui
1340 2192 1440 2218 semper
1453 2184 1601 2210 meminisse
1611 2183 1716 2217 jubeto,

1163 2229 1245 2264 Cujus
1264 2238 1311 2264 ope
1321 2234 1345 2256 et
1368 2237 1434 2256 rura
1447 2229 1518 2256 edita
1535 2233 1599 2255 sunt
1611 2228 1730 2262 populis.

1127 2275 1211 2308 Quem
1225 2275 1345 2310 quamvis
1360 2275 1455 2300 summi
1472 2274 1599 2300 celebrent
1613 2281 1660 2308 per
1672 2274 1782 2300 saecula
1802 2274 1856 2308 fast]

1161 2321 1227 2348 Plus
1240 2326 1327 2348 tamen
1340 2320 1374 2346 ad
1387 2320 1510 2346 meritum
1521 2325 1571 2352 est,
1591 2320 1615 2346 si
1627 2319 1696 2354 viget
1709 2327 1758 2346 ore
1776 2325 1831 2346 tuo.

1125 2367 1194 2394 Cum
1209 2367 1290 2401 igitur
1309 2365 1433 2393 Asterius
1457 2365 1554 2392 consul
1568 2358 1683 2397 l'uissei,
1700 2372 1771 2392 cum
1786 2371 1856 2392 nomt

1091 2412 1152 2446 ejus
1167 2412 1195 2438 in
1212 2411 1302 2439 Fastis
1313 2416 1404 2443 esset,
1421 2415 1486 2438 tunc
1502 2410 1619 2444 primum
1638 2409 1727 2436 edidit
1752 2409 1856 2437 Pascha

1092 2466 1161 2492 opus
1168 2457 1287 2490 Sedulii;
1297 2465 1350 2484 non
1362 2457 1450 2491 potuit
1457 2457 1538 2492 igitur
1546 2464 1561 2483 a
1569 2456 1680 2484 Gelasio
1692 2464 1775 2484 anno
1786 2456 1856 2487 Cltris

1091 2503 1154 2535 494,
1170 2503 1278 2530 Asterio
1294 2507 1322 2530 ct
1332 2502 1463 2530 Praesidio
1478 2510 1550 2530 coss.
1568 2507 1714 2537 tantopere
1732 2504 1856 2531 celebrar

1093 2548 1166 2576 Vidit
1180 2551 1236 2576 hac
1243 2549 1420 2576 acutissimus
1433 2548 1571 2580 lisserius,
1584 2553 1611 2576 et
1625 2548 1739 2576 Binium
1753 2549 1856 2584 perstril

1092 2605 1158 2631 gens
1184 2597 1258 2631 quod
1283 2595 1434 2623 Romanam
1457 2603 1510 2626 us
1531 2596 1728 2630 episcoporum
1750 2598 1854 2633 synodo

1092 2643 1126 2670 ad
1150 2651 1212 2670 eum
1238 2650 1340 2670 annum
1356 2643 1460 2677 absque
1481 2642 1537 2669 ullo
1551 2646 1674 2668 veterum
1692 2643 1739 2669 vel
1761 2644 1853 2671 codicu

1092 2689 1134 2716 \el
1161 2693 1304 2716 auctorum
1321 2689 1478 2716 testimonio
1505 2688 1663 2722 retulisss't,
1681 2688 1747 2723 ipse
1764 2691 1798 2718 ad
1813 2691 1856 2717 lllt‘J

1093 2737 1168 2764 nium
1186 2736 1360 2771 pontiﬁcatus
1372 2735 1509 2763 Gelasiani
1522 2735 1612 2762 adhuc
1626 2736 1774 2771 reliquum
1792 2737 1856 2764 conf:

1093 2783 1141 2816 git.
1155 2781 1231 2815 Cum,
1249 2782 1346 2816 inquit,
1361 2786 1418 2816 post
1431 2781 1563 2808 biennium
1574 2789 1588 2807 e
1599 2781 1655 2807 cita
1670 2784 1856 2817 excesseritpo

1095 2828 1160 2862 tifex
1174 2827 1305 2859 Gelusius,
1331 2828 1403 2853 intra
1422 2827 1490 2853 illud
1505 2827 1630 2861 temporis
1652 2829 1779 2862 spatium
1794 2835 1856 2864 prum

1095 2875 1157 2902 dum
1174 2878 1211 2901 est
1229 2879 1252 2900 et
1273 2873 1375 2901 Sedulii
1390 2881 1471 2908 nuper
1488 2873 1605 2908 defuncti
1621 2873 1762 2903 Pascbnle
1785 2883 1856 2903 (unm

1049 883 1068 909 Β

1055 2227 1080 2257 D
