1874 3070
39 118 82 143 ll?

447 123 470 150 J.
491 123 669 152 PEARSONH
688 123 846 153 VlNDlCle
866 123 1076 152 IGNATIANJE.
1095 139 1129 145 --
1147 123 1237 152 PARS
1257 124 1277 151 l.

1629 126 1680 154 “8

34 183 63 203 ct-
76 181 193 208 Asteria
216 183 390 210 recensitum
400 189 475 219 atque
486 184 638 212 Macedonio
653 185 737 213 adhuc
753 193 844 220 super-
859 192 882 222 Α
896 185 973 212 cibus
984 185 1145 224 simpliciter
1163 185 1267 220 legatur
1281 194 1287 212 :
1303 184 1366 211 Post
1378 185 1544 220 propheticus
1560 190 1585 212 et
1603 194 1682 213 evan-

31 226 92 252 stiti
109 227 208 254 denuo
220 228 367 261 oblatum,
385 235 412 257 et
430 229 575 258 Romanam
594 231 660 258 illud
675 240 727 259 ιιι
741 232 841 266 episco-

30 280 132 302 porum
151 273 204 301 sub
224 273 338 302 Gelasio
347 276 469 303 habitum
480 277 560 311 fuisse
569 277 721 309 concilium,
733 278 778 313 qui
793 286 843 305 nu-

27 320 153 349 perrime
179 320 327 356 divulgato
357 323 431 356 operi
445 322 601 357 prazclarum
621 323 749 350 dederunt
770 324 842 351 testi-

29 366 172 393 monium.
192 366 229 394 Et
246 372 322 395 certe
339 368 377 395 ita
388 368 534 402 putandum
545 373 630 403 esset,
647 369 669 396 si
689 374 764 397 certo
776 377 842 397 con-

29 415 125 438 staret
149 419 166 438 a
184 411 303 439 Gelasio
319 417 348 439 et
365 413 470 448 synodo
487 414 547 449 ejus
563 414 616 441 hoc
633 415 769 442 decretum
782 414 836 442 edi-

30 461 94 482 tum
118 456 236 491 fuisse;
261 462 292 485 at
317 458 371 486 hoc
396 467 451 486 non
470 460 556 495 magis
580 461 737 495 posteriori,
759 469 840 496 quam

29 502 126 538 priori
154 503 275 531 biennio
291 506 439 539 competit;
456 514 518 532 nam
537 513 611 539 ecce,
627 515 699 534 anno
717 507 841 542 proximo

30 550 97 576 sive
118 550 211 584 hujus
223 550 330 578 biennii
347 551 436 585 primo
446 573 454 584 ,
467 552 518 580 sub
532 551 644 580 Viatore
664 553 775 580 consule
788 553 840 581 alia

28 595 166 629 synodus
185 603 203 622 ιι
220 595 331 623 Gelasio
348 596 443 624 Romae
463 602 626 633 congregata
641 603 683 626 est
699 596 841 634 episcopo-

30 647 99 666 rum
119 648 180 668 non
199 647 255 667 us
273 641 383 676 quidem
397 663 405 674 ,
425 643 472 670 sed
495 651 537 670 ιν.
555 642 641 678 Hujus
661 644 756 680 synodi
774 645 840 672 Acta

30 691 172 719 exstant;
189 693 245 713 nec
260 686 289 713 in
307 686 341 714 iis
353 687 438 714 ullum
453 687 566 722 hujusee
578 688 679 716 decreti
696 689 840 725 vestigium

33 735 166 766 apparet.
195 731 347 760 Postremo
374 732 476 761 Gelasii
500 742 572 761 anno
599 734 720 772 synodus
747 735 839 767 nulla,

32 783 180 812 quantum
197 779 332 806 novimus
344 799 352 812 ,
370 784 465 807 coacta
478 784 519 808 est
531 789 539 813 ;
553 784 583 807 ut
600 788 615 807 a
633 780 737 816 synodo
749 781 840 816 aliqua

34 824 191 851 Gelasiana
210 824 318 851 editum
334 824 420 852 fuisse
436 825 488 853 hoc
502 825 640 853 decretum
654 827 734 861 plane
752 827 840 854 incre-

893 231 993 266 gelicas
1019 236 1096 266 atque
1122 230 1282 266 apostolicus
1306 230 1472 265 Scripturas.
1488 230 1576 258 Verba
1598 232 1681 266 igitur

893 277 949 311 illa,
959 277 1006 304 has
1015 285 1114 310 omnes,
1127 281 1171 310 et,
1187 285 1253 311 quas
1265 277 1385 311 superius
1395 277 1615 312 deprompsimus,
1632 286 1680 312 pa-

891 322 945 349 lam
962 323 1065 350 inserta
1082 327 1162 357 sunt,
1176 328 1206 350 ut
1221 324 1340 350 ordinem
1356 330 1419 350 cum
1438 323 1550 350 decreto
1564 324 1680 358 conjun-

892 374 994 404 gerent.
1020 368 1098 402 Quod
1121 373 1148 396 et
1171 373 1264 404 postea
1286 377 1383 396 rursus
1410 368 1512 396 laetum
1535 374 1596 396 est:
1615 377 1678 396 nam

895 423 944 450 pro
960 415 1024 448 illis,
1042 415 1201 450 regulariter
1212 415 1384 449 suscepimus,
1402 415 1559 447 substituit,
1573 419 1679 451 regula-

893 463 958 489 riter
971 463 1090 497 superius
1101 462 1321 489 enumeravimus.
1340 460 1395 489 Nec
1414 462 1496 498 igitur
1512 462 1539 489 in
1555 461 1659 498 synodo
1670 483 1678 494 ,

892 516 943 536 nec
957 516 1078 544 unquam
1089 508 1228 536 Gelasium
1241 515 1338 544 papam
1347 508 1399 536 hoc
1410 508 1550 536 decretum
1559 507 1678 535 edidisse

892 555 1041 582 verisimile
1053 559 1104 582 est.

927 601 995 628 Nam
1007 601 1095 636 primo
1109 606 1205 629 auctor
1212 602 1314 630 decreti
1327 601 1397 628 male
1409 601 1441 628 de
1451 601 1568 628 Eusebio
1580 602 1676 632 sensit,

891 647 963 674 unde
975 647 1019 674 illa
1038 657 1044 674 :
1063 647 1188 674 Historia
1216 647 1324 675 Eusebii
1352 646 1485 681 Pamphili
1508 647 1676 682 apocrypha;

891 693 1010 721 ostendit
1025 697 1115 720 autem
1129 698 1156 721 et
1169 694 1237 728 ipse,
1252 701 1339 729 quare
1352 693 1535 728 apocrypham
1551 693 1677 719 nomina-

890 739 940 772 vit,
956 747 1052 774 nempe
1065 740 1129 775 quia
1148 740 1174 767 in
1196 740 1281 775 primo
1301 739 1465 766 narrationis
1482 748 1537 766 sua:
1558 739 1625 766 libro
1638 745 1676 766 te-

890 786 958 820 puit,
971 786 996 812 id
1012 790 1054 812 est
1065 786 1135 813 male
1146 786 1180 813 de
1199 791 1296 813 natura
1315 785 1416 813 Christi
1433 785 1542 820 scripsit
1556 794 1562 812 :
1581 793 1676 812 nume-

892 831 962 858 ravit
976 831 1068 866 itaque
1083 831 1231 859 Eusebium
1249 832 1320 858 inter
1331 831 1459 858 Arianos.
1473 831 1507 858 At
1527 839 1609 858 verus
1620 830 1674 858 Ge-

36 870 127 897 dibile
144 871 194 898 sit.
215 869 350 899 Nicolaus
374 871 485 906 quidem
507 871 541 899 de
551 871 623 899 Cusa
644 871 681 899 De
699 872 840 900 concordia
857 866 876 896 Β
891 875 976 903 Iasius
987 877 1066 904 aliter
1080 877 1113 904 de
1127 876 1245 904 Eusebio
1256 876 1359 907 sensit;
1372 876 1461 911 ipsum
1478 876 1506 903 in
1520 876 1671 904 catholico-

36 917 190 949 catholica,
205 918 255 945 lib.
270 926 302 952 ιι,
318 926 343 945 c.
357 917 401 951 ll,
415 918 473 946 hzec
493 925 524 945 ex
546 918 663 947 concilio
688 918 818 946 Toletano
829 940 837 952 ,

38 972 168 999 tempore
185 964 343 1000 Sysevandi
361 965 433 1000 regis
448 965 593 998 celebrato,
608 973 658 1000 cap
686 965 730 998 17,
750 966 815 993 citat
830 975 836 992 :

36 1010 226 1046 Apocalypsi:
245 1011 346 1038 librum
368 1011 513 1040 multorum
535 1011 707 1038 conciliorum
726 1013 839 1038 auctori-

38 1062 95 1090 tas,
114 1061 141 1084 et
154 1057 288 1091 synodica
304 1056 356 1084 SS.
372 1056 551 1084 Romanorum
570 1057 713 1092 praesulum
735 1061 839 1085 decreta

38 1102 158 1130 Joannis
179 1103 355 1137 evangelista:
384 1111 439 1130 esse
458 1102 630 1136 describunt,
648 1109 672 1130 et
689 1104 757 1130 inter
774 1104 839 1130 divi-

41 1158 90 1176 nos
106 1149 194 1176 libros
209 1148 423 1177 constituendum
434 1148 645 1186 decrevergtnt,et
653 1149 715 1177 inde
723 1150 835 1186 colligit,

42 1195 279 1230 approbationem
305 1194 452 1229 librorum,
474 1203 535 1230 quin
547 1195 656 1223 Gelasio
668 1204 744 1231 papae
753 1197 838 1225 ascri-

42 1241 131 1273 bitur,
158 1239 249 1267 fuisse
277 1240 447 1275 synodicam.
469 1239 522 1267 Sed
538 1240 590 1268 hoc
609 1241 632 1268 si
654 1241 763 1269 aliunde
782 1249 836 1269 non

42 1290 165 1318 constet,
194 1289 271 1313 certe
300 1285 366 1313 hinc
392 1290 519 1313 constare
545 1293 598 1314 non
616 1291 715 1321 potest.
737 1287 837 1315 Gelasii

43 1333 120 1358 enim
134 1339 192 1359 non
210 1331 348 1364 meminit,
363 1335 391 1358 et
402 1331 448 1358 alii
463 1331 605 1366 pontiﬁces
621 1331 737 1360 Romani
752 1340 837 1360 cano-

44 1385 109 1406 nem
125 1378 283 1410 ediderant,
298 1377 431 1412 quoliber
444 1377 646 1413 Apocalypseos
654 1378 835 1413 reciperetur:

43 1430 71 1453 et
84 1425 232 1452 decretum
249 1424 302 1451 hoc
318 1424 394 1451 illius
413 1424 521 1452 concilii
536 1429 658 1459 tempore
670 1429 778 1453 exstare
790 1433 838 1460 po-

44 1473 110 1504 luit,
129 1471 171 1497 rel
187 1471 241 1498 sub
259 1470 360 1498 Gclasii
377 1471 419 1498 vel
433 1471 484 1498 sub
497 1471 612 1498 alterius
632 1471 768 1506 pontiﬁcis
788 1479 838 1500 no-

44 1517 133 1548 mine,
149 1524 216 1543 nam
229 1516 379 1543 concilium
393 1516 459 1544 illud
479 1517 645 1545 celebratum
657 1522 700 1546 est
712 1518 837 1553 pluribus

44 1571 129 1597 quam
143 1563 198 1589 MO
215 1563 296 1590 annis
311 1567 374 1597 post
387 1568 502 1591 mortem
515 1563 625 1598 Gclasii,
639 1572 678 1592 sc.
696 1572 723 1591 a.
737 1564 770 1592 D.
786 1565 838 1593 655

44 1618 103 1637 non
115 1610 185 1643 582,
200 1615 230 1638 ut
247 1611 334 1638 voluit
348 1610 485 1639 Cusanus.
509 1610 557 1638 lllo
576 1617 666 1639 autem
683 1620 741 1640 aevo
756 1620 839 1641 cano-

45 1665 108 1686 nem
127 1657 339 1691 Scripturarum
357 1657 410 1686 sub
421 1657 532 1684 nomine
545 1656 647 1685 Gelasii
666 1665 742 1693 papa:
755 1659 840 1687 exsti-

45 1703 113 1730 tisse
129 1710 187 1730 non
208 1707 252 1729 est
271 1703 430 1730 verisimile.
455 1702 583 1731 Nicolaus
610 1704 682 1731 enim
707 1712 787 1741 papa,
811 1706 838 1733 in

46 1749 164 1784 epistola
183 1748 218 1776 ad
232 1749 456 1784 archiepiscopus
471 1754 498 1776 et
513 1749 658 1784 episcopos
676 1758 724 1786 per
737 1750 839 1781 Gallias

46 1794 237 1827 constitutos,
265 1794 379 1822 canonis
400 1793 551 1821 Innocentii
576 1798 682 1824 tantum
698 1795 838 1829 meminit,

47 1848 102 1867 non
119 1845 215 1868 autem
229 1840 331 1868 Gelasii
341 1860 348 1873 ,
375 1840 502 1874 quamvis
517 1840 544 1867 in
558 1840 652 1868 eadem
667 1841 779 1875 epistola
793 1841 840 1868 de-

47 1886 115 1913 creti
128 1885 273 1913 Gelasiani
286 1884 452 1912 meminerit.
470 1884 521 1911 Sed
535 1886 687 1919 responsuri
699 1890 761 1912 sunt
776 1886 838 1918 isti,

49 1932 149 1966 inquit,
166 1932 212 1966 qui
234 1939 285 1957 non
301 1931 335 1957 ad
357 1930 527 1958 obcdiendum
551 1932 638 1966 potius
653 1939 731 1966 quam
750 1932 784 1958 ad
800 1940 840 1958 re-

49 1977 201 2004 sistendum
223 1980 285 2003 sunt
301 1976 403 2010 parati,
428 1977 527 2003 cientes
539 1997 547 2009 ,
564 1977 633 2012 quod
645 1977 713 2003 inter
727 1985 839 2005 canones

49 2024 202 2050 inveniatur
219 2022 366 2057 capitulum
383 2022 412 2050 S.
430 2031 505 2058 papa’
525 2022 692 2056 Innocentii;
703 2024 778 2058 cujus
792 2032 840 2051 au-

49 2071 175 2096 ctoritate
198 2070 326 2096 doceatur
341 2078 358 2095 a
381 2069 455 2096 nobis
481 2074 620 2104 utrumque
644 2069 838 2097 Testamentum

50 2124 105 2143 esse
124 2115 314 2149 recipiendum,
331 2123 481 2150 quanquam
500 2115 528 2142 in
551 2115 615 2149 ipsis
630 2116 747 2150 paternis
760 2124 840 2143 catta-

50 2161 126 2188 nibus
151 2161 256 2187 nullum
283 2168 374 2188 eorum
387 2168 420 2188 ea:
437 2165 491 2189 toto
511 2161 680 2188 contineatur
699 2162 837 2189 insertum.

890 929 950 948 rum
966 921 1078 949 Patrum
1105 930 1219 950 numero
1241 922 1352 957 posuit;
1369 922 1443 949 illius
1465 921 1620 949 testimonia
1641 921 1674 948 ad

889 968 1102 996 conﬁrmandam
1129 968 1259 996 Ecclesiae
1278 969 1312 996 de
1334 968 1442 995 duabus
1455 968 1561 995 naturis
1571 967 1670 994 Christi

889 1013 1041 1041 doctrinam
1062 1013 1182 1041 adhibet.
1198 1013 1301 1041 Auctor
1317 1013 1397 1046 igitur
1409 1012 1510 1040 decreti
1526 1020 1607 1039 verus
1621 1012 1672 1040 Ge-

889 1059 974 1086 lasius
991 1066 1053 1086 esse
1077 1066 1131 1085 non
1145 1058 1263 1086 videtur.
1280 1057 1373 1093 Neque
1389 1057 1435 1084 illa
1449 1057 1566 1085 Chiﬂetii
1580 1058 1672 1084 conci-

888 1105 964 1132 liatio
984 1105 1150 1132 admittenda
1172 1110 1224 1138 est,
1248 1105 1320 1140 quod
1345 1103 1470 1131 Historia:
1487 1099 1673 1128 ecclesiasticae

889 1151 969 1179 libros
990 1156 1093 1179 tanlum
1114 1152 1186 1179 dicat
1204 1152 1231 1179 in
1248 1152 1357 1179 decreto
1373 1159 1425 1177 non
1444 1158 1499 1177 esse
1527 1157 1673 1184 usquequa-

888 1205 937 1232 que
949 1198 1093 1225 renuendos
1100 1206 1110 1230 ;
1126 1198 1182 1233 ipse
1192 1198 1264 1224 enim
1287 1197 1387 1232 pariter
1397 1196 1557 1230 seexplicat,
1568 1199 1674 1229 propter

889 1249 977 1268 rerum
991 1247 1077 1269 tanten
1090 1242 1267 1277 singularium
1287 1242 1436 1273 scientiam,
1448 1248 1506 1276 qua:
1522 1240 1556 1266 ad
1572 1241 1674 1266 instru-

889 1288 1000 1315 ctionem
1029 1289 1170 1322 pertinent,
1199 1288 1321 1320 scilicet,
1347 1287 1503 1315 renuendos
1533 1294 1588 1313 non
1613 1293 1674 1313 esse

889 1341 1102 1369 usquequaque;
1128 1333 1161 1361 ad
1175 1333 1411 1361 conﬁrmationem
1433 1338 1524 1360 autem
1542 1333 1674 1360 doctrina:

889 1379 1042 1412 catholicae,
1057 1378 1209 1413 praesertim
1224 1377 1257 1404 de
1269 1382 1366 1404 natura
1378 1376 1490 1409 Christi,
1502 1384 1564 1404 cum
1577 1380 1604 1404 et
1616 1377 1674 1410 ipse

889 1424 1021 1452 erraverit
1036 1425 1063 1452 in
1081 1424 1132 1451 hac
1145 1424 1210 1458 ipsa
1218 1431 1259 1456 re,
1271 1427 1298 1450 et
1308 1421 1452 1457 Origenem
1465 1426 1604 1457 tantopere
1615 1422 1675 1448 lan-

889 1470 1004 1504 (laverit,
1027 1469 1209 1498 adhibendam
1231 1476 1292 1496 esse
1305 1468 1494 1496 auctoritatem
1518 1467 1631 1495 Eusebii
1641 1475 1674 1494 ex

890 1523 1056 1551 quocunque
1082 1516 1152 1543 libro
1184 1515 1370 1550 depromptam
1399 1520 1540 1548 nunquam
1570 1514 1675 1548 putavit

891 1569 986 1594 auctor
999 1562 1110 1590 decreti.
1384 1569 1385 1573 ‘

925 1609 1056 1636 Przeterca
1073 1608 1100 1635 in
1112 1609 1164 1636 hoc
1177 1608 1285 1636 decreto
1300 1607 1373 1635 hanc
1387 1615 1531 1634 censuram
1547 1607 1672 1642 legimus,

891 1654 969 1681 Liber
980 1654 1025 1690 qui
1045 1653 1196 1689 appellatur
1222 1653 1342 1681 Canones
1361 1653 1541 1688 apostolorum
1561 1660 1667 1688 apocry-

890 1699 966 1734 phus,
981 1708 1063 1735 quam
1074 1699 1183 1727 Gelasio
1200 1707 1275 1734 papa
1287 1699 1457 1726 tribuendam
1479 1698 1591 1725 minime
1614 1705 1673 1725 esse

890 1746 974 1773 multa
992 1747 1118 1774 suadent.
1131 1745 1198 1773 Nam
1212 1745 1358 1781 Dionysius
1370 1744 1502 1781 Exiguus,
1519 1744 1566 1780 qui
1584 1749 1672 1771 tanto-

890 1800 954 1828 pere
965 1792 1104 1820 Gelasium
1118 1792 1269 1819 admiratus
1285 1797 1336 1825 est,
1349 1797 1411 1827 post
1423 1797 1477 1819 tam
1492 1799 1600 1826 gravem
1616 1790 1673 1825 ejus

890 1845 1050 1870 censuram,
1068 1845 1206 1872 nunquam
1229 1837 1355 1864 Canones
1380 1837 1564 1872 apostolorum
1592 1836 1671 1863 inter-

890 1883 1002 1919 pretari,
1019 1888 1045 1911 et
1068 1879 1188 1918 reliquis'
1199 1883 1355 1911 canonihus
1372 1882 1512 1918 praeﬁgere
1525 1883 1672 1910 voluisset:

891 1937 1029 1964 nunquam
1046 1929 1074 1956 in
1093 1929 1252 1964 prmfatione
1272 1929 1364 1964 operis
1376 1929 1430 1962 sui,
1445 1929 1489 1956 his
1504 1929 1594 1956 verbis
1607 1936 1673 1957 usus

890 1975 1007 2003 l‘uiSSet:
1025 1975 1058 2002 In
1078 1975 1207 2010 principio
1235 1975 1323 2010 itaque
1347 1975 1486 2008 Curiones,
1513 1976 1560 2011 qui
1579 1975 1671 2002 dican-

892 2026 934 2048 tur
947 2021 1135 2056 apostolorum,
1150 2022 1181 2048 de
1194 2020 1494 2053 Crtecotranstulimus;
1506 2021 1598 2055 quibus
1611 2021 1673 2056 quia

889 2069 998 2104 plurimi
1017 2078 1170 2096 consensum
1185 2078 1235 2096 non
1245 2070 1379 2104 prwbuere
1392 2069 1509 2104 facilem,
1524 2070 1572 2096 Itoc
1587 2070 1686 2104 ipsum'

890 2121 1003 2143 vestram
1033 2116 1166 2143 noluimus
1190 2116 1312 2150 ignorare
1339 2116 1526 2148 sanctitatem;
1554 2116 1672 2150 quamvis

889 2166 980 2197 postea
1000 2161 1121 2196 quwdam
1138 2162 1282 2188 constituta
1304 2161 1457 2196 pontiﬁcatu
1474 2170 1505 2188 ea;
1518 2162 1582 2196 ipsis
1594 2169 1667 2188 cano-

50 2208 157 2241 Quibus
173 2207 264 2235 verbis
281 2207 319 2234 uti
333 2212 408 2242 patet
423 2207 520 2234 canoni
539 2207 647 2234 concilii
670 2207 816 2236 Laodiceni
829 2229 836 2239 .
854 2215 876 2241 ι)
890 2209 965 2235 nibus
988 2212 1124 2242 assumpta
1148 2216 1203 2234 esse
1227 2208 1378 2234 uideantur.
1401 2207 1441 2234 An
1469 2211 1525 2234 tam
1539 2206 1594 2234 leni
1609 2213 1676 2234 cen-

50 2255 162 2290 utapud
175 2255 291 2282 Latinos
306 2255 467 2286 habebatur,
477 2254 563 2282 libros
578 2254 606 2282 S.
621 2253 768 2289 Scripturm
782 2263 835 2282 non

51 2300 137 2329 fuisse
153 2300 275 2334 additos,
290 2305 338 2328 aut
353 2299 536 2335 Apocalypsin
556 2300 626 2327 inter
640 2308 688 2327 eos
709 2308 838 2328 numera-

51 2352 105 2374 tam
121 2355 175 2374 non
191 2346 281 2374 fuisse
297 2355 305 2373 :
322 2346 360 2374 ita
387 2346 470 2374 etiam
486 2346 594 2374 eosdem
619 2346 646 2374 in
658 2347 766 2374 decreto
785 2347 838 2375 hoc

52 2393 150 2421 Gelasii
162 2401 218 2421 non
232 2392 244 2419 i
244 2393 319 2421 uisse
327 2396 486 2420 numeratos
494 2399 620 2421 constare
633 2392 747 2420 videtur.
760 2392 838 2420 Certe

51 2439 315 2468 lvoCamotensisin
323 2439 434 2469 decreto
440 2439 563 2466 ordinem
578 2439 709 2468 librorum
723 2439 752 2466 S’.
764 2439 838 2466 Scri-

52 2490 146 2519 ptura,
159 2486 220 2512 sine
247 2485 359 2512 nomine
373 2484 496 2517 Gelasii,
512 2484 614 2519 posuit,
629 2489 706 2519 parte
718 2489 816 2520 quarta
830 2506 837 2518 ,

52 2535 137 2568 capite
160 2534 207 2565 61,
227 2534 343 2569 aliisque
370 2534 551 2569 interpositis,
577 2542 638 2570 cap.
667 2535 712 2568 65,
728 2536 837 2563 demum

53 2580 148 2609 Getasii
167 2581 310 2608 decretum
327 2581 426 2611 recitat
441 2588 501 2616 cap.
519 2580 564 2613 6i,
584 2586 611 2609 et
632 2581 718 2608 codex
737 2580 837 2608 Juren-

52 2634 100 2655 5.5.
114 2634 198 2661 quem
215 2626 298 2654 edidit
329 2626 484 2660 Chilletius,
497 2627 524 2654 in
541 2626 693 2655 llormisdm
710 2627 838 2654 decretali

53 2674 173 2701 ordinem
186 2673 321 2701 librorum
336 2672 366 2701 S.
384 2673 533 2708 Scriptura
544 2673 701 2709 praemittit;
723 2674 770 2701 sed
789 2673 838 2700 de-

52 2719 114 2746 creti
129 2719 215 2747 verba
243 2720 382 2752 immutat,
407 2723 438 2748 ut
450 2720 484 2747 ad
499 2719 621 2748 ordinem
643 2719 781 2754 respiciat.
799 2718 837 2745 lta

52 2764 120 2791 enim
133 2772 166 2792 ex
183 2765 232 2792 illo
248 2765 345 2793 codice
358 2765 477 2800 legimus
491 2775 498 2792 :
511 2764 578 2793 Post
599 2765 648 2793 has
662 2772 756 2792 omnes
778 2773 839 2799 pro-

53 2811 166 2843 pheticus
177 2816 204 2838 et
222 2811 388 2847 euangelica
401 2816 479 2847 atque
494 2812 666 2847 apostolicus,
678 2820 747 2847 quas
761 2820 840 2847 supe-

55 2858 107 2884 rius
121 2857 359 2892 deprompsimus,
376 2855 540 2893 Scripiuras.
558 2858 625 2887 Cum
642 2858 668 2886 in
687 2858 747 2886 aliis
762 2858 838 2886 codi-

892 2262 956 2282 sura
975 2255 1032 2289 ipse
1049 2254 1271 2289 perstrinxisset,
1286 2263 1319 2282 an
1341 2253 1532 2281 tantummodo
1546 2253 1673 2288 plurimos

889 2309 1043 2327 consensum
1070 2308 1122 2327 non
1153 2301 1295 2335 pra'buisse
1321 2300 1443 2335 facilem,
1459 2299 1486 2326 id
1509 2304 1561 2331 est,
1583 2298 1672 2333 aliquo

890 2347 970 2374 modo
991 2347 1024 2374 de
1038 2354 1132 2374 eorum
1161 2346 1323 2373 auctoritate
1341 2345 1480 2373 dubitasse
1500 2344 1634 2376 dixisset,
1649 2345 1671 2371 si

889 2401 952 2422 ante
967 2402 1067 2428 paucos
1088 2401 1175 2420 annos
1191 2393 1345 2427 pontiﬁcem
1375 2391 1527 2418 Romanum
1558 2391 1585 2417 in
1608 2398 1665 2417 eon-

889 2441 952 2469 cilio
962 2449 1009 2468 eas
1024 2448 1183 2468 numerasse
1197 2440 1267 2467 inter
1277 2439 1321 2467 illa
1334 2439 1445 2473 scripta,
1460 2446 1521 2472 qua:
1536 2437 1672 2464 catholicis

890 2488 997 2515 vitanda
1012 2491 1083 2519 sunt,
1106 2491 1130 2513 et
1145 2495 1203 2522 qum
1220 2486 1369 2513 nullatenus
1387 2485 1478 2519 recipit
1500 2484 1629 2511 catholica
1650 2489 1672 2511 et

891 2533 1034 2568 apostolica
1063 2532 1182 2559 Romana
1212 2531 1330 2558 Ecclesia
1350 2530 1493 2558 novisset?
1509 2529 1549 2557 An
1567 2529 1600 2557 de
1624 2530 1672 2558 hac

890 2579 1058 2607 dubitatione
1094 2578 1261 2614 Stephanum
1292 2577 1481 2605 Salonitanum
1514 2578 1673 2613 episcopum

891 2627 1055 2654 monendum
1078 2626 1211 2659 duxisset,
1228 2633 1269 2657 ne,
1285 2624 1400 2658 scilicet,
1414 2624 1462 2651 hoc
1482 2625 1568 2659 ipsum
1601 2625 1673 2659 igno-

891 2676 973 2703 raret,
990 2670 1037 2706 qui
1051 2670 1116 2705 quid
1131 2677 1146 2697 a
1159 2669 1267 2697 Gelasio
1285 2669 1314 2696 in
1327 2669 1445 2696 concilio
1459 2668 1597 2696 decretum
1611 2668 1673 2702 fuit,

892 2719 1016 2753 ignorare
1029 2725 1083 2748 non
1103 2717 1210 2752 potuit?
1223 2717 1264 2744 An
1276 2711 1393 2751 denique
1417 2720 1506 2751 postea
1530 2715 1673 2742 constituta

890 2765 1043 2799 pontiﬁcum
1060 2771 1091 2790 ea:
1102 2763 1157 2790 illis
1171 2763 1313 2790 canonibus
1334 2768 1470 2797 assumpta
1486 2761 1573 2789 fuisse
1582 2766 1660 2788 notas

891 2816 945 2841 set,
972 2811 995 2839 si
1009 2818 1056 2838 eos
1080 2816 1133 2838 tam
1148 2810 1248 2838 recenti
1262 2809 1397 2845 pontiﬁcis
1419 2809 1568 2837 constituto
1586 2812 1670 2836 trans-

891 2857 960 2886 ﬁxus
984 2863 1064 2893 atque
1075 2857 1212 2894 jugulatos
1228 2857 1417 2894 cognovisset?
1430 2857 1511 2884 Certe
1529 2855 1675 2898 Bionyftus
