1874 3070
752 126 782 155 S.
801 125 975 155 lGNATlUS.
993 141 1029 148 ε-
1043 126 1310 157 PROLEGOMENA.
1823 130 1864 157 12

229 185 410 213 translatione
434 192 484 213 sua
503 186 610 215 elllcere
628 195 768 222 nunquam
781 188 931 224 potuisset,
944 193 974 215 ut
987 188 1015 216 hi
1031 191 1054 220 Δ
1068 189 1158 217 Petro.
1166 189 1303 222 Gelasius,
1319 189 1433 225 epistola
1443 190 1475 217 ad
1483 190 1630 226 episcopos
1643 197 1694 225 per
1707 188 1865 217 Lucaniam

228 237 351 269 canones
377 231 413 259 ab
438 230 560 260 Ecclesia
576 232 699 261 Romana
721 235 920 270 reciperentur,
938 236 961 263 si
980 237 1015 265 ab

228 277 290 312 ipso
305 277 414 305 Gelasio
432 277 550 307 fuissent
558 280 714 315 nuperrime
725 281 829 316 rejecti.
843 281 878 309 At
891 287 1015 317 receptos

229 324 322 351 statim
335 324 421 352 fuisse
436 325 556 354 ostendit
567 325 748 356 Cassiodorus
765 327 853 356 Dioin.
866 328 939 362 lect.,
952 337 1012 364 cap.

227 369 274 402 35,
289 369 337 405 qui
349 369 384 397 de
398 370 529 407 Dionysio
563 376 590 399 et
609 373 773 402 collectione
792 374 853 410 eius
873 375 911 403 ita
923 375 1014 411 loqui-

228 419 290 442 tur:
299 414 402 443 Potitus
418 425 435 443 a
447 416 581 452 Stephano
592 419 714 454 episcopo
729 419 888 448 Salonitano
897 430 930 449 ea:
940 421 1015 450 Crte-

228 462 268 488 cis
283 462 476 497 exemplaribus
491 471 603 491 canones
612 464 804 494 ecclesiasticos
817 467 934 494 moribus
946 469 1013 500 suis,

229 512 259 534 ut
284 513 341 535 erat
363 507 460 544 planus
485 514 510 536 et
527 510 643 538 disertus
656 531 664 544 ,
677 519 775 547 magna
787 512 943 548 eloquentia
956 514 1014 542 luce

229 555 387 588 composuit,
403 563 467 590 quas
493 555 570 582 hodie
582 564 633 584 usu
647 557 815 585 celeberrimo
829 557 950 586 Ecclesia
961 559 1015 587 Ro-

229 608 309 628 mana
325 601 517 636 complectitur.
535 601 636 630 Verum
648 608 738 631 autem
749 605 892 640 esse‘quod
902 605 1015 634 Cassio-

228 646 314 675 dorus
331 647 460 680 asseruit,
474 652 549 683 patet
565 656 599 676 ex
612 649 727 685 epistola
739 649 854 679 Joannis
868 651 891 678 ll
906 653 1015 687 pontill-

227 693 269 721 cis
283 692 399 721 Romani
421 694 503 729 paulo
524 699 588 723 ante
603 695 635 723 ad
654 695 804 725 Caesarium
826 697 1014 727 Arelatensem

227 738 301 772 data,
315 739 343 767 in
354 747 408 775 qua
422 740 656 770 Contumeliosum
672 741 826 778 Regensem
836 744 995 780 episcopum
1006 766 1014 779 ,

228 785 392 813 auctoritate
406 793 542 814 canonum
556 795 589 815 ex
605 788 765 817 collectione
777 789 898 826 Dionysii
917 790 1014 828 Exigui

227 836 432 867 cxcerptorum,
448 833 483 861 ab
497 835 654 869 episcopatu
672 836 827 871 suspendit,
847 842 875 865 et
894 845 1014 866 canones

1067 237 1232 264 constitutos
1245 258 1251 270 ,
1265 245 1325 272 cap.
1341 237 1372 264 2f
1387 258 1394 271 ,
1409 241 1441 264 ut
1459 237 1486 264 in
1503 242 1599 264 nostro
1618 245 1672 264 ms.
1700 237 1860 272 reperitur

1067 281 1139 314 Quos
1154 291 1214 309 vero
1229 283 1377 310 constiterit
1401 283 1528 319 indignos
1543 283 1645 310 meritis
1666 291 1787 310 sacram
1804 292 1865 309 mer

1066 334 1139 356 catos
1166 337 1222 356 esse
1235 329 1320 364 pretio
1342 330 1513 366 dignitatem,
1542 331 1675 357 convictos
1698 334 1819 365 oportet
1836 339 1865 356 at

1065 375 1128 408 ceri,
1147 383 1199 402 non
1210 376 1267 402 sine
1276 376 1393 410 periculo
1409 376 1515 411 facinus
1535 376 1588 403 tale
1609 376 1805 412 perpetrantis
1824 376 1865 409 (it

1065 427 1118 448 ms.
1134 427 1188 447 non
1203 422 1408 456 perpetrantes),
1419 421 1481 456 quia
1492 421 1599 448 dantem
1614 421 1722 456 pariter
1733 420 1865 454 accipiat

1066 469 1168 500 temque
1181 465 1318 493 damnatio
1339 465 1467 499 Simonis,
1483 474 1564 501 quant
1578 475 1658 493 sacra
1672 465 1761 492 lectio
1790 470 1865 491 testa

1066 514 1127 543 tur,
1146 510 1265 538 involvit.
1281 510 1438 546 Respondet
1459 511 1575 539 Dallczus
1598 511 1638 539 De
1658 511 1865 546 pseudapostot

1065 556 1084 583 I.
1103 564 1144 590 ttt,
1159 565 1184 585 c.
1201 557 1219 584 4
1235 566 1241 584 :
1259 557 1360 585 Gelasii
1374 558 1447 585 locus
1467 558 1575 585 nullum
1601 558 1713 585 omnino
1737 565 1865 584 canona

1065 602 1179 636 laudat,
1214 612 1296 639 neque
1327 604 1503 638 apostolicum
1527 613 1609 640 neque
1637 603 1866 631 ecclesiasticum

1067 648 1182 675 Tantum
1212 648 1333 678 Simonis
1368 650 1573 678 damnationem
1602 655 1756 683 memorat,
1788 658 1866 685 quur]

1066 701 1156 727 sacra,
1168 694 1264 729 inquit,
1278 695 1367 728 lectio,
1382 695 1500 722 Actuum
1519 695 1621 722 scilicet
1639 695 1866 730 apostolicorunt

1065 744 1094 766 ut
1108 745 1199 767 notum
1210 746 1260 774 est,
1277 745 1404 769 testatur.
1420 741 1555 769 Cononem
1567 741 1677 776 quidem
1697 750 1756 769 non
1773 742 1866 768 lauda

1065 785 1190 814 Gelasius
1202 809 1209 819 ,
1226 788 1251 814 id
1280 793 1331 820 est,
1351 796 1406 815 non
1420 795 1550 823 expresse
1564 788 1650 820 dicit,
1666 796 1699 815 ea
1715 795 1785 824 qua:
1801 796 1866 823 pne

1067 832 1134 866 cipit
1150 832 1176 859 in
1191 833 1283 868 aliquo
1297 841 1403 861 canone
1419 835 1573 862 contineri:
1590 843 1639 862 nec
1652 834 1679 862 id
1693 835 1790 862 voluit
1806 834 1866 861 Dio

228 878 391 913 apostolicos
407 880 441 907 ad
467 887 529 907 eam
545 889 603 908 rem
622 881 723 910 diserte
738 883 858 911 adhibet,
878 883 1014 912 Elea“.
1030 874 1052 902 Β
1067 878 1162 913 nysius
1173 899 1181 911 ,
1196 887 1258 906 cum
1280 879 1391 907 doceret
1408 880 1500 916 aliqua
1522 881 1682 916 pontilicum
1708 881 1866 908 constitut:

227 925 304 952 nibus
311 925 491 959 apostolorum
503 927 620 962 capitulo
632 936 685 954 xxv
697 938 703 955 ε
719 938 728 954 ε
739 928 897 964 Episcopus,
905 930 1015 966 presby‘

228 975 278 1002 ter,
293 975 339 998 aut
356 971 486 999 diaconus
511 973 556 1008 qui
581 973 608 1000 in
634 973 811 1008 fornicatione
827 981 874 1002 aut
897 976 1015 1011 perjurio

227 1020 320 1051 captus
334 1021 384 1049 est,
399 1017 557 1052 deponatur,
574 1027 627 1046 non
649 1024 736 1048 tamen
757 1021 940 1048 communione
960 1023 1016 1057 pri-

227 1066 317 1094 uetur;
329 1063 394 1090 dicit
408 1064 478 1091 enim
491 1063 631 1100 Scriptura
646 1073 656 1092 :
670 1075 679 1092 ι
698 1065 759 1094 Non
771 1067 915 1094 tindicubit
924 1067 1015 1095 Domi-

227 1116 276 1136 nus
293 1108 333 1136 bis
350 1109 379 1136 in
393 1109 421 1136 id
435 1110 532 1141 ipsum.
551 1119 560 1135 ι
575 1109 617 1138 Es
639 1112 785 1138 canonibus
804 1120 885 1146 supra
908 1113 1014 1148 scriptis

226 1155 345 1189 capitulo
360 1162 438 1188 xxtx,
453 1155 523 1190 quod
537 1155 650 1190 alliciam
669 1157 813 1191 pristinum
831 1157 953 1185 damnati
967 1166 1015 1192 pro

226 1201 383 1228 criminibus
392 1209 521 1236 usurpare
527 1209 580 1228 non
589 1201 698 1229 debeant
708 1211 717 1230 :
727 1211 736 1228 ι
753 1201 783 1230 Si
797 1203 856 1238 quis
867 1204 1014 1239 episcopus,

225 1246 379 1282 presbyter,
395 1251 442 1274 aut
454 1246 592 1280 diaconus,
608 1247 742 1282 depositus
752 1247 825 1282 juste
845 1257 922 1283 super
935 1250 1014 1277 certis

227 1292 394 1325 criminibus,
411 1300 494 1320 ausus
504 1293 584 1327 fuerit
608 1298 754 1320 attrectare
771 1295 949 1323 ministerium
963 1295 1014 1322 du-

227 1337 291 1364 dum
302 1338 352 1365 sibi
367 1339 546 1372 commissum,
560 1339 603 1366 hic
615 1339 647 1367 ab
663 1339 783 1367 Ecclesia
791 1341 896 1375 penitus
907 1341 1013 1368 abscin-

226 1383 318 1411 datur.
339 1393 349 1410 ι
364 1383 486 1412 Fuerunt
502 1383 585 1420 igitur
598 1389 720 1421 tempore
732 1385 846 1414 Joannis
860 1385 882 1413 ll
905 1387 1014 1422 pontiﬁ-

226 1430 268 1458 cis
291 1435 316 1457 et
338 1430 507 1463 Cassiodori,
533 1438 653 1460 canones
671 1433 816 1467 apostolici
839 1433 866 1461 in
889 1433 1013 1462 Romana

226 1475 347 1505 Ecclesia
377 1478 575 1513 receptissimi,
601 1479 675 1514 quod
699 1479 758 1506 ﬁeri
785 1480 908 1514 potuisse
933 1487 1014 1508 nemo

226 1524 367 1558 concedetI
396 1525 419 1552 si
441 1525 511 1552 vela
534 1524 655 1558 Gelasio,
671 1525 714 1554 vel
730 1524 876 1554 Hormisda
896 1525 1014 1554 fuissent

226 1575 282 1596 tam
294 1569 402 1604 publice
416 1571 520 1605 rejecti.

262 1615 354 1643 Mirari
369 1616 441 1644 enim
467 1616 535 1644 satis
549 1624 603 1644 non
620 1623 732 1652 possum
746 1637 753 1650 ,
771 1624 826 1653 qua
844 1618 947 1645 ratione
965 1619 1016 1646 du-

227 1666 288 1689 ctus
303 1661 420 1689 Dalltcus
437 1661 559 1697 seipsum
573 1662 703 1698 Dionysio
716 1663 819 1691 directe
829 1667 856 1690 et
865 1671 898 1690 ex
906 1663 1010 1692 diame-

227 1713 270 1735 tro
282 1712 439 1742 opponeret.
447 1707 496 1736 llle
509 1709 537 1736 in
551 1708 674 1737 Ecclesia
688 1709 783 1736 Graeca
797 1710 934 1738 enutritus
947 1730 956 1744 ,
968 1711 1015 1738 ubi

227 1753 345 1782 maxime
358 1753 616 1784 valebantCanones
631 1754 784 1790 apostolici,
797 1754 824 1782 in
839 1753 961 1783 Romana
969 1755 1016 1783 diu

227 1802 364 1831 versatus,
377 1799 422 1826 ubi
438 1803 495 1827 tum
508 1807 563 1827 non
580 1804 659 1827 erant
671 1799 740 1828 adeo
754 1801 866 1836 recepti,
883 1801 909 1828 in
922 1800 1016 1829 decre-

227 1844 264 1872 tis
275 1844 434 1879 pontillcum
448 1845 608 1873 evolvendis
623 1845 740 1873 multum
757 1845 905 1879 desudans,
918 1847 1015 1875 obser~

227 1890 313 1922 vavit,
329 1897 363 1917 ex
378 1891 530 1919 canonibus
539 1891 593 1919 illis
605 1891 695 1927 aliqua
712 1890 871 1926 pontillcum
883 1892 1016 1919 constitu-

227 1941 266 1968 ta,
283 1935 469 1965 Romanorum
485 1938 607 1970 scilicet,
624 1942 766 1972 assumpta
787 1937 883 1966 fuisse.
900 1937 1016 1966 Dallzens

227 1987 340 2010 econtra
359 1982 398 2010 De
422 1984 655 2019 pseudepigrap/tis
670 1989 772 2018 apost.,
788 1984 835 2011 lib.
845 1992 890 2020 tu,
905 1992 965 2019 cap.
977 1985 994 2011 ὃ
1007 1993 1013 2011 :

227 2028 286 2065 Ego
303 2037 362 2056 vero
372 2030 519 2064 putaverint
534 2038 586 2057 non
600 2037 632 2057 ea:
654 2038 784 2058 canonum
797 2030 950 2058 collectione
966 2039 1015 2057 sua

226 2076 333 2104 decreta
343 2077 490 2112 pontiﬁces,
504 2077 550 2104 sed
567 2085 599 2105 ea:
615 2077 772 2112 pontiﬁcum
791 2077 943 2104 constitutis
954 2085 1015 2104 suos

227 2130 343 2150 canones
370 2123 546 2157 assumpsisse
573 2123 688 2158 primum
722 2131 814 2150 eorum
838 2123 1014 2150 callectorem.

227 2167 361 2203 Respexit
376 2167 436 2195 sine
452 2167 536 2196 dubio
558 2168 706 2205 Dionysius
728 2168 878 2196 Innocentii
889 2188 897 2201 ,
915 2168 1016 2197 Leonis

1066 931 1099 951 ex
1118 924 1272 952 canor-ibus
1287 925 1334 960 qui
1353 926 1482 953 dicuntur
1499 927 1687 962 apostolorum
1711 926 1807 954 fuisse
1828 935 1866 954 as

1067 975 1191 1006 sumpta;
1208 979 1297 1006 neque
1311 972 1385 999 enim
1409 972 1509 1008 aliquis
1532 973 1692 1008 pontiﬁcum
1720 973 1866 1001 Romano

1066 1023 1127 1042 rum
1141 1020 1203 1043 ante
1219 1015 1341 1053 Dionysii
1355 1022 1461 1046 etatem
1477 1018 1504 1045 in
1524 1018 1582 1046 suis
1595 1019 1762 1047 constitutis
1781 1026 1866 1046 cano-

1066 1069 1114 1088 nes
1131 1062 1319 1096 apostolorum
1338 1063 1497 1092 nominasse
1516 1064 1745 1100 deprehenditur.
1769 1065 1828 1092 Sed
1845 1066 1867 1093 ic

1066 1112 1171 1135 tantum
1197 1116 1249 1136 nos
1268 1117 1330 1137 cum
1353 1109 1486 1146 Dionysio
1513 1111 1652 1144 volumus,
1682 1111 1736 1139 hoc
1761 1111 1867 1140 Gelasil

1065 1153 1245 1181 constitutum
1260 1162 1294 1182 ex
1310 1155 1358 1182 illo
1371 1163 1476 1183 canone
1489 1161 1663 1192 aSsumptum
1680 1165 1755 1184 esse.
1770 1156 1867 1192 Neque

1066 1199 1168 1226 mentio
1184 1207 1270 1227 sacrae
1280 1200 1407 1228 lectionis
1419 1201 1532 1236 impedit
1547 1203 1699 1236 quominus
1715 1202 1777 1230 haec
1791 1210 1867 1229 asse

1065 1252 1177 1278 ramus;
1194 1245 1228 1272 ad
1239 1245 1324 1273 Actus
1335 1246 1408 1273 enim
1425 1246 1591 1281 apostolicos
1605 1254 1656 1274 nos
1673 1251 1784 1274 tantutn
1802 1246 1867 1273 ideo

1065 1290 1158 1324 refert,
1175 1295 1204 1317 ut
1220 1291 1341 1320 sciamus
1358 1300 1486 1327 quasnam
1509 1291 1592 1320 fuerit
1606 1293 1752 1320 damnatio
1771 1292 1867 1319 Simo-

1066 1337 1131 1370 nis;
1151 1338 1225 1373 quod
1244 1343 1335 1366 autem
1362 1339 1408 1366 illa
1426 1339 1568 1367 damnatio
1592 1340 1731 1375 pertineat
1750 1344 1811 1367 tum
1830 1341 1866 1367 ad

1067 1383 1224 1413 Simoniace
1240 1391 1409 1420 promotum,
1429 1390 1486 1413 tum
1512 1386 1545 1413 ad
1559 1390 1782 1421 promerentem,
1802 1394 1866 1412 om-

1066 1430 1131 1457 nino
1140 1430 1173 1457 ad
1191 1430 1266 1458 illuni
1281 1432 1460 1466 apostolicum
1471 1440 1603 1459 eanottem
1616 1432 1748 1467 pertinet,
1762 1432 1862 1459 καθαι-

1066 1476 1165 1512 ρείσθω
1176 1477 1223 1503 καὶ
1239 1477 1320 1509 αὐτὸς
1334 1477 1379 1504 καὶ
1392 1479 1406 1505 ὁ
1420 1479 1624 1514 χειροτονήσας,
1636 1478 1691 1506 hoc
1704 1484 1758 1511 est,
1770 1487 1863 1505 arcea-

1067 1526 1112 1548 tur
1131 1522 1198 1549 dans
1211 1523 1314 1557 pariter
1326 1523 1519 1558 accipiantque,
1536 1528 1565 1550 ut
1580 1523 1704 1558 loquitur
1721 1523 1858 1552 Gelasius.

1045 1567 1051 1578 '
1066 1568 1159 1597 Canon
1174 1570 1341 1606 apostolicus
1357 1570 1392 1597 ‘22
1405 1576 1447 1598 est
1461 1579 1467 1596 :
1485 1570 1516 1599 Si
1529 1571 1587 1606 quis
1601 1571 1718 1598 abscidit
1732 1572 1857 1606 seipsum,

1066 1615 1094 1641 id
1108 1619 1157 1647 est,
1173 1616 1261 1651 siquis
1276 1617 1423 1650 amputavit
1437 1616 1487 1644 sibi
1499 1617 1660 1648 viriliamon
1675 1617 1726 1652 ﬁat
1736 1618 1857 1649 clericus,

1066 1661 1128 1696 quia
1141 1669 1204 1688 suus
1221 1661 1356 1689 homicida
1371 1667 1421 1696 εει,
1436 1667 1461 1690 et
1474 1663 1522 1690 Dei
1541 1663 1706 1690 conditionis
1722 1663 1855 1696 inimicus,

1066 1711 1132 1740 etc.;
1151 1705 1280 1736 Gelasius
1294 1713 1385 1736 autem
1408 1709 1522 1744 epistola
1537 1710 1650 1741 eadem,
1667 1717 1731 1744 cap.
1749 1710 1802 1737 l-l:
1819 1708 1856 1736 De

1066 1753 1100 1779 iis
1113 1758 1202 1780 autem
1217 1754 1262 1789 qui
1272 1755 1371 1790 seipsos
1383 1755 1553 1788 abscindunt,
1562 1756 1670 1789 paterni
1682 1764 1795 1783 canones
1805 1756 1841 1782 tri
1849 1769 1857 1774 -

1067 1798 1158 1825 denter
1175 1800 1305 1834 sequenda
1323 1805 1489 1835 posuerunt;
1511 1809 1623 1836 quorum
1650 1806 1767 1828 tenorem
1787 1801 1855 1836 suﬁ-

1068 1845 1122 1872 ciat
1138 1845 1266 1873 indidisse
1280 1854 1289 1872 .'
1303 1847 1394 1873 dicunt
1409 1847 1489 1880 enim,
1509 1847 1577 1874 talia
1590 1853 1784 1882 perpetrantrs,
1798 1857 1856 1875 mox

1067 1896 1096 1917 ut
1107 1891 1191 1926 agniti
1204 1892 1315 1926 fuerint,
1327 1899 1463 1920 a'munere
1473 1893 1592 1920 clericali
1604 1893 1701 1920 debere
1712 1902 1756 1921 eos
1770 1894 1853 1921 seclu-

1066 1937 1105 1963 di.
1119 1937 1196 1968 Quod
1212 1938 1296 1964 modis
1311 1938 1431 1965 omnibus
1444 1939 1577 1965 custodire
1591 1947 1638 1964 nos
1651 1940 1785 1970 conuenit,
1795 1941 1854 1975 quia

1067 1983 1109 2017 fas
1122 1991 1177 2010 esse
1190 1983 1259 2010 nulli
1278 1984 1428 2019 suppeditat
1440 2005 1447 2017 ,
1460 1991 1557 2019 praeter
1572 1985 1620 2011 illa
1636 1987 1783 2021 quidquam
1798 1995 1854 2022 qua

1067 2029 1247 2056 memorabilis
1264 2030 1376 2056 decrevit
1390 2030 1477 2065 forma
1488 2039 1601 2058 censere.
1615 2030 1776 2066 Respondet
1795 2032 1854 2058 Dal-

1067 2074 1144 2107 lteus,
1158 2075 1216 2102 hare
1230 2074 1257 2102 in
1273 2074 1382 2102 Nic-uno
1397 2083 1503 2102 canone
1520 2076 1669 2110 contineri,
1689 2078 1762 2112 quod
1777 2086 1854 2105 nemo

1067 2126 1148 2156 negat
1161 2142 1170 2153 ,
1181 2127 1208 2148 et
1221 2127 1344 2156 paternos
1358 2130 1473 2149 canones
1487 2142 1495 2154 ,
1509 2123 1600 2157 potius
1616 2123 1650 2150 ad
1667 2123 1795 2151 Nicaznos
1805 2123 1854 2151 Pa-

1067 2170 1121 2194 tres
1150 2175 1232 2202 quatn
1258 2168 1397 2202 apostolos
1429 2167 1524 2195 referri
1560 2167 1672 2196 debere.
1700 2170 1735 2198 At
1754 2178 1801 2197 nos
1821 2170 1853 2198 ad

226 2219 256 2243 et
266 2213 368 2242 Gelasii
382 2213 522 2249 epistolas,
538 2214 639 2250 quibus
659 2214 790 2242 nonnulla
805 2222 838 2242 ex
854 2214 888 2242 50
901 2215 1016 2242 eanoni-
1031 2220 1053 2247 ι)
1068 2213 1205 2248 apostolos
1220 2222 1273 2240 non
1287 2213 1442 2246 referimus,
1454 2214 1500 2241 sed
1513 2214 1546 2241 ad
1558 2213 1689 2242 Nicmnos
1700 2221 1728 2244 et
1743 2215 1854 2244 Nicaguis

226 2261 279 2291 bus
289 2260 448 2296 apostolicis
459 2264 702 2294 repmseutantur;
711 2265 740 2287 at
752 2261 775 2289 si
782 2260 897 2289 Dallasus
905 2266 1017 2296 putare-

226 2309 275 2342 rit,
287 2313 335 2336 aut
349 2308 401 2336 hos
412 2307 448 2335 50
464 2314 584 2334 canOnes
595 2326 603 2339 ,
620 2311 667 2334 aut
677 2314 773 2334 eorum
787 2307 894 2341 aliquos
908 2315 941 2334 ex
961 2306 1016 2334 illis

226 2354 363 2390 epistolis,
379 2356 428 2381 aut
442 2351 566 2387 cujusvis
577 2349 693 2378 Romani
706 2351 842 2386 pontiﬁcis
853 2351 963 2379 decreto
971 2359 1016 2379 as-

227 2405 353 2436 sumptos
361 2399 457 2431 fuisse,
470 2397 541 2434 fugit
557 2404 620 2424 eum
630 2397 743 2424 omnino
757 2397 837 2430 ratio,
845 2402 873 2424 et
889 2397 1017 2433 Dionysio

227 2446 373 2474 verissima
386 2444 505 2472 tradenti
521 2450 655 2478 perquam
675 2442 832 2476 importune
845 2443 913 2470 illud
929 2450 1016 2478 oppo-

229 2491 297 2524 suit,
308 2491 381 2527 quod
398 2494 492 2526 aperte
506 2489 606 2517 falsum
624 2491 677 2516 est.

265 2537 399 2565 Pratetea
414 2544 469 2564 non
484 2542 572 2571 pauca
583 2537 658 2567 sunt,
669 2541 731 2569 qua
739 2541 783 2561 me
794 2538 903 2562 movent
914 2538 944 2561 ut
957 2541 1017 2562 crcv

229 2583 294 2610 dam
312 2582 402 2617 ipsum
426 2580 566 2609 Gelasium
586 2585 723 2610 canones,
740 2578 787 2613 qui
805 2578 934 2606 dicuntur
949 2586 1017 2613 apo-

228 2627 376 2659 stolontnt,
389 2631 417 2655 et
434 2625 591 2657 admisisse,
617 2628 645 2652 et
658 2623 685 2651 in
697 2623 757 2651 suis
764 2624 887 2659 epistolis
896 2624 1018 2652 decreta-

229 2673 304 2702 libus
319 2680 399 2700 usum
415 2673 484 2707 ipsis
498 2671 595 2699 luisse.
608 2670 778 2699 Tricesimus
799 2671 871 2699 inter
894 2671 955 2698 illos
971 2678 1017 2698 ca-

228 2727 284 2748 non
299 2723 342 2748 est
358 2728 365 2746 ε
381 2718 411 2747 Si
426 2720 485 2754 quis
497 2719 649 2754 episcopus,
666 2723 714 2746 aut
726 2718 871 2754 presbyter,
892 2722 938 2744 aut
957 2717 1017 2743 diu-

228 2773 310 2794 eonus
324 2773 370 2800 per
387 2773 512 2799 pecunias
533 2765 601 2792 hanc
614 2765 757 2793 obtinuerit
768 2764 933 2799 dignitatem,
948 2764 1016 2798 deji~

230 2812 320 2840 tiatur
333 2815 359 2840 et
384 2811 439 2846 ipse
460 2816 486 2838 et
501 2812 639 2839 ordinator
661 2812 717 2847 ejus
730 2832 738 2845 ,
755 2816 780 2839 et
799 2820 816 2838 a
834 2811 1016 2838 communione

229 2858 315 2886 modis
339 2857 458 2886 omnibus
474 2858 655 2892 abscindatur,
684 2858 752 2885 sicut
779 2856 870 2886 Simon
891 2856 985 2893 Maqus
1001 2864 1016 2883 a

1069 2259 1149 2294 longe
1164 2259 1333 2294 antiquiores
1350 2259 1454 2287 Patres.
1477 2259 1510 2286 Ut
1526 2259 1676 2296 Dionysius
1691 2261 1811 2297 Exiguus
1828 2271 1854 2290 δε

1068 2304 1130 2330 ideo
1145 2308 1201 2330 tum
1227 2304 1421 2336 conciliorum,
1442 2309 1499 2332 tum
1514 2313 1579 2338 cos,
1604 2306 1653 2340 qui
1670 2308 1851 2341 apostolorum

1066 2349 1131 2376 dicti
1149 2353 1213 2377 sntit
1226 2357 1356 2384 canones,
1370 2350 1397 2377 in
1412 2349 1539 2378 Latinum
1561 2359 1724 2380 sermonem
1745 2358 1853 2381 translu-

1067 2395 1133 2423 lisse
1145 2397 1296 2431 prolitetur,
1313 2402 1342 2424 ut
1358 2398 1445 2424 sancti
1460 2397 1592 2433 pratsules
1603 2400 1730 2433 paternis
1746 2403 1852 2427 muniant-

1068 2444 1112 2466 tur
1126 2441 1233 2476 regulis.
1256 2441 1288 2469 Et
1304 2441 1440 2470 Ctesarius
1461 2448 1525 2478 post
1546 2447 1692 2478 acceptam
1717 2446 1850 2481 epistolam

1067 2484 1181 2514 Joannis
1194 2495 1270 2522 papae
1280 2486 1315 2521 ll,
1328 2496 1382 2523 qua
1402 2495 1523 2517 canones
1541 2489 1691 2524 apostolici
1710 2490 1765 2519 duo
1775 2492 1851 2520 conti—

1068 2532 1213 2565 nebantur,
1230 2533 1370 2569 subiungit
1387 2544 1394 2561 :
1410 2534 1478 2562 Ecce
1500 2535 1729 2570 manifestissime
1742 2545 1850 2571 constat,

1067 2579 1131 2613 quia
1150 2579 1292 2606 secundum
1305 2580 1376 2615 quod
1389 2585 1414 2607 et
1431 2581 1503 2607 tituli
1520 2581 1699 2616 antiquorum
1722 2583 1823 2612 Patrum
1837 2594 1848 2611 a

1072 2622 1102 2651 ε.
1114 2623 1216 2652 Joanne
1229 2633 1297 2660 papa
1313 2626 1476 2659 transmissi,
1489 2632 1514 2653 et
1533 2626 1586 2654 5l8
1601 2628 1788 2663 episcoporum
1803 2639 1849 2657 sen-

1069 2671 1163 2702 tentia,
1171 2670 1216 2697 sed
1223 2676 1248 2697 et
1256 2664 1511 2698 canoneslcallicani
1518 2673 1654 2699 continere
1667 2675 1797 2707 videnlur,
1804 2680 1846 2703 etc.

1103 2714 1237 2743 Praeterea
1252 2720 1280 2743 et
1294 2716 1352 2743 haec
1366 2720 1393 2742 et
1408 2716 1462 2742 alia
1483 2724 1544 2750 qua:
1569 2716 1655 2744 habet
1669 2717 1803 2752 Gclasius,
1817 2720 1845 2746 ita

1069 2762 1096 2789 in
1108 2760 1224 2789 Niczenis
1239 2761 1391 2789 canonibus
1407 2762 1595 2795 continentur,
1608 2768 1638 2790 ut
1652 2763 1739 2792 iidem
1758 2766 1844 2793 Nicatm

1069 2815 1189 2835 canones
1210 2813 1359 2842 agnoscant
1377 2809 1471 2837 eadem
1498 2809 1523 2836 in
1546 2808 1692 2843 prioribus
1710 2813 1844 2839 canonibus

1070 2859 1204 2892 praecepta
1232 2853 1327 2889 fuisse,
1347 2862 1416 2893 quos
1444 2855 1546 2883 scimus
1571 2855 1644 2884 inter
1659 2864 1787 2892 canones,
1805 2859 1842 2897 qui
