  <div class='ocr_page' id='page_1' title='image "/cluster/home/n/w/nwhite01/storage/ocr_20150623/5/njp.32101077772372/078.png"; bbox 0 0 1874 3070; ppageno 0'>
   <div class='ocr_carea' id='block_1_1' title="bbox 74 107 114 135">
    <p class='ocr_par' dir='ltr' id='par_1_1' title="bbox 74 107 114 135">
     <span class='ocr_line' id='line_1_1' title="bbox 74 107 114 135; baseline -0.025 0"><span class='ocrx_word' id='word_1_1' title='bbox 74 107 114 135; x_wconf 71' lang='grc'><strong>121</strong></span> 
     </span>
    </p>
   </div>
   <div class='ocr_carea' id='block_1_2' title="bbox 450 104 1282 135">
    <p class='ocr_par' dir='ltr' id='par_1_2' title="bbox 450 104 1282 135">
     <span class='ocr_line' id='line_1_2' title="bbox 450 104 1282 135; baseline 0.001 -1"><span class='ocrx_word' id='word_1_2' title='bbox 450 105 476 134; x_wconf 69' lang='grc'><strong>,1.</strong></span> <span class='ocrx_word' id='word_1_3' title='bbox 495 105 678 134; x_wconf 78' lang='lat' dir='ltr'><strong>PEARSONII</strong></span> <span class='ocrx_word' id='word_1_4' title='bbox 695 105 857 135; x_wconf 63' lang='lat' dir='ltr'><strong>VlNDlCl£</strong></span> <span class='ocrx_word' id='word_1_5' title='bbox 877 104 1083 134; x_wconf 68' lang='grc' dir='ltr'><strong>ΙΟΝΛΤΙΑΝᾹΞ.</strong></span> <span class='ocrx_word' id='word_1_6' title='bbox 1104 121 1138 127; x_wconf 95' lang='grc'><strong>-</strong></span> <span class='ocrx_word' id='word_1_7' title='bbox 1154 106 1244 134; x_wconf 82' lang='lat' dir='ltr'><strong>PARS</strong></span> <span class='ocrx_word' id='word_1_8' title='bbox 1262 106 1282 135; x_wconf 84' lang='lat' dir='ltr'><strong>l.</strong></span> 
     </span>
    </p>
   </div>
   <div class='ocr_carea' id='block_1_3' title="bbox 1634 110 1684 137">
    <p class='ocr_par' dir='ltr' id='par_1_3' title="bbox 1634 110 1684 137">
     <span class='ocr_line' id='line_1_3' title="bbox 1634 110 1684 137; baseline -0.02 0"><span class='ocrx_word' id='word_1_9' title='bbox 1634 110 1684 137; x_wconf 74' lang='lat' dir='ltr'><strong>l2‘3</strong></span> 
     </span>
    </p>
   </div>
   <div class='ocr_carea' id='block_1_4' title="bbox 72 167 1682 203">
    <p class='ocr_par' dir='ltr' id='par_1_4' title="bbox 72 167 1682 203">
     <span class='ocr_line' id='line_1_4' title="bbox 72 167 1682 203; baseline 0 -6"><span class='ocrx_word' id='word_1_10' title='bbox 72 170 190 197; x_wconf 82' lang='lat' dir='ltr'><strong>dicuntur</strong></span> <span class='ocrx_word' id='word_1_11' title='bbox 213 169 407 203; x_wconf 70' lang='lat' dir='ltr'><strong>apostolorum</strong></span> <span class='ocrx_word' id='word_1_12' title='bbox 437 173 597 197; x_wconf 88' lang='lat' dir='ltr'><strong>numeratos</strong></span> <span class='ocrx_word' id='word_1_13' title='bbox 622 169 716 197; x_wconf 84' lang='lat' dir='ltr'><strong>fuisse.</strong></span> <span class='ocrx_word' id='word_1_14' title='bbox 741 168 850 196; x_wconf 82' lang='lat' dir='ltr'><strong>Primus</strong></span> <span class='ocrx_word' id='word_1_15' title='bbox 864 170 886 197; x_wconf 83' lang='lat' dir='ltr'><strong>A</strong></span> <span class='ocrx_word' id='word_1_16' title='bbox 900 167 984 195; x_wconf 86' lang='lat' dir='ltr'><strong>refert</strong></span> <span class='ocrx_word' id='word_1_17' title='bbox 997 167 1184 195; x_wconf 86' lang='lat' dir='ltr'><strong>&#39;l&#39;hcodoretus</strong></span> <span class='ocrx_word' id='word_1_18' title='bbox 1199 167 1272 194; x_wconf 73' lang='lat' dir='ltr'><strong>Ilitt.</strong></span> <span class='ocrx_word' id='word_1_19' title='bbox 1294 168 1357 196; x_wconf 69' lang='grc' dir='ltr'><strong>ει·σῖ.</strong></span> <span class='ocrx_word' id='word_1_20' title='bbox 1374 169 1390 195; x_wconf 87' lang='grc' dir='ltr'><strong>Ι.</strong></span> <span class='ocrx_word' id='word_1_21' title='bbox 1408 176 1427 202; x_wconf 81' lang='lat' dir='ltr'><strong>t,</strong></span> <span class='ocrx_word' id='word_1_22' title='bbox 1443 176 1468 196; x_wconf 92' lang='lat' dir='ltr'><strong>c.</strong></span> <span class='ocrx_word' id='word_1_23' title='bbox 1485 169 1512 197; x_wconf 74' lang='lat'><strong>3.</strong></span> <span class='ocrx_word' id='word_1_24' title='bbox 1530 168 1578 197; x_wconf 70' lang='lat' dir='ltr'><strong>llic</strong></span> <span class='ocrx_word' id='word_1_25' title='bbox 1592 174 1682 198; x_wconf 80' lang='lat' dir='ltr'><strong>autem</strong></span> 
     </span>
    </p>
   </div>
   <div class='ocr_carea' id='block_1_5' title="bbox 72 213 849 250">
    <p class='ocr_par' dir='ltr' id='par_1_5' title="bbox 72 213 849 250">
     <span class='ocr_line' id='line_1_5' title="bbox 72 213 849 250; baseline -0.001 -8"><span class='ocrx_word' id='word_1_26' title='bbox 72 214 171 250; x_wconf 82' lang='lat' dir='ltr'><strong>quidem</strong></span> <span class='ocrx_word' id='word_1_27' title='bbox 187 213 299 242; x_wconf 64' lang='lat' dir='ltr'><strong>Niceni</strong></span> <span class='ocrx_word' id='word_1_28' title='bbox 311 214 417 242; x_wconf 84' lang='lat' dir='ltr'><strong>concilii</strong></span> <span class='ocrx_word' id='word_1_29' title='bbox 429 222 516 243; x_wconf 87' lang='lat' dir='ltr'><strong>canon</strong></span> <span class='ocrx_word' id='word_1_30' title='bbox 529 215 625 242; x_wconf 88' lang='lat' dir='ltr'><strong>eadem</strong></span> <span class='ocrx_word' id='word_1_31' title='bbox 643 215 773 248; x_wconf 76' lang='lat' dir='ltr'><strong>continet,</strong></span> <span class='ocrx_word' id='word_1_32' title='bbox 789 223 849 249; x_wconf 75' lang='lat' dir='ltr'><strong>quze</strong></span> 
     </span>
    </p>
   </div>
   <div class='ocr_carea' id='block_1_6' title="bbox 72 259 849 295">
    <p class='ocr_par' dir='ltr' id='par_1_6' title="bbox 72 259 849 295">
     <span class='ocr_line' id='line_1_6' title="bbox 72 259 849 295; baseline 0.001 -8"><span class='ocrx_word' id='word_1_33' title='bbox 72 268 114 287; x_wconf 86' lang='lat' dir='ltr'><strong>nos</strong></span> <span class='ocrx_word' id='word_1_34' title='bbox 130 268 163 287; x_wconf 78' lang='lat' dir='ltr'><strong>ex</strong></span> <span class='ocrx_word' id='word_1_35' title='bbox 179 259 297 288; x_wconf 82' lang='lat' dir='ltr'><strong>Gelasio</strong></span> <span class='ocrx_word' id='word_1_36' title='bbox 314 260 523 295; x_wconf 82' lang='lat' dir='ltr'><strong>descripsimus;</strong></span> <span class='ocrx_word' id='word_1_37' title='bbox 535 261 581 288; x_wconf 88' lang='lat' dir='ltr'><strong>sed</strong></span> <span class='ocrx_word' id='word_1_38' title='bbox 596 265 622 288; x_wconf 86' lang='lat' dir='ltr'><strong>et</strong></span> <span class='ocrx_word' id='word_1_39' title='bbox 641 261 711 288; x_wconf 87' lang='lat' dir='ltr'><strong>idem</strong></span> <span class='ocrx_word' id='word_1_40' title='bbox 731 261 849 288; x_wconf 87' lang='lat' dir='ltr'><strong>ostendit.</strong></span> 
     </span>
    </p>
   </div>
   <div class='ocr_carea' id='block_1_7' title="bbox 71 306 847 338">
    <p class='ocr_par' dir='ltr' id='par_1_7' title="bbox 71 306 847 338">
     <span class='ocr_line' id='line_1_7' title="bbox 71 306 847 338; baseline 0 -6"><span class='ocrx_word' id='word_1_41' title='bbox 71 313 192 333; x_wconf 82' lang='lat' dir='ltr'><strong>eanonem</strong></span> <span class='ocrx_word' id='word_1_42' title='bbox 215 310 284 334; x_wconf 86' lang='lat' dir='ltr'><strong>ante</strong></span> <span class='ocrx_word' id='word_1_43' title='bbox 301 306 327 334; x_wconf 92' lang='lat' dir='ltr'><strong>in</strong></span> <span class='ocrx_word' id='word_1_44' title='bbox 345 306 465 335; x_wconf 87' lang='lat' dir='ltr'><strong>Ecclesia</strong></span> <span class='ocrx_word' id='word_1_45' title='bbox 502 308 587 334; x_wconf 91' lang='lat' dir='ltr'><strong>latum</strong></span> <span class='ocrx_word' id='word_1_46' title='bbox 611 307 717 334; x_wconf 86' lang='lat' dir='ltr'><strong>fuisse:</strong></span> <span class='ocrx_word' id='word_1_47' title='bbox 732 307 766 333; x_wconf 79' lang='lat' dir='ltr'><strong>Et</strong></span> <span class='ocrx_word' id='word_1_48' title='bbox 776 315 847 338; x_wconf 80' lang='grc' dir='ltr'>τινες</span> 
     </span>
    </p>
   </div>
   <div class='ocr_carea' id='block_1_8' title="bbox 72 351 847 389">
    <p class='ocr_par' dir='ltr' id='par_1_8' title="bbox 72 351 847 389">
     <span class='ocr_line' id='line_1_8' title="bbox 72 351 847 389; baseline 0.004 -12"><span class='ocrx_word' id='word_1_49' title='bbox 72 351 116 377; x_wconf 61' lang='lat' dir='ltr'><strong>Diab</strong></span> <span class='ocrx_word' id='word_1_50' title='bbox 131 351 281 388; x_wconf 73' lang='grc' dir='ltr'><strong>βαρὸἀρων</strong></span> <span class='ocrx_word' id='word_1_51' title='bbox 303 352 318 388; x_wconf 80' lang='grc' dir='ltr'>ἦ</span> <span class='ocrx_word' id='word_1_52' title='bbox 333 352 469 380; x_wconf 80' lang='grc' dir='ltr'><strong>δεσποτῶν</strong></span> <span class='ocrx_word' id='word_1_53' title='bbox 483 353 705 389; x_wconf 73' lang='grc' dir='ltr'><strong>εὐνουχίσθησαν,</strong></span> <span class='ocrx_word' id='word_1_54' title='bbox 720 352 789 389; x_wconf 80' lang='grc' dir='ltr'><strong>[καὶ]</strong></span> <span class='ocrx_word' id='word_1_55' title='bbox 801 354 847 380; x_wconf 79' lang='grc' dir='ltr'><strong>εὐ-</strong></span> 
     </span>
    </p>
   </div>
   <div class='ocr_carea' id='block_1_9' title="bbox 72 396 847 434">
    <p class='ocr_par' dir='ltr' id='par_1_9' title="bbox 72 396 847 434">
     <span class='ocr_line' id='line_1_9' title="bbox 72 396 847 434; baseline 0.004 -12"><span class='ocrx_word' id='word_1_56' title='bbox 72 396 195 433; x_wconf 69' lang='grc' dir='ltr'><strong>ρίσκοιντο</strong></span> <span class='ocrx_word' id='word_1_57' title='bbox 205 397 297 429; x_wconf 68' lang='grc' dir='ltr'>ἄλλως</span> <span class='ocrx_word' id='word_1_58' title='bbox 308 397 385 431; x_wconf 78' lang='grc' dir='ltr'><strong>ἄξιοι,</strong></span> <span class='ocrx_word' id='word_1_59' title='bbox 396 399 459 430; x_wconf 62' lang='lat' dir='ltr'><strong>sub;</strong></span> <span class='ocrx_word' id='word_1_60' title='bbox 467 399 602 430; x_wconf 81' lang='grc' dir='ltr'><strong>τοιούτους</strong></span> <span class='ocrx_word' id='word_1_61' title='bbox 609 400 649 430; x_wconf 78' lang='grc' dir='ltr'><strong>εις</strong></span> <span class='ocrx_word' id='word_1_62' title='bbox 658 398 757 434; x_wconf 84' lang='grc' dir='ltr'><strong>κλῆρον</strong></span> <span class='ocrx_word' id='word_1_63' title='bbox 768 407 847 434; x_wconf 75' lang='grc' dir='ltr'><strong>προσ-</strong></span> 
     </span>
    </p>
   </div>
   <div class='ocr_carea' id='block_1_10' title="bbox 73 445 846 483">
    <p class='ocr_par' dir='ltr' id='par_1_10' title="bbox 73 445 846 483">
     <span class='ocr_line' id='line_1_10' title="bbox 73 445 846 483; baseline 0.006 -13"><span class='ocrx_word' id='word_1_64' title='bbox 73 445 133 471; x_wconf 77' lang='grc' dir='ltr'><strong>ίεται</strong></span> <span class='ocrx_word' id='word_1_65' title='bbox 146 446 160 472; x_wconf 84' lang='grc' dir='ltr'>ὁ</span> <span class='ocrx_word' id='word_1_66' title='bbox 174 445 278 472; x_wconf 67' lang='grc' dir='ltr'>κανών.</span> <span class='ocrx_word' id='word_1_67' title='bbox 303 445 379 479; x_wconf 88' lang='lat' dir='ltr'><strong>Quod</strong></span> <span class='ocrx_word' id='word_1_68' title='bbox 410 446 478 473; x_wconf 87' lang='lat' dir='ltr'><strong>nihil</strong></span> <span class='ocrx_word' id='word_1_69' title='bbox 510 447 584 475; x_wconf 83' lang='lat' dir='ltr'><strong>aliud</strong></span> <span class='ocrx_word' id='word_1_70' title='bbox 604 452 662 480; x_wconf 85' lang='lat' dir='ltr'><strong>est,</strong></span> <span class='ocrx_word' id='word_1_71' title='bbox 675 456 758 483; x_wconf 87' lang='lat' dir='ltr'><strong>quam</strong></span> <span class='ocrx_word' id='word_1_72' title='bbox 773 448 846 483; x_wconf 89' lang='lat' dir='ltr'><strong>quod</strong></span> 
     </span>
    </p>
   </div>
   <div class='ocr_carea' id='block_1_11' title="bbox 71 491 846 529">
    <p class='ocr_par' dir='ltr' id='par_1_11' title="bbox 71 491 846 529">
     <span class='ocr_line' id='line_1_11' title="bbox 71 491 846 529; baseline 0.005 -12"><span class='ocrx_word' id='word_1_73' title='bbox 71 497 149 518; x_wconf 81' lang='lat' dir='ltr'><strong>canon</strong></span> <span class='ocrx_word' id='word_1_74' title='bbox 175 491 348 526; x_wconf 77' lang='lat' dir='ltr'><strong>apostolicus</strong></span> <span class='ocrx_word' id='word_1_75' title='bbox 360 491 393 518; x_wconf 77' lang='grc'><strong>21</strong></span> <span class='ocrx_word' id='word_1_76' title='bbox 410 492 532 528; x_wconf 69' lang='lat' dir='ltr'><strong>prazcipit</strong></span> <span class='ocrx_word' id='word_1_77' title='bbox 547 502 553 520; x_wconf 90' lang='lat'><strong>:</strong></span> <span class='ocrx_word' id='word_1_78' title='bbox 570 492 732 526; x_wconf 72' lang='lat' dir='ltr'><strong>Eunuchus,</strong></span> <span class='ocrx_word' id='word_1_79' title='bbox 756 495 780 521; x_wconf 84' lang='lat' dir='ltr'><strong>si</strong></span> <span class='ocrx_word' id='word_1_80' title='bbox 799 502 846 529; x_wconf 84' lang='lat' dir='ltr'><strong>per</strong></span> 
     </span>
    </p>
   </div>
   <div class='ocr_carea' id='block_1_12' title="bbox 72 535 850 577">
    <p class='ocr_par' dir='ltr' id='par_1_12' title="bbox 72 535 850 577">
     <span class='ocr_line' id='line_1_12' title="bbox 72 535 850 577; baseline 0.013 -16"><span class='ocrx_word' id='word_1_81' title='bbox 72 535 172 562; x_wconf 71' lang='lat' dir='ltr'><strong>insidia:</strong></span> <span class='ocrx_word' id='word_1_82' title='bbox 191 536 330 565; x_wconf 74' lang='lat' dir='ltr'><strong>hominum</strong></span> <span class='ocrx_word' id='word_1_83' title='bbox 347 539 435 574; x_wconf 77' lang='lat' dir='ltr'><strong>factus</strong></span> <span class='ocrx_word' id='word_1_84' title='bbox 458 546 514 572; x_wconf 85' lang='lat' dir='ltr'><strong>est,</strong></span> <span class='ocrx_word' id='word_1_85' title='bbox 531 542 572 568; x_wconf 80' lang='lat' dir='ltr'><strong>vel</strong></span> <span class='ocrx_word' id='word_1_86' title='bbox 584 542 606 568; x_wconf 80' lang='lat' dir='ltr'><strong>si</strong></span> <span class='ocrx_word' id='word_1_87' title='bbox 623 543 649 569; x_wconf 86' lang='lat' dir='ltr'><strong>in</strong></span> <span class='ocrx_word' id='word_1_88' title='bbox 671 544 850 577; x_wconf 72' lang='lat' dir='ltr'><strong>persecutione</strong></span> 
     </span>
    </p>
   </div>
   <div class='ocr_carea' id='block_1_13' title="bbox 71 578 848 621">
    <p class='ocr_par' dir='ltr' id='par_1_13' title="bbox 71 578 848 621">
     <span class='ocr_line' id='line_1_13' title="bbox 71 578 848 621; baseline 0.014 -16"><span class='ocrx_word' id='word_1_89' title='bbox 71 578 120 612; x_wconf 78' lang='lat' dir='ltr'><strong>ejus</strong></span> <span class='ocrx_word' id='word_1_90' title='bbox 133 579 220 607; x_wconf 76' lang='lat' dir='ltr'><strong>virilia</strong></span> <span class='ocrx_word' id='word_1_91' title='bbox 235 587 378 617; x_wconf 76' lang='lat' dir='ltr'><strong>amputata</strong></span> <span class='ocrx_word' id='word_1_92' title='bbox 399 588 477 617; x_wconf 81' lang='lat' dir='ltr'><strong>sunt,</strong></span> <span class='ocrx_word' id='word_1_93' title='bbox 494 585 532 612; x_wconf 78' lang='lat' dir='ltr'><strong>uel</strong></span> <span class='ocrx_word' id='word_1_94' title='bbox 555 588 579 613; x_wconf 81' lang='lat' dir='ltr'><strong>si</strong></span> <span class='ocrx_word' id='word_1_95' title='bbox 599 587 636 614; x_wconf 82' lang='lat' dir='ltr'><strong>ita</strong></span> <span class='ocrx_word' id='word_1_96' title='bbox 660 593 737 615; x_wconf 85' lang='lat' dir='ltr'><strong>natus</strong></span> <span class='ocrx_word' id='word_1_97' title='bbox 754 593 803 621; x_wconf 79' lang='lat' dir='ltr'><strong>est,</strong></span> <span class='ocrx_word' id='word_1_98' title='bbox 825 595 848 616; x_wconf 84' lang='lat' dir='ltr'><strong>et</strong></span> 
     </span>
    </p>
   </div>
   <div class='ocr_carea' id='block_1_14' title="bbox 72 625 850 665">
    <p class='ocr_par' dir='ltr' id='par_1_14' title="bbox 72 625 850 665">
     <span class='ocr_line' id='line_1_14' title="bbox 72 625 850 665; baseline 0.015 -14"><span class='ocrx_word' id='word_1_99' title='bbox 72 625 221 661; x_wconf 67' lang='lat' dir='ltr'><strong>alligatis,</strong></span> <span class='ocrx_word' id='word_1_100' title='bbox 235 628 368 662; x_wconf 72' lang='lat' dir='ltr'><strong>efficiatur</strong></span> <span class='ocrx_word' id='word_1_101' title='bbox 390 631 537 665; x_wconf 76' lang='lat' dir='ltr'><strong>episcopus.</strong></span> <span class='ocrx_word' id='word_1_102' title='bbox 555 631 666 660; x_wconf 79' lang='lat' dir='ltr'><strong>Fatetur</strong></span> <span class='ocrx_word' id='word_1_103' title='bbox 684 633 800 663; x_wconf 73' lang='lat' dir='ltr'><strong>Dallteus</strong></span> <span class='ocrx_word' id='word_1_104' title='bbox 819 635 850 662; x_wconf 45' lang='lat' dir='ltr'><strong>li.</strong></span> 
     </span>
    </p>
   </div>
   <div class='ocr_carea' id='block_1_15' title="bbox 71 671 844 709">
    <p class='ocr_par' dir='ltr' id='par_1_15' title="bbox 71 671 844 709">
     <span class='ocr_line' id='line_1_15' title="bbox 71 671 844 709; baseline 0.009 -11"><span class='ocrx_word' id='word_1_105' title='bbox 71 671 106 698; x_wconf 83' lang='lat' dir='ltr'><strong>bri</strong></span> <span class='ocrx_word' id='word_1_106' title='bbox 116 679 193 706; x_wconf 89' lang='lat' dir='ltr'><strong>supra</strong></span> <span class='ocrx_word' id='word_1_107' title='bbox 205 673 342 700; x_wconf 91' lang='lat' dir='ltr'><strong>nominati</strong></span> <span class='ocrx_word' id='word_1_108' title='bbox 357 681 418 709; x_wconf 81' lang='lat' dir='ltr'><strong>cap.</strong></span> <span class='ocrx_word' id='word_1_109' title='bbox 433 674 457 706; x_wconf 73' lang='grc'><strong>4,</strong></span> <span class='ocrx_word' id='word_1_110' title='bbox 473 684 483 700; x_wconf 79' lang='lat' dir='ltr'><strong>s</strong></span> <span class='ocrx_word' id='word_1_111' title='bbox 495 674 579 702; x_wconf 86' lang='lat' dir='ltr'><strong>fuisse</strong></span> <span class='ocrx_word' id='word_1_112' title='bbox 589 675 647 708; x_wconf 86' lang='lat' dir='ltr'><strong>jam</strong></span> <span class='ocrx_word' id='word_1_113' title='bbox 659 681 721 703; x_wconf 89' lang='lat' dir='ltr'><strong>ante</strong></span> <span class='ocrx_word' id='word_1_114' title='bbox 729 675 844 705; x_wconf 69' lang='lat' dir='ltr'><strong>Niczenze</strong></span> 
     </span>
    </p>
   </div>
   <div class='ocr_carea' id='block_1_16' title="bbox 73 717 842 757">
    <p class='ocr_par' dir='ltr' id='par_1_16' title="bbox 73 717 842 757">
     <span class='ocr_line' id='line_1_16' title="bbox 73 717 842 757; baseline 0.008 -14"><span class='ocrx_word' id='word_1_115' title='bbox 73 717 155 751; x_wconf 76' lang='lat' dir='ltr'><strong>synodi</strong></span> <span class='ocrx_word' id='word_1_116' title='bbox 173 722 296 753; x_wconf 86' lang='lat' dir='ltr'><strong>tempora</strong></span> <span class='ocrx_word' id='word_1_117' title='bbox 320 719 441 754; x_wconf 82' lang='lat' dir='ltr'><strong>aliquam</strong></span> <span class='ocrx_word' id='word_1_118' title='bbox 459 720 485 747; x_wconf 92' lang='lat' dir='ltr'><strong>in</strong></span> <span class='ocrx_word' id='word_1_119' title='bbox 509 719 630 748; x_wconf 87' lang='lat' dir='ltr'><strong>Ecclesia</strong></span> <span class='ocrx_word' id='word_1_120' title='bbox 652 721 791 757; x_wconf 79' lang='lat' dir='ltr'><strong>regulam,</strong></span> <span class='ocrx_word' id='word_1_121' title='bbox 809 730 842 750; x_wconf 82' lang='lat' dir='ltr'><strong>ex</strong></span> 
     </span>
    </p>
   </div>
   <div class='ocr_carea' id='block_1_17' title="bbox 72 764 842 804">
    <p class='ocr_par' dir='ltr' id='par_1_17' title="bbox 72 764 842 804">
     <span class='ocr_line' id='line_1_17' title="bbox 72 764 842 804; baseline 0.008 -13"><span class='ocrx_word' id='word_1_122' title='bbox 72 772 116 798; x_wconf 86' lang='lat' dir='ltr'><strong>qua</strong></span> <span class='ocrx_word' id='word_1_123' title='bbox 129 764 182 792; x_wconf 71' lang='lat' dir='ltr'><strong>haec</strong></span> <span class='ocrx_word' id='word_1_124' title='bbox 204 765 242 792; x_wconf 87' lang='lat' dir='ltr'><strong>ita</strong></span> <span class='ocrx_word' id='word_1_125' title='bbox 269 766 541 801; x_wconf 76' lang='lat' dir='ltr'><strong>administrarentur,</strong></span> <span class='ocrx_word' id='word_1_126' title='bbox 563 775 622 795; x_wconf 90' lang='lat' dir='ltr'><strong>eam</strong></span> <span class='ocrx_word' id='word_1_127' title='bbox 653 769 774 804; x_wconf 79' lang='lat' dir='ltr'><strong>regulam</strong></span> <span class='ocrx_word' id='word_1_128' title='bbox 807 770 842 797; x_wconf 90' lang='lat' dir='ltr'><strong>ab</strong></span> 
     </span>
    </p>
   </div>
   <div class='ocr_carea' id='block_1_18' title="bbox 74 809 840 847">
    <p class='ocr_par' dir='ltr' id='par_1_18' title="bbox 74 809 840 847">
     <span class='ocr_line' id='line_1_18' title="bbox 74 809 840 847; baseline 0.008 -11"><span class='ocrx_word' id='word_1_129' title='bbox 74 809 129 844; x_wconf 83' lang='lat' dir='ltr'><strong>ipsis</strong></span> <span class='ocrx_word' id='word_1_130' title='bbox 157 811 287 845; x_wconf 82' lang='lat' dir='ltr'><strong>apostolis</strong></span> <span class='ocrx_word' id='word_1_131' title='bbox 325 811 363 839; x_wconf 91' lang='lat' dir='ltr'><strong>ita</strong></span> <span class='ocrx_word' id='word_1_132' title='bbox 393 812 494 840; x_wconf 82' lang='lat' dir='ltr'><strong>diserte</strong></span> <span class='ocrx_word' id='word_1_133' title='bbox 529 813 706 841; x_wconf 83' lang='lat' dir='ltr'><strong>constitutam</strong></span> <span class='ocrx_word' id='word_1_134' title='bbox 723 835 731 847; x_wconf 87' lang='lat'><strong>,</strong></span> <span class='ocrx_word' id='word_1_135' title='bbox 759 815 801 842; x_wconf 89' lang='lat' dir='ltr'><strong>vei</strong></span> <span class='ocrx_word' id='word_1_136' title='bbox 823 823 840 842; x_wconf 93' lang='lat' dir='ltr'><strong>a</strong></span> 
     </span>
    </p>
   </div>
   <div class='ocr_carea' id='block_1_19' title="bbox 73 855 839 898">
    <p class='ocr_par' dir='ltr' id='par_1_19' title="bbox 73 855 839 898">
     <span class='ocr_line' id='line_1_19' title="bbox 73 855 839 898; baseline 0.01 -16"><span class='ocrx_word' id='word_1_137' title='bbox 73 855 192 884; x_wconf 81' lang='lat' dir='ltr'><strong>Clemente</strong></span> <span class='ocrx_word' id='word_1_138' title='bbox 225 857 329 884; x_wconf 81' lang='lat' dir='ltr'><strong>litteris</strong></span> <span class='ocrx_word' id='word_1_139' title='bbox 365 858 541 892; x_wconf 84' lang='lat' dir='ltr'><strong>mandatam,</strong></span> <span class='ocrx_word' id='word_1_140' title='bbox 567 863 595 887; x_wconf 88' lang='lat' dir='ltr'><strong>ct</strong></span> <span class='ocrx_word' id='word_1_141' title='bbox 615 860 642 887; x_wconf 91' lang='lat' dir='ltr'><strong>in</strong></span> <span class='ocrx_word' id='word_1_142' title='bbox 670 860 751 888; x_wconf 88' lang='lat' dir='ltr'><strong>istam</strong></span> <span class='ocrx_word' id='word_1_143' title='bbox 783 862 839 898; x_wconf 83' lang='lat' dir='ltr'><strong>syl-</strong></span> 
     </span>
    </p>
   </div>
   <div class='ocr_carea' id='block_1_20' title="bbox 74 901 838 944">
    <p class='ocr_par' dir='ltr' id='par_1_20' title="bbox 74 901 838 944">
     <span class='ocr_line' id='line_1_20' title="bbox 74 901 838 944; baseline 0.012 -17"><span class='ocrx_word' id='word_1_144' title='bbox 74 901 153 936; x_wconf 80' lang='lat' dir='ltr'><strong>logen,</strong></span> <span class='ocrx_word' id='word_1_145' title='bbox 171 911 251 938; x_wconf 86' lang='lat' dir='ltr'><strong>quam</strong></span> <span class='ocrx_word' id='word_1_146' title='bbox 276 903 431 932; x_wconf 89' lang='lat' dir='ltr'><strong>Turrianns</strong></span> <span class='ocrx_word' id='word_1_147' title='bbox 445 905 580 939; x_wconf 87' lang='lat' dir='ltr'><strong>defendit,</strong></span> <span class='ocrx_word' id='word_1_148' title='bbox 600 907 712 934; x_wconf 85' lang='lat' dir='ltr'><strong>relatam</strong></span> <span class='ocrx_word' id='word_1_149' title='bbox 729 913 816 944; x_wconf 81' lang='lat' dir='ltr'><strong>negat.</strong></span> <span class='ocrx_word' id='word_1_150' title='bbox 827 918 838 935; x_wconf 70' lang='grc' dir='ltr'><strong>ι</strong></span> 
     </span>
    </p>
   </div>
   <div class='ocr_carea' id='block_1_21' title="bbox 73 947 841 987">
    <p class='ocr_par' dir='ltr' id='par_1_21' title="bbox 73 947 841 987">
     <span class='ocr_line' id='line_1_21' title="bbox 73 947 841 987; baseline 0.01 -13"><span class='ocrx_word' id='word_1_151' title='bbox 73 947 133 984; x_wconf 79' lang='lat' dir='ltr'><strong>Nego</strong></span> <span class='ocrx_word' id='word_1_152' title='bbox 150 955 175 977; x_wconf 88' lang='lat' dir='ltr'><strong>et</strong></span> <span class='ocrx_word' id='word_1_153' title='bbox 192 958 242 986; x_wconf 77' lang='lat' dir='ltr'><strong>ego</strong></span> <span class='ocrx_word' id='word_1_154' title='bbox 266 952 303 978; x_wconf 92' lang='lat' dir='ltr'><strong>ab</strong></span> <span class='ocrx_word' id='word_1_155' title='bbox 325 953 457 987; x_wconf 80' lang='lat' dir='ltr'><strong>apostolis</strong></span> <span class='ocrx_word' id='word_1_156' title='bbox 474 954 660 987; x_wconf 78' lang='lat' dir='ltr'><strong>constitutam,</strong></span> <span class='ocrx_word' id='word_1_157' title='bbox 675 962 690 980; x_wconf 87' lang='lat' dir='ltr'><strong>a</strong></span> <span class='ocrx_word' id='word_1_158' title='bbox 703 953 841 982; x_wconf 85' lang='lat' dir='ltr'><strong>Clemente</strong></span> 
     </span>
    </p>
   </div>
   <div class='ocr_carea' id='block_1_22' title="bbox 75 995 839 1034">
    <p class='ocr_par' dir='ltr' id='par_1_22' title="bbox 75 995 839 1034">
     <span class='ocr_line' id='line_1_22' title="bbox 75 995 839 1034; baseline 0.007 -12"><span class='ocrx_word' id='word_1_159' title='bbox 75 995 206 1030; x_wconf 78' lang='lat' dir='ltr'><strong>scriptam;</strong></span> <span class='ocrx_word' id='word_1_160' title='bbox 228 998 356 1033; x_wconf 88' lang='lat' dir='ltr'><strong>accipio,</strong></span> <span class='ocrx_word' id='word_1_161' title='bbox 383 999 456 1034; x_wconf 88' lang='lat' dir='ltr'><strong>quod</strong></span> <span class='ocrx_word' id='word_1_162' title='bbox 483 999 607 1034; x_wconf 78' lang='lat' dir='ltr'><strong>largitur,</strong></span> <span class='ocrx_word' id='word_1_163' title='bbox 621 1003 684 1027; x_wconf 86' lang='lat' dir='ltr'><strong>ante</strong></span> <span class='ocrx_word' id='word_1_164' title='bbox 703 999 839 1028; x_wconf 62' lang='lat' dir='ltr'><strong>Nicanam</strong></span> 
     </span>
    </p>
   </div>
   <div class='ocr_carea' id='block_1_23' title="bbox 73 1043 840 1082">
    <p class='ocr_par' dir='ltr' id='par_1_23' title="bbox 73 1043 840 1082">
     <span class='ocr_line' id='line_1_23' title="bbox 73 1043 840 1082; baseline 0.007 -14"><span class='ocrx_word' id='word_1_165' title='bbox 73 1043 187 1077; x_wconf 78' lang='lat' dir='ltr'><strong>synodum</strong></span> <span class='ocrx_word' id='word_1_166' title='bbox 199 1045 352 1076; x_wconf 74' lang='lat' dir='ltr'><strong>exstitisse,</strong></span> <span class='ocrx_word' id='word_1_167' title='bbox 365 1053 513 1080; x_wconf 88' lang='lat' dir='ltr'><strong>asseroque</strong></span> <span class='ocrx_word' id='word_1_168' title='bbox 532 1053 592 1073; x_wconf 85' lang='lat' dir='ltr'><strong>eam</strong></span> <span class='ocrx_word' id='word_1_169' title='bbox 612 1046 638 1073; x_wconf 93' lang='lat' dir='ltr'><strong>in</strong></span> <span class='ocrx_word' id='word_1_170' title='bbox 664 1045 737 1073; x_wconf 90' lang='lat' dir='ltr'><strong>illam</strong></span> <span class='ocrx_word' id='word_1_171' title='bbox 758 1046 840 1082; x_wconf 82' lang='lat' dir='ltr'><strong>syllo-</strong></span> 
     </span>
    </p>
   </div>
   <div class='ocr_carea' id='block_1_24' title="bbox 75 1091 837 1126">
    <p class='ocr_par' dir='ltr' id='par_1_24' title="bbox 75 1091 837 1126">
     <span class='ocr_line' id='line_1_24' title="bbox 75 1091 837 1126; baseline 0.007 -11"><span class='ocrx_word' id='word_1_172' title='bbox 75 1096 114 1123; x_wconf 79' lang='lat' dir='ltr'><strong>gen</strong></span> <span class='ocrx_word' id='word_1_173' title='bbox 124 1097 265 1123; x_wconf 88' lang='lat' dir='ltr'><strong>canonum,</strong></span> <span class='ocrx_word' id='word_1_174' title='bbox 281 1091 330 1126; x_wconf 88' lang='lat' dir='ltr'><strong>qui</strong></span> <span class='ocrx_word' id='word_1_175' title='bbox 346 1091 508 1119; x_wconf 88' lang='lat' dir='ltr'><strong>dicebantur</strong></span> <span class='ocrx_word' id='word_1_176' title='bbox 522 1093 708 1126; x_wconf 83' lang='lat' dir='ltr'><strong>apostolorum</strong></span> <span class='ocrx_word' id='word_1_177' title='bbox 724 1092 837 1120; x_wconf 88' lang='lat' dir='ltr'><strong>relatam</strong></span> 
     </span>
    </p>
   </div>
   <div class='ocr_carea' id='block_1_25' title="bbox 74 1134 839 1176">
    <p class='ocr_par' dir='ltr' id='par_1_25' title="bbox 74 1134 839 1176">
     <span class='ocr_line' id='line_1_25' title="bbox 74 1134 839 1176; baseline 0.008 -14"><span class='ocrx_word' id='word_1_178' title='bbox 74 1134 152 1163; x_wconf 77' lang='lat' dir='ltr'><strong>fuisse.</strong></span> <span class='ocrx_word' id='word_1_179' title='bbox 162 1136 290 1165; x_wconf 84' lang='lat' dir='ltr'><strong>Eamdem</strong></span> <span class='ocrx_word' id='word_1_180' title='bbox 308 1137 368 1165; x_wconf 89' lang='lat' dir='ltr'><strong>fere</strong></span> <span class='ocrx_word' id='word_1_181' title='bbox 379 1139 512 1165; x_wconf 85' lang='lat' dir='ltr'><strong>rationem</strong></span> <span class='ocrx_word' id='word_1_182' title='bbox 524 1146 584 1166; x_wconf 86' lang='lat' dir='ltr'><strong>esse</strong></span> <span class='ocrx_word' id='word_1_183' title='bbox 596 1143 765 1173; x_wconf 60' lang='lat' dir='ltr'><strong>cancrorum,</strong></span> <span class='ocrx_word' id='word_1_184' title='bbox 777 1148 839 1176; x_wconf 69' lang='lat' dir='ltr'><strong>quae</strong></span> 
     </span>
    </p>
   </div>
   <div class='ocr_carea' id='block_1_26' title="bbox 75 1181 836 1220">
    <p class='ocr_par' dir='ltr' id='par_1_26' title="bbox 75 1181 836 1220">
     <span class='ocr_line' id='line_1_26' title="bbox 75 1181 836 1220; baseline 0.008 -12"><span class='ocrx_word' id='word_1_185' title='bbox 75 1189 99 1208; x_wconf 80' lang='lat' dir='ltr'><strong>ex</strong></span> <span class='ocrx_word' id='word_1_186' title='bbox 113 1181 209 1210; x_wconf 58' lang='lat' dir='ltr'><strong>Nicena</strong></span> <span class='ocrx_word' id='word_1_187' title='bbox 221 1183 330 1219; x_wconf 83' lang='lat' dir='ltr'><strong>synodo</strong></span> <span class='ocrx_word' id='word_1_188' title='bbox 345 1184 449 1220; x_wconf 77' lang='lat' dir='ltr'><strong>colligit</strong></span> <span class='ocrx_word' id='word_1_189' title='bbox 461 1184 625 1216; x_wconf 88' lang='lat' dir='ltr'><strong>Turrianus,</strong></span> <span class='ocrx_word' id='word_1_190' title='bbox 642 1185 741 1213; x_wconf 81' lang='lat' dir='ltr'><strong>fatetur</strong></span> <span class='ocrx_word' id='word_1_191' title='bbox 753 1187 836 1214; x_wconf 88' lang='lat' dir='ltr'><strong>etiam</strong></span> 
     </span>
    </p>
   </div>
   <div class='ocr_carea' id='block_1_27' title="bbox 76 1226 837 1267">
    <p class='ocr_par' dir='ltr' id='par_1_27' title="bbox 76 1226 837 1267">
     <span class='ocr_line' id='line_1_27' title="bbox 76 1226 837 1267; baseline 0.009 -13"><span class='ocrx_word' id='word_1_192' title='bbox 76 1226 180 1256; x_wconf 76' lang='lat' dir='ltr'><strong>Dallteus.</strong></span> <span class='ocrx_word' id='word_1_193' title='bbox 198 1229 244 1257; x_wconf 88' lang='lat' dir='ltr'><strong>Sic</strong></span> <span class='ocrx_word' id='word_1_194' title='bbox 257 1230 346 1265; x_wconf 85' lang='lat' dir='ltr'><strong>igitur</strong></span> <span class='ocrx_word' id='word_1_195' title='bbox 359 1238 421 1258; x_wconf 90' lang='lat' dir='ltr'><strong>cum</strong></span> <span class='ocrx_word' id='word_1_196' title='bbox 437 1231 530 1258; x_wconf 88' lang='lat' dir='ltr'><strong>citavit</strong></span> <span class='ocrx_word' id='word_1_197' title='bbox 544 1232 609 1259; x_wconf 92' lang='lat' dir='ltr'><strong>illud</strong></span> <span class='ocrx_word' id='word_1_198' title='bbox 624 1233 696 1267; x_wconf 89' lang='lat' dir='ltr'><strong>quod</strong></span> <span class='ocrx_word' id='word_1_199' title='bbox 711 1233 739 1261; x_wconf 93' lang='lat' dir='ltr'><strong>in</strong></span> <span class='ocrx_word' id='word_1_200' title='bbox 754 1241 837 1261; x_wconf 85' lang='lat' dir='ltr'><strong>cano-</strong></span> 
     </span>
    </p>
   </div>
   <div class='ocr_carea' id='block_1_28' title="bbox 76 1274 838 1313">
    <p class='ocr_par' dir='ltr' id='par_1_28' title="bbox 76 1274 838 1313">
     <span class='ocr_line' id='line_1_28' title="bbox 76 1274 838 1313; baseline 0.008 -11"><span class='ocrx_word' id='word_1_201' title='bbox 76 1274 140 1303; x_wconf 82' lang='lat' dir='ltr'><strong>nihus</strong></span> <span class='ocrx_word' id='word_1_202' title='bbox 151 1275 191 1309; x_wconf 88' lang='grc'><strong>15,</strong></span> <span class='ocrx_word' id='word_1_203' title='bbox 207 1275 251 1309; x_wconf 80' lang='grc'><strong>16,</strong></span> <span class='ocrx_word' id='word_1_204' title='bbox 266 1277 283 1304; x_wconf 83' lang='lat'><strong>9</strong></span> <span class='ocrx_word' id='word_1_205' title='bbox 297 1282 326 1304; x_wconf 91' lang='lat' dir='ltr'><strong>et</strong></span> <span class='ocrx_word' id='word_1_206' title='bbox 345 1277 377 1304; x_wconf 87' lang='grc'><strong>10</strong></span> <span class='ocrx_word' id='word_1_207' title='bbox 389 1277 498 1305; x_wconf 86' lang='lat' dir='ltr'><strong>concilii</strong></span> <span class='ocrx_word' id='word_1_208' title='bbox 515 1277 617 1306; x_wconf 66' lang='lat' dir='ltr'><strong>Nicatni</strong></span> <span class='ocrx_word' id='word_1_209' title='bbox 631 1280 796 1313; x_wconf 88' lang='lat' dir='ltr'><strong>continetur,</strong></span> <span class='ocrx_word' id='word_1_210' title='bbox 809 1285 838 1308; x_wconf 89' lang='lat' dir='ltr'><strong>et</strong></span> 
     </span>
    </p>
   </div>
   <div class='ocr_carea' id='block_1_29' title="bbox 75 1320 834 1354">
    <p class='ocr_par' dir='ltr' id='par_1_29' title="bbox 75 1320 834 1354">
     <span class='ocr_line' id='line_1_29' title="bbox 75 1320 834 1354; baseline 0.009 -7"><span class='ocrx_word' id='word_1_211' title='bbox 75 1320 102 1347; x_wconf 80' lang='lat' dir='ltr'><strong>ab</strong></span> <span class='ocrx_word' id='word_1_212' title='bbox 110 1321 192 1349; x_wconf 83' lang='lat' dir='ltr'><strong>iisdem</strong></span> <span class='ocrx_word' id='word_1_213' title='bbox 204 1323 236 1350; x_wconf 88' lang='lat' dir='ltr'><strong>ad</strong></span> <span class='ocrx_word' id='word_1_214' title='bbox 248 1327 359 1351; x_wconf 81' lang='lat' dir='ltr'><strong>veteres</strong></span> <span class='ocrx_word' id='word_1_215' title='bbox 374 1331 422 1351; x_wconf 87' lang='lat' dir='ltr'><strong>seu</strong></span> <span class='ocrx_word' id='word_1_216' title='bbox 438 1325 639 1353; x_wconf 86' lang='lat' dir='ltr'><strong>ecclesiasticos</strong></span> <span class='ocrx_word' id='word_1_217' title='bbox 652 1333 770 1354; x_wconf 85' lang='lat' dir='ltr'><strong>canones</strong></span> <span class='ocrx_word' id='word_1_218' title='bbox 783 1326 834 1353; x_wconf 90' lang='lat' dir='ltr'><strong>ibi-</strong></span> 
     </span>
    </p>
   </div>
   <div class='ocr_carea' id='block_1_30' title="bbox 76 1368 836 1407">
    <p class='ocr_par' dir='ltr' id='par_1_30' title="bbox 76 1368 836 1407">
     <span class='ocr_line' id='line_1_30' title="bbox 76 1368 836 1407; baseline 0.008 -13"><span class='ocrx_word' id='word_1_219' title='bbox 76 1368 123 1395; x_wconf 86' lang='lat' dir='ltr'><strong>dem</strong></span> <span class='ocrx_word' id='word_1_220' title='bbox 138 1369 258 1404; x_wconf 74' lang='lat' dir='ltr'><strong>refertur,</strong></span> <span class='ocrx_word' id='word_1_221' title='bbox 272 1371 373 1399; x_wconf 85' lang='lat' dir='ltr'><strong>eodem</strong></span> <span class='ocrx_word' id='word_1_222' title='bbox 392 1380 474 1407; x_wconf 88' lang='lat' dir='ltr'><strong>opere</strong></span> <span class='ocrx_word' id='word_1_223' title='bbox 489 1373 615 1400; x_wconf 84' lang='lat' dir='ltr'><strong>laudasse</strong></span> <span class='ocrx_word' id='word_1_224' title='bbox 631 1373 730 1400; x_wconf 90' lang='lat' dir='ltr'><strong>librum</strong></span> <span class='ocrx_word' id='word_1_225' title='bbox 753 1380 836 1400; x_wconf 89' lang='lat' dir='ltr'><strong>cano-</strong></span> 
     </span>
    </p>
   </div>
   <div class='ocr_carea' id='block_1_31' title="bbox 75 1416 834 1454">
    <p class='ocr_par' dir='ltr' id='par_1_31' title="bbox 75 1416 834 1454">
     <span class='ocr_line' id='line_1_31' title="bbox 75 1416 834 1454; baseline 0.009 -14"><span class='ocrx_word' id='word_1_226' title='bbox 75 1422 135 1446; x_wconf 84' lang='lat' dir='ltr'><strong>num,</strong></span> <span class='ocrx_word' id='word_1_227' title='bbox 147 1416 189 1450; x_wconf 90' lang='lat' dir='ltr'><strong>qui</strong></span> <span class='ocrx_word' id='word_1_228' title='bbox 207 1418 353 1452; x_wconf 85' lang='lat' dir='ltr'><strong>apostolici</strong></span> <span class='ocrx_word' id='word_1_229' title='bbox 373 1418 543 1452; x_wconf 85' lang='lat' dir='ltr'><strong>dicebantur,</strong></span> <span class='ocrx_word' id='word_1_230' title='bbox 567 1419 681 1447; x_wconf 92' lang='lat' dir='ltr'><strong>omnino</strong></span> <span class='ocrx_word' id='word_1_231' title='bbox 698 1419 834 1454; x_wconf 85' lang='lat' dir='ltr'><strong>putandus</strong></span> 
     </span>
    </p>
   </div>
   <div class='ocr_carea' id='block_1_32' title="bbox 75 1462 835 1496">
    <p class='ocr_par' dir='ltr' id='par_1_32' title="bbox 75 1462 835 1496">
     <span class='ocr_line' id='line_1_32' title="bbox 75 1462 835 1496; baseline 0.008 -9"><span class='ocrx_word' id='word_1_232' title='bbox 75 1466 114 1493; x_wconf 62' lang='lat' dir='ltr'><strong>est,</strong></span> <span class='ocrx_word' id='word_1_233' title='bbox 125 1462 181 1496; x_wconf 83' lang='lat' dir='ltr'><strong>quia</strong></span> <span class='ocrx_word' id='word_1_234' title='bbox 200 1471 232 1491; x_wconf 89' lang='lat' dir='ltr'><strong>eo</strong></span> <span class='ocrx_word' id='word_1_235' title='bbox 250 1464 326 1492; x_wconf 90' lang='lat' dir='ltr'><strong>libro</strong></span> <span class='ocrx_word' id='word_1_236' title='bbox 338 1465 384 1492; x_wconf 90' lang='lat' dir='ltr'><strong>isti</strong></span> <span class='ocrx_word' id='word_1_237' title='bbox 403 1470 506 1493; x_wconf 85' lang='lat' dir='ltr'><strong>veteres</strong></span> <span class='ocrx_word' id='word_1_238' title='bbox 517 1473 638 1493; x_wconf 90' lang='lat' dir='ltr'><strong>canones</strong></span> <span class='ocrx_word' id='word_1_239' title='bbox 657 1465 835 1493; x_wconf 87' lang='lat' dir='ltr'><strong>contineban-</strong></span> 
     </span>
    </p>
   </div>
   <div class='ocr_carea' id='block_1_33' title="bbox 901 214 1682 251">
    <p class='ocr_par' dir='ltr' id='par_1_33' title="bbox 901 214 1682 251">
     <span class='ocr_line' id='line_1_33' title="bbox 901 214 1682 251; baseline 0.001 -9"><span class='ocrx_word' id='word_1_240' title='bbox 901 215 928 242; x_wconf 94' lang='lat' dir='ltr'><strong>in</strong></span> <span class='ocrx_word' id='word_1_241' title='bbox 943 215 1035 242; x_wconf 85' lang='lat' dir='ltr'><strong>codice</strong></span> <span class='ocrx_word' id='word_1_242' title='bbox 1047 214 1147 242; x_wconf 86' lang='lat' dir='ltr'><strong>Gelasii</strong></span> <span class='ocrx_word' id='word_1_243' title='bbox 1164 214 1215 242; x_wconf 91' lang='lat' dir='ltr'><strong>fuit</strong></span> <span class='ocrx_word' id='word_1_244' title='bbox 1230 214 1273 241; x_wconf 83' lang='grc'><strong>15.</strong></span> <span class='ocrx_word' id='word_1_245' title='bbox 1288 214 1356 241; x_wconf 84' lang='lat' dir='ltr'><strong>Cum</strong></span> <span class='ocrx_word' id='word_1_246' title='bbox 1373 215 1456 251; x_wconf 77' lang='lat' dir='ltr'><strong>igitur</strong></span> <span class='ocrx_word' id='word_1_247' title='bbox 1470 215 1584 243; x_wconf 71' lang='lat' dir='ltr'><strong>Dallazns</strong></span> <span class='ocrx_word' id='word_1_248' title='bbox 1599 217 1682 251; x_wconf 89' lang='lat' dir='ltr'><strong>quin-</strong></span> 
     </span>
    </p>
   </div>
   <div class='ocr_carea' id='block_1_34' title="bbox 899 260 1682 296">
    <p class='ocr_par' dir='ltr' id='par_1_34' title="bbox 899 260 1682 296">
     <span class='ocr_line' id='line_1_34' title="bbox 899 260 1682 296; baseline 0.004 -9"><span class='ocrx_word' id='word_1_249' title='bbox 899 260 1030 295; x_wconf 75' lang='lat' dir='ltr'><strong>quaginta</strong></span> <span class='ocrx_word' id='word_1_250' title='bbox 1047 265 1153 288; x_wconf 88' lang='lat' dir='ltr'><strong>tantum</strong></span> <span class='ocrx_word' id='word_1_251' title='bbox 1169 268 1288 288; x_wconf 89' lang='lat' dir='ltr'><strong>canones</strong></span> <span class='ocrx_word' id='word_1_252' title='bbox 1304 261 1355 288; x_wconf 89' lang='lat' dir='ltr'><strong>sub</strong></span> <span class='ocrx_word' id='word_1_253' title='bbox 1368 262 1553 296; x_wconf 82' lang='lat' dir='ltr'><strong>apostolorum</strong></span> <span class='ocrx_word' id='word_1_254' title='bbox 1571 263 1682 290; x_wconf 84' lang='lat' dir='ltr'><strong>nomine</strong></span> 
     </span>
    </p>
   </div>
   <div class='ocr_carea' id='block_1_35' title="bbox 899 306 1680 340">
    <p class='ocr_par' dir='ltr' id='par_1_35' title="bbox 899 306 1680 340">
     <span class='ocr_line' id='line_1_35' title="bbox 899 306 1680 340; baseline 0.003 -6"><span class='ocrx_word' id='word_1_255' title='bbox 899 315 957 334; x_wconf 65' lang='lat' dir='ltr'><strong>aevo</strong></span> <span class='ocrx_word' id='word_1_256' title='bbox 979 306 1124 334; x_wconf 80' lang='lat' dir='ltr'><strong>Gclasiano</strong></span> <span class='ocrx_word' id='word_1_257' title='bbox 1144 307 1282 334; x_wconf 82' lang='lat' dir='ltr'><strong>exstitisse</strong></span> <span class='ocrx_word' id='word_1_258' title='bbox 1304 307 1385 340; x_wconf 81' lang='lat' dir='ltr'><strong>velit,</strong></span> <span class='ocrx_word' id='word_1_259' title='bbox 1408 315 1469 335; x_wconf 91' lang='lat' dir='ltr'><strong>cum</strong></span> <span class='ocrx_word' id='word_1_260' title='bbox 1491 316 1523 335; x_wconf 81' lang='lat' dir='ltr'><strong>ex</strong></span> <span class='ocrx_word' id='word_1_261' title='bbox 1541 308 1594 336; x_wconf 88' lang='lat' dir='ltr'><strong>illis</strong></span> <span class='ocrx_word' id='word_1_262' title='bbox 1611 314 1680 336; x_wconf 87' lang='lat' dir='ltr'><strong>tota</strong></span> 
     </span>
    </p>
   </div>
   <div class='ocr_carea' id='block_1_36' title="bbox 901 351 1681 388">
    <p class='ocr_par' dir='ltr' id='par_1_36' title="bbox 901 351 1681 388">
     <span class='ocr_line' id='line_1_36' title="bbox 901 351 1681 388; baseline 0.003 -8"><span class='ocrx_word' id='word_1_263' title='bbox 901 351 1038 386; x_wconf 83' lang='lat' dir='ltr'><strong>Patribns,</strong></span> <span class='ocrx_word' id='word_1_264' title='bbox 1048 361 1063 380; x_wconf 85' lang='lat' dir='ltr'><strong>a</strong></span> <span class='ocrx_word' id='word_1_265' title='bbox 1071 353 1204 385; x_wconf 89' lang='lat' dir='ltr'><strong>conciliis,</strong></span> <span class='ocrx_word' id='word_1_266' title='bbox 1221 361 1236 380; x_wconf 90' lang='lat' dir='ltr'><strong>a</strong></span> <span class='ocrx_word' id='word_1_267' title='bbox 1249 352 1381 380; x_wconf 78' lang='lat' dir='ltr'><strong>Romanis</strong></span> <span class='ocrx_word' id='word_1_268' title='bbox 1392 354 1566 388; x_wconf 83' lang='lat' dir='ltr'><strong>pontificibus</strong></span> <span class='ocrx_word' id='word_1_269' title='bbox 1581 354 1681 382; x_wconf 87' lang='lat' dir='ltr'><strong>fuerint</strong></span> 
     </span>
    </p>
   </div>
   <div class='ocr_carea' id='block_1_37' title="bbox 897 399 1680 435">
    <p class='ocr_par' dir='ltr' id='par_1_37' title="bbox 897 399 1680 435">
     <span class='ocr_line' id='line_1_37' title="bbox 897 399 1680 435; baseline 0 -7"><span class='ocrx_word' id='word_1_270' title='bbox 897 401 998 428; x_wconf 82' lang='lat' dir='ltr'><strong>diserte</strong></span> <span class='ocrx_word' id='word_1_271' title='bbox 1010 399 1124 432; x_wconf 83' lang='lat' dir='ltr'><strong>laudati,</strong></span> <span class='ocrx_word' id='word_1_272' title='bbox 1139 399 1223 434; x_wconf 83' lang='lat' dir='ltr'><strong>aliqui</strong></span> <span class='ocrx_word' id='word_1_273' title='bbox 1236 399 1318 426; x_wconf 86' lang='lat' dir='ltr'><strong>etiam</strong></span> <span class='ocrx_word' id='word_1_274' title='bbox 1337 400 1371 426; x_wconf 89' lang='lat' dir='ltr'><strong>ab</strong></span> <span class='ocrx_word' id='word_1_275' title='bbox 1391 400 1449 434; x_wconf 86' lang='lat' dir='ltr'><strong>ipso</strong></span> <span class='ocrx_word' id='word_1_276' title='bbox 1467 400 1575 428; x_wconf 85' lang='lat' dir='ltr'><strong>Gelasio</strong></span> <span class='ocrx_word' id='word_1_277' title='bbox 1594 402 1680 435; x_wconf 81' lang='lat' dir='ltr'><strong>agniti</strong></span> 
     </span>
    </p>
   </div>
   <div class='ocr_carea' id='block_1_38' title="bbox 897 445 1679 483">
    <p class='ocr_par' dir='ltr' id='par_1_38' title="bbox 897 445 1679 483">
     <span class='ocr_line' id='line_1_38' title="bbox 897 445 1679 483; baseline 0.003 -10"><span class='ocrx_word' id='word_1_278' title='bbox 897 450 979 481; x_wconf 90' lang='lat' dir='ltr'><strong>atque</strong></span> <span class='ocrx_word' id='word_1_279' title='bbox 999 445 1116 482; x_wconf 87' lang='lat' dir='ltr'><strong>probati,</strong></span> <span class='ocrx_word' id='word_1_280' title='bbox 1136 453 1198 473; x_wconf 91' lang='lat' dir='ltr'><strong>cum</strong></span> <span class='ocrx_word' id='word_1_281' title='bbox 1215 445 1313 480; x_wconf 80' lang='lat' dir='ltr'><strong>reliqui</strong></span> <span class='ocrx_word' id='word_1_282' title='bbox 1331 445 1451 481; x_wconf 81' lang='lat' dir='ltr'><strong>ejusdem</strong></span> <span class='ocrx_word' id='word_1_283' title='bbox 1475 447 1554 482; x_wconf 91' lang='lat' dir='ltr'><strong>plane</strong></span> <span class='ocrx_word' id='word_1_284' title='bbox 1572 448 1679 483; x_wconf 76' lang='lat' dir='ltr'><strong>generis</strong></span> 
     </span>
    </p>
   </div>
   <div class='ocr_carea' id='block_1_39' title="bbox 897 491 1678 528">
    <p class='ocr_par' dir='ltr' id='par_1_39' title="bbox 897 491 1678 528">
     <span class='ocr_line' id='line_1_39' title="bbox 897 491 1678 528; baseline 0 -8"><span class='ocrx_word' id='word_1_285' title='bbox 897 493 952 520; x_wconf 91' lang='lat' dir='ltr'><strong>sint</strong></span> <span class='ocrx_word' id='word_1_286' title='bbox 965 497 992 520; x_wconf 91' lang='lat' dir='ltr'><strong>et</strong></span> <span class='ocrx_word' id='word_1_287' title='bbox 1008 492 1034 519; x_wconf 93' lang='lat' dir='ltr'><strong>in</strong></span> <span class='ocrx_word' id='word_1_288' title='bbox 1048 491 1142 519; x_wconf 88' lang='lat' dir='ltr'><strong>eodem</strong></span> <span class='ocrx_word' id='word_1_289' title='bbox 1159 499 1222 519; x_wconf 86' lang='lat' dir='ltr'><strong>eum</strong></span> <span class='ocrx_word' id='word_1_290' title='bbox 1243 491 1286 519; x_wconf 88' lang='lat' dir='ltr'><strong>bis</strong></span> <span class='ocrx_word' id='word_1_291' title='bbox 1305 492 1372 520; x_wconf 88' lang='lat' dir='ltr'><strong>adeo</strong></span> <span class='ocrx_word' id='word_1_292' title='bbox 1389 494 1504 528; x_wconf 82' lang='lat' dir='ltr'><strong>receptis</strong></span> <span class='ocrx_word' id='word_1_293' title='bbox 1518 498 1598 528; x_wconf 88' lang='lat' dir='ltr'><strong>atque</strong></span> <span class='ocrx_word' id='word_1_294' title='bbox 1613 501 1678 528; x_wconf 91' lang='lat' dir='ltr'><strong>pro-</strong></span> 
     </span>
    </p>
   </div>
   <div class='ocr_carea' id='block_1_40' title="bbox 896 537 1678 574">
    <p class='ocr_par' dir='ltr' id='par_1_40' title="bbox 896 537 1678 574">
     <span class='ocr_line' id='line_1_40' title="bbox 896 537 1678 574; baseline 0.001 -8"><span class='ocrx_word' id='word_1_295' title='bbox 896 539 966 566; x_wconf 88' lang='lat' dir='ltr'><strong>batis</strong></span> <span class='ocrx_word' id='word_1_296' title='bbox 981 537 1074 566; x_wconf 89' lang='lat' dir='ltr'><strong>codice</strong></span> <span class='ocrx_word' id='word_1_297' title='bbox 1085 538 1280 573; x_wconf 69' lang='lat' dir='ltr'><strong>reprmsentati,</strong></span> <span class='ocrx_word' id='word_1_298' title='bbox 1293 546 1342 566; x_wconf 89' lang='lat' dir='ltr'><strong>cur</strong></span> <span class='ocrx_word' id='word_1_299' title='bbox 1354 538 1461 566; x_wconf 83' lang='lat' dir='ltr'><strong>Librum</strong></span> <span class='ocrx_word' id='word_1_300' title='bbox 1473 540 1517 574; x_wconf 88' lang='lat' dir='ltr'><strong>qui</strong></span> <span class='ocrx_word' id='word_1_301' title='bbox 1529 540 1678 574; x_wconf 75' lang='lat' dir='ltr'><strong>appellatur</strong></span> 
     </span>
    </p>
   </div>
   <div class='ocr_carea' id='block_1_41' title="bbox 897 585 1678 620">
    <p class='ocr_par' dir='ltr' id='par_1_41' title="bbox 897 585 1678 620">
     <span class='ocr_line' id='line_1_41' title="bbox 897 585 1678 620; baseline 0.001 -8"><span class='ocrx_word' id='word_1_302' title='bbox 897 585 1022 612; x_wconf 85' lang='lat' dir='ltr'><strong>Canones</strong></span> <span class='ocrx_word' id='word_1_303' title='bbox 1038 586 1224 619; x_wconf 86' lang='lat' dir='ltr'><strong>apostolorum</strong></span> <span class='ocrx_word' id='word_1_304' title='bbox 1238 585 1415 620; x_wconf 81' lang='lat' dir='ltr'><strong>apocryphum</strong></span> <span class='ocrx_word' id='word_1_305' title='bbox 1429 585 1464 612; x_wconf 88' lang='lat' dir='ltr'><strong>ita</strong></span> <span class='ocrx_word' id='word_1_306' title='bbox 1477 585 1633 620; x_wconf 84' lang='lat' dir='ltr'><strong>appellaret,</strong></span> <span class='ocrx_word' id='word_1_307' title='bbox 1647 592 1678 614; x_wconf 90' lang='lat' dir='ltr'><strong>ut</strong></span> 
     </span>
    </p>
   </div>
   <div class='ocr_carea' id='block_1_42' title="bbox 895 631 1678 668">
    <p class='ocr_par' dir='ltr' id='par_1_42' title="bbox 895 631 1678 668">
     <span class='ocr_line' id='line_1_42' title="bbox 895 631 1678 668; baseline 0.001 -10"><span class='ocrx_word' id='word_1_308' title='bbox 895 631 966 658; x_wconf 89' lang='lat' dir='ltr'><strong>inter</strong></span> <span class='ocrx_word' id='word_1_309' title='bbox 980 631 1024 658; x_wconf 86' lang='lat' dir='ltr'><strong>illa</strong></span> <span class='ocrx_word' id='word_1_310' title='bbox 1038 640 1096 668; x_wconf 74' lang='lat' dir='ltr'><strong>qua:</strong></span> <span class='ocrx_word' id='word_1_311' title='bbox 1111 631 1143 658; x_wconf 83' lang='lat' dir='ltr'><strong>ab</strong></span> <span class='ocrx_word' id='word_1_312' title='bbox 1163 631 1293 658; x_wconf 75' lang='lat' dir='ltr'><strong>ha-reticis</strong></span> <span class='ocrx_word' id='word_1_313' title='bbox 1310 632 1363 657; x_wconf 72' lang='lat' dir='ltr'><strong>sive</strong></span> <span class='ocrx_word' id='word_1_314' title='bbox 1376 631 1550 658; x_wconf 75' lang='lat' dir='ltr'><strong>schismaticis</strong></span> <span class='ocrx_word' id='word_1_315' title='bbox 1565 634 1678 659; x_wconf 74' lang='lat' dir='ltr'><strong>conscri-</strong></span> 
     </span>
    </p>
   </div>
   <div class='ocr_carea' id='block_1_43' title="bbox 892 676 1677 712">
    <p class='ocr_par' dir='ltr' id='par_1_43' title="bbox 892 676 1677 712">
     <span class='ocr_line' id='line_1_43' title="bbox 892 676 1677 712; baseline 0.003 -8"><span class='ocrx_word' id='word_1_316' title='bbox 892 684 939 712; x_wconf 89' lang='lat' dir='ltr'><strong>pta</strong></span> <span class='ocrx_word' id='word_1_317' title='bbox 960 682 1031 710; x_wconf 82' lang='lat' dir='ltr'><strong>sunt,</strong></span> <span class='ocrx_word' id='word_1_318' title='bbox 1047 681 1213 709; x_wconf 87' lang='lat' dir='ltr'><strong>numeraret,</strong></span> <span class='ocrx_word' id='word_1_319' title='bbox 1229 682 1259 704; x_wconf 93' lang='lat' dir='ltr'><strong>ut</strong></span> <span class='ocrx_word' id='word_1_320' title='bbox 1285 676 1435 703; x_wconf 68' lang='lat' dir='ltr'><strong>nullatenus</strong></span> <span class='ocrx_word' id='word_1_321' title='bbox 1455 686 1471 704; x_wconf 79' lang='grc' dir='ltr'><em>α</em></span> <span class='ocrx_word' id='word_1_322' title='bbox 1497 678 1628 705; x_wconf 80' lang='lat' dir='ltr'><strong>catholica</strong></span> <span class='ocrx_word' id='word_1_323' title='bbox 1651 683 1677 706; x_wconf 80' lang='lat' dir='ltr'><strong>et</strong></span> 
     </span>
    </p>
   </div>
   <div class='ocr_carea' id='block_1_44' title="bbox 892 722 1675 758">
    <p class='ocr_par' dir='ltr' id='par_1_44' title="bbox 892 722 1675 758">
     <span class='ocr_line' id='line_1_44' title="bbox 892 722 1675 758; baseline 0.001 -8"><span class='ocrx_word' id='word_1_324' title='bbox 892 723 1038 758; x_wconf 78' lang='lat' dir='ltr'><strong>apostolica</strong></span> <span class='ocrx_word' id='word_1_325' title='bbox 1053 722 1170 750; x_wconf 84' lang='lat' dir='ltr'><strong>Romana</strong></span> <span class='ocrx_word' id='word_1_326' title='bbox 1184 722 1302 749; x_wconf 76' lang='lat' dir='ltr'><strong>Ecclesia</strong></span> <span class='ocrx_word' id='word_1_327' title='bbox 1317 727 1447 756; x_wconf 73' lang='lat' dir='ltr'><strong>receptum</strong></span> <span class='ocrx_word' id='word_1_328' title='bbox 1466 722 1607 755; x_wconf 89' lang='lat' dir='ltr'><strong>indicaret,</strong></span> <span class='ocrx_word' id='word_1_329' title='bbox 1619 727 1646 750; x_wconf 84' lang='lat' dir='ltr'><strong>et</strong></span> <span class='ocrx_word' id='word_1_330' title='bbox 1659 732 1675 751; x_wconf 90' lang='lat' dir='ltr'><strong>a</strong></span> 
     </span>
    </p>
   </div>
   <div class='ocr_carea' id='block_1_45' title="bbox 891 768 1676 804">
    <p class='ocr_par' dir='ltr' id='par_1_45' title="bbox 891 768 1676 804">
     <span class='ocr_line' id='line_1_45' title="bbox 891 768 1676 804; baseline 0.001 -8"><span class='ocrx_word' id='word_1_331' title='bbox 891 769 1027 796; x_wconf 78' lang='lat' dir='ltr'><strong>catholicis</strong></span> <span class='ocrx_word' id='word_1_332' title='bbox 1043 769 1178 796; x_wconf 79' lang='lat' dir='ltr'><strong>vitandum</strong></span> <span class='ocrx_word' id='word_1_333' title='bbox 1195 769 1393 804; x_wconf 87' lang='lat' dir='ltr'><strong>pronuntiaret,</strong></span> <span class='ocrx_word' id='word_1_334' title='bbox 1409 768 1477 795; x_wconf 89' lang='lat' dir='ltr'><strong>ratio</strong></span> <span class='ocrx_word' id='word_1_335' title='bbox 1488 768 1562 796; x_wconf 89' lang='lat' dir='ltr'><strong>nulla</strong></span> <span class='ocrx_word' id='word_1_336' title='bbox 1573 769 1614 796; x_wconf 88' lang='lat' dir='ltr'><strong>vel</strong></span> <span class='ocrx_word' id='word_1_337' title='bbox 1625 777 1676 797; x_wconf 76' lang='lat' dir='ltr'><strong>ex-</strong></span> 
     </span>
    </p>
   </div>
   <div class='ocr_carea' id='block_1_46' title="bbox 891 817 1114 852">
    <p class='ocr_par' dir='ltr' id='par_1_46' title="bbox 891 817 1114 852">
     <span class='ocr_line' id='line_1_46' title="bbox 891 817 1114 852; baseline -0.009 -7"><span class='ocrx_word' id='word_1_338' title='bbox 891 817 1003 852; x_wconf 83' lang='lat' dir='ltr'><strong>cogitari</strong></span> <span class='ocrx_word' id='word_1_339' title='bbox 1016 821 1114 852; x_wconf 84' lang='lat' dir='ltr'><strong>potest.</strong></span> 
     </span>
    </p>
   </div>
   <div class='ocr_carea' id='block_1_47' title="bbox 927 862 1673 898">
    <p class='ocr_par' dir='ltr' id='par_1_47' title="bbox 927 862 1673 898">
     <span class='ocr_line' id='line_1_47' title="bbox 927 862 1673 898; baseline 0.001 -7"><span class='ocrx_word' id='word_1_340' title='bbox 927 863 1004 897; x_wconf 59' lang='lat' dir='ltr'><strong>Hac,</strong></span> <span class='ocrx_word' id='word_1_341' title='bbox 1017 863 1126 898; x_wconf 89' lang='lat' dir='ltr'><strong>opinor,</strong></span> <span class='ocrx_word' id='word_1_342' title='bbox 1144 863 1212 890; x_wconf 89' lang='lat' dir='ltr'><strong>adeo</strong></span> <span class='ocrx_word' id='word_1_343' title='bbox 1228 870 1243 890; x_wconf 85' lang='lat' dir='ltr'><strong>a</strong></span> <span class='ocrx_word' id='word_1_344' title='bbox 1262 867 1352 890; x_wconf 87' lang='lat' dir='ltr'><strong>mente</strong></span> <span class='ocrx_word' id='word_1_345' title='bbox 1365 862 1464 890; x_wconf 86' lang='lat' dir='ltr'><strong>Gclasii</strong></span> <span class='ocrx_word' id='word_1_346' title='bbox 1474 863 1621 891; x_wconf 87' lang='lat' dir='ltr'><strong>abhorrere</strong></span> <span class='ocrx_word' id='word_1_347' title='bbox 1631 865 1673 892; x_wconf 92' lang='lat' dir='ltr'><strong>vi-</strong></span> 
     </span>
    </p>
   </div>
   <div class='ocr_carea' id='block_1_48' title="bbox 891 907 1674 942">
    <p class='ocr_par' dir='ltr' id='par_1_48' title="bbox 891 907 1674 942">
     <span class='ocr_line' id='line_1_48' title="bbox 891 907 1674 942; baseline 0 -5"><span class='ocrx_word' id='word_1_348' title='bbox 891 909 1036 941; x_wconf 87' lang='lat' dir='ltr'><strong>debantur,</strong></span> <span class='ocrx_word' id='word_1_349' title='bbox 1050 913 1079 936; x_wconf 88' lang='lat' dir='ltr'><strong>ut</strong></span> <span class='ocrx_word' id='word_1_350' title='bbox 1094 908 1151 936; x_wconf 62' lang='lat' dir='ltr'><strong>huic</strong></span> <span class='ocrx_word' id='word_1_351' title='bbox 1167 908 1226 942; x_wconf 82' lang='lat' dir='ltr'><strong>ipsa</strong></span> <span class='ocrx_word' id='word_1_352' title='bbox 1243 907 1325 935; x_wconf 90' lang='lat' dir='ltr'><strong>verba</strong></span> <span class='ocrx_word' id='word_1_353' title='bbox 1347 915 1362 935; x_wconf 92' lang='lat' dir='ltr'><strong>e</strong></span> <span class='ocrx_word' id='word_1_354' title='bbox 1376 908 1485 936; x_wconf 83' lang='lat' dir='ltr'><strong>decreto</strong></span> <span class='ocrx_word' id='word_1_355' title='bbox 1497 909 1631 936; x_wconf 87' lang='lat' dir='ltr'><strong>eradenda</strong></span> <span class='ocrx_word' id='word_1_356' title='bbox 1642 917 1674 937; x_wconf 92' lang='lat' dir='ltr'><strong>ac</strong></span> 
     </span>
    </p>
   </div>
   <div class='ocr_carea' id='block_1_49' title="bbox 890 952 1671 989">
    <p class='ocr_par' dir='ltr' id='par_1_49' title="bbox 890 952 1671 989">
     <span class='ocr_line' id='line_1_49' title="bbox 890 952 1671 989; baseline 0 -7"><span class='ocrx_word' id='word_1_357' title='bbox 890 955 1000 989; x_wconf 87' lang='lat' dir='ltr'><strong>penitus</strong></span> <span class='ocrx_word' id='word_1_358' title='bbox 1016 953 1328 989; x_wconf 86' lang='lat' dir='ltr'><strong>tollendajudicaverint</strong></span> <span class='ocrx_word' id='word_1_359' title='bbox 1342 953 1477 981; x_wconf 84' lang='lat' dir='ltr'><strong>nonnulli.</strong></span> <span class='ocrx_word' id='word_1_360' title='bbox 1492 952 1559 981; x_wconf 83' lang='lat' dir='ltr'><strong>Nam</strong></span> <span class='ocrx_word' id='word_1_361' title='bbox 1576 954 1603 981; x_wconf 93' lang='lat' dir='ltr'><strong>in</strong></span> <span class='ocrx_word' id='word_1_362' title='bbox 1619 962 1671 982; x_wconf 87' lang='lat' dir='ltr'><strong>ms.</strong></span> 
     </span>
    </p>
   </div>
   <div class='ocr_carea' id='block_1_50' title="bbox 891 997 1673 1027">
    <p class='ocr_par' dir='ltr' id='par_1_50' title="bbox 891 997 1673 1027">
     <span class='ocr_line' id='line_1_50' title="bbox 891 997 1673 1027; baseline -0.003 0"><span class='ocrx_word' id='word_1_363' title='bbox 891 1004 985 1027; x_wconf 70' lang='lat' dir='ltr'><strong>DOSII‘O</strong></span> <span class='ocrx_word' id='word_1_364' title='bbox 1000 1003 1062 1026; x_wconf 91' lang='lat' dir='ltr'><strong>ante</strong></span> <span class='ocrx_word' id='word_1_365' title='bbox 1079 1003 1224 1026; x_wconf 84' lang='lat' dir='ltr'><strong>sexcentos</strong></span> <span class='ocrx_word' id='word_1_366' title='bbox 1238 997 1294 1026; x_wconf 81' lang='lat' dir='ltr'><strong>fere</strong></span> <span class='ocrx_word' id='word_1_367' title='bbox 1308 1006 1395 1025; x_wconf 88' lang='lat' dir='ltr'><strong>annos</strong></span> <span class='ocrx_word' id='word_1_368' title='bbox 1406 1003 1518 1026; x_wconf 78' lang='lat' dir='ltr'><strong>exarato</strong></span> <span class='ocrx_word' id='word_1_369' title='bbox 1529 1006 1582 1025; x_wconf 93' lang='lat' dir='ltr'><strong>non</strong></span> <span class='ocrx_word' id='word_1_370' title='bbox 1598 1007 1673 1026; x_wconf 89' lang='lat' dir='ltr'><strong>com-</strong></span> 
     </span>
    </p>
   </div>
   <div class='ocr_carea' id='block_1_51' title="bbox 889 1045 1673 1081">
    <p class='ocr_par' dir='ltr' id='par_1_51' title="bbox 889 1045 1673 1081">
     <span class='ocr_line' id='line_1_51' title="bbox 889 1045 1673 1081; baseline -0.001 -7"><span class='ocrx_word' id='word_1_371' title='bbox 889 1050 1000 1081; x_wconf 87' lang='lat' dir='ltr'><strong>parent:</strong></span> <span class='ocrx_word' id='word_1_372' title='bbox 1015 1050 1042 1073; x_wconf 90' lang='lat' dir='ltr'><strong>et</strong></span> <span class='ocrx_word' id='word_1_373' title='bbox 1052 1045 1217 1073; x_wconf 87' lang='lat' dir='ltr'><strong>Hincmarus</strong></span> <span class='ocrx_word' id='word_1_374' title='bbox 1227 1045 1353 1073; x_wconf 89' lang='lat' dir='ltr'><strong>ducentis</strong></span> <span class='ocrx_word' id='word_1_375' title='bbox 1367 1045 1456 1072; x_wconf 87' lang='lat' dir='ltr'><strong>adhuc</strong></span> <span class='ocrx_word' id='word_1_376' title='bbox 1472 1045 1563 1072; x_wconf 86' lang='lat' dir='ltr'><strong>senior</strong></span> <span class='ocrx_word' id='word_1_377' title='bbox 1579 1046 1605 1073; x_wconf 95' lang='lat' dir='ltr'><strong>in</strong></span> <span class='ocrx_word' id='word_1_378' title='bbox 1621 1053 1673 1073; x_wconf 82' lang='lat' dir='ltr'><strong>suo</strong></span> 
     </span>
    </p>
   </div>
   <div class='ocr_carea' id='block_1_52' title="bbox 889 1091 1670 1126">
    <p class='ocr_par' dir='ltr' id='par_1_52' title="bbox 889 1091 1670 1126">
     <span class='ocr_line' id='line_1_52' title="bbox 889 1091 1670 1126; baseline -0.001 -6"><span class='ocrx_word' id='word_1_379' title='bbox 889 1092 982 1120; x_wconf 87' lang='lat' dir='ltr'><strong>codice</strong></span> <span class='ocrx_word' id='word_1_380' title='bbox 995 1091 1055 1119; x_wconf 89' lang='lat' dir='ltr'><strong>sine</strong></span> <span class='ocrx_word' id='word_1_381' title='bbox 1070 1091 1153 1119; x_wconf 89' lang='lat' dir='ltr'><strong>dubio</strong></span> <span class='ocrx_word' id='word_1_382' title='bbox 1164 1099 1218 1119; x_wconf 90' lang='lat' dir='ltr'><strong>non</strong></span> <span class='ocrx_word' id='word_1_383' title='bbox 1234 1091 1346 1118; x_wconf 86' lang='lat' dir='ltr'><strong>invenit.</strong></span> <span class='ocrx_word' id='word_1_384' title='bbox 1363 1091 1400 1118; x_wconf 71' lang='grc' dir='ltr'><strong>ιω</strong></span> <span class='ocrx_word' id='word_1_385' title='bbox 1412 1092 1484 1118; x_wconf 90' lang='lat' dir='ltr'><strong>enim</strong></span> <span class='ocrx_word' id='word_1_386' title='bbox 1501 1091 1558 1126; x_wconf 87' lang='lat' dir='ltr'><strong>ipse</strong></span> <span class='ocrx_word' id='word_1_387' title='bbox 1569 1091 1670 1126; x_wconf 86' lang='lat' dir='ltr'><strong>Opusc.</strong></span> 
     </span>
    </p>
   </div>
   <div class='ocr_carea' id='block_1_53' title="bbox 889 1136 1670 1173">
    <p class='ocr_par' dir='ltr' id='par_1_53' title="bbox 889 1136 1670 1173">
     <span class='ocr_line' id='line_1_53' title="bbox 889 1136 1670 1173; baseline 0 -9"><span class='ocrx_word' id='word_1_388' title='bbox 889 1145 914 1165; x_wconf 87' lang='lat' dir='ltr'><strong>c.</strong></span> <span class='ocrx_word' id='word_1_389' title='bbox 925 1137 960 1165; x_wconf 70' lang='grc'><strong>24</strong></span> <span class='ocrx_word' id='word_1_390' title='bbox 972 1147 978 1165; x_wconf 88' lang='lat'><em>:</em></span> <span class='ocrx_word' id='word_1_391' title='bbox 993 1136 1044 1164; x_wconf 75' lang='lat' dir='ltr'><strong>Sed</strong></span> <span class='ocrx_word' id='word_1_392' title='bbox 1054 1142 1078 1165; x_wconf 86' lang='lat' dir='ltr'><strong>et</strong></span> <span class='ocrx_word' id='word_1_393' title='bbox 1094 1138 1184 1165; x_wconf 78' lang='lat' dir='ltr'><strong>beatus</strong></span> <span class='ocrx_word' id='word_1_394' title='bbox 1197 1137 1317 1164; x_wconf 76' lang='lat' dir='ltr'><strong>Gelasius</strong></span> <span class='ocrx_word' id='word_1_395' title='bbox 1325 1138 1352 1164; x_wconf 88' lang='lat' dir='ltr'><strong>in</strong></span> <span class='ocrx_word' id='word_1_396' title='bbox 1363 1137 1494 1173; x_wconf 80' lang='lat' dir='ltr'><strong>catalogo,</strong></span> <span class='ocrx_word' id='word_1_397' title='bbox 1507 1139 1553 1172; x_wconf 90' lang='lat' dir='ltr'><strong>qui</strong></span> <span class='ocrx_word' id='word_1_398' title='bbox 1563 1137 1624 1165; x_wconf 84' lang='lat' dir='ltr'><strong>libri</strong></span> <span class='ocrx_word' id='word_1_399' title='bbox 1638 1138 1670 1165; x_wconf 79' lang='lat' dir='ltr'><strong>ab</strong></span> 
     </span>
    </p>
   </div>
   <div class='ocr_carea' id='block_1_54' title="bbox 889 1183 1670 1219">
    <p class='ocr_par' dir='ltr' id='par_1_54' title="bbox 889 1183 1670 1219">
     <span class='ocr_line' id='line_1_54' title="bbox 889 1183 1670 1219; baseline 0 -9"><span class='ocrx_word' id='word_1_400' title='bbox 889 1183 1008 1211; x_wconf 78' lang='lat' dir='ltr'><strong>Ecclesia</strong></span> <span class='ocrx_word' id='word_1_401' title='bbox 1024 1184 1203 1218; x_wconf 80' lang='lat' dir='ltr'><strong>recipiantur,</strong></span> <span class='ocrx_word' id='word_1_402' title='bbox 1224 1184 1256 1210; x_wconf 84' lang='lat' dir='ltr'><strong>de</strong></span> <span class='ocrx_word' id='word_1_403' title='bbox 1278 1184 1318 1210; x_wconf 86' lang='lat' dir='ltr'><strong>his</strong></span> <span class='ocrx_word' id='word_1_404' title='bbox 1336 1183 1516 1219; x_wconf 72' lang='lat' dir='ltr'><strong>apostolorum</strong></span> <span class='ocrx_word' id='word_1_405' title='bbox 1528 1184 1670 1211; x_wconf 81' lang='lat' dir='ltr'><strong>canonibus</strong></span> 
     </span>
    </p>
   </div>
   <div class='ocr_carea' id='block_1_55' title="bbox 887 1229 1668 1264">
    <p class='ocr_par' dir='ltr' id='par_1_55' title="bbox 887 1229 1668 1264">
     <span class='ocr_line' id='line_1_55' title="bbox 887 1229 1668 1264; baseline 0.001 -8"><span class='ocrx_word' id='word_1_406' title='bbox 887 1230 990 1264; x_wconf 81' lang='lat' dir='ltr'><strong>penitus</strong></span> <span class='ocrx_word' id='word_1_407' title='bbox 1012 1230 1105 1262; x_wconf 85' lang='lat' dir='ltr'><strong>tacuit,</strong></span> <span class='ocrx_word' id='word_1_408' title='bbox 1129 1229 1174 1257; x_wconf 87' lang='lat' dir='ltr'><strong>sed</strong></span> <span class='ocrx_word' id='word_1_409' title='bbox 1197 1237 1244 1256; x_wconf 84' lang='lat' dir='ltr'><strong>nec</strong></span> <span class='ocrx_word' id='word_1_410' title='bbox 1269 1230 1338 1256; x_wconf 89' lang='lat' dir='ltr'><strong>inter</strong></span> <span class='ocrx_word' id='word_1_411' title='bbox 1362 1230 1511 1264; x_wconf 76' lang='lat' dir='ltr'><strong>apocrypha</strong></span> <span class='ocrx_word' id='word_1_412' title='bbox 1527 1237 1571 1257; x_wconf 76' lang='lat' dir='ltr'><strong>eos</strong></span> <span class='ocrx_word' id='word_1_413' title='bbox 1585 1230 1668 1257; x_wconf 81' lang='lat' dir='ltr'><strong>misit.</strong></span> 
     </span>
    </p>
   </div>
   <div class='ocr_carea' id='block_1_56' title="bbox 887 1273 1672 1310">
    <p class='ocr_par' dir='ltr' id='par_1_56' title="bbox 887 1273 1672 1310">
     <span class='ocr_line' id='line_1_56' title="bbox 887 1273 1672 1310; baseline -0.004 -8"><span class='ocrx_word' id='word_1_414' title='bbox 887 1275 932 1302; x_wconf 83' lang='lat' dir='ltr'><strong>Illa</strong></span> <span class='ocrx_word' id='word_1_415' title='bbox 949 1275 1031 1310; x_wconf 79' lang='lat' dir='ltr'><strong>igitur</strong></span> <span class='ocrx_word' id='word_1_416' title='bbox 1045 1274 1126 1302; x_wconf 89' lang='lat' dir='ltr'><strong>verba</strong></span> <span class='ocrx_word' id='word_1_417' title='bbox 1138 1284 1144 1302; x_wconf 89' lang='lat'>:</span> <span class='ocrx_word' id='word_1_418' title='bbox 1159 1274 1236 1301; x_wconf 85' lang='lat' dir='ltr'><strong>Liber</strong></span> <span class='ocrx_word' id='word_1_419' title='bbox 1245 1275 1291 1309; x_wconf 86' lang='lat' dir='ltr'><strong>qui</strong></span> <span class='ocrx_word' id='word_1_420' title='bbox 1306 1274 1456 1309; x_wconf 85' lang='lat' dir='ltr'><strong>appellatur</strong></span> <span class='ocrx_word' id='word_1_421' title='bbox 1467 1273 1593 1300; x_wconf 81' lang='lat' dir='ltr'><strong>Canones</strong></span> <span class='ocrx_word' id='word_1_422' title='bbox 1607 1279 1672 1310; x_wconf 80' lang='lat' dir='ltr'><strong>apo—</strong></span> 
     </span>
    </p>
   </div>
   <div class='ocr_carea' id='block_1_57' title="bbox 885 1318 1668 1355">
    <p class='ocr_par' dir='ltr' id='par_1_57' title="bbox 885 1318 1668 1355">
     <span class='ocr_line' id='line_1_57' title="bbox 885 1318 1668 1355; baseline -0.004 -6"><span class='ocrx_word' id='word_1_423' title='bbox 885 1322 1015 1349; x_wconf 86' lang='lat' dir='ltr'><strong>stolorum</strong></span> <span class='ocrx_word' id='word_1_424' title='bbox 1029 1320 1203 1355; x_wconf 79' lang='lat' dir='ltr'><strong>apocryphus,</strong></span> <span class='ocrx_word' id='word_1_425' title='bbox 1219 1320 1246 1346; x_wconf 93' lang='lat' dir='ltr'><strong>in</strong></span> <span class='ocrx_word' id='word_1_426' title='bbox 1260 1320 1370 1347; x_wconf 73' lang='lat' dir='ltr'><strong>decreto</strong></span> <span class='ocrx_word' id='word_1_427' title='bbox 1385 1319 1485 1347; x_wconf 88' lang='lat' dir='ltr'><strong>Gelasii</strong></span> <span class='ocrx_word' id='word_1_428' title='bbox 1505 1318 1668 1346; x_wconf 75' lang='lat' dir='ltr'><strong>Hincmarus</strong></span> 
     </span>
    </p>
   </div>
   <div class='ocr_carea' id='block_1_58' title="bbox 886 1365 1668 1401">
    <p class='ocr_par' dir='ltr' id='par_1_58' title="bbox 886 1365 1668 1401">
     <span class='ocr_line' id='line_1_58' title="bbox 886 1365 1668 1401; baseline -0.003 -8"><span class='ocrx_word' id='word_1_429' title='bbox 886 1373 941 1394; x_wconf 92' lang='lat' dir='ltr'><strong>non</strong></span> <span class='ocrx_word' id='word_1_430' title='bbox 953 1366 1068 1401; x_wconf 76' lang='lat' dir='ltr'><strong>legebat.</strong></span> <span class='ocrx_word' id='word_1_431' title='bbox 1082 1365 1134 1394; x_wconf 87' lang='lat' dir='ltr'><strong>Sed</strong></span> <span class='ocrx_word' id='word_1_432' title='bbox 1150 1366 1194 1393; x_wconf 86' lang='lat' dir='ltr'><strong>hic</strong></span> <span class='ocrx_word' id='word_1_433' title='bbox 1209 1374 1239 1393; x_wconf 85' lang='lat' dir='ltr'><strong>se</strong></span> <span class='ocrx_word' id='word_1_434' title='bbox 1254 1366 1379 1393; x_wconf 90' lang='lat' dir='ltr'><strong>criticum</strong></span> <span class='ocrx_word' id='word_1_435' title='bbox 1397 1366 1516 1393; x_wconf 83' lang='lat' dir='ltr'><strong>ostendit</strong></span> <span class='ocrx_word' id='word_1_436' title='bbox 1533 1365 1668 1396; x_wconf 69' lang='lat' dir='ltr'><strong>Dallmus;</strong></span> 
     </span>
    </p>
   </div>
   <div class='ocr_carea' id='block_1_59' title="bbox 885 1411 1668 1447">
    <p class='ocr_par' dir='ltr' id='par_1_59' title="bbox 885 1411 1668 1447">
     <span class='ocr_line' id='line_1_59' title="bbox 885 1411 1668 1447; baseline -0.001 -8"><span class='ocrx_word' id='word_1_437' title='bbox 885 1413 980 1439; x_wconf 87' lang='lat' dir='ltr'><strong>ultima</strong></span> <span class='ocrx_word' id='word_1_438' title='bbox 995 1411 1039 1439; x_wconf 88' lang='lat' dir='ltr'><strong>illa</strong></span> <span class='ocrx_word' id='word_1_439' title='bbox 1051 1412 1133 1440; x_wconf 89' lang='lat' dir='ltr'><strong>verba</strong></span> <span class='ocrx_word' id='word_1_440' title='bbox 1147 1412 1279 1440; x_wconf 88' lang='lat' dir='ltr'><strong>mendosa</strong></span> <span class='ocrx_word' id='word_1_441' title='bbox 1293 1420 1354 1440; x_wconf 84' lang='lat' dir='ltr'><strong>esse</strong></span> <span class='ocrx_word' id='word_1_442' title='bbox 1364 1412 1535 1447; x_wconf 88' lang='lat' dir='ltr'><strong>pronuntiat,</strong></span> <span class='ocrx_word' id='word_1_443' title='bbox 1547 1416 1574 1438; x_wconf 91' lang='lat' dir='ltr'><strong>et</strong></span> <span class='ocrx_word' id='word_1_444' title='bbox 1587 1412 1668 1439; x_wconf 78' lang='lat' dir='ltr'><strong>resti~</strong></span> 
     </span>
    </p>
   </div>
   <div class='ocr_carea' id='block_1_60' title="bbox 886 1458 1666 1494">
    <p class='ocr_par' dir='ltr' id='par_1_60' title="bbox 886 1458 1666 1494">
     <span class='ocr_line' id='line_1_60' title="bbox 886 1458 1666 1494; baseline -0.004 -8"><span class='ocrx_word' id='word_1_445' title='bbox 886 1463 944 1486; x_wconf 87' lang='lat' dir='ltr'><strong>tuto</strong></span> <span class='ocrx_word' id='word_1_446' title='bbox 957 1458 1040 1486; x_wconf 85' lang='lat' dir='ltr'><strong>verbo</strong></span> <span class='ocrx_word' id='word_1_447' title='bbox 1057 1459 1157 1492; x_wconf 80' lang='lat' dir='ltr'><strong>omisit,</strong></span> <span class='ocrx_word' id='word_1_448' title='bbox 1176 1467 1225 1493; x_wconf 87' lang='lat' dir='ltr'><strong>pro</strong></span> <span class='ocrx_word' id='word_1_449' title='bbox 1238 1466 1270 1486; x_wconf 90' lang='lat' dir='ltr'><strong>eo</strong></span> <span class='ocrx_word' id='word_1_450' title='bbox 1282 1459 1354 1494; x_wconf 82' lang='lat' dir='ltr'><strong>quod</strong></span> <span class='ocrx_word' id='word_1_451' title='bbox 1374 1459 1400 1486; x_wconf 91' lang='lat' dir='ltr'><strong>in</strong></span> <span class='ocrx_word' id='word_1_452' title='bbox 1417 1458 1557 1485; x_wconf 85' lang='lat' dir='ltr'><strong>codicibus</strong></span> <span class='ocrx_word' id='word_1_453' title='bbox 1571 1458 1666 1493; x_wconf 71' lang='lat' dir='ltr'><strong>vulga-</strong></span> 
     </span>
    </p>
   </div>
   <div class='ocr_carea' id='block_1_61' title="bbox 75 1503 834 1548">
    <p class='ocr_par' dir='ltr' id='par_1_61' title="bbox 75 1507 830 1546">
     <span class='ocr_line' id='line_1_61' title="bbox 75 1507 830 1546; baseline 0.007 -13"><span class='ocrx_word' id='word_1_454' title='bbox 75 1511 115 1534; x_wconf 87' lang='lat' dir='ltr'><strong>tur.</strong></span> <span class='ocrx_word' id='word_1_455' title='bbox 126 1507 246 1537; x_wconf 64' lang='lat' dir='ltr'><strong>Praeterea</strong></span> <span class='ocrx_word' id='word_1_456' title='bbox 260 1511 329 1546; x_wconf 92' lang='lat' dir='ltr'><strong>quid</strong></span> <span class='ocrx_word' id='word_1_457' title='bbox 346 1512 507 1546; x_wconf 87' lang='lat' dir='ltr'><strong>scripserint</strong></span> <span class='ocrx_word' id='word_1_458' title='bbox 520 1511 695 1540; x_wconf 87' lang='lat' dir='ltr'><strong>Innocentius</strong></span> <span class='ocrx_word' id='word_1_459' title='bbox 716 1517 743 1539; x_wconf 90' lang='lat' dir='ltr'><strong>et</strong></span> <span class='ocrx_word' id='word_1_460' title='bbox 765 1511 830 1544; x_wconf 91' lang='lat' dir='ltr'><strong>Leo,</strong></span> 
     </span>
    </p>
   </div>
   <div class='ocr_carea' id='block_1_62' title="bbox 902 1503 1667 1548">
    <p class='ocr_par' dir='ltr' id='par_1_62' title="bbox 906 1503 1667 1541">
     <span class='ocr_line' id='line_1_62' title="bbox 906 1503 1667 1541; baseline -0.004 -8"><span class='ocrx_word' id='word_1_461' title='bbox 906 1513 919 1533; x_wconf 93' lang='lat' dir='ltr'><strong>s</strong></span> <span class='ocrx_word' id='word_1_462' title='bbox 931 1505 1029 1541; x_wconf 76' lang='lat' dir='ltr'><strong>legitur</strong></span> <span class='ocrx_word' id='word_1_463' title='bbox 1040 1505 1123 1538; x_wconf 85' lang='lat' dir='ltr'><strong>misit,</strong></span> <span class='ocrx_word' id='word_1_464' title='bbox 1135 1505 1307 1540; x_wconf 80' lang='lat' dir='ltr'><strong>corrigenda,</strong></span> <span class='ocrx_word' id='word_1_465' title='bbox 1324 1509 1354 1532; x_wconf 94' lang='lat' dir='ltr'><strong>ut</strong></span> <span class='ocrx_word' id='word_1_466' title='bbox 1368 1505 1403 1532; x_wconf 89' lang='lat' dir='ltr'><strong>ita</strong></span> <span class='ocrx_word' id='word_1_467' title='bbox 1419 1504 1560 1539; x_wconf 86' lang='lat' dir='ltr'><strong>scripserit</strong></span> <span class='ocrx_word' id='word_1_468' title='bbox 1585 1503 1667 1531; x_wconf 88' lang='lat' dir='ltr'><strong>Hinc-</strong></span> 
     </span>
    </p>
   </div>
   <div class='ocr_carea' id='block_1_63' title="bbox 74 1557 834 1593">
    <p class='ocr_par' dir='ltr' id='par_1_63' title="bbox 74 1557 834 1593">
     <span class='ocr_line' id='line_1_63' title="bbox 74 1557 834 1593; baseline 0.004 -12"><span class='ocrx_word' id='word_1_469' title='bbox 74 1558 235 1583; x_wconf 75' lang='lat' dir='ltr'><strong>antecessores</strong></span> <span class='ocrx_word' id='word_1_470' title='bbox 254 1558 315 1591; x_wconf 91' lang='lat' dir='ltr'><strong>sui,</strong></span> <span class='ocrx_word' id='word_1_471' title='bbox 334 1557 441 1585; x_wconf 84' lang='lat' dir='ltr'><strong>nescire</strong></span> <span class='ocrx_word' id='word_1_472' title='bbox 456 1557 581 1586; x_wconf 87' lang='lat' dir='ltr'><strong>Gelasius</strong></span> <span class='ocrx_word' id='word_1_473' title='bbox 596 1565 651 1585; x_wconf 89' lang='lat' dir='ltr'><strong>non</strong></span> <span class='ocrx_word' id='word_1_474' title='bbox 670 1558 768 1593; x_wconf 84' lang='lat' dir='ltr'><strong>potuit,</strong></span> <span class='ocrx_word' id='word_1_475' title='bbox 787 1558 834 1593; x_wconf 92' lang='lat' dir='ltr'><strong>qui</strong></span> 
     </span>
    </p>
   </div>
   <div class='ocr_carea' id='block_1_64' title="bbox 73 1602 833 1636">
    <p class='ocr_par' dir='ltr' id='par_1_64' title="bbox 73 1602 833 1636">
     <span class='ocr_line' id='line_1_64' title="bbox 73 1602 833 1636; baseline 0.005 -10"><span class='ocrx_word' id='word_1_476' title='bbox 73 1602 246 1636; x_wconf 81' lang='lat' dir='ltr'><strong>quamplurima</strong></span> <span class='ocrx_word' id='word_1_477' title='bbox 261 1611 295 1630; x_wconf 76' lang='lat' dir='ltr'><strong>ex</strong></span> <span class='ocrx_word' id='word_1_478' title='bbox 315 1604 472 1631; x_wconf 87' lang='lat' dir='ltr'><strong>canonibus</strong></span> <span class='ocrx_word' id='word_1_479' title='bbox 495 1604 549 1632; x_wconf 91' lang='lat' dir='ltr'><strong>illis</strong></span> <span class='ocrx_word' id='word_1_480' title='bbox 568 1604 596 1630; x_wconf 88' lang='lat' dir='ltr'><strong>in</strong></span> <span class='ocrx_word' id='word_1_481' title='bbox 619 1611 667 1631; x_wconf 86' lang='lat' dir='ltr'><strong>sua</strong></span> <span class='ocrx_word' id='word_1_482' title='bbox 686 1604 833 1631; x_wconf 87' lang='lat' dir='ltr'><strong>constituta</strong></span> 
     </span>
    </p>
   </div>
   <div class='ocr_carea' id='block_1_65' title="bbox 74 1646 833 1683">
    <p class='ocr_par' dir='ltr' id='par_1_65' title="bbox 74 1646 833 1683">
     <span class='ocr_line' id='line_1_65' title="bbox 74 1646 833 1683; baseline 0.007 -12"><span class='ocrx_word' id='word_1_483' title='bbox 74 1646 253 1675; x_wconf 84' lang='lat' dir='ltr'><strong>transtulerant.</strong></span> <span class='ocrx_word' id='word_1_484' title='bbox 280 1648 316 1675; x_wconf 84' lang='lat' dir='ltr'><strong>Et</strong></span> <span class='ocrx_word' id='word_1_485' title='bbox 342 1648 370 1675; x_wconf 91' lang='lat' dir='ltr'><strong>hi</strong></span> <span class='ocrx_word' id='word_1_486' title='bbox 386 1648 495 1683; x_wconf 83' lang='lat' dir='ltr'><strong>quidem</strong></span> <span class='ocrx_word' id='word_1_487' title='bbox 525 1653 632 1676; x_wconf 86' lang='lat' dir='ltr'><strong>veteres</strong></span> <span class='ocrx_word' id='word_1_488' title='bbox 653 1656 782 1682; x_wconf 88' lang='lat' dir='ltr'><strong>canones,</strong></span> <span class='ocrx_word' id='word_1_489' title='bbox 806 1653 833 1676; x_wconf 89' lang='lat' dir='ltr'><strong>et</strong></span> 
     </span>
    </p>
   </div>
   <div class='ocr_carea' id='block_1_66' title="bbox 73 1690 833 1728">
    <p class='ocr_par' dir='ltr' id='par_1_66' title="bbox 73 1690 833 1728">
     <span class='ocr_line' id='line_1_66' title="bbox 73 1690 833 1728; baseline 0.007 -12"><span class='ocrx_word' id='word_1_490' title='bbox 73 1690 227 1720; x_wconf 72' lang='lat' dir='ltr'><strong>ecclesiastici</strong></span> <span class='ocrx_word' id='word_1_491' title='bbox 250 1693 277 1720; x_wconf 93' lang='lat' dir='ltr'><strong>in</strong></span> <span class='ocrx_word' id='word_1_492' title='bbox 306 1694 433 1722; x_wconf 89' lang='lat' dir='ltr'><strong>conciliis</strong></span> <span class='ocrx_word' id='word_1_493' title='bbox 456 1694 531 1728; x_wconf 89' lang='lat' dir='ltr'><strong>dicti,</strong></span> <span class='ocrx_word' id='word_1_494' title='bbox 558 1694 593 1722; x_wconf 90' lang='lat' dir='ltr'><strong>ab</strong></span> <span class='ocrx_word' id='word_1_495' title='bbox 617 1693 678 1721; x_wconf 90' lang='lat' dir='ltr'><strong>aliis</strong></span> <span class='ocrx_word' id='word_1_496' title='bbox 697 1694 744 1721; x_wconf 91' lang='lat' dir='ltr'><strong>diu</strong></span> <span class='ocrx_word' id='word_1_497' title='bbox 770 1699 833 1722; x_wconf 81' lang='lat' dir='ltr'><strong>ante</strong></span> 
     </span>
    </p>
   </div>
   <div class='ocr_carea' id='block_1_67' title="bbox 73 1734 833 1775">
    <p class='ocr_par' dir='ltr' id='par_1_67' title="bbox 73 1734 833 1775">
     <span class='ocr_line' id='line_1_67' title="bbox 73 1734 833 1775; baseline 0.008 -13"><span class='ocrx_word' id='word_1_498' title='bbox 73 1734 187 1765; x_wconf 79' lang='lat' dir='ltr'><strong>Gelasium</strong></span> <span class='ocrx_word' id='word_1_499' title='bbox 200 1739 298 1767; x_wconf 85' lang='lat' dir='ltr'><strong>diserte</strong></span> <span class='ocrx_word' id='word_1_500' title='bbox 316 1740 461 1775; x_wconf 86' lang='lat' dir='ltr'><strong>apostolici</strong></span> <span class='ocrx_word' id='word_1_501' title='bbox 479 1741 647 1768; x_wconf 86' lang='lat' dir='ltr'><strong>dicebantur.</strong></span> <span class='ocrx_word' id='word_1_502' title='bbox 666 1740 702 1768; x_wconf 86' lang='lat' dir='ltr'><strong>Ut</strong></span> <span class='ocrx_word' id='word_1_503' title='bbox 720 1742 747 1768; x_wconf 94' lang='lat' dir='ltr'><strong>in</strong></span> <span class='ocrx_word' id='word_1_504' title='bbox 766 1748 833 1768; x_wconf 90' lang='lat' dir='ltr'><strong>con-</strong></span> 
     </span>
    </p>
   </div>
   <div class='ocr_carea' id='block_1_68' title="bbox 75 1781 830 1821">
    <p class='ocr_par' dir='ltr' id='par_1_68' title="bbox 75 1781 830 1821">
     <span class='ocr_line' id='line_1_68' title="bbox 75 1781 830 1821; baseline 0.008 -14"><span class='ocrx_word' id='word_1_505' title='bbox 75 1781 124 1809; x_wconf 84' lang='lat' dir='ltr'><strong>cilio</strong></span> <span class='ocrx_word' id='word_1_506' title='bbox 135 1782 262 1818; x_wconf 80' lang='lat' dir='ltr'><strong>Ephesino</strong></span> <span class='ocrx_word' id='word_1_507' title='bbox 273 1785 335 1813; x_wconf 86' lang='lat' dir='ltr'><strong>Act.</strong></span> <span class='ocrx_word' id='word_1_508' title='bbox 350 1785 538 1813; x_wconf 85' lang='lat' dir='ltr'><strong>Antiochcnus</strong></span> <span class='ocrx_word' id='word_1_509' title='bbox 552 1786 697 1821; x_wconf 88' lang='lat' dir='ltr'><strong>episcopus</strong></span> <span class='ocrx_word' id='word_1_510' title='bbox 710 1790 830 1818; x_wconf 85' lang='lat' dir='ltr'><strong>notatur,</strong></span> 
     </span>
    </p>
   </div>
   <div class='ocr_carea' id='block_1_69' title="bbox 76 1828 832 1868">
    <p class='ocr_par' dir='ltr' id='par_1_69' title="bbox 76 1828 832 1868">
     <span class='ocr_line' id='line_1_69' title="bbox 76 1828 832 1868; baseline 0.008 -14"><span class='ocrx_word' id='word_1_511' title='bbox 76 1828 131 1861; x_wconf 73' lang='lat' dir='ltr'><strong>quod</strong></span> <span class='ocrx_word' id='word_1_512' title='bbox 146 1831 214 1866; x_wconf 75' lang='grc' dir='ltr'><strong>παρὰ</strong></span> <span class='ocrx_word' id='word_1_513' title='bbox 234 1832 479 1867; x_wconf 73' lang='grc' dir='ltr'><strong>ἐκκλησιαστικοὺς</strong></span> <span class='ocrx_word' id='word_1_514' title='bbox 500 1832 617 1868; x_wconf 78' lang='grc' dir='ltr'><strong>θεσμοὺς</strong></span> <span class='ocrx_word' id='word_1_515' title='bbox 635 1833 681 1860; x_wconf 77' lang='grc' dir='ltr'>καὶ</span> <span class='ocrx_word' id='word_1_516' title='bbox 701 1834 765 1865; x_wconf 83' lang='grc' dir='ltr'><strong>τοὺς</strong></span> <span class='ocrx_word' id='word_1_517' title='bbox 783 1842 832 1860; x_wconf 89' lang='grc' dir='ltr'><strong>κα.-</strong></span> 
     </span>
    </p>
   </div>
   <div class='ocr_carea' id='block_1_70' title="bbox 77 1873 831 1914">
    <p class='ocr_par' dir='ltr' id='par_1_70' title="bbox 77 1873 831 1914">
     <span class='ocr_line' id='line_1_70' title="bbox 77 1873 831 1914; baseline 0.009 -15"><span class='ocrx_word' id='word_1_518' title='bbox 77 1873 136 1905; x_wconf 67' lang='grc' dir='ltr'>νόνας</span> <span class='ocrx_word' id='word_1_519' title='bbox 150 1875 198 1901; x_wconf 82' lang='grc' dir='ltr'><strong>τῶν</strong></span> <span class='ocrx_word' id='word_1_520' title='bbox 211 1876 294 1910; x_wconf 82' lang='grc' dir='ltr'>ἁγίων</span> <span class='ocrx_word' id='word_1_521' title='bbox 307 1878 475 1910; x_wconf 84' lang='grc' dir='ltr'><strong>ἀποστόλων,</strong></span> <span class='ocrx_word' id='word_1_522' title='bbox 491 1883 582 1905; x_wconf 88' lang='lat' dir='ltr'><strong>contra</strong></span> <span class='ocrx_word' id='word_1_523' title='bbox 593 1878 660 1914; x_wconf 81' lang='lat' dir='ltr'><strong>leges</strong></span> <span class='ocrx_word' id='word_1_524' title='bbox 671 1879 831 1907; x_wconf 71' lang='lat' dir='ltr'><strong>ecclesiasti-</strong></span> 
     </span>
    </p>
   </div>
   <div class='ocr_carea' id='block_1_71' title="bbox 77 1924 830 1957">
    <p class='ocr_par' dir='ltr' id='par_1_71' title="bbox 77 1924 830 1957">
     <span class='ocr_line' id='line_1_71' title="bbox 77 1924 830 1957; baseline 0.009 -12"><span class='ocrx_word' id='word_1_525' title='bbox 77 1927 120 1951; x_wconf 72' lang='grc' dir='ltr'><strong>ιω,</strong></span> <span class='ocrx_word' id='word_1_526' title='bbox 129 1925 150 1946; x_wconf 79' lang='lat' dir='ltr'><strong>et</strong></span> <span class='ocrx_word' id='word_1_527' title='bbox 162 1930 264 1949; x_wconf 81' lang='lat' dir='ltr'><strong>canmtes</strong></span> <span class='ocrx_word' id='word_1_528' title='bbox 276 1927 431 1949; x_wconf 77' lang='lat' dir='ltr'><strong>sanctorum</strong></span> <span class='ocrx_word' id='word_1_529' title='bbox 444 1924 633 1957; x_wconf 72' lang='lat' dir='ltr'><strong>apostolorum,</strong></span> <span class='ocrx_word' id='word_1_530' title='bbox 645 1924 830 1952; x_wconf 87' lang='lat' dir='ltr'><strong>ordinationes</strong></span> 
     </span>
    </p>
   </div>
   <div class='ocr_carea' id='block_1_72' title="bbox 78 1966 829 2006">
    <p class='ocr_par' dir='ltr' id='par_1_72' title="bbox 78 1966 829 2006">
     <span class='ocr_line' id='line_1_72' title="bbox 78 1966 829 2006; baseline 0.007 -13"><span class='ocrx_word' id='word_1_531' title='bbox 78 1966 197 1998; x_wconf 68' lang='lat' dir='ltr'><strong>provinciae</strong></span> <span class='ocrx_word' id='word_1_532' title='bbox 208 1967 286 2004; x_wconf 86' lang='lat' dir='ltr'><strong>Cypri</strong></span> <span class='ocrx_word' id='word_1_533' title='bbox 306 1969 342 1997; x_wconf 88' lang='lat' dir='ltr'><strong>ad</strong></span> <span class='ocrx_word' id='word_1_534' title='bbox 358 1976 388 1996; x_wconf 86' lang='lat' dir='ltr'><strong>se</strong></span> <span class='ocrx_word' id='word_1_535' title='bbox 402 1971 509 1997; x_wconf 86' lang='lat' dir='ltr'><strong>trahere</strong></span> <span class='ocrx_word' id='word_1_536' title='bbox 523 1975 686 1998; x_wconf 85' lang='lat' dir='ltr'><strong>conaretur:</strong></span> <span class='ocrx_word' id='word_1_537' title='bbox 702 1971 748 2006; x_wconf 89' lang='lat' dir='ltr'><strong>qni</strong></span> <span class='ocrx_word' id='word_1_538' title='bbox 765 1971 829 2006; x_wconf 90' lang='lat' dir='ltr'><strong>qui-</strong></span> 
     </span>
    </p>
   </div>
   <div class='ocr_carea' id='block_1_73' title="bbox 78 2010 830 2052">
    <p class='ocr_par' dir='ltr' id='par_1_73' title="bbox 78 2010 830 2052">
     <span class='ocr_line' id='line_1_73' title="bbox 78 2010 830 2052; baseline 0.008 -14"><span class='ocrx_word' id='word_1_539' title='bbox 78 2010 124 2038; x_wconf 82' lang='lat' dir='ltr'><strong>dem</strong></span> <span class='ocrx_word' id='word_1_540' title='bbox 132 2019 200 2041; x_wconf 79' lang='lat' dir='ltr'><strong>erant</strong></span> <span class='ocrx_word' id='word_1_541' title='bbox 211 2015 244 2041; x_wconf 67' lang='lat'><strong>34</strong></span> <span class='ocrx_word' id='word_1_542' title='bbox 254 2019 282 2042; x_wconf 90' lang='lat' dir='ltr'><strong>et</strong></span> <span class='ocrx_word' id='word_1_543' title='bbox 298 2015 334 2042; x_wconf 83' lang='lat'><strong>55</strong></span> <span class='ocrx_word' id='word_1_544' title='bbox 345 2023 466 2043; x_wconf 87' lang='lat' dir='ltr'><strong>canones</strong></span> <span class='ocrx_word' id='word_1_545' title='bbox 488 2015 548 2050; x_wconf 83' lang='lat' dir='ltr'><strong>ejus</strong></span> <span class='ocrx_word' id='word_1_546' title='bbox 561 2016 624 2044; x_wconf 86' lang='lat' dir='ltr'><strong>libri</strong></span> <span class='ocrx_word' id='word_1_547' title='bbox 637 2025 717 2052; x_wconf 89' lang='lat' dir='ltr'><strong>quem</strong></span> <span class='ocrx_word' id='word_1_548' title='bbox 733 2017 830 2044; x_wconf 86' lang='lat' dir='ltr'><strong>habuit</strong></span> 
     </span>
    </p>
   </div>
   <div class='ocr_carea' id='block_1_74' title="bbox 79 2054 829 2090">
    <p class='ocr_par' dir='ltr' id='par_1_74' title="bbox 79 2054 829 2090">
     <span class='ocr_line' id='line_1_74' title="bbox 79 2054 829 2090; baseline 0.009 -7"><span class='ocrx_word' id='word_1_549' title='bbox 79 2054 185 2086; x_wconf 79' lang='lat' dir='ltr'><strong>Gelasius.</strong></span> <span class='ocrx_word' id='word_1_550' title='bbox 207 2059 272 2087; x_wconf 86' lang='lat' dir='ltr'><strong>Cum</strong></span> <span class='ocrx_word' id='word_1_551' title='bbox 300 2060 436 2089; x_wconf 87' lang='lat' dir='ltr'><strong>Eusebius</strong></span> <span class='ocrx_word' id='word_1_552' title='bbox 467 2061 644 2090; x_wconf 68' lang='lat' dir='ltr'><strong>Caesariensis</strong></span> <span class='ocrx_word' id='word_1_553' title='bbox 675 2067 829 2090; x_wconf 88' lang='lat' dir='ltr'><strong>recusasset</strong></span> 
     </span>
    </p>
   </div>
   <div class='ocr_carea' id='block_1_75' title="bbox 78 2101 828 2141">
    <p class='ocr_par' dir='ltr' id='par_1_75' title="bbox 78 2101 828 2141">
     <span class='ocr_line' id='line_1_75' title="bbox 78 2101 828 2141; baseline 0.009 -12"><span class='ocrx_word' id='word_1_554' title='bbox 78 2101 232 2138; x_wconf 72' lang='lat' dir='ltr'><strong>episcopatum</strong></span> <span class='ocrx_word' id='word_1_555' title='bbox 252 2105 424 2141; x_wconf 74' lang='lat' dir='ltr'><strong>Antiochiae,</strong></span> <span class='ocrx_word' id='word_1_556' title='bbox 441 2107 469 2134; x_wconf 91' lang='lat' dir='ltr'><strong>in</strong></span> <span class='ocrx_word' id='word_1_557' title='bbox 492 2107 566 2135; x_wconf 88' lang='lat' dir='ltr'><strong>hunc</strong></span> <span class='ocrx_word' id='word_1_558' title='bbox 588 2108 698 2136; x_wconf 91' lang='lat' dir='ltr'><strong>modum</strong></span> <span class='ocrx_word' id='word_1_559' title='bbox 721 2116 736 2136; x_wconf 83' lang='lat' dir='ltr'><strong>a</strong></span> <span class='ocrx_word' id='word_1_560' title='bbox 755 2109 828 2136; x_wconf 82' lang='lat' dir='ltr'><strong>Con-</strong></span> 
     </span>
    </p>
   </div>
   <div class='ocr_carea' id='block_1_76' title="bbox 79 2149 827 2191">
    <p class='ocr_par' dir='ltr' id='par_1_76' title="bbox 79 2149 827 2191">
     <span class='ocr_line' id='line_1_76' title="bbox 79 2149 827 2191; baseline 0.009 -16"><span class='ocrx_word' id='word_1_561' title='bbox 79 2149 174 2191; x_wconf 64' lang='lat' dir='ltr'><strong>§untino</strong></span> <span class='ocrx_word' id='word_1_562' title='bbox 194 2151 353 2186; x_wconf 87' lang='lat' dir='ltr'><strong>imperatore</strong></span> <span class='ocrx_word' id='word_1_563' title='bbox 375 2153 500 2182; x_wconf 87' lang='lat' dir='ltr'><strong>laudatus</strong></span> <span class='ocrx_word' id='word_1_564' title='bbox 520 2159 562 2182; x_wconf 87' lang='lat' dir='ltr'><strong>est</strong></span> <span class='ocrx_word' id='word_1_565' title='bbox 582 2163 589 2181; x_wconf 83' lang='lat'><strong>:</strong></span> <span class='ocrx_word' id='word_1_566' title='bbox 610 2154 643 2181; x_wconf 84' lang='grc' dir='ltr'><strong><em>Ἦ</em></strong></span> <span class='ocrx_word' id='word_1_567' title='bbox 663 2155 696 2191; x_wconf 81' lang='grc' dir='ltr'><strong>σὴ</strong></span> <span class='ocrx_word' id='word_1_568' title='bbox 721 2154 827 2187; x_wconf 84' lang='grc' dir='ltr'><strong>σύνεσις</strong></span> 
     </span>
    </p>
   </div>
   <div class='ocr_carea' id='block_1_77' title="bbox 884 1549 1664 1587">
    <p class='ocr_par' dir='ltr' id='par_1_77' title="bbox 884 1549 1664 1587">
     <span class='ocr_line' id='line_1_77' title="bbox 884 1549 1664 1587; baseline -0.001 -8"><span class='ocrx_word' id='word_1_569' title='bbox 884 1560 988 1586; x_wconf 87' lang='lat' dir='ltr'><strong>marus,</strong></span> <span class='ocrx_word' id='word_1_570' title='bbox 1005 1551 1056 1579; x_wconf 81' lang='lat' dir='ltr'><strong>Sed</strong></span> <span class='ocrx_word' id='word_1_571' title='bbox 1075 1560 1121 1579; x_wconf 75' lang='lat' dir='ltr'><strong>nec</strong></span> <span class='ocrx_word' id='word_1_572' title='bbox 1140 1551 1209 1579; x_wconf 86' lang='lat' dir='ltr'><strong>inter</strong></span> <span class='ocrx_word' id='word_1_573' title='bbox 1221 1551 1371 1587; x_wconf 80' lang='lat' dir='ltr'><strong>apocrypha</strong></span> <span class='ocrx_word' id='word_1_574' title='bbox 1385 1559 1428 1578; x_wconf 72' lang='lat' dir='ltr'><strong>eos</strong></span> <span class='ocrx_word' id='word_1_575' title='bbox 1453 1550 1551 1578; x_wconf 79' lang='lat' dir='ltr'><strong>omisit.</strong></span> <span class='ocrx_word' id='word_1_576' title='bbox 1578 1549 1664 1584; x_wconf 87' lang='lat' dir='ltr'><strong>Quam</strong></span> 
     </span>
    </p>
   </div>
   <div class='ocr_carea' id='block_1_78' title="bbox 884 1597 1666 1633">
    <p class='ocr_par' dir='ltr' id='par_1_78' title="bbox 884 1597 1666 1633">
     <span class='ocr_line' id='line_1_78' title="bbox 884 1597 1666 1633; baseline -0.003 -8"><span class='ocrx_word' id='word_1_577' title='bbox 884 1599 1068 1633; x_wconf 85' lang='lat' dir='ltr'><strong>importunam</strong></span> <span class='ocrx_word' id='word_1_578' title='bbox 1085 1598 1281 1625; x_wconf 89' lang='lat' dir='ltr'><strong>correctionem</strong></span> <span class='ocrx_word' id='word_1_579' title='bbox 1296 1605 1327 1625; x_wconf 86' lang='lat' dir='ltr'><strong>ea</strong></span> <span class='ocrx_word' id='word_1_580' title='bbox 1342 1604 1403 1632; x_wconf 67' lang='lat' dir='ltr'><strong>qua:</strong></span> <span class='ocrx_word' id='word_1_581' title='bbox 1420 1601 1572 1631; x_wconf 77' lang='lat' dir='ltr'><strong>sequuntur</strong></span> <span class='ocrx_word' id='word_1_582' title='bbox 1586 1597 1666 1631; x_wconf 81' lang='lat' dir='ltr'><strong>plane</strong></span> 
     </span>
    </p>
   </div>
   <div class='ocr_carea' id='block_1_79' title="bbox 884 1643 1665 1679">
    <p class='ocr_par' dir='ltr' id='par_1_79' title="bbox 884 1643 1665 1679">
     <span class='ocr_line' id='line_1_79' title="bbox 884 1643 1665 1679; baseline -0.004 -7"><span class='ocrx_word' id='word_1_583' title='bbox 884 1644 1022 1678; x_wconf 86' lang='lat' dir='ltr'><strong>rejiciunt.</strong></span> <span class='ocrx_word' id='word_1_584' title='bbox 1039 1643 1205 1679; x_wconf 82' lang='lat' dir='ltr'><strong>Quapropter</strong></span> <span class='ocrx_word' id='word_1_585' title='bbox 1226 1643 1253 1670; x_wconf 84' lang='lat' dir='ltr'><strong>in</strong></span> <span class='ocrx_word' id='word_1_586' title='bbox 1279 1643 1388 1670; x_wconf 73' lang='lat' dir='ltr'><strong>lectione</strong></span> <span class='ocrx_word' id='word_1_587' title='bbox 1407 1643 1516 1670; x_wconf 88' lang='lat' dir='ltr'><strong>illorum</strong></span> <span class='ocrx_word' id='word_1_588' title='bbox 1535 1643 1665 1678; x_wconf 81' lang='lat' dir='ltr'><strong>sequenda</strong></span> 
     </span>
    </p>
   </div>
   <div class='ocr_carea' id='block_1_80' title="bbox 882 1688 1665 1725">
    <p class='ocr_par' dir='ltr' id='par_1_80' title="bbox 882 1688 1665 1725">
     <span class='ocr_line' id='line_1_80' title="bbox 882 1688 1665 1725; baseline -0.001 -8"><span class='ocrx_word' id='word_1_589' title='bbox 882 1695 921 1717; x_wconf 79' lang='lat' dir='ltr'><strong>est</strong></span> <span class='ocrx_word' id='word_1_590' title='bbox 933 1690 1036 1717; x_wconf 84' lang='lat' dir='ltr'><strong>cautela</strong></span> <span class='ocrx_word' id='word_1_591' title='bbox 1048 1689 1079 1718; x_wconf 82' lang='lat' dir='ltr'><strong>ab</strong></span> <span class='ocrx_word' id='word_1_592' title='bbox 1089 1691 1179 1718; x_wconf 83' lang='lat' dir='ltr'><strong>eodem</strong></span> <span class='ocrx_word' id='word_1_593' title='bbox 1195 1689 1225 1717; x_wconf 90' lang='lat' dir='ltr'><strong>S.</strong></span> <span class='ocrx_word' id='word_1_594' title='bbox 1238 1689 1343 1717; x_wconf 78' lang='lat' dir='ltr'><strong>Gelasio</strong></span> <span class='ocrx_word' id='word_1_595' title='bbox 1367 1689 1543 1725; x_wconf 69' lang='lat' dir='ltr'><strong>pramouita:</strong></span> <span class='ocrx_word' id='word_1_596' title='bbox 1573 1699 1583 1716; x_wconf 84' lang='grc' dir='ltr'><strong>ι</strong></span> <span class='ocrx_word' id='word_1_597' title='bbox 1597 1688 1665 1717; x_wconf 82' lang='lat' dir='ltr'><strong>Cant</strong></span> 
     </span>
    </p>
   </div>
   <div class='ocr_carea' id='block_1_81' title="bbox 882 1734 1663 1770">
    <p class='ocr_par' dir='ltr' id='par_1_81' title="bbox 882 1734 1663 1770">
     <span class='ocr_line' id='line_1_81' title="bbox 882 1734 1663 1770; baseline 0.003 -9"><span class='ocrx_word' id='word_1_598' title='bbox 882 1734 948 1768; x_wconf 77' lang='lat' dir='ltr'><strong>liceo,</strong></span> <span class='ocrx_word' id='word_1_599' title='bbox 964 1735 1060 1770; x_wconf 78' lang='lat' dir='ltr'><strong>inquit,</strong></span> <span class='ocrx_word' id='word_1_600' title='bbox 1075 1735 1316 1763; x_wconf 82' lang='lat' dir='ltr'><strong>adCatltolicorum</strong></span> <span class='ocrx_word' id='word_1_601' title='bbox 1327 1743 1435 1762; x_wconf 88' lang='lat' dir='ltr'><strong>manum</strong></span> <span class='ocrx_word' id='word_1_602' title='bbox 1447 1735 1609 1767; x_wconf 77' lang='lat' dir='ltr'><strong>advenerim,</strong></span> <span class='ocrx_word' id='word_1_603' title='bbox 1629 1734 1663 1763; x_wconf 86' lang='grc' dir='ltr'><strong>Β.</strong></span> 
     </span>
    </p>
   </div>
   <div class='ocr_carea' id='block_1_82' title="bbox 882 1779 1665 1817">
    <p class='ocr_par' dir='ltr' id='par_1_82' title="bbox 882 1779 1665 1817">
     <span class='ocr_line' id='line_1_82' title="bbox 882 1779 1665 1817; baseline 0.001 -10"><span class='ocrx_word' id='word_1_604' title='bbox 882 1779 962 1807; x_wconf 88' lang='lat' dir='ltr'><strong>Pauli</strong></span> <span class='ocrx_word' id='word_1_605' title='bbox 974 1781 1087 1815; x_wconf 77' lang='lat' dir='ltr'><strong>apostoli</strong></span> <span class='ocrx_word' id='word_1_606' title='bbox 1097 1781 1231 1816; x_wconf 63' lang='lat' dir='ltr'><strong>praecedat</strong></span> <span class='ocrx_word' id='word_1_607' title='bbox 1244 1783 1374 1808; x_wconf 68' lang='lat' dir='ltr'><strong>sententia</strong></span> <span class='ocrx_word' id='word_1_608' title='bbox 1388 1789 1446 1817; x_wconf 74' lang='lat' dir='ltr'><strong>qua:</strong></span> <span class='ocrx_word' id='word_1_609' title='bbox 1467 1781 1548 1810; x_wconf 81' lang='lat' dir='ltr'><strong>dictt:</strong></span> <span class='ocrx_word' id='word_1_610' title='bbox 1567 1781 1665 1809; x_wconf 72' lang='lat' dir='ltr'><strong>Omnia</strong></span> 
     </span>
    </p>
   </div>
   <div class='ocr_carea' id='block_1_83' title="bbox 881 1827 1663 1862">
    <p class='ocr_par' dir='ltr' id='par_1_83' title="bbox 881 1827 1663 1862">
     <span class='ocr_line' id='line_1_83' title="bbox 881 1827 1663 1862; baseline 0.003 -9"><span class='ocrx_word' id='word_1_611' title='bbox 881 1827 998 1862; x_wconf 83' lang='lat' dir='ltr'><strong>probate,</strong></span> <span class='ocrx_word' id='word_1_612' title='bbox 1009 1827 1078 1862; x_wconf 86' lang='lat' dir='ltr'><strong>quod</strong></span> <span class='ocrx_word' id='word_1_613' title='bbox 1095 1827 1190 1854; x_wconf 84' lang='lat' dir='ltr'><strong>bonum</strong></span> <span class='ocrx_word' id='word_1_614' title='bbox 1200 1831 1238 1854; x_wconf 69' lang='lat' dir='ltr'><strong>est</strong></span> <span class='ocrx_word' id='word_1_615' title='bbox 1251 1832 1333 1854; x_wconf 83' lang='lat' dir='ltr'><strong>tenete</strong></span> <span class='ocrx_word' id='word_1_616' title='bbox 1346 1828 1365 1854; x_wconf 78' lang='grc' dir='ltr'>ί.</span> <span class='ocrx_word' id='word_1_617' title='bbox 1380 1837 1389 1853; x_wconf 82' lang='grc'><strong>›</strong></span> <span class='ocrx_word' id='word_1_618' title='bbox 1403 1827 1460 1856; x_wconf 89' lang='lat' dir='ltr'><strong>lloe</strong></span> <span class='ocrx_word' id='word_1_619' title='bbox 1471 1832 1521 1861; x_wconf 89' lang='lat' dir='ltr'><strong>est,</strong></span> <span class='ocrx_word' id='word_1_620' title='bbox 1534 1828 1663 1862; x_wconf 90' lang='lat' dir='ltr'><strong>quoniam</strong></span> 
     </span>
    </p>
   </div>
   <div class='ocr_carea' id='block_1_84' title="bbox 881 1872 1663 1909">
    <p class='ocr_par' dir='ltr' id='par_1_84' title="bbox 881 1872 1663 1909">
     <span class='ocr_line' id='line_1_84' title="bbox 881 1872 1663 1909; baseline 0 -9"><span class='ocrx_word' id='word_1_621' title='bbox 881 1872 1006 1900; x_wconf 83' lang='lat' dir='ltr'><strong>Gelasius</strong></span> <span class='ocrx_word' id='word_1_622' title='bbox 1016 1873 1088 1901; x_wconf 90' lang='lat' dir='ltr'><strong>hunc</strong></span> <span class='ocrx_word' id='word_1_623' title='bbox 1101 1873 1200 1900; x_wconf 93' lang='lat' dir='ltr'><strong>librum</strong></span> <span class='ocrx_word' id='word_1_624' title='bbox 1214 1880 1351 1901; x_wconf 86' lang='lat' dir='ltr'><strong>canonum</strong></span> <span class='ocrx_word' id='word_1_625' title='bbox 1364 1881 1415 1901; x_wconf 91' lang='lat' dir='ltr'><strong>nec</strong></span> <span class='ocrx_word' id='word_1_626' title='bbox 1428 1874 1500 1901; x_wconf 90' lang='lat' dir='ltr'><strong>inter</strong></span> <span class='ocrx_word' id='word_1_627' title='bbox 1511 1881 1558 1902; x_wconf 89' lang='lat' dir='ltr'><strong>eos</strong></span> <span class='ocrx_word' id='word_1_628' title='bbox 1569 1874 1616 1909; x_wconf 88' lang='lat' dir='ltr'><strong>qui</strong></span> <span class='ocrx_word' id='word_1_629' title='bbox 1628 1874 1663 1901; x_wconf 81' lang='lat' dir='ltr'><strong>ab</strong></span> 
     </span>
    </p>
   </div>
   <div class='ocr_carea' id='block_1_85' title="bbox 880 1918 1663 1955">
    <p class='ocr_par' dir='ltr' id='par_1_85' title="bbox 880 1918 1663 1955">
     <span class='ocr_line' id='line_1_85' title="bbox 880 1918 1663 1955; baseline 0 -8"><span class='ocrx_word' id='word_1_630' title='bbox 880 1918 1001 1947; x_wconf 84' lang='lat' dir='ltr'><strong>Ecclesia</strong></span> <span class='ocrx_word' id='word_1_631' title='bbox 1011 1919 1223 1954; x_wconf 85' lang='lat' dir='ltr'><strong>recipiebantur,</strong></span> <span class='ocrx_word' id='word_1_632' title='bbox 1236 1927 1286 1947; x_wconf 87' lang='lat' dir='ltr'><strong>nec</strong></span> <span class='ocrx_word' id='word_1_633' title='bbox 1301 1919 1370 1947; x_wconf 90' lang='lat' dir='ltr'><strong>inter</strong></span> <span class='ocrx_word' id='word_1_634' title='bbox 1379 1921 1549 1955; x_wconf 87' lang='lat' dir='ltr'><strong>apocryphos</strong></span> <span class='ocrx_word' id='word_1_635' title='bbox 1564 1927 1663 1947; x_wconf 78' lang='lat' dir='ltr'><strong>nume-</strong></span> 
     </span>
    </p>
   </div>
   <div class='ocr_carea' id='block_1_86' title="bbox 881 1964 1662 2000">
    <p class='ocr_par' dir='ltr' id='par_1_86' title="bbox 881 1964 1662 2000">
     <span class='ocr_line' id='line_1_86' title="bbox 881 1964 1662 2000; baseline 0 -8"><span class='ocrx_word' id='word_1_636' title='bbox 881 1965 962 1998; x_wconf 86' lang='lat' dir='ltr'><strong>ravit,</strong></span> <span class='ocrx_word' id='word_1_637' title='bbox 971 1970 998 1992; x_wconf 88' lang='lat' dir='ltr'><strong>et</strong></span> <span class='ocrx_word' id='word_1_638' title='bbox 1010 1970 1101 1992; x_wconf 86' lang='lat' dir='ltr'><strong>tamen</strong></span> <span class='ocrx_word' id='word_1_639' title='bbox 1112 1964 1193 1999; x_wconf 90' lang='lat' dir='ltr'><strong>vulgo</strong></span> <span class='ocrx_word' id='word_1_640' title='bbox 1204 1964 1354 1999; x_wconf 88' lang='lat' dir='ltr'><strong>legeretur;</strong></span> <span class='ocrx_word' id='word_1_641' title='bbox 1369 1964 1395 1991; x_wconf 93' lang='lat' dir='ltr'><strong>id</strong></span> <span class='ocrx_word' id='word_1_642' title='bbox 1408 1965 1515 1991; x_wconf 90' lang='lat' dir='ltr'><strong>tandem</strong></span> <span class='ocrx_word' id='word_1_643' title='bbox 1527 1965 1662 2000; x_wconf 84' lang='lat' dir='ltr'><strong>sequitur,</strong></span> 
     </span>
    </p>
   </div>
   <div class='ocr_carea' id='block_1_87' title="bbox 880 2011 1661 2046">
    <p class='ocr_par' dir='ltr' id='par_1_87' title="bbox 880 2011 1661 2046">
     <span class='ocr_line' id='line_1_87' title="bbox 880 2011 1661 2046; baseline 0 -8"><span class='ocrx_word' id='word_1_644' title='bbox 880 2011 951 2038; x_wconf 87' lang='lat' dir='ltr'><strong>inter</strong></span> <span class='ocrx_word' id='word_1_645' title='bbox 962 2019 1009 2039; x_wconf 87' lang='lat' dir='ltr'><strong>eos</strong></span> <span class='ocrx_word' id='word_1_646' title='bbox 1017 2018 1078 2039; x_wconf 84' lang='lat' dir='ltr'><strong>esse</strong></span> <span class='ocrx_word' id='word_1_647' title='bbox 1093 2011 1303 2044; x_wconf 86' lang='lat' dir='ltr'><strong>numerandum,</strong></span> <span class='ocrx_word' id='word_1_648' title='bbox 1329 2019 1399 2046; x_wconf 88' lang='lat' dir='ltr'><strong>quos</strong></span> <span class='ocrx_word' id='word_1_649' title='bbox 1413 2011 1458 2038; x_wconf 89' lang='lat' dir='ltr'><strong>ille</strong></span> <span class='ocrx_word' id='word_1_650' title='bbox 1471 2019 1521 2038; x_wconf 88' lang='lat' dir='ltr'><strong>nec</strong></span> <span class='ocrx_word' id='word_1_651' title='bbox 1548 2011 1661 2046; x_wconf 86' lang='lat' dir='ltr'><strong>recepit,</strong></span> 
     </span>
    </p>
   </div>
   <div class='ocr_carea' id='block_1_88' title="bbox 879 2057 1660 2092">
    <p class='ocr_par' dir='ltr' id='par_1_88' title="bbox 879 2057 1660 2092">
     <span class='ocr_line' id='line_1_88' title="bbox 879 2057 1660 2092; baseline -0.003 -7"><span class='ocrx_word' id='word_1_652' title='bbox 879 2065 930 2085; x_wconf 85' lang='lat' dir='ltr'><strong>nec</strong></span> <span class='ocrx_word' id='word_1_653' title='bbox 945 2057 1053 2092; x_wconf 89' lang='lat' dir='ltr'><strong>penitus</strong></span> <span class='ocrx_word' id='word_1_654' title='bbox 1079 2057 1192 2092; x_wconf 89' lang='lat' dir='ltr'><strong>rejecit,</strong></span> <span class='ocrx_word' id='word_1_655' title='bbox 1210 2057 1305 2092; x_wconf 85' lang='lat' dir='ltr'><strong>quales</strong></span> <span class='ocrx_word' id='word_1_656' title='bbox 1326 2061 1404 2085; x_wconf 88' lang='lat' dir='ltr'><strong>erant</strong></span> <span class='ocrx_word' id='word_1_657' title='bbox 1421 2057 1502 2084; x_wconf 82' lang='lat' dir='ltr'><strong>Actus</strong></span> <span class='ocrx_word' id='word_1_658' title='bbox 1529 2057 1660 2090; x_wconf 68' lang='lat' dir='ltr'><strong>Silvestri,</strong></span> 
     </span>
    </p>
   </div>
   <div class='ocr_carea' id='block_1_89' title="bbox 879 2103 1661 2138">
    <p class='ocr_par' dir='ltr' id='par_1_89' title="bbox 879 2103 1661 2138">
     <span class='ocr_line' id='line_1_89' title="bbox 879 2103 1661 2138; baseline 0 -8"><span class='ocrx_word' id='word_1_659' title='bbox 879 2103 1016 2138; x_wconf 88' lang='lat' dir='ltr'><strong>scriptura</strong></span> <span class='ocrx_word' id='word_1_660' title='bbox 1032 2103 1071 2131; x_wconf 86' lang='lat' dir='ltr'><strong>De</strong></span> <span class='ocrx_word' id='word_1_661' title='bbox 1089 2103 1239 2131; x_wconf 82' lang='lat' dir='ltr'><strong>inuentione</strong></span> <span class='ocrx_word' id='word_1_662' title='bbox 1256 2103 1404 2133; x_wconf 68' lang='lat' dir='ltr'><strong>ﬂaminica</strong></span> <span class='ocrx_word' id='word_1_663' title='bbox 1417 2103 1513 2136; x_wconf 73' lang='lat' dir='ltr'><strong>crucis,</strong></span> <span class='ocrx_word' id='word_1_664' title='bbox 1525 2107 1552 2131; x_wconf 87' lang='lat' dir='ltr'><strong>et</strong></span> <span class='ocrx_word' id='word_1_665' title='bbox 1567 2103 1605 2130; x_wconf 87' lang='lat' dir='ltr'><strong>De</strong></span> <span class='ocrx_word' id='word_1_666' title='bbox 1619 2105 1661 2130; x_wconf 85' lang='lat' dir='ltr'><strong>in-</strong></span> 
     </span>
    </p>
   </div>
   <div class='ocr_carea' id='block_1_90' title="bbox 877 2147 1661 2184">
    <p class='ocr_par' dir='ltr' id='par_1_90' title="bbox 877 2147 1661 2184">
     <span class='ocr_line' id='line_1_90' title="bbox 877 2147 1661 2184; baseline 0.001 -9"><span class='ocrx_word' id='word_1_667' title='bbox 877 2149 997 2176; x_wconf 78' lang='lat' dir='ltr'><strong>uentione</strong></span> <span class='ocrx_word' id='word_1_668' title='bbox 1013 2149 1106 2184; x_wconf 78' lang='lat' dir='ltr'><strong>capitis</strong></span> <span class='ocrx_word' id='word_1_669' title='bbox 1120 2148 1154 2176; x_wconf 85' lang='grc' dir='ltr'><strong>Β.</strong></span> <span class='ocrx_word' id='word_1_670' title='bbox 1168 2148 1281 2176; x_wconf 78' lang='lat' dir='ltr'><strong>Joannis</strong></span> <span class='ocrx_word' id='word_1_671' title='bbox 1300 2147 1439 2183; x_wconf 58' lang='lat' dir='ltr'><strong>Baptista,</strong></span> <span class='ocrx_word' id='word_1_672' title='bbox 1454 2149 1487 2176; x_wconf 91' lang='lat' dir='ltr'><strong>de</strong></span> <span class='ocrx_word' id='word_1_673' title='bbox 1502 2149 1603 2184; x_wconf 90' lang='lat' dir='ltr'><strong>quibus</strong></span> <span class='ocrx_word' id='word_1_674' title='bbox 1617 2156 1661 2176; x_wconf 88' lang='lat' dir='ltr'><strong>re-</strong></span> 
     </span>
    </p>
   </div>
   <div class='ocr_carea' id='block_1_91' title="bbox 77 2190 834 2231">
    <p class='ocr_par' dir='ltr' id='par_1_91' title="bbox 77 2190 826 2231">
     <span class='ocr_line' id='line_1_91' title="bbox 77 2190 826 2231; baseline 0.012 -13"><span class='ocrx_word' id='word_1_675' title='bbox 77 2190 142 2225; x_wconf 71' lang='grc' dir='ltr'><strong>ἠγουν</strong></span> <span class='ocrx_word' id='word_1_676' title='bbox 149 2194 192 2227; x_wconf 77' lang='grc' dir='ltr'><strong>τάς</strong></span> <span class='ocrx_word' id='word_1_677' title='bbox 203 2204 230 2222; x_wconf 87' lang='grc' dir='ltr'><strong>τε</strong></span> <span class='ocrx_word' id='word_1_678' title='bbox 250 2197 358 2230; x_wconf 76' lang='grc' dir='ltr'><strong>ἐντολὰς</strong></span> <span class='ocrx_word' id='word_1_679' title='bbox 373 2198 419 2225; x_wconf 82' lang='grc' dir='ltr'><strong>τοῦ</strong></span> <span class='ocrx_word' id='word_1_680' title='bbox 435 2198 514 2231; x_wconf 81' lang='grc' dir='ltr'><strong>Θεοῦ,</strong></span> <span class='ocrx_word' id='word_1_681' title='bbox 527 2199 574 2226; x_wconf 75' lang='grc' dir='ltr'><strong>καὶ</strong></span> <span class='ocrx_word' id='word_1_682' title='bbox 589 2199 635 2226; x_wconf 76' lang='grc' dir='ltr'><strong>τὸν</strong></span> <span class='ocrx_word' id='word_1_683' title='bbox 650 2200 826 2228; x_wconf 59' lang='lat' dir='ltr'><strong>smmum</strong></span> 
     </span>
    </p>
   </div>
   <div class='ocr_carea' id='block_1_92' title="bbox 902 2190 1661 2231">
    <p class='ocr_par' dir='ltr' id='par_1_92' title="bbox 902 2193 1661 2222">
     <span class='ocr_line' id='line_1_92' title="bbox 902 2193 1661 2222; baseline 0 -1"><span class='ocrx_word' id='word_1_684' title='bbox 902 2194 968 2221; x_wconf 74' lang='lat' dir='ltr'><strong>tiam</strong></span> <span class='ocrx_word' id='word_1_685' title='bbox 986 2194 1021 2222; x_wconf 90' lang='lat' dir='ltr'><strong>ab</strong></span> <span class='ocrx_word' id='word_1_686' title='bbox 1033 2193 1180 2222; x_wconf 84' lang='lat' dir='ltr'><strong>Hincmaro</strong></span> <span class='ocrx_word' id='word_1_687' title='bbox 1198 2195 1372 2222; x_wconf 86' lang='lat' dir='ltr'><strong>observatam</strong></span> <span class='ocrx_word' id='word_1_688' title='bbox 1388 2195 1481 2222; x_wconf 86' lang='lat' dir='ltr'><strong>tradit.</strong></span> <span class='ocrx_word' id='word_1_689' title='bbox 1499 2194 1538 2222; x_wconf 80' lang='lat' dir='ltr'><strong>Ne</strong></span> <span class='ocrx_word' id='word_1_690' title='bbox 1553 2194 1661 2222; x_wconf 88' lang='lat' dir='ltr'><strong>Gratia-</strong></span> 
     </span>
    </p>
   </div>
   <div class='ocr_carea' id='block_1_93' title="bbox 79 2238 826 2281">
    <p class='ocr_par' dir='ltr' id='par_1_93' title="bbox 79 2238 826 2281">
     <span class='ocr_line' id='line_1_93' title="bbox 79 2238 826 2281; baseline 0.013 -17"><span class='ocrx_word' id='word_1_691' title='bbox 79 2238 156 2266; x_wconf 70' lang='grc' dir='ltr'>»ινόνα</span> <span class='ocrx_word' id='word_1_692' title='bbox 168 2242 209 2268; x_wconf 72' lang='grc' dir='ltr'><strong>καὶ</strong></span> <span class='ocrx_word' id='word_1_693' title='bbox 224 2243 270 2279; x_wconf 80' lang='grc' dir='ltr'><strong>τῆς</strong></span> <span class='ocrx_word' id='word_1_694' title='bbox 289 2244 453 2280; x_wconf 81' lang='grc' dir='ltr'><strong>Ἐκκλησίας</strong></span> <span class='ocrx_word' id='word_1_695' title='bbox 474 2245 615 2280; x_wconf 81' lang='grc' dir='ltr'><strong>φυλάττειν</strong></span> <span class='ocrx_word' id='word_1_696' title='bbox 630 2246 731 2281; x_wconf 74' lang='grc' dir='ltr'><strong>ἔγνωκε</strong></span> <span class='ocrx_word' id='word_1_697' title='bbox 741 2255 748 2262; x_wconf 92' lang='grc'><strong>·</strong></span> <span class='ocrx_word' id='word_1_698' title='bbox 769 2246 826 2274; x_wconf 84' lang='lat' dir='ltr'><strong>Tua</strong></span> 
     </span>
    </p>
   </div>
   <div class='ocr_carea' id='block_1_94' title="bbox 78 2285 823 2327">
    <p class='ocr_par' dir='ltr' id='par_1_94' title="bbox 78 2285 823 2327">
     <span class='ocr_line' id='line_1_94' title="bbox 78 2285 823 2327; baseline 0.013 -17"><span class='ocrx_word' id='word_1_699' title='bbox 78 2285 191 2316; x_wconf 73' lang='lat' dir='ltr'><strong>prudentia</strong></span> <span class='ocrx_word' id='word_1_700' title='bbox 202 2293 226 2314; x_wconf 85' lang='lat' dir='ltr'><strong>et</strong></span> <span class='ocrx_word' id='word_1_701' title='bbox 239 2291 366 2317; x_wconf 86' lang='lat' dir='ltr'><strong>mandata</strong></span> <span class='ocrx_word' id='word_1_702' title='bbox 379 2290 440 2323; x_wconf 87' lang='lat' dir='ltr'><strong>Dei,</strong></span> <span class='ocrx_word' id='word_1_703' title='bbox 455 2297 480 2319; x_wconf 84' lang='lat' dir='ltr'><strong>et</strong></span> <span class='ocrx_word' id='word_1_704' title='bbox 498 2292 670 2326; x_wconf 84' lang='lat' dir='ltr'><strong>apostolicum</strong></span> <span class='ocrx_word' id='word_1_705' title='bbox 688 2300 823 2327; x_wconf 70' lang='lat' dir='ltr'><strong>cntionem,</strong></span> 
     </span>
    </p>
   </div>
   <div class='ocr_carea' id='block_1_95' title="bbox 80 2334 825 2373">
    <p class='ocr_par' dir='ltr' id='par_1_95' title="bbox 80 2334 825 2373">
     <span class='ocr_line' id='line_1_95' title="bbox 80 2334 825 2373; baseline 0.012 -15"><span class='ocrx_word' id='word_1_706' title='bbox 80 2334 140 2373; x_wconf 56' lang='lat' dir='ltr'><strong>atque</strong></span> <span class='ocrx_word' id='word_1_707' title='bbox 151 2334 344 2363; x_wconf 75' lang='lat' dir='ltr'><strong>ecclesiasticum</strong></span> <span class='ocrx_word' id='word_1_708' title='bbox 354 2337 483 2364; x_wconf 78' lang='lat' dir='ltr'><strong>custodire</strong></span> <span class='ocrx_word' id='word_1_709' title='bbox 495 2339 607 2365; x_wconf 84' lang='lat' dir='ltr'><strong>statuit:</strong></span> <span class='ocrx_word' id='word_1_710' title='bbox 623 2343 653 2366; x_wconf 92' lang='lat' dir='ltr'><strong>ut</strong></span> <span class='ocrx_word' id='word_1_711' title='bbox 671 2338 729 2373; x_wconf 89' lang='lat' dir='ltr'><strong>ipse</strong></span> <span class='ocrx_word' id='word_1_712' title='bbox 743 2338 825 2367; x_wconf 85' lang='lat' dir='ltr'><strong>refert</strong></span> 
     </span>
    </p>
   </div>
   <div class='ocr_carea' id='block_1_96' title="bbox 79 2372 824 2416">
    <p class='ocr_par' dir='ltr' id='par_1_96' title="bbox 79 2372 824 2416">
     <span class='ocr_line' id='line_1_96' title="bbox 79 2372 824 2416; baseline 0.013 -14"><span class='ocrx_word' id='word_1_713' title='bbox 79 2372 104 2400; x_wconf 74' lang='lat' dir='ltr'><strong>de</strong></span> <span class='ocrx_word' id='word_1_714' title='bbox 124 2375 172 2404; x_wconf 78' lang='lat' dir='ltr'><strong>Vita</strong></span> <span class='ocrx_word' id='word_1_715' title='bbox 190 2377 353 2410; x_wconf 78' lang='lat' dir='ltr'><strong>Constantini</strong></span> <span class='ocrx_word' id='word_1_716' title='bbox 367 2382 416 2409; x_wconf 86' lang='lat' dir='ltr'><strong>lib.</strong></span> <span class='ocrx_word' id='word_1_717' title='bbox 433 2391 474 2416; x_wconf 84' lang='lat' dir='ltr'><strong>In,</strong></span> <span class='ocrx_word' id='word_1_718' title='bbox 490 2391 514 2411; x_wconf 89' lang='lat' dir='ltr'><strong>c.</strong></span> <span class='ocrx_word' id='word_1_719' title='bbox 536 2383 580 2411; x_wconf 86' lang='grc'><strong>61.</strong></span> <span class='ocrx_word' id='word_1_720' title='bbox 598 2383 646 2411; x_wconf 89' lang='lat' dir='ltr'><strong>Est</strong></span> <span class='ocrx_word' id='word_1_721' title='bbox 666 2372 756 2412; x_wconf 83' lang='lat' dir='ltr'><strong>autem</strong></span> <span class='ocrx_word' id='word_1_722' title='bbox 779 2384 824 2413; x_wconf 84' lang='lat' dir='ltr'><strong>hic</strong></span> 
     </span>
    </p>
   </div>
   <div class='ocr_carea' id='block_1_97' title="bbox 81 2423 823 2465">
    <p class='ocr_par' dir='ltr' id='par_1_97' title="bbox 81 2423 823 2465">
     <span class='ocr_line' id='line_1_97' title="bbox 81 2423 823 2465; baseline 0.018 -18"><span class='ocrx_word' id='word_1_723' title='bbox 81 2425 150 2448; x_wconf 75' lang='lat' dir='ltr'><strong>canon</strong></span> <span class='ocrx_word' id='word_1_724' title='bbox 159 2423 220 2451; x_wconf 88' lang='lat' dir='ltr'><strong>inter</strong></span> <span class='ocrx_word' id='word_1_725' title='bbox 232 2433 287 2460; x_wconf 88' lang='lat' dir='ltr'><strong>eos,</strong></span> <span class='ocrx_word' id='word_1_726' title='bbox 301 2428 348 2463; x_wconf 92' lang='lat' dir='ltr'><strong>qui</strong></span> <span class='ocrx_word' id='word_1_727' title='bbox 361 2429 502 2463; x_wconf 88' lang='lat' dir='ltr'><strong>apostolici</strong></span> <span class='ocrx_word' id='word_1_728' title='bbox 515 2430 684 2465; x_wconf 88' lang='lat' dir='ltr'><strong>dicebantur,</strong></span> <span class='ocrx_word' id='word_1_729' title='bbox 700 2432 823 2460; x_wconf 86' lang='lat' dir='ltr'><strong>decimus</strong></span> 
     </span>
    </p>
   </div>
   <div class='ocr_carea' id='block_1_98' title="bbox 80 2470 823 2513">
    <p class='ocr_par' dir='ltr' id='par_1_98' title="bbox 80 2470 823 2513">
     <span class='ocr_line' id='line_1_98' title="bbox 80 2470 823 2513; baseline 0.016 -20"><span class='ocrx_word' id='word_1_730' title='bbox 80 2470 179 2513; x_wconf 63' lang='lat' dir='ltr'><strong>quartus.</strong></span> <span class='ocrx_word' id='word_1_731' title='bbox 207 2471 355 2500; x_wconf 81' lang='lat' dir='ltr'><strong>Alexander</strong></span> <span class='ocrx_word' id='word_1_732' title='bbox 381 2474 526 2510; x_wconf 81' lang='lat' dir='ltr'><strong>episcOpus</strong></span> <span class='ocrx_word' id='word_1_733' title='bbox 558 2476 729 2504; x_wconf 63' lang='lat' dir='ltr'><strong>Alexandria:</strong></span> <span class='ocrx_word' id='word_1_734' title='bbox 760 2481 823 2505; x_wconf 89' lang='lat' dir='ltr'><strong>ante</strong></span> 
     </span>
    </p>
   </div>
   <div class='ocr_carea' id='block_1_99' title="bbox 81 2513 822 2557">
    <p class='ocr_par' dir='ltr' id='par_1_99' title="bbox 81 2513 822 2557">
     <span class='ocr_line' id='line_1_99' title="bbox 81 2513 822 2557; baseline 0.019 -20"><span class='ocrx_word' id='word_1_735' title='bbox 81 2513 196 2542; x_wconf 77' lang='lat' dir='ltr'><strong>concilium</strong></span> <span class='ocrx_word' id='word_1_736' title='bbox 215 2516 365 2553; x_wconf 63' lang='lat' dir='ltr'><strong>Nicanum,</strong></span> <span class='ocrx_word' id='word_1_737' title='bbox 387 2527 450 2547; x_wconf 91' lang='lat' dir='ltr'><strong>cum</strong></span> <span class='ocrx_word' id='word_1_738' title='bbox 475 2521 569 2548; x_wconf 79' lang='lat' dir='ltr'><strong>Arium</strong></span> <span class='ocrx_word' id='word_1_739' title='bbox 597 2521 711 2557; x_wconf 84' lang='lat' dir='ltr'><strong>ejusque</strong></span> <span class='ocrx_word' id='word_1_740' title='bbox 731 2523 822 2551; x_wconf 87' lang='lat' dir='ltr'><strong>socios</strong></span> 
     </span>
    </p>
   </div>
   <div class='ocr_carea' id='block_1_100' title="bbox 80 2561 822 2601">
    <p class='ocr_par' dir='ltr' id='par_1_100' title="bbox 80 2561 822 2601">
     <span class='ocr_line' id='line_1_100' title="bbox 80 2561 822 2601; baseline 0.024 -21"><span class='ocrx_word' id='word_1_741' title='bbox 80 2561 322 2598; x_wconf 79' lang='lat' dir='ltr'><strong>excommunicasset,</strong></span> <span class='ocrx_word' id='word_1_742' title='bbox 340 2566 455 2601; x_wconf 86' lang='lat' dir='ltr'><strong>epistola</strong></span> <span class='ocrx_word' id='word_1_743' title='bbox 479 2567 512 2594; x_wconf 93' lang='lat' dir='ltr'><strong>ad</strong></span> <span class='ocrx_word' id='word_1_744' title='bbox 537 2567 719 2597; x_wconf 78' lang='lat' dir='ltr'><strong>Alexandrum</strong></span> <span class='ocrx_word' id='word_1_745' title='bbox 750 2569 822 2598; x_wconf 89' lang='lat' dir='ltr'><strong>Con-</strong></span> 
     </span>
    </p>
   </div>
   <div class='ocr_carea' id='block_1_101' title="bbox 82 2604 822 2651">
    <p class='ocr_par' dir='ltr' id='par_1_101' title="bbox 82 2604 822 2651">
     <span class='ocr_line' id='line_1_101' title="bbox 82 2604 822 2651; baseline 0.019 -22"><span class='ocrx_word' id='word_1_746' title='bbox 82 2604 314 2650; x_wconf 59' lang='lat' dir='ltr'><strong>stantinopolitanum</strong></span> <span class='ocrx_word' id='word_1_747' title='bbox 327 2611 484 2647; x_wconf 84' lang='lat' dir='ltr'><strong>episcopum</strong></span> <span class='ocrx_word' id='word_1_748' title='bbox 496 2613 558 2641; x_wconf 90' lang='lat' dir='ltr'><strong>data</strong></span> <span class='ocrx_word' id='word_1_749' title='bbox 570 2615 689 2648; x_wconf 87' lang='lat' dir='ltr'><strong>graviter</strong></span> <span class='ocrx_word' id='word_1_750' title='bbox 700 2623 822 2651; x_wconf 88' lang='lat' dir='ltr'><strong>conque-</strong></span> 
     </span>
    </p>
   </div>
   <div class='ocr_carea' id='block_1_102' title="bbox 81 2650 820 2696">
    <p class='ocr_par' dir='ltr' id='par_1_102' title="bbox 81 2650 820 2696">
     <span class='ocr_line' id='line_1_102' title="bbox 81 2650 820 2696; baseline 0.022 -23"><span class='ocrx_word' id='word_1_751' title='bbox 81 2650 222 2696; x_wconf 25' lang='lat' dir='ltr'><strong>riturpquod</strong></span> <span class='ocrx_word' id='word_1_752' title='bbox 243 2655 275 2682; x_wconf 89' lang='lat' dir='ltr'><strong>ab</strong></span> <span class='ocrx_word' id='word_1_753' title='bbox 294 2657 432 2692; x_wconf 89' lang='lat' dir='ltr'><strong>aliquibus</strong></span> <span class='ocrx_word' id='word_1_754' title='bbox 449 2658 476 2685; x_wconf 91' lang='lat' dir='ltr'><strong>in</strong></span> <span class='ocrx_word' id='word_1_755' title='bbox 496 2659 644 2687; x_wconf 85' lang='lat' dir='ltr'><strong>Ecclesiam</strong></span> <span class='ocrx_word' id='word_1_756' title='bbox 667 2650 820 2696; x_wconf 77' lang='lat' dir='ltr'><strong>reciperen-</strong></span> 
     </span>
    </p>
   </div>
   <div class='ocr_carea' id='block_1_103' title="bbox 83 2694 820 2742">
    <p class='ocr_par' dir='ltr' id='par_1_103' title="bbox 83 2694 820 2742">
     <span class='ocr_line' id='line_1_103' title="bbox 83 2694 820 2742; baseline 0.012 -17"><span class='ocrx_word' id='word_1_757' title='bbox 83 2694 166 2742; x_wconf 65' lang='grc' dir='ltr'><strong>ι¹¹τι¹ξῷ</strong></span> <span class='ocrx_word' id='word_1_758' title='bbox 184 2699 243 2734; x_wconf 74' lang='grc' dir='ltr'><strong>μήτε</strong></span> <span class='ocrx_word' id='word_1_759' title='bbox 261 2701 303 2728; x_wconf 78' lang='grc' dir='ltr'>τὸν</span> <span class='ocrx_word' id='word_1_760' title='bbox 328 2703 505 2731; x_wconf 77' lang='grc' dir='ltr'><strong>ἁτυοστολικδν</strong></span> <span class='ocrx_word' id='word_1_761' title='bbox 525 2705 625 2732; x_wconf 81' lang='grc' dir='ltr'><strong>κανόνα</strong></span> <span class='ocrx_word' id='word_1_762' title='bbox 651 2694 732 2733; x_wconf 76' lang='grc' dir='ltr'><strong>τοῦτᾶ</strong></span> <span class='ocrx_word' id='word_1_763' title='bbox 754 2716 820 2742; x_wconf 84' lang='grc' dir='ltr'><strong>συγ-</strong></span> 
     </span>
    </p>
   </div>
   <div class='ocr_carea' id='block_1_104' title="bbox 81 2740 819 2789">
    <p class='ocr_par' dir='ltr' id='par_1_104' title="bbox 81 2740 819 2789">
     <span class='ocr_line' id='line_1_104' title="bbox 81 2740 819 2789; baseline 0.018 -19"><span class='ocrx_word' id='word_1_764' title='bbox 81 2740 166 2773; x_wconf 76' lang='grc' dir='ltr'><strong>κυρεῖν,</strong></span> <span class='ocrx_word' id='word_1_765' title='bbox 176 2745 236 2777; x_wconf 65' lang='lat' dir='ltr'><strong>quod</strong></span> <span class='ocrx_word' id='word_1_766' title='bbox 247 2749 400 2782; x_wconf 80' lang='lat' dir='ltr'><strong>apostolicus</strong></span> <span class='ocrx_word' id='word_1_767' title='bbox 417 2759 500 2779; x_wconf 78' lang='lat' dir='ltr'><strong>canon</strong></span> <span class='ocrx_word' id='word_1_768' title='bbox 518 2752 546 2780; x_wconf 84' lang='lat' dir='ltr'><strong>id</strong></span> <span class='ocrx_word' id='word_1_769' title='bbox 563 2761 615 2781; x_wconf 85' lang='lat' dir='ltr'><strong>nou</strong></span> <span class='ocrx_word' id='word_1_770' title='bbox 626 2754 772 2789; x_wconf 81' lang='lat' dir='ltr'><strong>permittat,</strong></span> <span class='ocrx_word' id='word_1_771' title='bbox 789 2740 819 2783; x_wconf 80' lang='lat' dir='ltr'><strong>ut</strong></span> 
     </span>
    </p>
   </div>
   <div class='ocr_carea' id='block_1_105' title="bbox 109 2812 330 2858">
    <p class='ocr_par' dir='ltr' id='par_1_105' title="bbox 109 2812 330 2858">
     <span class='ocr_line' id='line_1_105' title="bbox 109 2812 330 2858; baseline 0.014 -11"><span class='ocrx_word' id='word_1_772' title='bbox 109 2812 234 2850; x_wconf 76' lang='lat' dir='ltr'><strong>&#39;lThesa.</strong></span> <span class='ocrx_word' id='word_1_773' title='bbox 251 2830 276 2858; x_wconf 86' lang='lat' dir='ltr'><strong>v,</strong></span> <span class='ocrx_word' id='word_1_774' title='bbox 289 2823 330 2854; x_wconf 67' lang='lat' dir='ltr'><strong>at.</strong></span> 
     </span>
    </p>
   </div>
   <div class='ocr_carea' id='block_1_106' title="bbox 877 2241 1657 2277">
    <p class='ocr_par' dir='ltr' id='par_1_106' title="bbox 877 2241 1657 2277">
     <span class='ocr_line' id='line_1_106' title="bbox 877 2241 1657 2277; baseline 0 -9"><span class='ocrx_word' id='word_1_775' title='bbox 877 2247 930 2268; x_wconf 87' lang='lat' dir='ltr'><strong>nus</strong></span> <span class='ocrx_word' id='word_1_776' title='bbox 940 2241 1049 2276; x_wconf 90' lang='lat' dir='ltr'><strong>quidem</strong></span> <span class='ocrx_word' id='word_1_777' title='bbox 1063 2241 1121 2269; x_wconf 66' lang='lat' dir='ltr'><strong>haec</strong></span> <span class='ocrx_word' id='word_1_778' title='bbox 1134 2241 1161 2268; x_wconf 90' lang='lat' dir='ltr'><strong>in</strong></span> <span class='ocrx_word' id='word_1_779' title='bbox 1176 2241 1276 2270; x_wconf 83' lang='lat' dir='ltr'><strong>Gelasii</strong></span> <span class='ocrx_word' id='word_1_780' title='bbox 1294 2242 1404 2270; x_wconf 90' lang='lat' dir='ltr'><strong>decreto</strong></span> <span class='ocrx_word' id='word_1_781' title='bbox 1418 2241 1516 2277; x_wconf 87' lang='lat' dir='ltr'><strong>legisse</strong></span> <span class='ocrx_word' id='word_1_782' title='bbox 1539 2241 1657 2274; x_wconf 79' lang='lat' dir='ltr'><strong>videtur;</strong></span> 
     </span>
    </p>
   </div>
   <div class='ocr_carea' id='block_1_107' title="bbox 875 2287 1659 2323">
    <p class='ocr_par' dir='ltr' id='par_1_107' title="bbox 875 2287 1659 2323">
     <span class='ocr_line' id='line_1_107' title="bbox 875 2287 1659 2323; baseline 0 -9"><span class='ocrx_word' id='word_1_783' title='bbox 875 2294 938 2314; x_wconf 89' lang='lat' dir='ltr'><strong>nam</strong></span> <span class='ocrx_word' id='word_1_784' title='bbox 955 2287 1027 2314; x_wconf 89' lang='lat' dir='ltr'><strong>inter</strong></span> <span class='ocrx_word' id='word_1_785' title='bbox 1041 2295 1089 2314; x_wconf 87' lang='lat' dir='ltr'><strong>eos</strong></span> <span class='ocrx_word' id='word_1_786' title='bbox 1100 2287 1147 2322; x_wconf 92' lang='lat' dir='ltr'><strong>qui</strong></span> <span class='ocrx_word' id='word_1_787' title='bbox 1161 2288 1290 2316; x_wconf 87' lang='lat' dir='ltr'><strong>Canones</strong></span> <span class='ocrx_word' id='word_1_788' title='bbox 1305 2288 1492 2323; x_wconf 87' lang='lat' dir='ltr'><strong>apostolorum</strong></span> <span class='ocrx_word' id='word_1_789' title='bbox 1510 2287 1580 2314; x_wconf 87' lang='lat' dir='ltr'><strong>inter</strong></span> <span class='ocrx_word' id='word_1_790' title='bbox 1593 2294 1659 2322; x_wconf 73' lang='lat' dir='ltr'><strong>apo-</strong></span> 
     </span>
    </p>
   </div>
   <div class='ocr_carea' id='block_1_108' title="bbox 874 2331 1656 2368">
    <p class='ocr_par' dir='ltr' id='par_1_108' title="bbox 874 2331 1656 2368">
     <span class='ocr_line' id='line_1_108' title="bbox 874 2331 1656 2368; baseline -0.001 -8"><span class='ocrx_word' id='word_1_791' title='bbox 874 2333 975 2368; x_wconf 88' lang='lat' dir='ltr'><strong>crypha</strong></span> <span class='ocrx_word' id='word_1_792' title='bbox 987 2333 1179 2366; x_wconf 89' lang='lat' dir='ltr'><strong>numerabant,</strong></span> <span class='ocrx_word' id='word_1_793' title='bbox 1193 2333 1293 2361; x_wconf 85' lang='lat' dir='ltr'><strong>Gelasii</strong></span> <span class='ocrx_word' id='word_1_794' title='bbox 1309 2341 1362 2361; x_wconf 90' lang='lat' dir='ltr'><strong>non</strong></span> <span class='ocrx_word' id='word_1_795' title='bbox 1375 2333 1515 2366; x_wconf 87' lang='lat' dir='ltr'><strong>meminit,</strong></span> <span class='ocrx_word' id='word_1_796' title='bbox 1532 2333 1596 2360; x_wconf 91' lang='lat' dir='ltr'><strong>dist.</strong></span> <span class='ocrx_word' id='word_1_797' title='bbox 1611 2331 1656 2360; x_wconf 81' lang='grc'><strong>16.</strong></span> 
     </span>
    </p>
   </div>
   <div class='ocr_carea' id='block_1_109' title="bbox 877 2378 1654 2416">
    <p class='ocr_par' dir='ltr' id='par_1_109' title="bbox 877 2378 1654 2416">
     <span class='ocr_line' id='line_1_109' title="bbox 877 2378 1654 2416; baseline 0.003 -11"><span class='ocrx_word' id='word_1_798' title='bbox 877 2378 954 2412; x_wconf 87' lang='lat' dir='ltr'><strong>Quod</strong></span> <span class='ocrx_word' id='word_1_799' title='bbox 967 2383 1058 2407; x_wconf 87' lang='lat' dir='ltr'><strong>autem</strong></span> <span class='ocrx_word' id='word_1_800' title='bbox 1074 2379 1139 2406; x_wconf 88' lang='lat' dir='ltr'><strong>dist.</strong></span> <span class='ocrx_word' id='word_1_801' title='bbox 1160 2378 1195 2406; x_wconf 83' lang='grc'><strong>15</strong></span> <span class='ocrx_word' id='word_1_802' title='bbox 1218 2387 1291 2406; x_wconf 87' lang='lat' dir='ltr'><strong>nunc</strong></span> <span class='ocrx_word' id='word_1_803' title='bbox 1305 2387 1336 2406; x_wconf 91' lang='lat' dir='ltr'><strong>ea</strong></span> <span class='ocrx_word' id='word_1_804' title='bbox 1351 2379 1496 2412; x_wconf 88' lang='lat' dir='ltr'><strong>habentur,</strong></span> <span class='ocrx_word' id='word_1_805' title='bbox 1510 2379 1588 2406; x_wconf 89' lang='lat' dir='ltr'><strong>nihili</strong></span> <span class='ocrx_word' id='word_1_806' title='bbox 1599 2386 1654 2416; x_wconf 80' lang='lat' dir='ltr'><strong>est;</strong></span> 
     </span>
    </p>
   </div>
   <div class='ocr_carea' id='block_1_110' title="bbox 873 2423 1657 2460">
    <p class='ocr_par' dir='ltr' id='par_1_110' title="bbox 873 2423 1657 2460">
     <span class='ocr_line' id='line_1_110' title="bbox 873 2423 1657 2460; baseline 0 -8"><span class='ocrx_word' id='word_1_807' title='bbox 873 2431 937 2452; x_wconf 90' lang='lat' dir='ltr'><strong>nam</strong></span> <span class='ocrx_word' id='word_1_808' title='bbox 948 2423 1070 2452; x_wconf 86' lang='lat' dir='ltr'><strong>Gratiani</strong></span> <span class='ocrx_word' id='word_1_809' title='bbox 1086 2424 1174 2452; x_wconf 89' lang='lat' dir='ltr'><strong>codici</strong></span> <span class='ocrx_word' id='word_1_810' title='bbox 1191 2424 1282 2451; x_wconf 85' lang='lat' dir='ltr'><strong>omnia</strong></span> <span class='ocrx_word' id='word_1_811' title='bbox 1294 2424 1328 2451; x_wconf 90' lang='lat' dir='ltr'><strong>de</strong></span> <span class='ocrx_word' id='word_1_812' title='bbox 1340 2424 1419 2452; x_wconf 90' lang='lat' dir='ltr'><strong>libris</strong></span> <span class='ocrx_word' id='word_1_813' title='bbox 1433 2425 1596 2460; x_wconf 84' lang='lat' dir='ltr'><strong>apocryphis</strong></span> <span class='ocrx_word' id='word_1_814' title='bbox 1608 2433 1657 2460; x_wconf 87' lang='lat' dir='ltr'><strong>po-</strong></span> 
     </span>
    </p>
   </div>
   <div class='ocr_carea' id='block_1_111' title="bbox 873 2470 1655 2505">
    <p class='ocr_par' dir='ltr' id='par_1_111' title="bbox 873 2470 1655 2505">
     <span class='ocr_line' id='line_1_111' title="bbox 873 2470 1655 2505; baseline 0.001 -7"><span class='ocrx_word' id='word_1_815' title='bbox 873 2473 931 2498; x_wconf 86' lang='lat' dir='ltr'><strong>stea</strong></span> <span class='ocrx_word' id='word_1_816' title='bbox 951 2474 1016 2498; x_wconf 82' lang='lat' dir='ltr'><strong>sunt</strong></span> <span class='ocrx_word' id='word_1_817' title='bbox 1029 2470 1143 2503; x_wconf 84' lang='lat' dir='ltr'><strong>inserta,</strong></span> <span class='ocrx_word' id='word_1_818' title='bbox 1161 2477 1211 2498; x_wconf 89' lang='lat' dir='ltr'><strong>nec</strong></span> <span class='ocrx_word' id='word_1_819' title='bbox 1233 2470 1267 2497; x_wconf 86' lang='lat' dir='ltr'><strong>ad</strong></span> <span class='ocrx_word' id='word_1_820' title='bbox 1285 2477 1347 2497; x_wconf 91' lang='lat' dir='ltr'><strong>eum</strong></span> <span class='ocrx_word' id='word_1_821' title='bbox 1356 2478 1411 2505; x_wconf 89' lang='lat' dir='ltr'><strong>quo</strong></span> <span class='ocrx_word' id='word_1_822' title='bbox 1425 2470 1552 2505; x_wconf 87' lang='lat' dir='ltr'><strong>leguntur</strong></span> <span class='ocrx_word' id='word_1_823' title='bbox 1566 2471 1655 2499; x_wconf 92' lang='lat' dir='ltr'><strong>locum</strong></span> 
     </span>
    </p>
   </div>
   <div class='ocr_carea' id='block_1_112' title="bbox 872 2515 1654 2551">
    <p class='ocr_par' dir='ltr' id='par_1_112' title="bbox 872 2515 1654 2551">
     <span class='ocr_line' id='line_1_112' title="bbox 872 2515 1654 2551; baseline 0.003 -9"><span class='ocrx_word' id='word_1_824' title='bbox 872 2515 1019 2550; x_wconf 89' lang='lat' dir='ltr'><strong>pertinent,</strong></span> <span class='ocrx_word' id='word_1_825' title='bbox 1030 2523 1085 2551; x_wconf 91' lang='lat' dir='ltr'><strong>quo</strong></span> <span class='ocrx_word' id='word_1_826' title='bbox 1098 2515 1154 2550; x_wconf 86' lang='lat' dir='ltr'><strong>agit</strong></span> <span class='ocrx_word' id='word_1_827' title='bbox 1165 2515 1199 2543; x_wconf 89' lang='lat' dir='ltr'><strong>de</strong></span> <span class='ocrx_word' id='word_1_828' title='bbox 1211 2515 1347 2548; x_wconf 75' lang='lat' dir='ltr'><strong>conciliis,</strong></span> <span class='ocrx_word' id='word_1_829' title='bbox 1362 2520 1391 2543; x_wconf 87' lang='lat' dir='ltr'><strong>ut</strong></span> <span class='ocrx_word' id='word_1_830' title='bbox 1404 2515 1491 2550; x_wconf 83' lang='lat' dir='ltr'><strong>ipsius</strong></span> <span class='ocrx_word' id='word_1_831' title='bbox 1503 2516 1598 2544; x_wconf 86' lang='lat' dir='ltr'><strong>titulus</strong></span> <span class='ocrx_word' id='word_1_832' title='bbox 1610 2517 1654 2544; x_wconf 93' lang='lat' dir='ltr'><strong>in-</strong></span> 
     </span>
    </p>
   </div>
   <div class='ocr_carea' id='block_1_113' title="bbox 872 2560 1654 2597">
    <p class='ocr_par' dir='ltr' id='par_1_113' title="bbox 872 2560 1654 2597">
     <span class='ocr_line' id='line_1_113' title="bbox 872 2560 1654 2597; baseline 0.004 -9"><span class='ocrx_word' id='word_1_833' title='bbox 872 2560 963 2595; x_wconf 87' lang='lat' dir='ltr'><strong>dicat;</strong></span> <span class='ocrx_word' id='word_1_834' title='bbox 975 2565 1001 2589; x_wconf 88' lang='lat' dir='ltr'><strong>et</strong></span> <span class='ocrx_word' id='word_1_835' title='bbox 1013 2560 1110 2589; x_wconf 87' lang='lat' dir='ltr'><strong>Glossa</strong></span> <span class='ocrx_word' id='word_1_836' title='bbox 1125 2569 1262 2589; x_wconf 82' lang='lat' dir='ltr'><strong>summam</strong></span> <span class='ocrx_word' id='word_1_837' title='bbox 1286 2561 1383 2596; x_wconf 84' lang='lat' dir='ltr'><strong>capitis</strong></span> <span class='ocrx_word' id='word_1_838' title='bbox 1396 2562 1579 2597; x_wconf 87' lang='lat' dir='ltr'><strong>complectens</strong></span> <span class='ocrx_word' id='word_1_839' title='bbox 1596 2563 1654 2591; x_wconf 50' lang='lat' dir='ltr'><strong>hate</strong></span> 
     </span>
    </p>
   </div>
   <div class='ocr_carea' id='block_1_114' title="bbox 872 2606 1654 2643">
    <p class='ocr_par' dir='ltr' id='par_1_114' title="bbox 872 2606 1654 2643">
     <span class='ocr_line' id='line_1_114' title="bbox 872 2606 1654 2643; baseline 0.004 -10"><span class='ocrx_word' id='word_1_840' title='bbox 872 2611 979 2634; x_wconf 88' lang='lat' dir='ltr'><strong>tantum</strong></span> <span class='ocrx_word' id='word_1_841' title='bbox 996 2606 1090 2634; x_wconf 87' lang='lat' dir='ltr'><strong>habet:</strong></span> <span class='ocrx_word' id='word_1_842' title='bbox 1104 2606 1176 2634; x_wconf 84' lang='lat' dir='ltr'><strong>Dicit</strong></span> <span class='ocrx_word' id='word_1_843' title='bbox 1185 2607 1256 2634; x_wconf 84' lang='lat' dir='ltr'><strong>enim</strong></span> <span class='ocrx_word' id='word_1_844' title='bbox 1271 2606 1403 2640; x_wconf 83' lang='lat' dir='ltr'><strong>Gelasius,</strong></span> <span class='ocrx_word' id='word_1_845' title='bbox 1418 2608 1487 2642; x_wconf 83' lang='lat' dir='ltr'><strong>quod</strong></span> <span class='ocrx_word' id='word_1_846' title='bbox 1499 2609 1654 2643; x_wconf 78' lang='lat' dir='ltr'><strong>supradicta</strong></span> 
     </span>
    </p>
   </div>
   <div class='ocr_carea' id='block_1_115' title="bbox 871 2653 1652 2689">
    <p class='ocr_par' dir='ltr' id='par_1_115' title="bbox 871 2653 1652 2689">
     <span class='ocr_line' id='line_1_115' title="bbox 871 2653 1652 2689; baseline 0.003 -10"><span class='ocrx_word' id='word_1_847' title='bbox 871 2657 986 2688; x_wconf 86' lang='lat' dir='ltr'><strong>quatuor</strong></span> <span class='ocrx_word' id='word_1_848' title='bbox 1000 2653 1114 2680; x_wconf 83' lang='lat' dir='ltr'><strong>concilia</strong></span> <span class='ocrx_word' id='word_1_849' title='bbox 1128 2653 1183 2680; x_wconf 79' lang='lat' dir='ltr'><strong>vult</strong></span> <span class='ocrx_word' id='word_1_850' title='bbox 1198 2653 1325 2686; x_wconf 64' lang='lat' dir='ltr'><strong>uenerari,</strong></span> <span class='ocrx_word' id='word_1_851' title='bbox 1340 2658 1364 2680; x_wconf 82' lang='lat' dir='ltr'><strong>et</strong></span> <span class='ocrx_word' id='word_1_852' title='bbox 1376 2654 1400 2680; x_wconf 81' lang='lat' dir='ltr'><strong>si</strong></span> <span class='ocrx_word' id='word_1_853' title='bbox 1410 2661 1461 2688; x_wconf 90' lang='lat' dir='ltr'><strong>qua</strong></span> <span class='ocrx_word' id='word_1_854' title='bbox 1474 2653 1530 2681; x_wconf 84' lang='lat' dir='ltr'><strong>alia</strong></span> <span class='ocrx_word' id='word_1_855' title='bbox 1545 2655 1652 2689; x_wconf 80' lang='lat' dir='ltr'><strong>[uerunt</strong></span> 
     </span>
    </p>
   </div>
   <div class='ocr_carea' id='block_1_116' title="bbox 871 2698 1651 2734">
    <p class='ocr_par' dir='ltr' id='par_1_116' title="bbox 871 2698 1651 2734">
     <span class='ocr_line' id='line_1_116' title="bbox 871 2698 1651 2734; baseline 0.001 -8"><span class='ocrx_word' id='word_1_856' title='bbox 871 2707 888 2725; x_wconf 79' lang='grc' dir='ltr'><strong><em>α</em></strong></span> <span class='ocrx_word' id='word_1_857' title='bbox 905 2698 955 2726; x_wconf 84' lang='lat' dir='ltr'><strong>SS.</strong></span> <span class='ocrx_word' id='word_1_858' title='bbox 970 2698 1097 2726; x_wconf 79' lang='lat' dir='ltr'><strong>Patribus</strong></span> <span class='ocrx_word' id='word_1_859' title='bbox 1115 2699 1249 2732; x_wconf 79' lang='lat' dir='ltr'><strong>instituta,</strong></span> <span class='ocrx_word' id='word_1_860' title='bbox 1268 2703 1293 2726; x_wconf 81' lang='lat' dir='ltr'><strong>et</strong></span> <span class='ocrx_word' id='word_1_861' title='bbox 1314 2700 1427 2726; x_wconf 83' lang='lat' dir='ltr'><strong>ostendit</strong></span> <span class='ocrx_word' id='word_1_862' title='bbox 1442 2708 1500 2734; x_wconf 76' lang='lat' dir='ltr'><strong>qua:</strong></span> <span class='ocrx_word' id='word_1_863' title='bbox 1525 2700 1651 2734; x_wconf 74' lang='lat' dir='ltr'><strong>opuscula</strong></span> 
     </span>
    </p>
   </div>
   <div class='ocr_carea' id='block_1_117' title="bbox 872 2743 1651 2782">
    <p class='ocr_par' dir='ltr' id='par_1_117' title="bbox 872 2743 1651 2782">
     <span class='ocr_line' id='line_1_117' title="bbox 872 2743 1651 2782; baseline 0.001 -9"><span class='ocrx_word' id='word_1_864' title='bbox 872 2743 922 2778; x_wconf 77' lang='lat' dir='ltr'><strong>SS.</strong></span> <span class='ocrx_word' id='word_1_865' title='bbox 940 2744 1052 2773; x_wconf 81' lang='lat' dir='ltr'><strong>Patrum</strong></span> <span class='ocrx_word' id='word_1_866' title='bbox 1068 2745 1095 2772; x_wconf 88' lang='lat' dir='ltr'><strong>in</strong></span> <span class='ocrx_word' id='word_1_867' title='bbox 1111 2744 1230 2774; x_wconf 80' lang='lat' dir='ltr'><strong>Ecclesia</strong></span> <span class='ocrx_word' id='word_1_868' title='bbox 1245 2745 1416 2781; x_wconf 82' lang='lat' dir='ltr'><strong>recipiantur.</strong></span> <span class='ocrx_word' id='word_1_869' title='bbox 1435 2744 1554 2775; x_wconf 85' lang='lat' dir='ltr'><strong>Ulterius</strong></span> <span class='ocrx_word' id='word_1_870' title='bbox 1569 2746 1651 2782; x_wconf 81' lang='lat' dir='ltr'><strong>igitur</strong></span> 
     </span>
    </p>
   </div>
  </div>
