1874 3070
211 158 257 186 IS‘S

734 159 763 186 S.
779 158 952 188 IGNATIUS.
972 175 1006 180 —
1024 157 1292 187 PBOLEGGMENA.

1808 151 1858 178 ﬁl

207 228 261 246 non
281 220 417 255 processit
433 219 592 247 Gratianus.
618 218 646 246 In
663 219 789 254 plurimis
817 221 899 247 etiam
927 228 994 247 mss.
1012 223 1033 250 Α
1046 227 1108 246 rum
1125 219 1193 247 tales
1204 219 1369 254 scripturas,
1382 217 1440 246 sive
1458 218 1554 251 libros,
1567 218 1669 247 Gelasii
1684 225 1755 245 arvo
1773 215 1858 240 θεειὶ-

205 266 352 294 codicihus
364 266 466 293 decreti
480 265 617 294 Gratianci
635 266 738 301 reliqua
755 274 809 293 non
825 272 993 301 comparent.
1020 290 1024 295 ν

205 311 364 344 Quinetiam
381 313 408 340 in
425 312 532 339 duobus
542 312 678 339 veteribus
691 320 757 339 mss.
775 312 928 340 Panormicr
937 313 997 341 lvo-

206 359 249 385 nis
275 359 308 386 ad
324 359 460 393 publicam
487 359 634 386 academiaa
665 363 768 386 nostra:
798 359 995 387 Bibliothecam

209 405 430 439 pertinentibus,
458 405 552 431 eadem
580 404 662 431 verba
688 404 888 432 desiderantur.
903 405 996 440 Neque

210 450 322 483 mirum,
337 458 399 477 cum
417 450 461 477 illa
479 458 543 484 pars
559 455 695 485 postrema
715 451 818 478 decreti
845 451 993 483 Gelasiani,

208 500 267 523 tum
281 496 307 522 in
322 494 467 523 Panormia
483 501 539 523 tum
562 497 589 523 in
616 497 727 525 decreto
754 496 916 530 Burchardi,
943 498 994 525 hoc

209 541 290 568 titulo
304 541 435 575 gaudeat:
460 540 499 567 De
512 541 607 568 notitia
620 542 748 568 librorum
771 541 992 576 apocrypltorum,

208 587 254 621 qui
268 596 284 612 a
296 586 346 614 SS.
357 587 482 613 Patribus
496 593 596 614 aeterna
607 588 779 614 damnatione
790 588 912 614 damnati
920 593 992 614 sunt.

207 632 274 666 Quis
291 633 363 660 enirn
382 633 453 660 l'erre
469 638 526 660 tum
544 635 676 668 temporis
690 634 906 668 potuilcanones
925 642 992 669 apo-

206 680 339 707 stolorum
353 680 380 707 in
393 680 502 707 decreto
513 680 564 707 sub
574 680 621 707 tali
635 681 714 707 titulo
728 680 952 715 comprehensos,
968 680 992 707 si

205 728 288 755 simul
303 728 445 763 cogitaret,
463 727 560 755 iisdem
570 727 722 754 canonibus
737 726 888 754 Romanam
899 726 992 755 Eccle-

205 773 274 801 siam
289 774 466 808 gubernatam
482 773 642 801 esse’Cum
660 773 744 808 igitur
755 773 910 807 aliquorum
929 778 991 800 ante

205 819 343 846 Gelasium
353 820 525 854 pontilicum,
533 824 561 846 et
574 819 660 854 ipsius
683 819 765 846 etiam
773 819 989 847 Gelasiidecreta

204 873 237 893 ex
246 866 400 893 canonibus
411 866 570 900 apostolicis
585 865 727 900 desumpta
746 865 801 892 sint
813 885 821 897 ,
835 872 898 892 cum
907 866 990 900 paulo

204 916 264 946 post
276 911 376 940 Gelasii
403 916 529 944 mortem,
557 919 679 939 canones
696 911 733 938 illi
752 918 766 937 a
789 915 844 938 tota
866 906 990 938 Romana

204 956 327 985 Ecclesia
351 958 453 992 recepti
462 958 532 990 sint;
548 957 689 985 decretum
701 956 778 989 illud,
793 965 848 991 quo
866 957 894 983 hi
906 964 990 984 cano-

203 1011 252 1030 nes
266 1007 366 1030 :eterna
383 1002 561 1030 damnatione
576 1002 698 1030 damnati
711 1007 785 1035 sunt,
795 1002 904 1029 Gelasio
916 1010 993 1038 papa:

203 1050 285 1078 tribui
306 1058 360 1078 non
376 1054 477 1084 potest.

1007 900 1027 926 Β

237 1107 373 1135 Praeterea
393 1108 452 1135 haec
479 1107 564 1134 verba
592 1111 734 1134 auctorem
761 1107 863 1134 decreti
882 1106 997 1134 Gelasio

199 1154 337 1189 juniorem
357 1154 469 1180 omnino
480 1153 685 1180 demonstrant:
701 1152 752 1180 Sed
767 1158 792 1180 et
808 1153 831 1179 si
853 1161 906 1188 qua
929 1158 990 1181 sunt

200 1201 314 1227 concilia
328 1209 343 1227 a
356 1199 407 1227 SS.
421 1199 547 1226 Patribus
564 1199 692 1226 hactenus
708 1200 841 1232 instituta,
857 1204 915 1233 post
931 1199 990 1225 illo-

200 1256 260 1274 nm:
270 1251 385 1282 quatuor
393 1247 580 1273 auctoritatem
588 1251 612 1272 et
621 1246 793 1272 custodienda
803 1250 828 1272 et
840 1247 989 1281 recipienda

199 1293 374 1320 decrevimus.
388 1292 428 1320 De
441 1297 562 1327 quatuor
581 1292 754 1327 generalibus
778 1292 903 1319 conciliis
927 1297 990 1320 ante

200 1340 322 1373 locutus,
335 1339 370 1367 de
387 1339 500 1374 reliquis
515 1344 578 1374 post
592 1347 626 1366 ea
647 1339 792 1366 celebratis
805 1339 878 1373 agit,
898 1339 989 1366 miuo-

199 1394 314 1421 remque
327 1387 362 1414 iis
379 1387 573 1414 auctoritatem
589 1385 707 1418 tribuit;
723 1384 797 1420 quod
820 1386 935 1412 omnino
947 1385 990 1412 in-

198 1433 284 1468 telligi
295 1433 376 1460 debet
394 1433 428 1460 de
439 1433 565 1460 conciliis
574 1440 636 1467 quae
650 1432 814 1459 videbantur
831 1439 893 1460 esse
907 1440 989 1466 gene-

199 1479 266 1506 ralia
279 1488 286 1506 :
301 1479 381 1506 aliter
393 1479 460 1506 nihil
473 1479 586 1506 diceret.
607 1478 734 1505 Ataatate
754 1477 855 1505 Gelasii
883 1478 987 1505 nullum

198 1530 260 1560 post
275 1525 498 1553 Chalcedonense
511 1525 657 1552 concilium
669 1525 836 1552 celebratum
848 1529 900 1556 est,
915 1523 988 1558 quod

198 1572 225 1598 in
245 1579 361 1599 numero
371 1571 541 1606 generalium
569 1570 634 1605 poni
651 1570 749 1605 potuit.
776 1569 879 1597 Auctor
905 1569 1024 1604 igiturc

198 1618 280 1651 hujus
296 1618 397 1644 decreti
410 1617 524 1644 omnino
541 1620 602 1650 post
616 1615 764 1643 concilium
776 1616 913 1649 quintum,
929 1614 987 1642 sive

196 1663 535 1697 Constantiuopolitanum
552 1662 704 1690 secundum
734 1661 853 1696 scripsit.
882 1660 918 1688 De
941 1661 987 1688 illo

197 1708 271 1735 enim
296 1707 343 1734 diu
366 1708 524 1735 dubitanter
548 1707 631 1735 locuti
648 1712 712 1734 sunt
727 1707 829 1738 Latini,
849 1715 899 1734 nec
914 1707 987 1741 paris

197 1761 261 1782 cum
277 1758 397 1789 quatuor
411 1754 587 1782 auctoritatis
612 1761 674 1781 esse
702 1753 859 1780 voluerunt.
884 1753 986 1788 Gregoo

197 1802 258 1828 rius
275 1801 299 1827 l:
315 1800 354 1827 De
368 1800 417 1827 illa
436 1805 522 1828 tamen
537 1800 649 1836 synodo,
674 1807 734 1834 qua:
757 1799 986 1834 Constantinopoli

196 1847 366 1883 postmodum
381 1847 454 1882 facta
466 1852 516 1879 est,
531 1855 591 1882 qut:
604 1855 621 1873 α
637 1846 727 1873 multis
753 1846 847 1881 quinta
870 1846 987 1872 nomina-

198 1897 254 1923 tur,
269 1893 338 1919 scire
351 1900 396 1918 vos
411 1893 480 1919 nolo.
502 1892 527 1918 Δ
544 1891 639 1919 multis
661 1891 743 1925 igitur
768 1898 826 1918 arvo
852 1890 986 1926 Gregorii,

198 1946 252 1965 non
265 1938 298 1965 ab
310 1938 439 1965 omnibus
447 1938 543 1972 quinta
558 1937 711 1968 dicebatur,
719 1941 748 1964 et
758 1944 820 1964 cum
837 1936 908 1963 idem
920 1937 987 1964 Gre-

197 1983 293 2019 gorins
310 1983 343 2010 de
353 1984 450 2019 synodi
468 1983 704 2011 Chalcedonensis
719 1982 882 2010 auctoritate
902 1982 988 2010 dixis-

198 2034 251 2061 set,
265 2028 299 2056 de
309 2029 404 2063 quinta
417 2029 474 2056 hac
486 2029 579 2056 statim
589 2027 694 2055 addidit
704 2037 711 2055 ι
721 2026 792 2054 Nam
806 2028 921 2062 synodus
928 2036 987 2063 qua:

197 2079 257 2109 post
276 2083 335 2101 eam
351 2075 510 2109 generaliter
526 2075 601 2108 facta
615 2079 665 2105 est,
681 2074 779 2100 idcirco
797 2082 813 2101 α
825 2074 898 2100 nobis
921 2075 987 2101 reci-

196 2120 282 2154 pitur,
298 2120 360 2153 quia
374 2119 490 2153 ejusdem
507 2120 602 2154 synodi
614 2120 642 2145 in
652 2119 774 2145 omnibus
785 2127 894 2154 sequens
914 2124 987 2146 teno-

198 2174 252 2192 rem
264 2165 337 2192 illius
351 2166 540 2191 auctoritatem
556 2165 685 2192 custodit.
704 2165 826 2192 Isidorus
844 2165 863 2192 l.
880 2173 905 2192 vt
924 2166 986 2201 Ety-

197 2212 274 2243 mol.,
288 2220 312 2239 c.
327 2211 376 2238 £6:
397 2210 447 2238 Ha:
471 2216 532 2237 sunt
555 2216 671 2243 quatuor
694 2212 789 2246 synodi
816 2212 986 2246 principales.

197 2259 260 2292 ﬁdei
275 2258 425 2285 doctrinam
438 2257 591 2292 plenissime
602 2259 786 2292 praedicantes.
798 2258 849 2286 Sed
861 2265 886 2286 et
897 2260 920 2286 si
933 2268 985 2294 qua
1001 2250 1023 2277 ι)

197 2307 259 2330 sunt
275 2302 389 2329 concilia
405 2311 464 2337 qua:
484 2301 534 2329 SS.
547 2301 639 2329 Patres
652 2303 755 2337 Spiritu
770 2303 820 2331 Dei
834 2305 903 2339 pleni
924 2314 986 2333 san-

197 2352 294 2374 xerunt
309 2347 484 2382 postillorum
496 2350 611 2381 quatuor
619 2348 804 2374 auctoritatem
815 2368 823 2380 ,
841 2349 912 2374 omni
927 2357 986 2374 ma—

199 2399 261 2420 nent
275 2393 397 2420 stabilita
418 2394 515 2427 vigore.
535 2391 603 2424 Quis
625 2400 679 2418 non
705 2393 777 2419 videt
806 2393 864 2420 haec
891 2394 985 2421 eadem

198 2439 281 2474 quasi
301 2443 391 2466 mente
405 2438 500 2470 scribi,
515 2445 569 2472 qua
594 2438 640 2464 illa
667 2437 693 2464 in
708 2438 818 2465 decreto
842 2438 986 2467 Gelasiano

200 2485 409 2511 scribebantur?
420 2483 475 2511 Nec
492 2483 551 2510 haec
571 2483 664 2518 igitur,
682 2490 732 2510 nec
751 2483 796 2510 illa
816 2489 878 2510 ante
904 2485 985 2519 quin—

199 2535 256 2558 tam
274 2531 408 2565 synodum
431 2530 533 2564 scripta
550 2528 634 2556 fuisse
650 2529 798 2563 putandum
809 2533 860 2556 est.
877 2528 987 2556 Cassio-

201 2579 287 2605 dorus
298 2577 345 2612 qui
369 2582 429 2612 post
448 2576 588 2604 Gelasium
600 2596 609 2609 ,
624 2580 688 2603 ante
704 2577 742 2602 vel
755 2577 828 2603 circa
852 2577 985 2612 synodum

201 2624 326 2658 quintam
343 2624 462 2658 scripsit,
473 2628 591 2658 quatuor
609 2627 714 2649 tantum
728 2622 888 2654 nominavit,
900 2622 933 2650 de
942 2630 987 2658 po-

202 2668 363 2696 sterioribus
381 2669 448 2695 nihil
461 2669 573 2696 omnino
588 2667 702 2695 addidit.

239 2727 361 2763 Denique
380 2728 497 2763 legimus
512 2728 539 2755 in
552 2727 663 2755 decreto
687 2735 694 2753 :
716 2726 785 2754 Item
808 2727 942 2761 scriptura
957 2729 986 2755 ds

203 2774 350 2800 inventione
363 2773 507 2800 Dominicis
525 2774 624 2807 crucis,
638 2777 663 2800 et
674 2772 730 2799 alia
742 2772 877 2806 scriptura
890 2772 922 2798 de
943 2773 986 2798 in-

204 2819 321 2846 tentione
333 2819 428 2854 capitis
439 2819 471 2846 Β.
482 2819 596 2846 Joannis
610 2818 740 2853 Baptista
754 2817 863 2844 novella
881 2817 987 2851 quidem

201 2864 342 2892 relationes
357 2870 428 2899 sunt,
451 2861 475 2892 ἐι
487 2864 606 2892 nonnulli
617 2862 800 2891 easCat/wlici
821 2862 920 2897 legunt.
935 2861 986 2888 Vc-

1050 266 1115 293 tisse
1132 274 1186 293 non
1205 271 1326 300 apparet.
1339 265 1388 293 Est
1400 265 1511 300 quidem
1525 266 1645 297 libellus,
1661 267 1741 293 inter
1767 259 1856 295 ορθιτι

1049 311 1228 347 S.Cypriano
1244 311 1314 340 falso
1335 312 1464 346 ascripta,
1486 311 1530 344 (De
1553 312 1720 339 reuelatione
1745 309 1856 346 caput}

1046 358 1160 385 Joannis
1175 359 1316 393 Baptista,
1327 363 1353 385 et
1369 359 1392 385 si
1410 358 1528 385 Baronio
1552 358 1728 386 credendum
1746 358 1797 390 sit,
1827 354 1853 382 ill

1046 403 1275 432 Adnotationibus
1287 405 1321 432 ad
1338 404 1573 440 Martyrologium,
1593 409 1698 440 quarto
1716 404 1786 431 Kal.
1803 404 1853 430 Se-

1046 452 1177 486 ptembris
1188 473 1194 484 ,
1212 452 1287 486 cujus
1300 452 1363 486 ﬁdei
1375 452 1410 478 sit
1430 457 1561 478 tractatus
1574 452 1631 485 ille,
1642 451 1778 478 declarat
1791 459 1853 477 ceu-

1045 506 1108 524 sura
1123 497 1232 531 Gelasii,
1253 499 1299 533 qui
1314 499 1353 525 sic
1368 507 1400 525 ea
1418 507 1478 533 qua
1491 499 1529 525 ibi
1541 504 1605 525 sunt
1629 499 1749 533 reliquit
1768 498 1854 524 lecto-

1044 545 1083 571 ris
1095 544 1257 576 arbitrio,ut
1274 553 1334 580 (ματ
1353 553 1415 572 vera
1431 545 1470 572 vel
1486 545 1556 579 falsa
1569 545 1634 577 sint,
1651 550 1721 571 ante
1742 544 1853 570 rat-ami-

1045 594 1087 616 net
1097 598 1175 624 quam
1189 590 1291 624 probet.
1307 589 1471 617 SedGelasii
1484 597 1602 617 censura
1615 589 1701 624 cujus
1719 588 1791 615 ﬁdei
1805 588 1851 619 sit,

1044 640 1177 663 tractatus
1193 637 1238 664 ille
1254 636 1395 663 declarare
1410 644 1464 663 non
1487 636 1589 671 potuit;
1615 635 1751 671 scriptus
1776 634 1852 661 enim

1043 686 1085 710 est
1099 687 1232 710 tractatus
1243 683 1302 717 ipse
1314 686 1375 717 post
1393 681 1582 709 Marcellinum
1595 682 1750 712 comitem,
1770 680 1853 714 cujus

1042 727 1198 755 Chronicon
1223 726 1478 754 citat:Chronicon
1494 732 1584 754 autem
1615 726 1785 754 Marcellini
1805 726 1852 752 diu

1042 779 1104 809 post
1121 773 1222 801 Gelasii
1238 778 1355 800 mortem
1373 774 1505 808 scriptum
1519 778 1572 801 est.
1605 773 1712 801 Fertur
1735 773 1851 808 quidem

1043 821 1189 856 Dionysius
1203 819 1325 855 Exiguus
1337 820 1462 847 eamdem
1479 820 1678 847 res-elationem
1698 827 1738 848 ex
1753 819 1854 847 (ἓν-διαὶ

1042 866 1163 894 Marcelli
1177 865 1399 893 archimandritas
1411 865 1546 893 relatione
1560 866 1587 892 in
1613 866 1751 900 linguam
1772 865 1852 892 Lati-

1042 920 1105 939 nam
1115 912 1299 943 transtulisse,
1318 915 1347 938 ut
1364 919 1425 938 eam
1441 910 1558 938 Romani
1578 912 1708 946 legerent
1722 921 1732 946 ;
1763 912 1815 940 sed
1826 916 1852 938 et

1042 957 1190 993 Dionysius
1210 957 1255 985 ille
1267 962 1329 992 post
1343 957 1451 984 obitum
1468 957 1716 992 Gelasii‘scripsit.

1078 1015 1219 1042 Decretum
1235 1015 1314 1042 docet
1326 1015 1447 1042 Marcum
1467 1015 1666 1050 evangelistam
1682 1015 1850 1050 gloriosum

1042 1069 1249 1088 consummasse
1265 1061 1427 1096 martyrium
1440 1071 1447 1094 ;
1460 1066 1489 1088 at
1507 1061 1560 1088 hoc
1578 1069 1670 1096 neque
1687 1061 1851 1091 Eusebius.

1043 1115 1130 1143 neque
1143 1107 1327 1143 Hieronymus
1351 1112 1414 1134 ante
1430 1107 1570 1134 Gelasium
1585 1106 1706 1133 tradidit
1719 1127 1729 1139 ,
1760 1113 1853 1140 neque

1041 1159 1103 1190 post
1114 1162 1176 1182 eum
1190 1153 1311 1181 Isidorus
1330 1152 1518 1189 Hispalensis:
1534 1158 1563 1180 ut
1574 1152 1635 1180 Vita
1653 1152 1684 1180 S.
1699 1153 1806 1185 Marci,
1825 1153 1850 1179 in

1040 1208 1095 1235 qua
1112 1200 1172 1235 ejus
1187 1200 1348 1235 martyrium
1361 1199 1539 1230 describitur.
1555 1203 1619 1234 post
1646 1198 1769 1231 lsidori,
1783 1202 1850 1226 eme

1041 1245 1118 1272 Beda:
1134 1249 1161 1272 et
1177 1245 1298 1272 auctoris
1316 1244 1419 1271 decreti
1449 1248 1573 1279 tempora
1590 1243 1696 1279 scripta
1723 1251 1792 1271 esse
1810 1244 1851 1269 vi-

1040 1290 1147 1318 deatur.

1079 1345 1207 1380 Denique,
1226 1346 1298 1380 quod
1320 1354 1442 1380 prmsens
1462 1346 1603 1382 negotium
1629 1346 1762 1372 maxime
1786 1353 1851 1379 spc-

1041 1397 1106 1425 ctat,
1114 1396 1210 1419 auctor
1224 1392 1258 1419 de
1277 1391 1382 1419 Rullino
1398 1400 1483 1427 agens
1497 1393 1552 1419 ait:
1568 1391 1623 1418 Illa
1633 1392 1774 1418 sentimus
1789 1399 1850 1425 qua:

1041 1439 1143 1465 beatum
1157 1437 1346 1474 Hieronymum
1360 1439 1457 1465 sentire
1473 1439 1674 1474 cognoscimus:
1687 1442 1714 1464 et
1732 1446 1788 1464 non
1804 1446 1848 1464 so—

1040 1485 1096 1512 lum
1110 1485 1142 1511 de
1155 1484 1255 1519 Ru/ﬁno
1265 1505 1273 1518 ,
1288 1485 1333 1512 sed
1348 1485 1427 1511 etiam
1439 1485 1472 1511 de
1487 1485 1627 1516 universis,
1644 1492 1714 1519 quos
1737 1485 1781 1510 vir
1794 1491 1847 1510 ste-

1039 1531 1099 1565 pins
1115 1536 1275 1557 memoratus
1291 1531 1346 1557 zelo
1363 1530 1411 1557 Dei
1425 1535 1450 1557 et
1466 1530 1531 1565 ﬁdei
1545 1530 1676 1565 religione
1700 1530 1847 1563 reprelien—

1039 1579 1088 1604 dit.
1103 1577 1168 1610 Quae
1178 1578 1260 1604 verba
1279 1585 1328 1604 nec
1343 1577 1478 1608 concilio,
1501 1585 1552 1604 nec
1567 1577 1694 1612 pontitici
1713 1577 1846 1604 Romano

1038 1624 1106 1651 satis
1122 1624 1307 1656 conveniunt;
1320 1629 1347 1651 et
1358 1631 1402 1650 res
1417 1623 1498 1650 aliter
1513 1624 1630 1650 omnino
1648 1631 1679 1650 se
1697 1624 1796 1650 habet.
1825 1623 1844 1649 Α

1037 1669 1145 1695 nemine
1155 1668 1227 1695 enim
1247 1669 1337 1703 magis
1358 1668 1486 1695 dissentit
1502 1675 1586 1702 quam
1602 1667 1637 1694 ab
1655 1666 1844 1703 Hieronymo.

1039 1714 1134 1741 Libros
1150 1721 1246 1741 omnes
1265 1714 1368 1741 Veteris
1381 1714 1562 1746 Testamenti,
1574 1713 1623 1749 qui
1649 1721 1707 1740 non
1739 1714 1769 1740 in
1792 1712 1845 1740 He.

1037 1761 1172 1787 brzeorum
1181 1768 1286 1787 canone
1298 1760 1479 1791 habebantur,
1490 1761 1523 1787 ad
1537 1759 1701 1795 apocrypha
1722 1759 1845 1786 rotunde

1038 1807 1168 1842 relegavit
1182 1806 1379 1842 Hieronymus;
1395 1806 1507 1833 eosdem
1540 1807 1567 1833 in
1592 1806 1710 1833 decreto
1739 1806 1845 1841 pariter

1028 1861 1100 1882 .cum
1114 1854 1254 1882 canonicis
1273 1845 1364 1881 sancta
1375 1859 1401 1881 et
1427 1854 1561 1882 catholica
1572 1854 1689 1888 suscipit
1707 1859 1735 1882 et
1758 1855 1844 1881 hono-

1038 1892 1079 1925 rat
1100 1898 1231 1926 Ecclesia.
1247 1898 1433 1935 Hieronymus
1458 1900 1544 1929 libros
1559 1909 1633 1936 quos
1660 1901 1845 1937 apocryphos

1037 1952 1127 1976 vocat.
1138 1948 1189 1982 legi
1205 1949 1232 1975 in
1245 1948 1364 1975 Ecclesia
1384 1949 1450 1980 vult,
1462 1949 1543 1984 epist.
1557 1950 1610 1976 “5
1624 1958 1630 1975 :
1647 1949 1732 1977 Sicut
1746 1951 1845 1977 Iudith

1037 1999 1061 2020 et
1075 1993 1173 2027 Tobiae,
1183 2000 1206 2020 et
1222 1994 1435 2022 .llacnabozorum
1448 1995 1528 2021 libros
1540 1995 1604 2030 legit
1617 1996 1733 2030 quidem
1751 1996 1845 2024 Eccle-

1038 2039 1150 2069 sia,'sed
1165 2048 1220 2071 eas,
1237 2041 1305 2066 inter
1320 2041 1461 2066 canonicas
1477 2038 1634 2074 Scripturas
1650 2048 1706 2067 non
1725 2043 1823 2076 recipit
1837 2050 1844 2068 :

1037 2084 1077 2111 sic
1092 2089 1117 2110 et
1131 2084 1187 2110 Itth
1201 2085 1253 2111 duo
1268 2085 1569 2122 tolumina(:1vﬁps:ov
1579 2085 1646 2113 Jesu
1663 2086 1716 2113 lilii
1733 2087 1844 2115 Sirach.

1037 2134 1064 2155 et
1086 2128 1253 2163 Sapientiam
1276 2130 1444 2165 Salomonis)
1466 2131 1537 2166 legal
1558 2131 1594 2159 ad
1623 2131 1845 2165 ardiﬁcatiouem

1036 2174 1129 2209 plebis,
1139 2182 1190 2201 non
1204 2174 1241 2200 ad
1252 2177 1440 2202 auctoritatem
1459 2176 1711 2203 ecclesiasticarum
1728 2177 1844 2212 dogma-

1039 2225 1093 2247 tum
1106 2221 1329 2255 conﬁrmandam.
1345 2221 1374 2249 In
1390 2223 1500 2251 decreto
1519 2224 1617 2252 omnia
1635 2232 1704 2259 quae
1724 2233 1842 2260 apocry-

1037 2267 1090 2301 pha
1105 2266 1284 2300 appellantur,
1301 2272 1432 2303 tanquam
1447 2277 1464 2296 a
1475 2270 1636 2300 _Catholicis
1658 2270 1797 2303 vitanda,
1821 2274 1846 2298 et

1038 2311 1074 2339 ab
1085 2310 1206 2340 Ecclesia
1220 2313 1385 2343 eliminanda
1397 2315 1576 2344 damnantur.
1588 2314 1649 2343 Hoc
1664 2324 1761 2344 sensu
1775 2318 1846 2344 inter

1037 2357 1193 2392 apocrypha
1210 2365 1391 2386 numerantur
1409 2359 1549 2394 Opuscula
1569 2359 1765 2396 Tertulliani,
1795 2361 1846 2390 No-

1038 2404 1103 2436 vati,
1113 2404 1238 2436 Arnobii,
1251 2405 1423 2440 Apollinarii.
1440 2406 1527 2434 Aliter
1539 2408 1621 2442 plane
1634 2407 1844 2445 Hieronymus,

1037 2451 1116 2484 epist.
1134 2451 1184 2478 76:
1203 2451 1258 2486 Ego
1275 2451 1415 2486 Origenem
1425 2454 1733 2487 proptereruditionem
1749 2457 1790 2482 sic
1806 2457 1846 2482 in-

1039 2496 1141 2523 terdum
1155 2497 1301 2532 legendum,
1313 2499 1444 2532 quomodo
1454 2498 1666 2531 Tertulliauum,
1687 2500 1843 2532 Novatum,

1039 2543 1195 2575 Arnobium,
1210 2544 1414 2578 Apollinarium,
1430 2551 1454 2572 et
1467 2546 1612 2573 nonnullos
1634 2551 1843 2575 ecclestasttcas

1038 2586 1179 2620 scriptores
1192 2586 1295 2614 Greco:
1310 2590 1410 2623 pariter
1423 2595 1447 2616 et
1458 2589 1583 2624 Latinos,
1603 2595 1632 2617 ut
1650 2591 1730 2619 bona
1754 2602 1842 2620 eorum

1038 2632 1204 2667 colligamus,
1215 2633 1374 2670 vitemusque
1389 2637 1537 2670 contraria,
1562 2637 1648 2671 juxta
1676 2640 1843 2674 Apostolum

1038 2677 1183 2704 dicentem:
1195 2688 1204 2704 l
1221 2678 1317 2706 Omnia
1329 2681 1447 2714 probate,
1461 2682 1533 2716 quod
1545 2682 1645 2709 bonum
1662 2689 1707 2710 est
1730 2690 1839 2714 tenete.»

1037 2723 1104 2756 Qua!
1118 2724 1199 2751 verba
1208 2723 1330 2758 Apostoli
1342 2726 1375 2753 ad
1398 2727 1480 2753 aliam
1497 2727 1578 2762 plane
1593 2729 1724 2758 classem
1745 2732 1776 2759 in
1800 2731 1842 2758 de-

1038 2775 1113 2797 creto
1123 2770 1277 2802 trahuntur,
1293 2776 1322 2798 ut
1341 2777 1404 2801 ante
1429 2773 1609 2802 observatum
1631 2782 1690 2805 θδι.
1714 2777 1842 2806 peSSlmO

1039 2823 1121 2843 sensu
1138 2815 1164 2842 in
1176 2815 1285 2844 decreto
1296 2818 1429 2853 legimus:
1446 2819 1528 2847 Liber
1540 2822 1588 2850 aui
1604 2823 1776 2857 appellatur
1795 2823 1842 2850 Pa-

1039 2863 1131 2895 storis,
1156 2866 1334 2900 apocryphus;
1351 2875 1433 2902 quem
1455 2871 1529 2905 apud
1551 2871 1698 2906 quasdam
1733 2874 1842 2903 Gracia»
