1874 3070
72 114 120 143 l2?)

469 116 497 146 J.
515 116 699 146 PEARSONII
717 118 878 147 VlNDlClIE
897 118 1104 150 lGNATlANtE.
1123 135 1158 140 —
1179 120 1269 148 PARS
1288 120 1308 148 l.

1661 120 1711 150 HG

71 173 205 202 Ecclesias
219 175 306 202 etiam
322 175 442 210 publice
458 178 513 214 legi
532 184 646 208 testatus
661 186 712 212 est,
737 185 764 209 et
778 189 870 209 revera
885 184 908 212 Α
922 190 983 217 qua:
998 183 1184 210 adversarium
1204 183 1340 217 absolvit,
1366 189 1528 219 argumento
1550 185 1638 212 cedit!
1656 185 1706 219 Qui

69 219 161 248 utilem
188 221 297 250 librum
324 225 526 258 pronuntiavit
552 225 744 262 Hieronymus.
767 227 871 254 Auctor

68 267 180 299 decreti,
194 267 337 302 Opuscula
350 268 502 298 Clementis
519 271 693 299 Alexandrini
711 273 869 307 apocrypha.

68 311 256 348 Hieronymus
269 314 298 340 in
309 313 465 350 Catalogo:
479 315 616 342 Feruntur
630 316 687 350 ejus
701 317 814 352 insignia
824 326 870 345 uo-

66 359 182 391 Iuntina,
195 360 330 394 plenaque
345 362 507 389 eruditionis
526 367 551 389 et
564 362 729 398 eloquentia',
759 367 814 389 tam
840 364 872 391 de

68 405 222 440 Scripturis
234 407 349 439 divinis,
362 416 445 442 quam
458 409 492 435 de
504 408 641 436 surcularis
653 410 811 436 litteratura:
830 411 872 437 in-

66 456 230 480 strumento.
249 453 330 481 Adeo
342 454 446 482 decreti
459 463 571 490 scopas,
582 459 609 482 et
624 455 704 490 quasi
725 456 871 490 peculiaris

68 499 216 532 tractatio,
228 500 265 526 ab
282 499 446 537 Hieronymi
457 502 582 529 doctrina
593 502 702 536 penitus
711 503 869 531 abhorrent.

66 543 152 571 Liber
166 544 391 580 Prorerbiorum,
407 548 452 582 qui
464 547 497 574 ab
512 548 642 575 hareticis
656 550 830 584 conscriptus,
846 555 870 577 et

69 590 101 617 S.
117 590 195 618 δίειί
205 593 315 619 nomine
328 598 495 628 prtenotatus
509 599 558 627 est,
573 596 739 630 apocrypltus
751 617 758 628 ,
782 597 871 632 inquit

68 637 118 663 ille
127 644 213 672 quem
228 637 373 665 Gelasium
385 645 447 666 esse
456 639 558 666 volunt.
574 639 608 666 At
620 639 801 676 Hieronymus
808 648 870 667 eum

68 681 175 710 librum
192 683 292 711 docuit
306 692 361 711 non
373 685 408 712 ab
424 685 559 713 haereticis
574 685 659 713 fuisse
671 686 870 720 conscriptum.

71 727 123 757 sed
137 736 154 755 a
185 729 358 764 philosopho
379 730 562 765 Pythagoreo,
582 732 663 766 epist.
681 732 733 759 66:
762 732 872 759 Librum

75 772 148 800 Sitti
160 773 339 809 Pythagorei,
353 775 467 802 hominis
479 776 574 811 absque
587 775 703 809 Christo,
719 783 797 812 atque
813 778 871 805 eth-

74 821 139 853 nici,
154 821 301 848 immutata
314 822 420 848 nomine
432 842 440 855 ,
461 821 540 857 Χειδιὶ
566 824 693 859 martyris
709 829 733 850 et
745 823 871 851 Romumr

75 868 208 895 Ecclesia
218 867 337 902 episcopi
352 867 520 902 pramatat'it.

110 913 182 942 Cum
199 913 285 949 igitur
296 921 347 941 nec
363 914 553 942 Stichometria
560 915 722 950 patriarchae
733 915 871 944 Constan-

74 961 265 996 tinopolitano
280 959 426 1001 tribuenda
443 960 497 994 sit,
516 968 566 988 nec
581 960 723 989 Decretum
745 961 870 990 Romano

75 1006 159 1033 tribui
175 1013 259 1040 posse
275 1006 409 1037 videatur,
427 1013 480 1033 non
504 1011 546 1033 est
557 1014 588 1033 ea
604 1014 727 1034 censurae
751 1008 871 1034 auctori-

75 1056 129 1083 tas,
140 1059 229 1086 quam
246 1051 334 1080 voluit
347 1051 482 1079 Dallaaus:
499 1060 617 1088 cumque
633 1057 707 1079 tanta
720 1053 755 1081 sit
766 1052 871 1080 Sticho-

75 1099 180 1125 uetriz
194 1104 278 1133 atque
293 1097 408 1126 Decreto
425 1099 451 1126 in
464 1099 626 1134 apocryphis
636 1100 800 1128 denotandis
813 1101 870 1128 dis-

76 1144 232 1178 crepantia,
265 1151 321 1171 non
347 1148 391 1171 est
411 1151 443 1171 ea
471 1151 594 1171 censurae
614 1145 772 1176 concordia,
787 1153 869 1180 quam

75 1189 160 1215 tradit
172 1189 217 1215 vir
225 1188 404 1217 doctissimus
416 1198 423 1216 :
436 1197 497 1216 cum
512 1190 630 1225 denique
646 1189 672 1216 in
687 1190 744 1225 ipsa
761 1190 870 1218 Sticho-

77 1236 175 1260 metria
187 1234 250 1261 libri
265 1234 303 1261 illi
321 1235 510 1262 tantummodo
535 1234 604 1263 Novi
619 1235 780 1263 Testamenti
806 1245 869 1272 apo-

78 1281 171 1315 rrypln'
180 1281 324 1314 dicantur,
339 1283 408 1308 satis
425 1282 549 1316 apposite
560 1282 758 1316 llammondus,
777 1283 800 1310 si
812 1283 870 1318 epi-

78 1327 163 1354 stolas
194 1327 292 1362 lgnatii
324 1327 351 1354 in
385 1327 508 1355 lndiculo
539 1328 663 1356 denotari
693 1329 867 1361 concedatur,

78 1372 216 1400 Salmasio
231 1373 342 1401 videtur
356 1374 533 1408 respondisse
546 1384 552 1402 :
570 1374 648 1403 Nihil
661 1376 694 1402 ab
710 1377 869 1404 auctoritate

78 1420 197 1453 epistolis
215 1420 287 1447 hisce
302 1429 318 1447 a
333 1421 407 1447 nobis
431 1421 530 1448 tributa
555 1429 587 1448 ea:
600 1429 630 1448 eo
645 1423 793 1449 detractum
821 1428 868 1450 aut

79 1467 212 1493 minutum
236 1475 305 1500 esse,
332 1467 406 1502 quod
431 1467 511 1495 sicin
527 1469 735 1503 apocryphorum
761 1477 868 1496 numero

923 229 963 257 sic
975 230 1064 256 virum
1081 237 1220 256 summum
1235 229 1339 262 laudat,
1356 230 1494 264 quomodo
1506 231 1662 266 vituperat?

957 275 1106 302 Videamus
1125 275 1207 309 igitur
1218 275 1307 309 primo
1319 275 1384 310 quid
1401 275 1509 302 tandetn
1527 276 1572 309 sit,
1589 277 1625 304 ob
1637 277 1709 312 quod

922 320 993 347 hanc
1012 319 1200 347 defensionem
1227 325 1303 347 tanto
1331 320 1469 355 praeconio
1488 321 1582 353 cﬂ'ert;
1613 329 1710 356 nempe

922 367 994 402 quod
1012 367 1076 394 hinc
1095 372 1225 402 appareat
1241 375 1289 394 eos
1316 367 1454 394 immerito
1471 373 1616 394 aceltsatos
1633 368 1708 397 esse,

921 411 1120 447 quilgnatiana
1132 413 1309 443 damnarunt,
1339 418 1484 447 antequam
1513 412 1607 446 purior
1626 413 1711 440 editio

922 463 1067 493 procurata
1080 459 1176 486 est.At
1195 460 1280 487 nostri
1309 466 1357 485 eos
1381 466 1434 484 non
1457 462 1632 490 accusarunt,
1662 457 1708 492 qui

921 503 1052 538 epistolas
1064 502 1183 530 Eusebio
1199 504 1311 531 minime
1325 508 1490 530 memoratas
1507 508 1635 537 tanquam
1645 511 1704 537 spuv

922 550 979 577 rias
997 549 1168 583 rejecerunt,
1197 554 1245 576 aut
1269 549 1351 576 etiam
1384 548 1505 583 reliquas
1531 548 1708 582 interpolatas

922 602 983 622 esse
1001 595 1236 629 pronuntiabant;
1249 594 1297 621 sed
1321 601 1368 620 eos
1385 598 1502 625 tantum,
1513 593 1560 628 qui
1578 593 1711 627 epistolas

923 641 984 668 illas
997 649 1057 676 quite
1073 641 1244 675 interpolata:
1261 645 1336 671 sunt,
1348 644 1493 674 antequam
1510 638 1706 673 interpolaren-

923 692 987 719 tur,
1016 687 1093 714 fictas
1114 686 1200 713 fuisse
1217 686 1435 718 contendebant;
1454 691 1501 712 aut
1530 685 1707 720 interpulatzs

922 732 1031 767 penitus
1046 731 1215 766 rejiciehant,
1247 737 1378 765 tanquam
1407 731 1474 758 nihil
1499 739 1532 758 ex
1550 731 1583 759 iis
1599 731 1709 765 probati

923 782 1024 813 posset.
1043 777 1120 811 Quod
1142 782 1234 805 autem
1260 778 1392 812 epistolas
1417 776 1511 811 lgnatii
1529 785 1631 803 omnem
1651 785 1707 803 eam

923 829 1120 857 auctoritatem,
1133 832 1211 860 quant
1225 823 1288 850 olim
1305 823 1472 850 obtinuerant
1487 823 1564 857 plano
1578 823 1709 858 amisisse,

922 871 1071 906 nulliusque
1084 871 1253 897 auctoritatis
1271 870 1355 897 fuisse
1367 875 1429 897 ante
1456 868 1650 904 Nicephorum,
1673 877 1705 898 ex

922 915 1033 943 Usserio
1042 916 1139 943 doceat
1155 915 1286 948 Dallaaus;
1304 915 1421 942 observo
1431 922 1490 942 eam
1500 922 1593 942 vocem
1607 923 1708 942 omnem

921 971 976 990 non
991 970 1052 990 esse
1067 963 1101 990 ab
1116 963 1293 990 Armacbano
1312 967 1483 996 usurpatam,
1511 962 1558 989 sed
1574 969 1589 989 a
1609 961 1708 992 Dallzno

921 1008 1066 1043 adiectam;
1083 1012 1112 1034 ttt
1124 1012 1150 1034 et
1167 1007 1224 1039 illa,
1245 1008 1344 1034 nullius
1357 1007 1538 1040 auctoritatis,
1554 1014 1614 1041 qua:
1641 1006 1706 1037 inde

920 1054 1022 1089 pariter
1034 1053 1152 1080 deducit.
1168 1052 1225 1088 Ego
1246 1053 1324 1080 aliter
1351 1050 1492 1080 Usseriuin
1518 1052 1655 1088 intelligo;
1680 1056 1705 1079 et

920 1101 966 1135 qui
984 1100 1023 1128 sic
1050 1100 1286 1136 interpretantur,
1313 1099 1440 1126 fruantur
1464 1099 1502 1126 illi
1531 1100 1708 1128 excusatione

920 1155 1001 1181 quam
1014 1147 1138 1181 cupiunt,
1162 1147 1208 1173 sed
1225 1146 1333 1173 interim
1350 1146 1439 1172 sciant
1464 1146 1630 1173 sententiam
1647 1153 1706 1174 eam

919 1201 972 1227 qua
986 1193 1112 1220 excusari
1129 1192 1225 1219 volunt
1235 1200 1295 1219 esse
1315 1192 1486 1226 apertissime
1503 1191 1609 1218 falsam.

955 1237 1030 1266 lianc
1045 1243 1135 1266 tamen
1153 1238 1340 1266 defensionem
1366 1238 1400 1264 ab
1420 1237 1533 1265 Usserio
1555 1238 1707 1273 ingeniosis-

919 1285 984 1312 sime
1000 1289 1024 1311 et
1040 1285 1074 1311 ad
1085 1293 1194 1311 causam
1210 1292 1289 1318 quam
1299 1285 1355 1319 agit
1368 1285 1564 1318 appositissime
1574 1290 1706 1312 inventam

919 1331 1009 1364 rejicit
1020 1330 1061 1357 vir
1075 1330 1262 1360 doctissimus,
1280 1330 1353 1364 quod
1366 1338 1418 1356 non
1433 1330 1556 1357 videatur
1573 1333 1639 1359 satis
1651 1341 1706 1359 cer-

921 1381 957 1404 ta.
971 1375 1003 1403 Et
1020 1377 1084 1403 satis
1109 1376 1218 1410 quidem
1236 1380 1336 1402 certum
1360 1383 1414 1402 non
1435 1381 1497 1408 est,
1524 1378 1594 1405 ullas
1612 1378 1706 1413 lgnatii

920 1422 1052 1457 epistolas
1085 1421 1279 1449 Stichometriw
1302 1427 1440 1449 auctorem
1461 1422 1530 1449 inter
1552 1424 1707 1459 apocrypha

920 1476 1092 1498 numerasse.
1108 1472 1137 1495 ut
1150 1468 1237 1495 voluit
1251 1467 1421 1498 Salmasius;
1437 1470 1523 1495 multo
1538 1470 1630 1496 minus
1651 1478 1707 1496 cer-

80 1512 201 1547 reposittn
213 1513 396 1540 inveniantur.
408 1511 464 1545 Sic,
477 1513 600 1548 inquam,
615 1514 641 1540 id
655 1514 733 1541 estin
747 1514 867 1542 lndiculo
882 1522 903 1551 α
922 1519 976 1541 tum
988 1518 1030 1542 est
1041 1535 1048 1546 ,
1064 1514 1136 1541 inter
1149 1514 1276 1549 pessima:
1289 1518 1360 1541 notae
1373 1515 1530 1550 apocrypha
1543 1516 1706 1549 reposuisse,

78 1560 226 1593 librorum,
241 1561 290 1596 qui
303 1561 330 1587 in
344 1568 477 1588 canonem
491 1560 671 1595 recipiuntur,
684 1566 710 1588 et
725 1563 771 1596 qui
789 1570 804 1589 a
821 1570 869 1590 ca-

75 1614 150 1634 none
166 1611 358 1634 removentur.
374 1606 454 1639 Quod
467 1606 538 1635 enim
551 1607 589 1633 sic
614 1607 640 1633 in
652 1608 869 1642 apocryphorum

74 1661 196 1681 numero
213 1654 367 1688 reponitur,
378 1653 520 1681 canonicis
532 1653 610 1681 libris
622 1654 688 1681 solis
710 1655 868 1688 opponitur.

76 1699 112 1727 Ῑῖι
128 1699 158 1727 S.
178 1700 351 1736 Augustinus
366 1699 405 1726 De
423 1700 537 1729 Civitate
566 1700 625 1734 Dei,
649 1701 667 1728 l.
695 1708 740 1734 xv,
766 1709 791 1728 c.
815 1701 868 1729 25:

79 1746 167 1773 Multa
181 1746 230 1772 sub
243 1746 394 1773 nominibus
410 1751 435 1773 et
446 1746 560 1773 aliorum
574 1747 760 1781 prophetarum
785 1752 809 1774 et
827 1756 868 1774 re-

80 1792 197 1818 centiora
226 1793 275 1818 sub
296 1792 446 1818 nominibus
476 1793 657 1827 apostolorum
680 1793 712 1819 ab
737 1793 868 1820 luereticis

81 1839 254 1873 proferuntur
268 1857 278 1870 ,
303 1846 362 1873 qua:
375 1839 464 1865 omnia
479 1838 526 1865 sub
539 1839 687 1866 nominibus
707 1841 869 1875 apocrypho-

84 1895 138 1912 rum
147 1885 179 1912 ab
193 1886 358 1912 auctoritate
375 1886 563 1912 canonicorum
586 1885 707 1921 diligenti
730 1888 869 1914 exantt’na-

85 1934 151 1960 tione
162 1937 265 1960 remota
282 1936 354 1958 sunt.
368 1931 473 1959 Nomen
488 1932 570 1966 igitur
593 1933 741 1968 apocryplti
762 1938 868 1961 tantum

86 1980 114 2006 ab
127 1979 288 2007 auctoritate
312 1979 498 2006 canonicorum
512 1979 643 2014 scriptum
656 1980 766 2015 aliquod
779 1988 869 2008 remo-

87 2027 168 2054 vehat.

119 2073 166 2101 Sed
180 2073 265 2101 multo
281 2073 377 2100 melius
402 2081 433 2100 ac
448 2073 589 2100 modestius
600 2094 607 2106 ,
631 2077 709 2108 atque
724 2074 868 2109 sapientius

89 2120 192 2154 :ytimus
213 2128 246 2146 ac
265 2118 437 2146 doctissimus
455 2117 577 2146 Usserius
600 2118 744 2153 lgnatiana
764 2127 813 2145 sua
835 2118 867 2144 ab

90 2166 128 2192 hoc
152 2165 301 2200 Nicepltori
329 2164 379 2191 telo
396 2165 527 2199 defendit,
544 2165 632 2200 inquit
658 2164 782 2192 Dallteus.
808 2163 867 2192 Non

922 1565 951 1587 ut
966 1561 1024 1588 vult
1045 1560 1180 1593 Dallzeus;
1203 1561 1249 1587 sed
1274 1560 1298 1587 si
1316 1560 1380 1594 quis
1395 1560 1452 1587 Inec
1472 1559 1620 1593 concedat,
1641 1562 1707 1589 satis

921 1607 1044 1642 profecto
1065 1611 1169 1634 certum
1191 1611 1250 1639 est,
1268 1614 1316 1634 eas
1334 1611 1446 1641 propter
1464 1607 1580 1633 aliarum
1606 1615 1707 1642 suppo-

921 1654 1034 1680 sitiones
1048 1658 1075 1680 et
1092 1653 1212 1688 ipsarum
1238 1653 1481 1687 interpolationes,
1506 1657 1610 1680 tantam
1631 1654 1707 1688 igno-

921 1699 1033 1726 miniam
1050 1707 1146 1734 passas
1160 1706 1232 1726 esse.
1250 1698 1365 1725 Constat
1377 1699 1449 1726 enim
1469 1699 1599 1734 epistolas
1623 1699 1706 1727 Eusc-

920 1745 965 1772 hio
975 1745 1047 1773 visas
1059 1753 1107 1780 per
1119 1745 1204 1772 multa
1222 1745 1321 1772 saecula
1345 1753 1452 1773 summa
1475 1746 1637 1773 auctoritate
1658 1745 1706 1773 llo-

921 1792 1024 1820 ruisse:
1047 1796 1156 1819 constat
1177 1796 1241 1818 ante
1265 1799 1367 1818 nonum
1390 1792 1520 1819 saeculum
1545 1792 1655 1820 easdem
1680 1797 1707 1820 et

920 1838 1180 1873 interpolationibus
1197 1838 1331 1871 ftedatas,
1347 1843 1374 1865 et
1393 1838 1591 1873 adjectionibus
1613 1843 1707 1867 auctas

920 1884 1024 1918 fuisse;
1052 1888 1160 1912 constat
1186 1885 1256 1912 alios
1280 1885 1366 1912 libros
1391 1885 1481 1920 primo
1501 1885 1622 1920 integros
1643 1885 1706 1913 dein

920 1935 1065 1966 corruptos
1080 1931 1151 1958 inter
1168 1931 1323 1966 apocrypha
1342 1931 1419 1966 rejici
1439 1931 1535 1959 solitos
1553 1940 1560 1958 :
1577 1932 1599 1959 si
1624 1933 1707 1967 igitur

920 1977 962 2004 ha:
973 1976 1093 2011 epistolae
1108 1984 1181 2004 nono
1195 1976 1241 2003 illo
1256 1977 1358 2005 saeculo
1376 1981 1506 2012 tanquam
1525 1978 1707 2006 omnibusCa-

920 2023 1028 2051 tholicis
1051 2023 1169 2050 vitandae
1183 2027 1413 2058 proponerentur,
1431 2031 1492 2058 quae
1515 2023 1647 2051 hactenus
1672 2023 1707 2051 ab

920 2070 1051 2097 omnibus
1067 2074 1125 2097 tum
1139 2069 1281 2097 catholicis
1299 2073 1355 2096 tum
1377 2069 1515 2097 haereticis
1535 2069 1645 2097 fuerant
1663 2077 1707 2096 re—

920 2120 1014 2150 ceptm,
1042 2115 1069 2143 id
1097 2115 1132 2142 ob
1157 2115 1237 2142 aliam
1265 2123 1388 2148 causam,
1413 2124 1495 2150 quam
1519 2116 1554 2143 ob
1576 2116 1707 2151 adjectio-

921 2170 970 2189 nes
999 2162 1224 2197 corruptelasquc
1250 2162 1309 2189 lieri
1339 2170 1392 2188 non
1419 2163 1541 2197 potuisse
1565 2163 1628 2197 quis
1651 2170 1706 2191 non

90 2212 148 2239 male
162 2212 321 2239 defendisse
334 2203 719 2238 ostendimtis'llammondum
729 2220 735 2243 ;
746 2211 769 2238 si
785 2210 867 2238 multo
883 2208 905 2235 D
919 2208 1010 2235 videt?

91 2259 171 2285 melius
187 2257 332 2290 Usserius,
350 2262 425 2284 certe
441 2258 542 2292 optime
556 2256 686 2284 defendit.
701 2256 803 2292 Nempe
815 2257 868 2283 Ar-

90 2304 232 2331 machanus
245 2303 341 2330 docuit
353 2311 407 2330 non
422 2303 522 2329 mirum
532 2311 603 2335 esse,
619 2303 641 2330 si
653 2302 774 2337 epistola:
792 2301 869 2337 lgna-

91 2350 123 2381 tii,
143 2350 302 2385 adjectione
326 2349 494 2385 spuriarum,
521 2353 548 2376 et
577 2349 834 2383 interpolationibus
853 2357 868 2375 a

90 2396 194 2430 pristina
209 2395 299 2422 forma
314 2395 467 2422 immutatae
478 2395 504 2421 in
516 2395 734 2431 apocryphorum
751 2402 868 2422 numero

91 2447 298 2478 reponerentur:
314 2441 546 2476 quemadmodum
564 2441 685 2469 Estherze
698 2442 775 2474 liber,
804 2441 868 2469 licet

90 2489 117 2516 ab
129 2488 248 2516 Hebrzeis
275 2493 412 2522 receptus,
441 2492 531 2515 tamen
547 2492 657 2522 propter
672 2488 866 2521 additamenta,

91 2543 102 2562 a
112 2535 232 2562 lleliwne
247 2534 392 2567 Sardensi,
405 2538 434 2561 et
449 2533 579 2569 Gregorio
596 2534 779 2568 Nazianzcno,
797 2535 868 2561 inter

91 2590 171 2610 sacros
203 2582 290 2609 libros
318 2581 478 2608 nominatus
506 2589 559 2608 non
588 2585 641 2613 est,
667 2581 701 2608 ab
716 2581 867 2608 Athanasio

90 2629 157 2656 etiam
174 2628 245 2655 inter
258 2627 360 2655 nothos
376 2626 540 2654 nominatim
563 2627 696 2661 abjeclus.
718 2626 866 2655 Verumta-

89 2682 138 2701 men
154 2675 175 2701 si
187 2673 319 2701 Dallzeum
331 2673 403 2700 bene
416 2672 490 2704 nori,
509 2680 561 2698 non
570 2678 611 2699 est
625 2672 714 2706 nihili,
729 2672 800 2707 quod
816 2672 867 2699 Ar-

90 2720 199 2747 machani
217 2719 412 2747 defensionem
427 2722 568 2753 tantopere
585 2719 690 2753 prohat.
716 2719 776 2746 Non
794 2719 866 2746 enim

89 2766 137 2794 sine
150 2766 211 2794 dolo
237 2765 344 2798 laudat,
359 2772 445 2799 quam
472 2764 531 2791 sine
547 2765 653 2792 ratione
678 2765 777 2800 reiicit.
795 2765 867 2793 Lau-

89 2811 133 2845 dat,
149 2818 175 2841 ut
189 2821 259 2841 suos
274 2817 410 2845 excuset;
424 2811 525 2846 rejicit,
549 2816 579 2839 ut
593 2817 784 2848 argumentum
810 2812 865 2840 vim

90 2866 154 2888 suam
172 2861 303 2898 retineat.
327 2858 350 2887 0
365 2858 526 2894 praeclaram
545 2858 650 2887 Usserii
667 2858 864 2894 defensionem,

954 2256 1017 2285 Haec
1032 2261 1132 2290 tamen,
1148 2260 1291 2292 postquam
1312 2261 1454 2291 tantopere
1470 2255 1640 2286 laudaverat,
1656 2264 1704 2283 ne-

920 2307 966 2338 gat
983 2303 1110 2336 Dallaaus,
1131 2303 1230 2338 primo,
1253 2302 1318 2337 quia
1335 2302 1423 2329 nullus
1449 2306 1487 2328 est
1510 2309 1598 2328 eorum
1620 2301 1703 2328 libro-

920 2359 996 2382 rum,
1014 2358 1078 2385 quos
1095 2349 1204 2376 damnat
1222 2349 1408 2384 Nicephorus,
1428 2348 1458 2374 de
1474 2356 1525 2383 quo
1543 2348 1643 2383 aliquid
1667 2349 1705 2376 si-

920 2397 981 2423 mile
997 2386 1050 2423 dici
1066 2398 1158 2431 possit.
1178 2395 1206 2423 Si
1223 2396 1276 2424 hoc
1293 2404 1386 2423 verum
1411 2399 1500 2427 esset,
1522 2394 1589 2421 nihil
1613 2399 1704 2422 tamen

918 2444 1045 2476 alliceret,
1062 2443 1127 2478 quia
1141 2451 1195 2469 non
1210 2447 1253 2470 est
1270 2442 1364 2470 eadem
1381 2441 1504 2468 omnium
1529 2441 1702 2476 apocrypho-

918 2498 979 2516 rum
998 2490 1079 2523 ratio,
1100 2494 1130 2516 ut
1145 2494 1207 2516 ante
1222 2488 1393 2516 ostendimus
1408 2496 1415 2514 τ
1430 2487 1475 2514 sed
1491 2491 1533 2514 est
1549 2492 1640 2521 aperte
1652 2486 1704 2514 fai-

919 2543 991 2562 sum.
1008 2535 1076 2562 Ecce
1091 2535 1164 2562 enim
1189 2535 1216 2561 in
1242 2533 1430 2561 Stichomctria
1445 2533 1560 2568 legimus
1576 2532 1702 2568 Περίοδος

918 2581 1032 2616 Πέτρου,
1047 2581 1145 2616 στίχων
1156 2579 1217 2615 ,βψκ
1229 2579 1398 2606 ltinerarium
1409 2579 1493 2611 Petri,
1509 2586 1596 2605 versus
1608 2578 1701 2611 2,700.

918 2627 975 2654 lloc
988 2626 1159 2653 ltinerarium
1176 2634 1190 2653 a
1203 2626 1341 2653 Clemente
1353 2624 1477 2651 Romano
1488 2624 1618 2659 scriptum
1633 2624 1703 2651 fuis-

917 2681 947 2701 se
963 2673 1113 2700 credebant
1124 2677 1242 2705 veteres,
1260 2671 1330 2698 unde
1343 2671 1462 2706 primum
1479 2671 1549 2697 inter
1563 2670 1700 2704 ἀντιλεγό-

919 2727 987 2755 pavo.
1003 2719 1121 2753 positum
1133 2723 1185 2751 est,
1201 2718 1262 2746 dein
1279 2718 1349 2744 inter
1369 2717 1533 2752 apocrypha.
1557 2715 1698 2743 Rationem

917 2765 969 2800 ipsi
985 2764 1173 2797 reddiderunt,
1198 2764 1269 2799 quod
1289 2772 1349 2799 epis
1374 2763 1435 2791 libri
1460 2762 1584 2790 doctrina
1604 2762 1639 2789 ab
1655 2762 1700 2789 illa

917 2819 978 2847 qua:
1001 2819 1015 2838 a
1038 2810 1177 2838 Clemente
1193 2811 1292 2838 tradita
1309 2814 1362 2843 est,
1378 2809 1493 2837 multum
1517 2808 1624 2836 tandem
1640 2808 1698 2835 dis-

919 2857 1057 2893 crcpabat.
1073 2856 1132 2886 Non
1147 2858 1219 2893 quod
1233 2850 1400 2885 Clementem
1416 2864 1478 2884 eum
1500 2855 1599 2883 librum
1615 2854 1695 2882 uiitti-
