1874 3070
205 132 256 168 η’]

709 147 738 174 S.
758 146 929 176 lGNATlUS.
951 163 983 168 -
1002 145 1267 174 PBOLEGOMENA.

1793 148 1852 174 1‘39,

204 210 247 229 me
259 202 404 237 scripsisse
416 203 570 237 crederent,
593 206 640 233 sed
658 207 730 241 quod
746 208 780 234 ab
801 208 936 235 hmrcticis
953 208 991 235 in-

1053 206 1113 233 ικτὼ
1124 206 1236 242 βιόλίοις
1249 206 1538 243 προσπεφωνημέναι),
1546 215 1616 242 quos
1627 212 1722 235 tamen
1733 208 1851 243 pariter

203 248 370 282 terpolatum
386 250 510 285 adeoque
524 257 683 287 corruptum
709 258 844 288 putarent.
869 253 907 280 Ita
927 253 990 289 Epi—

203 293 322 327 phanius
343 294 376 321 de
394 295 530 324 Ebionads
553 306 559 324 :
575 297 702 333 Χρῶνται
718 298 745 325 δὲ
762 299 809 325 καὶ
826 299 920 331 ἄλλαις
935 308 989 325 τισι

203 338 305 374 βίϐλοις
318 360 325 372 ,
342 341 421 376 δῆθεν
437 343 496 374 ταῖς
513 345 662 380 Περιόδοις
679 344 858 380 καλουμέναις
878 346 991 380 Πέτρον

203 386 263 416 ταῖς
278 386 322 413 διὰ
338 387 496 423 Κλήμεντος
512 390 684 425 γραφείσαις,
698 390 874 423 νοθεύσαντες
891 391 941 426 μὲν
956 391 991 418 τὰ

203 431 233 457 ὲν
250 433 355 465 αὑταῖς,
373 434 449 467 ὀλίγα
465 435 492 461 δὲ
510 436 622 472 ἀληθινὰ
641 436 781 469 ἐάσαντες.
808 437 876 465 Sunt
900 443 924 465 et
941 438 990 465 alii

204 477 266 504 libri
283 479 376 513 quibus
396 485 518 515 utuntur,
537 486 565 507 ιιι
585 483 720 511 Circuitus
733 482 805 511 Petri
825 492 840 510 a
857 483 990 511 Clemente

204 524 318 558 scripti,
336 533 387 559 quo
403 525 431 551 in
447 525 515 552 libro
529 547 536 559 ,
561 527 652 561 paucis
680 528 747 554 veris
774 528 873 555 relictis
895 534 991 556 cetera

204 576 406 605 supposuerunt.
424 571 503 605 Quod
527 573 610 608 igitur
631 574 783 607 asset-itur,
808 575 911 601 nullum
935 584 990 603 esse

204 623 292 642 eorum
309 616 448 649 librorum,
466 626 530 652 quos
547 618 655 646 damnat
671 619 870 648 Stichometrire
883 626 989 653 auctor,

204 662 235 688 tle
251 670 301 697 quo
318 663 420 698 aliquid
438 665 525 691 simile
541 665 595 692 dici
610 666 715 700 possit;
740 674 794 694 non
818 672 860 695 est
883 668 990 696 veritati

203 712 429 736 consentaneum.

239 755 367 782 Secundo
379 755 568 784 defensionem
585 756 690 785 Usserii
705 758 793 794 rejicit
804 779 811 792 ,
825 759 898 794 quod
916 766 991 795 putet

204 799 400 835 Nicephorum.
415 802 438 829 si
451 801 590 837 lgnatiana
601 824 609 837 ,
626 811 679 831 non
693 812 742 839 per
754 812 784 832 se
797 805 907 840 proprie
917 827 924 839 ,
944 806 991 833 sed

204 851 310 874 tantum
337 848 372 874 ob
389 848 515 876 addititia
537 853 564 876 et
587 850 747 885 interpolata
768 851 946 884 damnasset,
964 853 990 880 id

1040 252 1213 288 recipiendos
1228 251 1340 279 minime
1355 252 1497 287 putabant.
1514 251 1631 280 Necesse
1655 253 1756 288 itaque
1783 260 1852 281 erat

1041 301 1072 324 ut
1085 298 1265 324 admonerent
1277 296 1487 324 constitutiones
1503 297 1564 325 illas
1577 305 1638 325 esse
1652 298 1849 332 rejiciendas;

1040 343 1119 370 aliter
1136 342 1231 370 eadem
1251 350 1333 377 opera
1345 350 1407 369 cum
1421 343 1573 371 canonibus
1587 343 1756 378 apostolicis
1772 352 1851 371 con—

1020 426 1024 429 _
1040 389 1156 416 ﬁrmatae
1172 388 1298 416 fuissent.
1318 388 1354 416 At
1368 389 1579 418 constitutiones
1593 397 1641 417 eas
1653 395 1685 417 ut
1698 391 1800 426 primo
1817 391 1852 417 li-

1040 440 1100 463 ctas
1119 440 1146 462 et
1161 435 1351 470 supposititias
1370 435 1483 470 rejiccre
1505 443 1559 462 non
1579 440 1755 469 potuerunt,
1788 437 1849 464 nisi

1041 482 1123 510 simul
1144 489 1263 509 canones
1283 481 1427 516 rejicerent
1447 481 1505 516 (qui
1523 489 1618 509 earum
1638 487 1696 510 tam
1722 482 1851 510 honori—

1041 529 1119 555 ficam
1128 528 1292 555 mentionem
1305 528 1447 562 fecerant),
1456 536 1526 563 quos
1539 529 1663 556 stabilire
1676 529 1848 557 voluerant.

1042 573 1077 602 Ut
1093 575 1174 609 igitur
1199 582 1319 602 canones
1335 574 1493 607 retinerent,
1513 578 1541 601 et
1560 575 1784 602 constitutiones
1801 584 1851 602 re-

1042 621 1203 654 probat-ent,
1220 620 1299 655 quasi
1321 620 1355 647 ab
1380 619 1511 655 apostolis
1533 620 1621 655 primo
1639 621 1765 648 dictatas
1786 625 1818 648 et
1833 630 1850 648 a

1041 666 1181 693 Clemente
1194 666 1313 700 scriptas
1330 665 1371 701 (ut
1385 673 1507 693 canones
1518 666 1718 701 allirmabant),
1737 667 1790 694 sed
1811 668 1850 694 ab

1042 711 1177 738 haereticis
1192 716 1284 746 postea
1301 717 1447 747 corruptas
1459 720 1508 740 eas
1524 712 1702 740 damnarunt.
1718 712 1850 748 Haecque

1041 757 1134 784 omnia
1150 766 1214 785 vera
1224 766 1285 785 esse
1296 758 1416 785 ostendit
1433 758 1520 793 ipsum
1539 758 1730 786 damnationis
1747 767 1848 794 prow-

1041 803 1139 831 mium.
1157 803 1264 839 Ἐπειδὴ
1280 803 1302 829 δ’
1321 805 1351 830 ὲν
1365 803 1470 835 τούτοις
1482 805 1537 836 τοῖς
1549 804 1660 830 κανόσιν
1676 804 1846 831 ἐντέταλται

1041 847 1165 883 δέχεσθαι
1183 849 1256 884 ἡμᾶς
1272 848 1321 880 τὰς
1336 849 1390 875 τῶν
1407 849 1496 875 αὐτῶν
1513 849 1598 884 ἁγίων
1615 849 1783 876 ἀποστόλων
1800 850 1847 875 διὰ.

203 894 292 928 ipsum
315 895 427 927 testari.
449 903 585 930 suumque
598 896 631 923 de
650 897 720 924 libro
733 897 798 924 olim
815 898 929 932 probato
943 898 990 933 ju-

1053 893 1199 929 Κλήμεντος
1215 894 1359 927 διατάξεις.
1379 894 1512 927 Quoniam
1525 900 1613 922 autem
1629 896 1658 922 in
1673 896 1718 922 Itis
1733 896 1847 922 canoni-

202 939 304 966 dicium
327 940 469 975 diligenter
485 949 602 977 purgare
619 943 739 970 voluisse
758 951 764 970 :
781 943 853 970 idem
871 944 943 971 enim
963 945 991 972 in

203 986 450 1014 Constitutionibus
473 988 632 1022 apostolicis
651 988 776 1016 fecerunt
796 989 920 1017 Trullani
937 990 991 1018 Pa-

203 1037 268 1060 tres.
285 1033 376 1060 Mirari
395 1034 463 1063 satis
477 1041 532 1060 non
548 1042 658 1069 possum
677 1035 748 1063 hanc
763 1035 814 1063 viri
839 1037 992 1065 doctissimi

203 1078 406 1114 iniquissimam
421 1080 634 1114 postulationem
647 1100 655 1112 ,
676 1085 722 1113 ut,
745 1082 864 1116 scilicet,
887 1082 994 1110 Sticho-

203 1124 304 1150 metriaz
322 1128 419 1151 auctor
430 1131 542 1151 causam
559 1125 734 1159 exprimeret,
753 1134 837 1161 seque
849 1126 994 1161 diligenter

203 1175 349 1206 purgaret,
378 1171 401 1198 si
423 1171 459 1198 ob
473 1178 534 1198 eam
549 1179 660 1199 causam
680 1171 819 1208 lgnatiana
836 1174 907 1201 inter
927 1181 993 1208 apo-

205 1217 308 1252 crypha
330 1217 480 1252 relegaret,
505 1225 588 1253 quam
606 1219 694 1246 voluit
715 1218 854 1247 Usserius.
872 1220 900 1247 Si
919 1221 992 1248 cnitn

208 1266 262 1290 tam
275 1263 367 1291 nobile
381 1264 512 1300 scriptum
522 1285 529 1297 ,
544 1270 571 1292 et
582 1265 616 1293 ab
627 1266 755 1294 omnibus
776 1272 913 1302 receptum
924 1275 991 1295 con-

204 1308 335 1336 demnare
351 1310 447 1341 voluit,
460 1318 510 1338 cur
529 1311 598 1339 hanc
618 1320 672 1339 non
692 1313 800 1346 minus,
813 1321 895 1348 quam
911 1314 992 1341 aliam

206 1362 400 1391 quamcunque
413 1364 536 1389 causam.
551 1366 634 1392 quam
650 1359 779 1387 habuisse
799 1360 933 1393 rideatur,
950 1368 994 1388 re-

204 1401 287 1429 ticere
302 1402 409 1437 potuit?
423 1402 612 1430 Certissimum
622 1409 682 1438 est,
698 1403 794 1440 lgnatii
804 1405 933 1440 epistolas
946 1413 994 1440 per

203 1449 309 1484 aliquot
322 1450 420 1477 saecula
441 1455 504 1477 ante
517 1458 638 1484 nonum,
655 1458 710 1486 quo
727 1451 873 1486 scripsisse
894 1459 994 1479 censor

202 1494 246 1522 ille
265 1495 442 1530 perhibetur,
471 1500 528 1523 tum
553 1496 587 1523 ab
611 1497 741 1525 omnibus
755 1497 918 1530 Catholicis,
935 1502 993 1525 tum

201 1542 282 1568 etiam
298 1541 436 1570 haereticis
448 1543 653 1578 receptissimas
663 1542 759 1575 fuisse,
771 1543 879 1570 etinter
890 1544 991 1579 scripta
1005 1558 1029 1589 ρ

201 1588 335 1615 catholica
351 1588 441 1624 primo
455 1589 516 1616 loco
536 1594 706 1616 numeratas.
726 1588 754 1616 Si
771 1589 854 1625 igitur
866 1590 915 1618 has
926 1598 992 1618 con-

200 1633 341 1668 det-nare,
360 1634 498 1669 simulque
521 1634 637 1661 debitam
655 1635 800 1669 majoribus
818 1638 992 1663 reuerentiam

202 1683 341 1713 frzestare,
365 1684 392 1707 et
413 1680 534 1715 scipsum
557 1680 698 1716 diligenter
713 1689 826 1716 purgare
848 1682 991 1715 voluisset,

202 1731 235 1751 eo
251 1727 338 1760 magis
357 1726 400 1753 sui
416 1726 514 1760 judicii
531 1734 643 1754 causam
661 1727 773 1754 reddere
794 1728 953 1761 tenebatur,
969 1729 991 1756 si

203 1775 234 1797 ut
248 1779 361 1805 prorsus
371 1772 560 1806 suppositit‘as
575 1777 602 1799 et
615 1773 692 1800 (ictas
707 1773 875 1808 abjieiendas
890 1774 991 1808 potius,

202 1824 284 1852 quam
297 1817 474 1852 interpolatas
492 1824 519 1846 et
540 1825 635 1846 auctas
657 1820 824 1854 respuendas
838 1821 991 1855 judicaret;

203 1863 379 1897 lntcrpolatas
396 1865 468 1891 enim
481 1869 508 1892 ct
521 1865 632 1899 spurias
644 1866 725 1900 pauci
744 1870 808 1894 tunc
825 1874 858 1894 ac
877 1867 991 1895 moder-

204 1908 231 1935 ni
243 1928 250 1940 ,
266 1915 313 1935 eas
327 1915 416 1936 autem
432 1917 501 1945 quas
517 1910 650 1944 genuinas
670 1915 811 1946 putamus,
829 1917 857 1939 et
882 1912 992 1947 plurimi

203 1958 229 1980 et
246 1954 424 1982 vetustissimi
440 1960 608 1990 receperant.
625 1954 676 1982 Sed
694 1964 786 1983 revera
799 1961 829 1984 ut
845 1957 991 1992 quisquam

203 1999 250 2033 qui
266 1998 416 2026 indiculum
430 2004 534 2026 tantum
556 2000 613 2028 sive
635 2000 825 2037 ἀπαρίθμησιν
836 2023 844 2036 ,
860 1994 991 2031 υιὈιιεεοί

204 2045 364 2080 loquuntur,
386 2045 503 2073 confecit
524 2045 656 2073 librorum
671 2047 868 2074 canonicorum
885 2052 912 2075 et
926 2055 992 2083 apo-

204 2091 386 2127 cryphorum,
408 2091 442 2119 de
458 2097 556 2120 natura
572 2092 705 2120 librorum
722 2100 792 2128 quos
810 2099 916 2121 tantum
941 2103 992 2122 uu-

204 2143 300 2170 mcrat,
313 2136 484 2172 disputaret,
498 2144 546 2166 aut
560 2140 593 2167 de
611 2140 704 2175 aliquo
726 2140 859 2175 peculiari
878 2142 991 2178 scripto,

203 2189 253 2208 cur
268 2190 301 2209 eo
313 2182 374 2209 ioco
384 2188 541 2217 poneretur,
552 2185 684 2212 rationem
698 2186 823 2213 redderet
835 2207 843 2220 ,
859 2186 991 2215 hactenus

1042 940 1090 967 bus
1104 946 1262 976 prtereptum
1284 941 1358 968 nobis
1381 946 1430 973 est,
1454 946 1483 968 ut
1506 942 1657 968 earumdem
1679 948 1844 969 sanctorum

1042 986 1222 1021 apostolorum
1238 995 1284 1022 per
1300 986 1458 1014 Clementem
1475 987 1678 1017 constitutiones
1692 988 1845 1022 suscipere-

1043 1041 1112 1066 mus,
1129 1037 1182 1060 etc.
1200 1031 1258 1059 Non
1275 1032 1358 1068 igitur
1371 1037 1430 1060 erat
1449 1041 1498 1060 cur
1518 1033 1553 1060 ab
1567 1033 1696 1068 exemplo
1721 1034 1843 1060 canonis

1043 1079 1151 1106 concilii
1166 1078 1301 1111 Trullani,
1326 1086 1388 1105 cum
1414 1077 1537 1105 lndiculo
1558 1086 1705 1114 perperam
1733 1079 1841 1110 collati,

1042 1124 1230 1152 defensionem
1245 1123 1368 1158 Usserii,
1381 1128 1522 1159 tantopere
1541 1132 1556 1151 a
1571 1132 1600 1152 se
1617 1125 1761 1152 laudatam
1771 1146 1779 1158 ,
1795 1133 1842 1152 rc-

1040 1171 1138 1206 jiceret
1157 1170 1284 1199 Dallzeus.

1079 1217 1131 1244 Sed
1145 1217 1277 1252 quidquid
1293 1217 1339 1250 sit,
1352 1225 1402 1244 nec
1418 1218 1538 1244 auctoris
1558 1216 1775 1251 Stieliometritt,
1790 1226 1843 1246 nec

1044 1263 1201 1298 interpretis
1223 1263 1363 1290 Anastasii
1385 1263 1541 1290 testimonia
1561 1265 1758 1291 auctoritatem
1781 1265 1842 1299 epi-

1043 1311 1176 1337 stolarum
1201 1309 1230 1337 S.
1258 1310 1354 1345 lgnatii
1376 1310 1418 1337 vel
1442 1310 1575 1338 tantillum
1598 1310 1738 1338 minuunt.
1763 1311 1840 1346 Nego

1044 1355 1117 1382 enim
1135 1354 1209 1382 illius
1223 1355 1354 1390 epistolas
1367 1355 1393 1382 in
1419 1355 1470 1382 hoc
1490 1354 1613 1383 lndiculo
1627 1356 1670 1383 vel
1686 1357 1837 1389 nominari,

1043 1402 1086 1429 vel
1101 1402 1188 1435 innui,
1204 1402 1247 1429 vel
1261 1402 1360 1437 quovis
1371 1402 1451 1430 modo
1464 1402 1607 1429 contineri.
1621 1401 1719 1437 Ignatii
1737 1411 1838 1430 nomen

1044 1448 1144 1480 audio,
1161 1448 1291 1483 epistolas
1307 1456 1361 1475 non
1379 1449 1439 1483 lego
1455 1457 1460 1474 :
1476 1448 1554 1475 video
1570 1448 1596 1475 in
1622 1448 1728 1476 Cra-cis
1749 1449 1837 1483 Ἰγνα-

1044 1493 1112 1524 τίου,
1125 1494 1151 1520 in
1167 1492 1273 1520 Latinis
1287 1492 1400 1528 lgnatii,
1416 1500 1505 1528 neque
1523 1494 1643 1529 amplius
1659 1494 1811 1529 quidquam
1827 1505 1834 1521 :

1044 1538 1140 1566 volunt
1151 1538 1305 1567 Salmasius
1321 1544 1347 1566 et
1366 1539 1483 1566 Dallmus
1496 1537 1594 1574 lgnatii
1609 1540 1703 1567 omnia
1723 1540 1834 1575 intelligi

1043 1585 1152 1613 debere.
1171 1585 1198 1612 Id
1213 1593 1279 1612 vero
1301 1585 1369 1611 mihi
1388 1592 1448 1611 esse
1465 1585 1572 1612 videtur
1586 1585 1620 1612 ab
1635 1585 1712 1612 omni
1731 1586 1834 1613 ratione

1043 1632 1252 1659 alienissimum.
1281 1631 1389 1658 Itecitat
1416 1635 1512 1658 auctor
1534 1630 1620 1658 libros
1640 1629 1711 1658 Novi
1739 1630 1831 1658 Testa-

1043 1675 1128 1703 menti
1143 1676 1306 1709 canonicos,
1321 1675 1420 1703 dubios
1441 1679 1468 1702 et
1489 1675 1661 1712 apocrypbos
1677 1685 1684 1702 :
1706 1677 1832 1711 epistolas

1043 1729 1058 1748 a
1085 1720 1114 1748 S.
1138 1720 1254 1756 lgnatio,
1271 1719 1389 1748 instante
1414 1721 1557 1755 martyrio,
1581 1720 1720 1755 scriptas,
1740 1722 1781 1748 vel
1800 1721 1830 1748 ad

1044 1767 1204 1802 martyrium
1222 1766 1362 1795 festinanti
1379 1766 1552 1801 suppositas,
1569 1774 1620 1794 nec
1635 1767 1708 1794 inter
1723 1769 1831 1795 canoni-

1043 1824 1101 1848 cas,
1120 1824 1171 1843 nec
1182 1815 1292 1849 dubias,
1314 1822 1365 1842 nec
1381 1814 1554 1850 apocryphas
1569 1815 1725 1850 scripturas
1738 1823 1831 1842 nume—

1043 1862 1098 1889 rari
1124 1866 1197 1889 recte
1222 1861 1345 1896 potuisse
1369 1861 1515 1890 contendo.
1535 1860 1645 1889 Scimus
1665 1869 1681 1888 a
1706 1860 1831 1896 qualibus

1043 1909 1111 1935 viris
1126 1907 1246 1943 profecta
1258 1912 1323 1935 sunt
1330 1908 1441 1942 scripta,
1457 1915 1518 1942 quae
1529 1907 1555 1934 in
1575 1915 1686 1934 sacrum
1701 1915 1831 1934 canonem

1044 1955 1255 1989 recipiebantur,
1266 1954 1381 1987 scilicet,
1396 1954 1437 1981 vel
1450 1953 1484 1981 ab
1495 1953 1638 1988 apostolis,
1653 1952 1682 1980 S.
1695 1953 1831 1986 Matthaao,

1044 1998 1073 2026 S.
1090 1998 1205 2031 Joanne,
1222 1997 1251 2025 S.
1269 1997 1365 2031 Paulo,
1383 1997 1412 2025 S.
1430 1997 1523 2030 Petro,
1537 2001 1565 2024 et
1579 1995 1697 2024 fortasse
1711 1995 1740 2024 S.
1754 1995 1832 2023 Jaco-

1043 2045 1078 2071 bo
1102 2049 1184 2081 atque
1200 2043 1228 2072 S.
1243 2043 1330 2077 Iuda,
1352 2044 1395 2071 vel
1423 2043 1458 2071 ab
1479 2043 1667 2079 apostolorum
1691 2042 1831 2077 discipulis

1043 2097 1124 2127 atque
1135 2092 1282 2119 comitibus
1293 2112 1301 2124 ,
1317 2091 1411 2119 eodem
1435 2091 1533 2126 spiritu
1548 2089 1663 2122 alllatis,
1693 2088 1724 2117 S.
1742 2089 1831 2117 Marco

1042 2143 1125 2173 atque
1140 2137 1169 2165 S.
1184 2137 1269 2166 Luca.
1287 2138 1323 2165 De
1334 2137 1369 2166 iis
1380 2145 1441 2173 quae
1453 2137 1506 2165 sub
1517 2135 1629 2164 nomine
1646 2137 1832 2171 apostolorum

1043 2184 1146 2219 scripta
1162 2189 1236 2218 sunt,
1253 2184 1402 2219 aliquando
1417 2183 1589 2216 dubitabant,
1612 2187 1639 2210 et
1662 2191 1737 2211 nunc
1754 2184 1832 2211 haesi-

204 2228 283 2265 plane
305 2228 459 2255 inauditum
486 2235 536 2257 est.
561 2230 657 2265 Dispar
671 2231 754 2266 igitur
765 2231 845 2266 plane
867 2233 937 2260 ratio
951 2239 991 2261 est

1056 2234 1145 2262 auter,
1168 2237 1241 2256 nunc
1256 2234 1349 2264 aperte
1365 2233 1393 2256 et
1415 2228 1578 2264 simpliciter
1599 2228 1770 2263 rejiciebant.
1792 2228 1831 2256 De

204 2272 318 2300 canonis
342 2271 483 2306 Trullani,
507 2278 534 2301 et
556 2275 681 2309 lndiculi,
710 2276 768 2304 sive
784 2276 990 2306 Sticltametriw.

205 2316 250 2350 Ut,
275 2318 296 2344 si
315 2317 409 2346 Patres
429 2319 502 2346 illius
525 2320 633 2347 concilii
657 2329 773 2357 purgare
794 2331 824 2350 se
842 2324 990 2356 voluerint,

205 2362 274 2390 idem
288 2364 369 2391 etiam
387 2364 421 2391 ab
434 2370 548 2392 auctore
564 2365 646 2400 hujus
662 2366 776 2394 lndiculi
799 2369 878 2397 nobis
895 2378 993 2405 exspe—

205 2409 332 2437 ctandum
349 2418 403 2437 non
417 2411 465 2438 sit.
482 2410 535 2438 Sed
552 2419 602 2439 nec
618 2412 682 2439 illud
697 2421 791 2441 verum
808 2419 850 2442 est
864 2417 936 2450 quod
948 2424 993 2443 as—

205 2454 271 2481 serit
288 2454 417 2488 Dallaaus,
440 2455 537 2485 Patres
562 2456 724 2491 Trullanos,
752 2459 813 2486 ideo
835 2461 992 2495 rejectionis

205 2499 438 2530 Constitutionum
465 2503 598 2530 rationem
619 2504 788 2538 reddidisse,
810 2510 840 2533 ut
856 2506 991 2541 judicium

206 2552 286 2571 suum
301 2551 463 2580 purgarent,
477 2547 556 2575 aliter
570 2548 642 2575 enim
654 2549 767 2576 omnino
781 2558 811 2578 se
827 2559 870 2578 res
886 2551 991 2584 habuit,

207 2590 280 2625 quod
305 2591 431 2626 ignorare
452 2592 568 2622 Dallazus
592 2602 645 2622 non
671 2595 770 2630 potuit.
795 2595 907 2632 Recepit
927 2597 992 2624 illud

207 2636 353 2664 concilium
367 2638 401 2665 85
414 2646 533 2668 canones
547 2641 724 2676 apostolicos,
737 2645 868 2678 tanquam
880 2644 914 2671 ab
925 2644 992 2679 ipsis

207 2683 337 2717 apostolis
349 2684 466 2713 dictatos
482 2696 489 2714 :
507 2687 636 2715 videbant
656 2688 683 2715 i-n
709 2688 806 2716 ultimo
824 2697 919 2717 eorum
943 2697 990 2717 (ιιι-ν

207 2735 309 2756 nonum
328 2734 389 2757 octo
401 2731 485 2760 libros
496 2732 728 2762 Constitutionum
747 2735 904 2763 confirmari
929 2736 994 2770 (nu-

207 2780 347 2804 merantur
363 2778 434 2804 enim
448 2779 517 2806 inter
532 2779 622 2815 βιὸλία
638 2780 773 2816 σεϐάσμια
789 2781 835 2808 καὶ
851 2781 926 2815 ἅγια,
943 2781 992 2809 ad-

207 2821 309 2849 duntur
329 2824 441 2858 scriptis
462 2826 637 2860 apostolicis,
662 2825 730 2854 Novi
756 2826 943 2859 Tcstamenti,
966 2827 993 2852 αἱ

206 2867 332 2904 διαταγαὶ
347 2870 412 2905 ὑμῖν
427 2871 482 2902 τοῖς
499 2872 658 2904 ἐπισκόποις
667 2872 700 2898 δι’
718 2872 785 2907 ὲ,μοῦ
799 2872 954 2908 Κλήμεντος
965 2873 993 2899 ὲν

1043 2275 1077 2302 iis
1091 2283 1152 2310 quae
1165 2283 1180 2302 a
1191 2275 1333 2310 discipulis
1346 2280 1394 2302 aut
1409 2275 1556 2302 comitibus
1570 2274 1770 2309 apostolorum,
1784 2275 1830 2310 qui

1042 2321 1111 2348 vivis
1138 2321 1270 2356 apostolis
1293 2321 1413 2348 defuncti
1436 2326 1517 2353 sunt,
1544 2321 1616 2348 edita
1642 2320 1730 2349 fuisse
1745 2322 1830 2356 primo

1042 2366 1220 2401 putabantur,
1240 2366 1402 2393 dubitabant
1414 2374 1448 2394 an
1462 2367 1497 2393 ab
1516 2366 1612 2393 eodem
1629 2367 1730 2401 spiritu
1744 2367 1829 2401 proic-

1043 2417 1086 2438 cla
1099 2412 1125 2438 in
1141 2412 1267 2439 eumdem
1287 2420 1420 2439 ranonem
1436 2420 1499 2439 cum
1519 2412 1575 2440 illis
1598 2411 1628 2439 S.
1645 2411 1728 2439 Luca;
1752 2419 1828 2448 atque

1045 2457 1074 2484 S.
1089 2457 1172 2486 Marci
1188 2458 1270 2492 recipi
1282 2458 1422 2491 deberent,
1438 2462 1468 2485 ut
1490 2459 1523 2486 de
1535 2457 1687 2492 Clemente,
1709 2459 1826 2488 Barnaba

1043 2507 1070 2529 et
1085 2501 1184 2530 Herma
1199 2503 1286 2538 primo
1299 2503 1444 2537 qua-situm
1459 2508 1510 2530 est.
1527 2502 1625 2530 Postea
1641 2503 1725 2531 etiam
1741 2505 1825 2540 aliqua

1043 2548 1204 2577 dicebantur
1216 2549 1250 2576 ab
1266 2549 1332 2583 ipsis
1345 2549 1478 2584 apostolis
1492 2549 1604 2581 dictata,
1619 2553 1647 2576 et
1659 2558 1675 2577 a
1689 2550 1824 2586 discipulis

1043 2596 1101 2623 suis
1112 2603 1145 2623 ex
1164 2596 1348 2631 apostolorum
1371 2601 1507 2630 praecepto
1530 2595 1644 2630 scripta,
1668 2600 1697 2622 et
1716 2602 1823 2631 postco-

1043 2649 1104 2669 rum
1121 2647 1236 2669 mortem
1251 2641 1321 2668 forte
1335 2641 1473 2675 divulgata
1487 2661 1494 2673 ,
1511 2641 1545 2668 de
1560 2641 1663 2676 quibus
1678 2650 1783 2670 rursum
1799 2644 1823 2670 in

1044 2687 1164 2715 Ecclesia
1176 2687 1329 2715 dubitatum
1341 2691 1382 2714 est
1396 2696 1403 2721 ;
1419 2692 1446 2714 et
1460 2694 1493 2714 ex
1508 2687 1562 2714 illis
1579 2686 1635 2713 τῶν
1654 2687 1821 2724 ἀντιλεγομέ-

1043 2743 1096 2760 νων
1115 2738 1141 2760 et
1164 2734 1217 2760 τῶν
1234 2733 1402 2768 ἀποκρύφων
1417 2732 1530 2760 lndiculi
1552 2732 1673 2761 confecti
1696 2740 1766 2762 sunt.
1781 2734 1821 2762 illa

1044 2779 1127 2814 igitur
1141 2780 1242 2814 scripta
1255 2801 1262 2812 ,
1285 2787 1346 2813 qua:
1367 2787 1429 2806 cum
1451 2779 1540 2814 primo
1562 2779 1749 2814 apparebant,
1769 2785 1821 2808 tan-

1043 2833 1126 2860 quam
1141 2826 1170 2852 S.
1187 2825 1334 2860 Scriptura:
1348 2830 1438 2860 partes
1453 2825 1670 2860 accipiebantur,
1686 2826 1722 2854 ab
1735 2827 1821 2862 aliqui-

1045 2872 1097 2899 bus
1115 2877 1208 2906 postea
1230 2878 1345 2907 negata.
1372 2871 1442 2899 inter
1461 2871 1658 2906 ὰντιλεγόμενα
1682 2872 1818 2905 hazscrunt,
