1874 3070
27 103 28 107 “
51 117 84 145 to
406 117 432 144 u.
452 115 635 144 PEARSONII
655 114 811 144 VINDICME

898 115 1045 151 ΑτιΑΝΑῖ.
1066 131 1099 135 -
1120 115 1210 144 rans
1229 115 1250 144 1.

1601 115 1653 146 130

49 186 91 211 qua:
103 176 135 203 ab
153 176 288 204 omnibus
309 185 324 204 a
344 185 445 205 canone
460 177 559 212 rejecta
571 198 579 210 ,
600 177 627 203 in
643 176 809 211 apocrypltis
824 180 844 207 Α
860 177 906 204 tici
931 181 978 203 aut
994 176 1066 204 malc
1092 176 1182 204 feriati
1198 176 1335 208 homines,
1351 176 1439 203 sacris
1460 175 1580 203 oraculis
1601 177 1654 203 mi-

47 221 250 248 uumerabantur.
266 222 314 248 Illa
331 229 401 255 vero,
415 230 475 256 quae
489 222 521 249 ad
542 222 644 249 divina:
660 221 809 256 Scriptura:

47 275 154 294 sationem
173 276 317 302 nunquam
331 269 503 303 aspirabant,
519 276 580 303 quae
603 268 808 303 quamprimum

45 314 125 348 scripta
139 317 213 345 sunt,
229 313 333 349 diuque
344 319 447 348 postea,
465 322 518 341 non
535 319 564 340 ut
586 314 719 340 canonica
730 334 738 346 .
760 313 807 341 sed

45 359 155 386 mtholica
169 364 279 386 tantum
293 359 502 394 recipiebantur,
519 368 606 394 neque
621 359 691 386 inter
705 358 809 385 ἀντιλε-

44 406 142 439 γὸμενα,
158 413 248 440 neque
273 406 341 433 inter
361 406 513 441 apocrypha
539 405 678 433 numerari
700 406 808 433 saeculis

46 451 198 485 sequentibus
214 450 447 485 potuerunt.Cum
461 451 673 486 igitnrepistolaa
688 451 716 478 S.
731 451 808 487 lgna-

45 496 65 522 tii
76 501 128 531 post
139 497 262 524 omnium
277 497 462 531 apostolorum
480 500 607 528 mortem,
620 505 652 524 ex
662 498 807 525 occasione
839 499 846 506 '

46 546 131 568 tantum
146 542 288 578 martyrii,
305 546 330 569 et
351 542 377 568 in
397 542 495 569 itinere
513 542 605 569 subito
623 541 717 569 effusa:
731 542 786 570 sint
799 562 806 574 ,

44 597 92 616 cum
112 598 125 617 a
144 589 309 618 Christianis
329 598 380 625 pro
401 590 510 625 scriptis
537 590 624 617 sancti
650 591 702 617 viri
724 595 808 626 atque

46 638 151 673 martyris
166 638 355 664 tantummodo
369 642 497 673 acceptae,
514 646 564 665 nec
577 646 698 673 unquam
709 659 717 670 ,
732 638 806 673 qttod

45 685 139 715 scimus,
154 684 179 710 in
190 683 313 711 Ecclesia
329 685 404 711 lecta:
414 684 479 716 sint,
491 684 584 712 nescio
598 686 737 720 quontodo
752 685 807 712 rui-

47 737 111 763 quam
126 729 149 755 in
165 734 284 756 mentem
299 729 390 756 venire
402 730 531 764 potuerit,
554 734 584 757 ut
599 738 646 758 eas
665 730 692 757 in
707 739 804 758 11111110-

48 782 70 800 ro
85 775 292 810 apocrypborum
306 773 372 802 Novi
385 774 552 803 Testamenti
566 781 732 805 ttumeraret.

74 819 131 852 Quid
145 820 234 854 igitur,
250 820 370 856 inquies.
386 820 453 848 facit
468 821 495 848 itt
509 821 630 849 lndiculo
646 821 742 858 lgnatii
754 831 805 850 11οι

860 224 934 250 nitne
954 223 1092 256 contenti,
1113 223 1181 249 tales
1205 222 1314 258 διδαχάς
1328 227 1355 249 ct
1377 221 1551 254 διδασκαλίας
1575 229 1652 249 cont-

859 269 943 296 menti
960 273 1033 296 sunt.
1052 268 1117 301 Quae
1140 269 1208 295 nulli
1230 273 1306 296 certo
1322 268 1476 303 aposto'ico
1491 268 1551 294 viro
1567 267 1654 295 ascri-

859 316 984 348 bebatur,
1001 315 1072 342 dicta
1085 321 1126 343 est
1139 315 1234 351 διδαχή
1251 316 1293 342 vel
1306 314 1466 342 διδασκαλία
1483 314 1653 347 ἀποστόλων,

859 370 920 397 qnze
931 362 965 389 ab
977 362 1069 397 aliquo
1080 362 1266 397 apostolorum
1275 362 1410 397 discipulo
1423 362 1525 396 scripta
1539 361 1654 396 putaba-

859 414 913 442 tur,
930 409 989 444 cjus
1005 416 1103 435 ttomcn
1119 416 1173 443 [ιι-ιε
1190 416 1220 436 se
1236 407 1348 440 ferebat,
1364 413 1393 435 111
1409 408 1567 435 διδασκαλία
1584 408 1654 443 Κλή-

861 463 967 490 μεντος,
984 455 1025 482 vel
1037 454 1080 481 διὰ
1098 454 1267 490 Κλήμεντος,
1287 462 1348 489 qua:
1366 454 1489 481 omnium
1506 454 1588 489 hujus
1603 461 1652 489 ge-

860 501 933 528 neris
951 501 1146 536 antiquissima
1158 501 1274 527 videtur.
1284 499 1324 526 Ad
1338 499 1420 535 hujus
1432 505 1522 527 autem
1538 500 1654 527 formam

858 548 953 575 efllcta:
967 551 1032 574 sunt
1046 552 1072 574 et
1088 547 1147 574 alite
1161 547 1318 581 complures
1336 546 1454 574 diversis
1475 546 1584 573 saec-illis
1606 554 1654 573 ex-

859 595 986 628 cogitatte
998 598 1080 629 atque
1093 594 1243 627 evulgatze;
1270 596 1300 619 ut
1322 592 1481 619 διδασκαλία
1505 591 1635 626 ’1γνατίου
1646 613 1653 624 ,

860 641 894 666 dc
906 648 960 675 qua
978 639 1108 671 diximus,
1124 644 1151 666 et
1161 638 1319 665 διδασκαλία
1335 637 1379 664 διὰ
1398 637 1570 668 Ἱππολύτου,
1587 645 1655 663 non-

859 683 924 710 dttnt
936 691 951 710 a
967 684 1097 718 quopiant
1112 683 1266 716 observata,
1282 690 1365 718 quam
1385 683 1412 709 in
1426 682 1521 710 codice
1541 690 1592 709 ms.
1613 682 1655 709 bi-

857 729 1000 756 bliotheca:
1021 727 1185 757 Oxoniensis
1199 728 1284 756 latere
1300 733 1444 756 testamur.
1465 727 1558 764 Neque
1580 728 1653 755 enim

856 774 984 808 deerant,
1013 775 1059 809 qui
1086 774 1262 810 Hippolytum
1291 774 1358 809 ipsis
1393 779 1487 802 notum
1521 775 1655 810 apostolis

857 820 1044 854 prtetlicarent.
1060 820 1130 853 Quin
1146 824 1173 848 et
1188 820 1268 847 talem
1290 820 1400 855 διδαχὴν
1418 820 1500 847 etiam
1522 819 1550 847 S.
1573 819 1654 855 Poly-

49 864 218 893 men?Facilis
244 871 273 893 et
297 867 422 902 expedita
450 867 603 902 responsio.
623 867 684 896 Non
708 869 736 897 in
759 870 812 898 hoc
827 863 946 902 Bcarpo
970 867 1130 894 attributam
1155 867 1239 894 fuisse
1256 875 1310 894 non
1331 867 1436 894 dubito.
1463 866 1544 894 Tales
1571 871 1654 894 erant

50 917 143 946 tantum,
156 912 201 940 sed
213 913 280 940 etin
298 913 353 940 alio
371 912 493 940 lndiculo
509 920 608 940 nomen
619 913 713 949 lgnatii
723 914 812 950 101101-

50 959 108 991 itur;
136 963 161 985 et
185 966 253 986 sane
276 959 349 986 ratio
372 959 479 992 suadet,
504 958 539 986 ob
558 959 682 986 eamdem
699 966 811 987 causam

53 1004 152 1031 eumdem
168 1004 194 1032 in
209 1010 329 1040 utroque
353 1005 501 1032 nominari.
525 1004 665 1034 lndiculus
686 1005 732 1033 ille
758 1014 810 1033 ms.

51 1053 120 1076 exstat
136 1049 201 1076 inter
215 1050 302 1078 libros
316 1049 501 1078 Baroccianos
522 1049 548 1077 in
570 1049 739 1078 Bibliotheca
759 1059 812 1086 pu-

52 1094 104 1121 blica
114 1093 223 1128 Oxottii,
241 1095 276 1122 de
296 1103 353 1130 quo
373 1096 479 1122 monuit
502 1094 648 1130 Usserius,
674 1104 812 1132 quemque

53 1148 89 1167 nos
108 1141 224 1168 vidimus.
247 1140 278 1168 In
295 1141 344 1168 illo
360 1142 431 1169 inter
455 1141 571 1176 plurima
590 1142 746 1177 apocrypha
762 1151 813 1169 nu-

54 1191 165 1213 merantur
177 1186 285 1221 Διδαχαὶ
305 1187 362 1214 τῶν
375 1186 541 1219 ἀποστόλων,
561 1187 726 1214 Διδασκαλια
739 1187 813 1224 Κλή-

55 1240 139 1265 μεντος,
161 1232 288 1266 ἰγνατεου
311 1231 485 1259 Διδασκαλία.
496 1227 542 1260 ’111
564 1237 656 1260 autem
675 1232 748 1260 aliud
771 1238 813 1260 est

54 1278 183 1304 Διίασχιιλία
194 1278 235 1305 vel
250 1279 354 1315 Διδαχὴ
373 1277 530 1311 Clementis,
545 1278 619 1306 aliud
634 1279 761 1314 epistola,
775 1279 812 1307 ita

55 1330 73 1350 et
85 1324 171 1359 111111111-
188 1324 238 1353 Sed
252 1325 352 1353 eodem
370 1325 452 1352 modo
471 1325 649 1360 supplendam
664 1329 692 1352 et
713 1325 812 1352 intelli—

55 1370 144 1404 gendam
167 1370 384 1398 Stichometriam
405 1375 527 1398 nostram
546 1378 665 1398 censeo:
689 1371 809 1405 scilicet,

54 1415 128 1451 Διᾶιχὴ
143 1417 308 1449 ἀποστόλων,
335 1416 495 1452 Κλήμεντος
520 1416 664 1452 (διδαχὴ),
682 1417 811 1451 Ἰγνατίου

55 1460 152 1497 ltitiam,
165 1468 192 1490 ut
206 1463 249 1490 illa
262 1471 318 1490 vox
331 1463 436 1499 διδαχή,
450 1462 528 1498 quasi
541 1462 594 1489 ἀπὸ
610 1462 698 1490 κοινοῦ
715 1463 812 1492 subin-

55 1508 170 1543 telligatur,
185 1510 255 1545 quod
272 1510 457 1545 scriptoribus
472 1509 602 1537 omnibus
620 1517 750 1545 perquam
768 1510 810 1538 fa-

55 1553 135 1582 miliare
150 1560 196 1582 est.
217 1556 308 1591 Atque
337 1556 373 1583 ita
390 1556 456 1583 illud
475 1556 507 1582 λῦ
521 1555 655 1583 Clementi
676 1557 810 1592 adjectum

55 1599 73 1624 in
90 1599 191 1634 Graecis,
214 1606 241 1628 et
260 1603 296 1630 ab
311 1601 462 1629 Anastasio
487 1602 714 1637 praetermissum,
743 1603 812 1630 nihil

55 1645 107 1672 aliud
117 1645 198 1680 fuerit,
209 1655 291 1682 quam
308 1647 482 1677 abbreviatio
494 1647 587 1682 aliqua
599 1647 674 1676 vocis
687 1648 780 1685 διδαχή
796 1657 811 1677 a

55 1692 142 1721 librario
154 1695 259 1722 minime
271 1694 412 1723 intellecta
424 1699 450 1722 et
470 1694 541 1721 male
553 1694 660 1729 depicta
671 1715 679 1727 ,
697 1700 744 1722 aut
761 1689 812 1722 nu-

55 1746 124 1767 merus
136 1741 327 1776 capitulorum,
341 1749 402 1776 qua:
412 1741 439 1768 in
455 1741 501 1768 illa
517 1740 670 1769 Didascalia
687 1742 813 1769 contine-

57 1784 139 1813 bantur.
162 1784 195 1813 Ut
215 1787 390 1822 Coptitarum
409 1785 563 1814 Didascalia
576 1806 585 1818 ,
601 1794 686 1821 quam
712 1785 811 1814 factam

56 1831 315 1861 tmduntaduodecim
332 1832 483 1868 apostolis,
497 1840 559 1860 cum
576 1831 605 1859 S.
624 1832 708 1860 Paulo
724 1838 750 1860 et
763 1832 812 1861 Jac

58 1877 108 1903 robo
126 1877 368 1915 Hierosolymorum
385 1879 523 1914 episcopo,
541 1879 699 1907 continebat
718 1879 753 1906 38
767 1887 813 1907 ca-

57 1923 135 1956 pitula,
157 1930 182 1953 et
200 1926 395 1954 abbreviatura
415 1926 531 1953 solemni
554 1925 696 1953 dicebatur
721 1925 811 1960 Dask,

57 1971 253 2003 quemadmodum
269 1981 303 2001 ex
331 1980 386 2000 ms.
401 1972 494 2000 codice
507 1971 677 2000 Barocciano
692 1977 811 2000 constat.

57 2015 108 2043 Cum
129 2019 193 2046 enim
215 2020 243 2047 in
264 2020 359 2047 'altero
378 2019 502 2046 lndiculo
529 2019 660 2054 Ἱγνατίου
681 2019 812 2046 διδασκα-

58 2061 102 2088 λίαν
117 2064 145 2090 ad
159 2067 306 2101 apocrypha
319 2066 463 2093 videamus
480 2065 627 2101 relegalam
637 2085 645 2098 ,
658 2065 723 2100 quid
738 2065 813 2092 aliud

58 2111 156 2144 estquod
174 2111 199 2139 in
216 2117 310 2140 nostro
327 2112 364 2139 ad
384 2119 484 2139 nomen
502 2110 632 2145 Ἰγνατίου
655 2111 812 2139 subintelli-

58 2160 118 2189 satur
137 2159 312 2195 (subintelligi
336 2158 413 2186 enim
435 2157 539 2193 aliquid
561 2158 676 2185 omnino
698 2157 811 2192 debet),

863 913 1016 948 antiquitus
1028 913 1172 948 cvulgatre,
1188 913 1266 948 quasi
1280 913 1314 940 ab
1329 913 1462 948 apostolis
1477 913 1606 940 derivata:
1616 913 1653 940 δι-

861 957 941 993 δαχαὶ
957 963 1039 994 atque
1049 959 1193 992 διατάξεις.
1210 958 1289 992 Nam,
1305 963 1333 986 ut
1348 963 1421 986 recte
1437 959 1466 987 S.
1486 959 1654 996 Chrysosto-

863 1012 936 1039 mus,
951 1004 1005 1031 τῶν
1021 1005 1191 1041 πραγμάτων
1207 1005 1241 1032 τὰ
1260 1005 1308 1040 μὲν
1324 1005 1496 1038 διδασκαλίας
1512 1005 1607 1038 δεῖται,
1619 1005 1654 1033 τὰ

862 1051 889 1078 δὲ
901 1051 1043 1087 ἐπιταγῆς,
1060 1052 1122 1078 aliae
1136 1060 1176 1078 res
1190 1051 1327 1083 docentur,
1344 1051 1408 1078 alia:
1425 1052 1597 1079 mandantur.
1613 1051 1652 1079 Ex

863 1097 917 1125 illis
941 1097 1116 1131 didascalire,
1140 1105 1171 1124 ex
1192 1097 1235 1125 his
1267 1097 1477 1125 cmistitutiones
1494 1097 1655 1132 prodierunt

863 1144 920 1171 sive
932 1143 1068 1176 διατάξεις
1084 1148 1113 1171 ut
1132 1143 1160 1171 S.
1178 1143 1291 1176 Paulus,
1307 1143 1316 1170 1
1331 1142 1395 1170 Cor.
1409 1152 1458 1176 vn,
1475 1143 1508 1170 l7
1525 1153 1531 1171 :
1549 1143 1649 1177 Οὕτως

862 1190 897 1216 ἐν
916 1189 980 1222 ταῖς
1000 1190 1193 1223 Ἐκκλησίαις
1208 1189 1320 1223 πάσαις
1337 1189 1546 1225 διατάσσομαι,
1561 1195 1589 1217 ct
1604 1199 1629 1217 ιι
1644 1210 1652 1223 ,

862 1236 896 1263 51
912 1246 918 1262 ;
938 1238 976 1263 Τὰ
992 1235 1025 1262 δὲ
1038 1236 1139 1268 λοιπὰ,
1157 1236 1196 1269 ὡς
1211 1235 1249 1263 ἂν
1264 1236 1351 1268 ἔλθω,
1365 1235 1550 1271 διατάξομαι.

898 1281 933 1309 Ut
955 1281 1037 1316 hujus
1060 1282 1261 1308 observationis
1284 1286 1386 1309 nostrze
1406 1282 1508 1309 veritas
1533 1282 1647 1309 ulterius

862 1328 1027 1361 innotescat,
1043 1335 1075 1355 ex
1091 1327 1133 1354 his
1149 1327 1266 1354 diversis
1280 1327 1437 1354 didascaliis
1451 1332 1533 1363 atque
1550 1328 1653 1355 consti-

862 1375 1029 1406 tutionibus,
1047 1373 1132 1401 libros
1149 1377 1211 1400 octo
1232 1372 1466 1401 Constitutionutn
1489 1374 1654 1408 apostolica-

863 1429 935 1453 rum,
953 1428 1023 1456 quos
1037 1427 1109 1447 nunc
1125 1419 1269 1452 habemus,
1286 1419 1426 1446 confectos
1444 1424 1524 1454 atque
1541 1427 1653 1446 consar-

863 1467 969 1494 cinatos
1000 1465 1096 1498 fuisse,
1120 1472 1245 1492 asserere
1270 1472 1323 1491 non
1350 1464 1455 1491 dubito.
1475 1463 1548 1492 Duos
1572 1465 1654 1499 hujus

863 1513 954 1549 operis
970 1512 1064 1540 titulos
1080 1511 1193 1546 reperiri
1213 1509 1333 1538 fatentur
1348 1510 1400 1537 viri
1426 1510 1516 1543 doeti,
1537 1518 1655 1545 quorum

862 1567 934 1587 unus
946 1558 1094 1593 Διαταγτιι,
1105 1556 1174 1584 alter
1185 1555 1335 1590 Καθολικὴ
1345 1555 1535 1582 διδασκαλία.
1548 1554 1656 1583 Utrius—

862 1614 915 1642 que
933 1612 1003 1639 saepe
1016 1604 1043 1631 in
1060 1604 1127 1639 ipsis
1141 1602 1220 1630 libris
1231 1602 1333 1630 mentio
1348 1601 1388 1635 ﬁt,
1400 1605 1517 1629 etvetus
1531 1601 1652 1636 Epipha-

862 1652 901 1679 nii
918 1650 1107 1678 testimonium
1130 1649 1226 1677 haeresi
1246 1648 1281 1677 80
1299 1648 1465 1683 suffragatur
1487 1657 1494 1675 :
1521 1647 1576 1674 Kal.
1592 1648 1657 1684 περὶ

864 1697 913 1734 μὲν
929 1695 975 1724 οὖν
989 1697 1035 1723 τοῦ
1049 1696 1152 1731 γενείου
1170 1696 1198 1722 ὲν
1208 1696 1267 1726 ταῖς
1278 1694 1421 1726 Διατάξεσι
1435 1694 1489 1721 τῶν
1499 1694 1656 1721 ἀποστόλων

863 1743 962 1778 φάσκει
975 1743 989 1769 ὁ
1002 1742 1072 1774 θεῖος
1087 1742 1166 1776 λόγος
1184 1741 1232 1768 καὶ
1248 1741 1265 1777 ἡ
1291 1740 1458 1767 διδασκαλία.
1480 1739 1514 1766 Et
1529 1740 1561 1766 de
1575 1740 1656 1767 barba

862 1788 968 1824 quidem
984 1789 1010 1814 in
1022 1787 1263 1815 Constitutionibus
1277 1786 1458 1821 apostolorum
1471 1785 1590 1821 loquitur
1611 1786 1654 1812 di-

862 1835 938 1862 vinus
953 1842 1037 1862 sermo
1057 1840 1083 1861 et
1100 1833 1232 1860 doctrina.
1256 1831 1295 1859 lta
1317 1832 1375 1865 ille,
1393 1831 1476 1858 verba
1492 1831 1581 1858 citans
1595 1839 1656 1866 qnzc

863 1889 938 1908 nunc
960 1880 1137 1916 reperiuntur
1152 1879 1201 1906 lib.
1222 1886 1245 1911 t,
1262 1885 1323 1913 cap.
1340 1877 1367 1910 '5,
1390 1877 1470 1912 cujus
1488 1877 1551 1904 libri
1575 1876 1655 1903 initio

862 1927 965 1955 dictum
980 1931 1037 1954 est:
1057 1925 1203 1953 Ἀκούσατε
1214 1923 1384 1950 διδασκαλίαν
1402 1923 1486 1959 ἱεράν.
1503 1923 1550 1950 llla
1563 1928 1653 1950 autem

863 1972 993 2008 καθολικὴ
1007 1970 1164 1998 διδασκαλία
1179 1969 1302 1997 omnium
1319 1968 1547 1997 disdascaliarum
1564 1968 1650 1997 colle-

863 2018 981 2046 ctionem
995 2017 1125 2045 denotare
1137 2016 1255 2044 videtur.
1269 2014 1316 2042 Hie
1341 2019 1431 2043 autem
1446 2015 1601 2043 didascaliae
1613 2014 1656 2042 di-

863 2064 950 2093 versis
965 2063 1145 2099 temporibus,
1162 2067 1188 2090 et
1209 2062 1326 2090 diversis
1343 2062 1426 2089 etiam
1442 2060 1573 2089 Ecclesia
1588 2069 1651 2097 par-

864 2111 953 2145 tibus”,
967 2110 1014 2138 ubi
1036 2107 1173 2137 distincta:
1192 2113 1271 2136 erant
1293 2107 1453 2135 traditiones
1476 2107 1633 2143 apostolicae
1645 2126 1654 2139 ,

864 2157 981 2192 scriptae,
993 2156 1166 2184 occasionem
1181 2154 1316 2182 dederunt
1333 2152 1554 2181 consarcinatori
1570 2153 1654 2179 multa

57 2208 119 2234 quam
129 2203 227 2240 διδαχής
243 2209 346 2232 etcum
362 2203 520 2231 διδασκαλία
537 2203 695 2239 Κλήμεντος
715 2204 742 2230 111
764 2203 811 2232 1110

898 2200 1026 2228 imutandi
1044 2199 1297 2236 interpolandique,
1321 2202 1350 2226 ut
1369 2198 1462 2226 omnia
1481 2197 1568 2233 ipsius
1596 2205 1655 2225 aevo

59 2247 124 2276 altero
134 2249 244 2279 lndiculo
257 2251 396 2287 praecedat
407 2258 468 2278 eam
481 2249 589 2285 lgnatii,
604 2257 654 2277 cur
673 2249 717 2277 hic
728 2249 812 2277 etiam

58 2294 184 2330 Κλήμεντος
198 2297 287 2333 διδαχή
301 2305 360 2325 non
375 2300 451 2324 recte
465 2296 643 2331 intelligatur,
659 2297 812 2331 praesertim

59 2348 106 2367 cum
119 2343 238 2376 precedat
250 2344 277 2371 in
293 2344 358 2376 hoc,
376 2347 407 2370 ut
422 2343 450 2370 itt
466 2342 563 2376 altero,
580 2341 680 2378 Διδαχὴ
696 2342 813 2369 ἀποστό-

55 2385 106 2414 λων.
121 2386 194 2416 Tanta
208 2394 249 2417 est
259 2390 286 2417 in
301 2395 419 2425 utroque
443 2388 566 2416 lndiculo
584 2387 619 2416 ad
634 2388 706 2416 hanc
730 2389 814 2416 inter-

60 2434 208 2464 pretationem
223 2436 408 2464 roborandam
421 2434 601 2470 conspiratio.

85 2478 143 2511 Quin
155 2485 180 2508 et
193 2489 233 2510 res
248 2483 305 2517 ipsa
325 2483 398 2510 idem
422 2482 537 2509 omnino
552 2482 641 2508 docet.
659 2479 809 2509 Observan-

60 2524 110 2552 dum
122 2528 185 2555 enim
205 2533 258 2563 est,
278 2529 373 2565 plures
389 2528 455 2556 olim
471 2528 609 2556 exstitisse
621 2527 741 2563 διδαχάς,
755 2527 815 2555 sive

60 2570 211 2608 διδασκαλίας,
225 2577 301 2610 quasi
316 2576 351 2604 ab
363 2575 496 2611 apostolis
511 2574 648 2610 profectas
658 2594 666 2607 ,
681 2578 709 2601 et
723 2574 765 2602 vel
780 2573 814 2602 ab

62 2616 114 2650 ipsis
125 2621 226 2655 scriptas
237 2643 245 2656 ,
258 2622 299 2650 vel
320 2627 396 2650 certe
414 2621 482 2649 viris
498 2621 657 2656 apostolicis
673 2620 791 2648 dictatas
804 2640 813 2654 ,

61 2665 119 2692 etab
131 2666 178 2694 illis
189 2668 236 2695 sub
251 2669 441 2704 apostolorum
454 2667 567 2694 nomine
585 2671 713 2694 exaratas
724 2670 752 2693 et
763 2665 815 2693 Ec-

64 2710 135 2739 clesiae
145 2715 346 2743 commendans.
363 2715 433 2742 Cum
449 2713 522 2741 enim
535 2720 616 2741 voces
629 2712 724 2748 διδαχή
736 2716 763 2739 et
775 2712 815 2738 δι-

64 2755 169 2787 διηιαλία
187 2759 399 2796 frequentissime
420 2761 449 2787 in
469 2759 546 2786 Novo
569 2759 745 2786 Testamento
767 2765 815 2785 oc-

66 2808 195 2839 currerent,
216 2812 243 2834 ut
261 2808 353 2843 διδαχὴ
375 2807 492 2843 Κυρίου,
518 2805 612 2841 διδαχὴ
637 2803 812 2836 ἀποστόλων,

67 2845 194 2879 διδασκαλία
207 2853 250 2880 τοῦ
260 2855 393 2887 Ereti-99;,
408 2851 567 2880 διδασκαλία
582 2850 707 2883 Παύλου,
726 2850 813 2877 luere-

443 2961 470 2971 «ι

864 2248 962 2277 melius
974 2247 1141 2282 quadrarent
1155 2255 1162 2274 :
1180 2244 1411 2281 quemadmodum
1428 2248 1541 2279 apparet
1555 2244 1653 2279 11111101-

864 2302 917 2330 pue
929 2302 963 2321 ex
981 2293 1026 2327 iis,
1044 2300 1105 2327 quae
1120 2291 1290 2328 Epiphanius
1305 2290 1414 2323 citavit,
1427 2297 1443 2317 a
1465 2289 1569 2317 nostris
1584 2297 1654 2316 non-

864 2347 1007 2375 nunquam
1019 2338 1215 2374 discrepantia.
1232 2337 1267 2365 Ut
1283 2337 1311 2365 in
1328 2335 1515 2364 vetustissima
1536 2335 1653 2368 diataxi,

864 2395 926 2422 quae
938 2385 1082 2421 Epiphanii
1096 2392 1153 2412 alvo
1161 2384 1275 2416 exstitit,
1287 2384 1321 2410 de
1333 2381 1496 2410 celebrando
1506 2380 1653 2413 Pascitur,

864 2431 1042 2460 constitutum
1058 2429 1109 2457 fuit
1123 2439 1129 2456 :
1149 2429 1242 2464 Ὑμεῖς
1255 2429 1291 2464 μὴ
1303 2427 1446 2463 ψηφίζετε,
1466 2426 1533 2452 ἀλλά
1554 2428 1655 2452 ποιεῖτε

864 2477 928 2504 ὅταν
944 2477 969 2503 οἱ
986 2475 1094 2510 ἀδελφοὶ
1113 2473 1189 2510 ὑμῶν
1208 2474 1233 2500 ο1
1253 2474 1285 2500 ἐκ
1305 2472 1471 2509 περιτομῆς,
1491 2471 1550 2507 μετ’
1567 2471 1655 2498 αὐτᾶν

865 2524 922 2559 ἅμα
935 2523 1047 2549 ποιεῖτε.
1069 2521 1119 2548 Vos
1136 2519 1247 2547 calculis
1261 2518 1337 2546 ‘haud
1350 2518 1470 2550 utimini,
1486 2517 1530 2544 sed
1548 2525 1576 2543 eo
1591 2522 1656 2544 tem—

864 2578 926 2605 pore
937 2568 1065 2595 celebrate
1081 2575 1131 2602 quo
1146 2567 1244 2601 fratres
1259 2564 1339 2592 vestri
1353 2564 1398 2599 qui
1408 2571 1440 2590 ea:
1454 2563 1656 2590 circumcisione

864 2616 1036 2652 prodierunt;
1052 2621 1110 2640 cum
1125 2612 1158 2638 iis
1172 2610 1253 2638 simul
1273 2609 1377 2636 Pascha
1391 2609 1517 2644 peragite.
1539 2606 1655 2635 Videtur

865 2662 947 2697 igitur
962 2660 1021 2687 haec
1032 2657 1149 2686 diataxis
1168 2655 1258 2689 facta,
1280 2659 1425 2690 antequam
1444 2654 1509 2682 urbs
1526 2652 1655 2680 Hieroso-

864 2707 996 2743 lymitana
1014 2705 1048 2733 ab
1067 2703 1189 2732 Adriano
1200 2705 1378 2729 everteretur.
1391 2700 1456 2728 Post
1477 2700 1550 2727 hanc
1560 2705 1652 2726 autem

864 2753 1003 2786 diataxiu,
1021 2750 1122 2787 prodiit
1135 2749 1201 2778 alibi
1221 2756 1308 2776 canon
1328 2747 1379 2775 sub
1401 2747 1587 2782 apostolorum
1605 2754 1654 2772 no-

865 2801 939 2829 mine
951 2799 999 2835 qui
1012 2805 1085 2826 nunc
1100 2796 1234 2832 septimus
1245 2795 1360 2822 habetur
1374 2803 1380 2820 :
1392 2793 1427 2820 Et
1438 2801 1481 2824 τις
1496 2792 1654 2822 ἐπίσκοπος,

865 2847 882 2883 ἢ
894 2845 1090 2882 πρεσϐύτερος,
1105 2843 1122 2879 ἢ
1133 2843 1256 2874 διάκονος
1269 2840 1318 2877 τὴν
1329 2839 1408 2875 ἁγίαν
1418 2838 1465 2866 τοῦ
1475 2838 1571 2873 Πάσχα
1586 2837 1653 2874 ήμέ-
