1874 3070
211 111 258 138 131

210 179 261 205 ριν
278 168 331 207 πρδ
348 169 397 204 τῆς
414 170 524 206 ἐαρινῆς
540 170 684 206 ἰσημερίας
702 171 770 206 μετὰ
789 170 922 197 Ἰουδαίων
938 170 996 195 ἐπι-
1010 171 1033 198 Δ

208 215 522 251 τελέσει,καθαιρείσθω.
532 214 625 250 Siquis
633 217 778 250 episcopus,
790 221 837 242 aut
849 215 993 250 presbyter,

208 267 255 288 aut
268 262 396 288 diaconus
412 268 533 288 sanctum
550 261 662 289 Pascha'
675 263 745 289 diem
757 267 818 288 ante
828 262 894 288 reris
909 261 993 295 α’ᾳαὶ-

209 309 327 334 noctium
341 316 401 334 cum
417 307 521 334 Judaei:
535 309 626 343 egerit,
647 317 662 334 a
677 308 763 343 gradu
778 316 827 334 suo
840 307 992 342 dejiciatur.

211 352 274 380 "asc
289 361 350 380 cum
366 358 458 388 postea
472 362 486 379 a
498 353 615 380 concilio
629 352 739 380 Niceno
754 353 992 383 conﬁrmarentur,

211 399 437 426 constitutionum
453 406 548 426 earum
566 407 635 434 quas
648 408 721 426 nunc
737 399 869 426 habemus
881 406 994 426 consar-

211 444 319 471 cinator
343 449 460 471 veterem
483 445 604 471 diataxin
631 445 806 476 immutavit,
838 451 864 471 et
888 445 922 471 ad
945 453 994 471 sua

213 494 334 524 tempora
352 491 635 522 accommoxlavit.lib.
649 499 711 524 v,c.
728 491 761 518 16
775 501 780 517 :
797 492 842 517 Δεῖ
856 489 901 517 οὖν
913 491 994 526 ὑμᾶς,

211 536 330 571 ἀδελφοὶ,
342 537 403 568 τοὺς
413 536 452 571 τῷ
468 536 514 562 τοῦ
531 537 648 572 Χριστοῦ
665 537 747 572 τιμίῳ
763 537 996 573 ἐξηγθρασμένους

212 582 318 616 αἵματι,
330 581 379 612 τὰς
388 581 494 618 ἡμέρας
510 581 556 608 τοῦ
567 582 662 617 Πάσχα
675 582 796 618 ἀκριϐῶς
810 583 932 609 ποεῖσϐαι
950 592 996 618 με-

211 628 246 654 τὰ
263 629 352 663 πάσης
362 627 518 662 ἐπιμελείας
531 627 599 663 μετὰ
606 628 710 664 τροπὴν
728 629 897 664 ἰσημερινήν.
912 629 997 663 Opor-

213 679 248 700 tet
265 674 346 708 igitur
365 681 419 704 vos,
436 673 544 707 fratres,
561 679 651 707 utpote
671 675 788 708 pretioso
813 674 913 702 Christi
934 684 997 702 son-

212 720 288 754 guine
302 720 459 754 redemptos,
474 720 530 746 dies
546 719 655 747 Pascha!
670 726 793 748 accurate
813 726 838 748 et
860 723 930 748 omni
954 723 997 748 di-

213 768 321 802 ligentia
341 772 399 801 post
423 768 607 801 aequinoctium
623 767 764 795 celebrare.
789 767 894 801 Quibus
914 769 995 795 etiam

212 818 252 839 tot
267 813 398 840 adversus
411 813 521 841 Iudaeos
535 814 625 840 aldita
644 819 718 846 sunt,
733 819 763 841 ut
786 818 914 849 appareat
936 818 997 849 post

213 863 335 894 tempora
357 859 499 894 Epiphanii
517 860 574 886 ltaac
595 860 737 887 immutata
754 859 849 892 fuisse,
864 866 890 887 et
908 865 994 887 totutn
1012 861 1034 889 Β

213 905 278 932 illud
291 911 373 940 caput
386 906 465 932 aliter
480 905 559 940 plane
570 910 732 940 conceptum
749 914 821 933 esse.
834 903 913 933 Unde
931 914 997 934 con-

210 951 277 986 jicio
290 956 353 979 octo
370 952 455 979 libros
476 949 711 979 Constitutionum
740 956 802 987 post
827 960 914 979 terum
935 952 998 987 Epi—

212 997 306 1032 phanii
331 1004 365 1024 ex
391 997 530 1024 veteribus
557 997 713 1024 didascaliis
738 1003 820 1032 atque
844 998 998 1026 diataxilus

212 1040 364 1068 immutatis
379 1042 603 1076 interptilatisque
625 1042 711 1069 factos
728 1050 803 1074 esse;
821 1051 909 1077 neque
923 1043 995 1070 enim

212 1088 257 1115 ille
274 1096 417 1115 numerum
432 1088 563 1114 librorum
573 1093 716 1115 memorat.
728 1087 757 1115 In
773 1096 876 1115 canone
887 1089 997 1124 quidem

212 1134 309 1161 ultimo
322 1142 417 1161 eorum
430 1132 476 1169 qui
493 1133 622 1161 dicuntur
634 1135 820 1169 apostolorum
836 1156 843 1167 ,
860 1140 922 1162 oeto
936 1135 997 1161 libri

211 1178 446 1206 Constitutionum
460 1179 562 1206 diserte
574 1180 755 1207 nominantur
768 1188 775 1213 ;
801 1181 847 1208 sed
865 1180 939 1207 illum
952 1189 998 1207 ca-

212 1233 312 1252 nonetn
326 1225 362 1252 ita
383 1224 467 1252 fuisse
484 1230 645 1260 conceptum
663 1231 724 1253 ante
737 1231 842 1253 sextum
856 1226 996 1258 saeculum,

214 1271 323 1305 opinor,
339 1278 392 1298 non
410 1275 530 1305 apparet.
545 1270 666 1306 Septimo
681 1271 791 1306 quidem
816 1272 914 1299 szeculo
936 1277 998 1299 ante

213 1317 361 1344 concilium
387 1316 548 1344 Trullanum
572 1317 707 1345 Maximus
731 1323 823 1346 monet
840 1318 997 1354 Dionysium

213 1363 317 1390 factum
341 1363 497 1398 episcopum
520 1362 645 1395 Athenis,
667 1364 736 1390 κατὰ
755 1363 784 1390 τὺ
805 1364 953 1400 φερόμενον
969 1365 998 1391 ἐν

213 1408 319 1444 Emam
336 1408 494 1444 βιὸλέῳτῶν
511 1409 695 1436 ἀποστολικῶν
712 1409 912 1445 διαταγμάτων.
925 1411 997 1445 quod

213 1462 287 1481 nunc
312 1454 427 1489 legimus
443 1454 491 1481 lib.
512 1462 566 1486 vn,
584 1462 644 1489 cap.
659 1454 705 1481 48.
726 1455 829 1482 Auctor
846 1454 997 1491 Imperfecti

212 1497 306 1532 Operi:
322 1499 348 1525 in
365 1498 521 1526 Mattth
532 1519 540 1531 ,
559 1497 672 1526 bomilia
686 1499 732 1532 55,
749 1500 842 1528 laudat
855 1502 946 1535 aliqua
964 1509 997 1528 ex

212 1543 283 1570 libro
297 1548 393 1571 octavo
404 1543 548 1570 Canonum
562 1544 749 1578 apostolorum
759 1566 766 1578 ,
783 1553 844 1580 qua:
864 1554 937 1573 nunc
952 1554 997 1574 re-
1011 1530 1032 1559 ο

213 1589 356 1623 peri'unIur
380 1589 429 1617 lib.
459 1598 531 1621 vttt,
551 1597 608 1625 cap.
640 1589 658 1616 2
686 1590 931 1617 Constitutionnm.
965 1591 999 1619 Et

213 1634 287 1662 hunc
309 1636 418 1670 quidem
435 1641 574 1664 auctorem
596 1635 724 1663 Usserius
747 1636 812 1663 facit
833 1644 884 1662 non
912 1637 998 1664 minus

213 1681 372 1714 antiquum,
394 1689 476 1716 quam
501 1681 553 1708 fuit
575 1681 752 1716 Epiphanius.
781 1681 833 1708 Sed
849 1682 908 1709 sine
923 1683 999 1709 omni

213 1726 400 1753 controversia
426 1727 511 1754 multo
523 1727 617 1762 junior
636 1727 698 1754 fuit.
723 1727 840 1761 Scripsit
853 1727 998 1754 Panarium

214 1770 384 1806 Epiphanius
406 1777 468 1800 ante
490 1774 634 1808 imperium
657 1773 803 1800 Theodosii
826 1782 832 1799 :
857 1774 1001 1808 imperavit

214 1817 388 1845 Theodosius
408 1819 489 1846 annis
511 1819 645 1850 sedecim:
669 1820 717 1847 diu
739 1824 801 1854 post
815 1819 999 1848 Theodosium

214 1862 327 1898 scripsit
343 1869 439 1891 auctor
453 1864 546 1899 Operi:
562 1865 719 1900 imperfecti,
734 1870 764 1892 ut
778 1866 820 1893 vel
831 1874 864 1893 ex
880 1866 923 1894 his
940 1874 1001 1894 ver-

214 1907 259 1936 bis
271 1912 345 1943 patet
360 1909 454 1936 homil.
469 1910 503 1937 L9
517 1919 524 1937 :
547 1910 577 1938 Si
590 1911 648 1946 quis
670 1917 758 1938 autem
774 1912 923 1939 auditiones
943 1912 1001 1947 qui-

215 1954 275 1980 dem
297 1954 449 1989 praeliorum
461 1976 470 1988 ,
493 1956 577 1990 fames
587 1977 595 1989 ,
606 1961 631 1983 et
643 1956 783 1989 tumultus,
796 1961 823 1983 et
837 1957 1000 1991 pestilentias

215 2000 347 2035 intelligat
360 2009 415 2028 esse
429 2002 518 2028 omnia
528 2002 583 2029 hozc
596 2002 667 2029 mala
680 2002 843 2037 spiritualia,
859 2011 918 2037 qute
928 2003 1001 2038 facta

215 2051 277 2073 sunt
299 2051 414 2080 tempore
429 2046 598 2074 Constantini
614 2048 695 2074 simul
715 2053 740 2074 et
761 2047 900 2075 Theodosii
921 2057 1001 2083 usque

215 2099 296 2117 nunc.
318 2090 392 2118 inter
416 2096 538 2127 tempora
560 2093 644 2128 igitur
666 2092 810 2128 Epiphanii
833 2098 860 2120 et
881 2094 1001 2122 auctoris

216 2137 312 2172 Operis
329 2138 487 2172 imperfecti,
502 2140 630 2166 existimo
641 2139 858 2167 Constitutiones
869 2141 1002 2175 apostolo-

216 2191 278 2211 rum
299 2190 333 2211 ex
355 2184 471 2212 diversis
485 2185 640 2213 didascaliis
659 2186 868 2220 diataxibusque
888 2187 1000 2214 minori-
1015 2199 1038 2226 ι)

216 2230 268 2258 bus
285 2230 416 2258 conﬂatas
423 2231 456 2258 ad
470 2231 596 2258 volumen
611 2236 675 2259 octo
688 2232 818 2260 librorum
832 2233 998 2265 excrevisse,

217 2277 290 2312 quod
311 2277 346 2304 ab
363 2277 410 2304 illo
432 2277 562 2304 heretico
580 2279 659 2306 avide
673 2283 822 2313 arreptum,
843 2279 891 2313 qui
906 2279 1000 2313 spuria

216 2322 366 2350 Clementis
378 2322 551 2356 aliorumque
565 2322 666 2357 scripta
679 2322 779 2357 saepius
791 2322 912 2349 adducit.
930 2321 1001 2350 Fue-

216 2374 282 2396 runt
296 2369 379 2402 igitur
391 2376 425 2395 ex
439 2368 576 2395 sententia
592 2372 685 2395 nostra
703 2368 854 2402 antiquitus
875 2368 903 2394 hi
926 2367 1000 2400 libri,

216 2415 297 2450 quasi
313 2416 348 2442 ab
362 2414 495 2449 apostolis
517 2415 622 2448 scripti.
637 2418 684 2440 aut
694 2414 804 2447 dictati,
817 2414 915 2449 Διδαχὴ
933 2415 1000 2440 ἁπο-

217 2461 335 2494 στόλων,
352 2460 492 2492 Διατάξεις
509 2460 664 2486 ἀποστόλων
674 2479 681 2490 ,
702 2459 862 2486 Διδασκαλια
879 2459 1003 2494 Κλήμεν-

216 2513 273 2537 τος,
284 2505 446 2532 Atho-mila
460 2505 601 2539 Ἰγνατιου,
612 2503 774 2530 Διδασκαλία
789 2503 822 2530 δι’
834 2503 1001 2535 Ἱππολύτου,

217 2552 318 2587 Διδαχὴ
337 2551 527 2587 Πολυκάρτεου.
545 2550 583 2577 Es
611 2550 654 2578 bis
672 2550 811 2581 omnibus,
829 2554 857 2576 et
867 2549 928 2576 aliis
943 2549 1002 2576 ior-

217 2606 293 2627 tasse
310 2599 400 2625 adhuc
411 2598 558 2633 incognitis
569 2598 693 2626 conﬂata:
711 2602 773 2624 sunt
787 2597 934 2631 Διατςιγαὶ,
945 2597 1003 2624 sive

199 2635 349 2678 ⁵καθολικὶί
363 2643 530 2670 διδασκαλία.
549 2643 582 2670 Et
594 2651 661 2670 sane
673 2650 737 2670 sunt
753 2643 780 2669 in
798 2642 876 2669 libris
893 2643 1003 2670 Consti-

219 2691 356 2718 tutionnm
378 2690 466 2724 capita
482 2691 615 2724 quaedam,
630 2697 691 2724 quae
710 2689 777 2716 nihil
797 2688 870 2715 aliud
892 2696 953 2715 esse
967 2688 1004 2714 vi-

220 2736 319 2763 dentur
343 2743 425 2770 quam
451 2736 569 2764 methodi
595 2737 682 2771 gratia
711 2734 792 2762 factae
819 2735 1004 2762 connexiones

220 2782 356 2817 quaedam,
370 2782 470 2817 quibus
492 2790 544 2809 una
564 2782 642 2809 alteri
658 2781 806 2809 didascalta
830 2781 1004 2808 subnectere-

219 2832 274 2855 tur.
295 2828 382 2862 Quale
403 2833 484 2862 caput
505 2829 616 2856 tertium
632 2828 693 2855 libri
709 2828 796 2855 octavi
817 2834 888 2858 eSSe,
902 2827 952 2860 ipsi
969 2833 1004 2852 ex

741 109 770 136 S.
786 107 958 137 IGNATIUS.
979 123 1014 129 —-
1031 105 1295 134 PROLEGOME.\A.

1806 99 1865 125 ιπνξ

1047 177 1099 196 ms.
1114 168 1209 195 codice
1219 165 1370 194 Oxoniensi
1382 186 1389 197 ,
1402 171 1458 200 quo
1471 166 1709 198 repraesentantur
1723 165 1791 188 tum
1816 160 1865 186 Δι-

1044 213 1178 240 δασκαλία
1186 209 1394 241 δι”ῐππο).ὖτειι,
1410 215 1467 236 tum
1480 209 1614 242 Διαταγαὶ
1625 207 1812 239 ἀποστόλων,
1828 214 1865 232 ex

1045 259 1145 294 quibus
1158 258 1227 284 liber
1243 263 1357 284 octavus
1372 255 1511 291 praecipue
1522 259 1642 287 constat,
1655 251 1865 288 deprehendi—

1045 313 1117 332 mus.

1080 350 1161 378 Certe
1186 350 1256 377 inter
1280 349 1343 376 illas
1355 347 1531 379 didascalias,
1545 354 1614 381 quas
1629 345 1865 374 consarcinator

1045 397 1176 424 librorum
1193 401 1256 423 octo
1275 395 1429 430 usurpavit,
1443 394 1529 421 fuisse
1551 392 1734 419 Διδασκαλίαι)
1761 391 1865 424 17v:-

1045 443 1114 473 τίον,
1134 442 1335 476 quamplurima
1349 446 1413 468 sunt
1426 449 1487 475 quae
1501 445 1532 467 ut
1545 439 1705 466 ﬁrmissime
1729 437 1865 464 credam

1045 489 1176 516 efﬁciunt.
1202 487 1256 521 Qui
1279 486 1398 522 primum
1422 487 1473 514 has
1499 485 1664 512 didascalias
1688 485 1861 513 ﬁnxerunt,

1046 536 1106 562 sine
1119 535 1202 561 dubio
1218 542 1312 562 eorum
1328 534 1429 568 scripta
1449 537 1513 560 ante
1526 531 1622 559 oculos
1639 531 1780 562 habuere,
1791 530 1865 565 qui-

1047 582 1098 609 bus
1119 581 1249 616 ﬁgmenta
1271 588 1320 607 sua
1340 580 1422 607 tribui
1446 579 1610 610 voluerunt,
1635 583 1666 605 ut
1689 585 1739 605 eos
1770 578 1862 612 ipsus

1046 632 1178 662 quantum
1207 631 1318 661 possent
1335 626 1540 660 exprimerent;
1563 625 1635 652 unde
1660 632 1717 650 non
1749 624 1862 651 dubito

1045 674 1193 701 Clementis
1207 673 1315 708 διδαχὴν
1330 673 1366 699 ita
1383 672 1469 700 fuisse
1483 671 1678 706 compositam,
1692 675 1725 698 ut
1741 671 1861 706 episto—

1047 721 1088 747 las
1103 720 1163 755 ejus
1178 720 1296 746 maxime
1311 719 1453 746 reicrrent.
1471 718 1510 745 Ex
1524 719 1575 745 hac
1588 718 1673 754 igitur
1690 718 1857 745 Clementis

1047 765 1200 793 Didascalia
1215 765 1466 793 consarcinatorem
1488 771 1519 792 ea
1536 765 1693 798 sumpsisse
1710 763 1856 790 Credibile

1047 818 1105 844 est,
1121 821 1182 848 quae
1207 813 1241 840 de
1264 812 1389 848 phtenice
1403 811 1525 839 habet-et
1539 811 1715 839 carminibus
1733 809 1854 845 Sibylla:

1047 860 1066 886 1.
1083 867 1110 892 v,
1123 867 1148 887 c.
1166 859 1194 892 6,
1210 867 1245 887 ex
1265 859 1389 894 epistolis
1405 858 1552 885 Clementis
1565 857 1642 892 prius
1655 857 1811 891 desumpta
1826 861 1853 883 et

1046 911 1219 941 exaggerata.
1250 905 1287 932 Ex
1315 905 1429 937 eadem,
1458 905 1486 931 ni
1518 903 1609 937 fallor,
1634 904 1725 931 totius
1754 903 1852 938 operis

1047 951 1209 986 prooemium
1224 950 1384 985 descripsit;
1408 957 1463 977 non
1480 949 1552 977 enim
1566 957 1582 976 a
1597 953 1745 984 postremo
1759 947 1851 975 colle-

1048 1001 1122 1024 ctore
1134 996 1199 1023 illud
1219 996 1320 1022 factum
1336 1001 1418 1030 puto;
1433 1003 1514 1030 quem
1534 993 1689 1029 Epiphanio
1703 993 1850 1028 juniorem

1047 1051 1108 1071 esse
1116 1043 1216 1074 sentio,
1229 1042 1276 1076 qui
1290 1041 1454 1069 sententiam
1471 1041 1545 1068 illam
1557 1048 1592 1067 es
1604 1039 1746 1074 prommio
1758 1039 1846 1066 citat:

1047 1088 1115 1115 Θεοῦ
1140 1088 1237 1122 φυτεία
1258 1088 1275 1123 ἡ
1299 1087 1430 1122 καθολικὴ
1453 1086 1612 1122 Ἐκκλησία,
1638 1085 1687 1112 καὶ
1713 1084 1849 1120 ἀμπελὼν

1048 1134 1131 1162 αὐτοῦ
1146 1133 1283 1166 ἐκλεκτός,
1301 1133 1420 1160 Ecclesia
1433 1133 1563 1159 catholica
1575 1132 1657 1159 arbor
1670 1140 1687 1158 a
1701 1131 1759 1157 Deo
1773 1135 1847 1163 sata,

1047 1186 1072 1208 et
1094 1181 1168 1207 vinea
1188 1179 1246 1214 ejus
1270 1179 1362 1206 electa.
1383 1179 1532 1206 Clementis
1558 1183 1650 1206 autem
1675 1177 1768 1204 simia:
1795 1177 1847 1203 ista

1048 1225 1168 1258 ascribo,
1180 1225 1412 1260 ἑνεστερνισμένοι
1436 1224 1481 1250 τὸν
1503 1223 1584 1258 φόϐον
1601 1223 1698 1254 αὑτοῦ,
1722 1227 1753 1249 ut
1776 1222 1848 1249 allu-

1048 1273 1124 1299 deret
1138 1272 1172 1299 ad
1188 1272 1232 1298 illa
1247 1272 1273 1298 in
1287 1271 1409 1306 Epistola
1422 1271 1482 1305 ejus
1496 1271 1529 1297 ad
1545 1269 1707 1297 Corinthios
1723 1276 1780 1295 non
1799 1275 1847 1294 sa-

1049 1318 1083 1346 tis
1103 1319 1179 1350 trita,
1203 1317 1404 1353 ὲστερνισμένοι
1431 1315 1480 1352 ἦτε
1503 1318 1558 1347 τοῖς
1586 1315 1765 1349 σπλάγχνοις.
1784 1313 1846 1340 .Iatn

1048 1371 1114 1390 vero
1129 1368 1202 1390 tanta
1216 1369 1257 1390 est
1271 1363 1449 1397 epistolarum
1465 1362 1572 1398 lgnatii,
1586 1360 1742 1396 prmscrtim
1759 1360 1849 1386 inter-

1048 1411 1213 1445 polatarum,
1226 1418 1288 1437 cum
1305 1409 1558 1437 Constitutionibus
1577 1407 1745 1440 similitudo,
1761 1413 1846 1441 atque

1048 1455 1225 1490 conspiratio,
1242 1459 1270 1482 ut
1284 1463 1344 1482 eam
1368 1462 1422 1482 non
1447 1459 1552 1481 tantum
1574 1452 1732 1480 Tun-ianus
1745 1457 1774 1480 et
1789 1451 1845 1479 Bo-

1049 1500 1122 1532 vius,
1145 1500 1177 1526 ad
1195 1500 1363 1534 probandam
1379 1497 1618 1527 Constitutionum
1635 1497 1843 1533 antiquitatem.

1049 1546 1097 1573 sed
1120 1551 1146 1573 et
1171 1545 1301 1574 Usserius
1315 1546 1397 1573 etiam
1414 1546 1560 1577 notaverit,
1573 1550 1603 1572 ut
1617 1545 1752 1580 probaret
1765 1552 1844 1571 eum—

1048 1591 1109 1618 dem
1126 1591 1212 1618 l'uisse
1225 1591 1375 1618 Clementis
1394 1596 1420 1618 et
1442 1591 1539 1626 lgnatii
1555 1591 1795 1625 interpolatorem.
1811 1589 1844 1616 Et

1050 1635 1179 1663 Turriani
1193 1637 1304 1671 quidem
1328 1642 1410 1671 atque
1427 1637 1503 1664 Bovii
1523 1637 1660 1663 sententia
1680 1635 1780 1662 merito
1793 1643 1841 1662 ex-

1050 1683 1125 1717 plosa
1140 1687 1191 1709 est.
1211 1681 1339 1710 Usserius
1352 1687 1442 1709 autem
1468 1683 1493 1709 iul
1518 1682 1591 1717 quod
1610 1681 1700 1709 voluit
1713 1681 1842 1716 probasse

1050 1735 1104 1754 non
1121 1728 1236 1760 videtur,
1256 1729 1382 1763 quamvis
1401 1729 1541 1756 veritatem
1568 1736 1637 1763 pene
1659 1727 1791 1763 attigerit.
1813 1726 1840 1753 ιιι

1049 1774 1122 1801 enim
1142 1775 1209 1801 mihi
1223 1775 1361 1803 maximus
1383 1775 1427 1802 illc
1441 1782 1594 1802 consensus
1619 1775 1714 1808 potius
1742 1774 1840 1804 innuit,

1050 1819 1227 1846 Διδασκαλίαν
1251 1819 1347 1854 lgnatii
1372 1820 1622 1848 Constitutionibus
1645 1819 1734 1848 fuisse
1757 1821 1840 1847 inter-

1051 1871 1185 1899 spersam,
1200 1872 1315 1900 eamque
1328 1865 1507 1893 Διδασκαλιαν
1520 1865 1609 1893 fuisse
1632 1865 1667 1892 ad
1695 1866 1842 1900 interpola-

1050 1912 1094 1936 tas
1109 1908 1206 1944 lgnatii
1218 1910 1349 1944 epistolas
1367 1909 1579 1943 conformalam,
1596 1909 1639 1937 vel
1651 1911 1746 1945 potius
1758 1910 1841 1937 inter-

1051 1955 1201 1989 polatorem
1222 1954 1319 1990 lgnatii
1340 1963 1355 1983 e
1378 1955 1531 1984 Didascalia
1555 1957 1681 1991 ejusdem
1707 1964 1774 1984 suas
1789 1957 1842 1991 pri-

1051 2007 1126 2027 mum
1147 2001 1264 2029 lacinias
1278 2002 1401 2036 epistolis
1420 2002 1581 2030 intexuisse.
1597 2002 1678 2035 Quod
1703 2010 1766 2029 cum
1789 2003 1838 2029 alia

1051 2047 1183 2081 suadent,
1198 2053 1254 2075 tum
1270 2050 1352 2075 etiam
1368 2049 1434 2076 illud
1451 2049 1478 2075 in
1496 2049 1614 2083 epistola
1631 2050 1666 2076 ad
1682 2048 1840 2076 Trallianos

1051 2092 1086 2119 ab
1102 2093 1296 2128 interpolatore
1315 2094 1437 2121 additum
1454 2103 1461 2121 :
1477 2094 1600 2121 Δίδείσθε
1615 2094 1644 2121 δὲ
1659 2095 1708 2121 καὶ
1721 2094 1767 2120 τὸν
1782 2094 1838 2121 ἐπὶ·

1053 2146 1152 2165 σκοπον
1166 2139 1242 2174 ὑμῶν
1255 2140 1294 2171 ὡς
1303 2140 1430 2175 Χριστὸν,
1442 2140 1502 2167 καθ’
1512 2141 1526 2166 ὅ
1537 2140 1601 2175 ὑμῖν
1612 2140 1638 2166 oi
1652 2140 1782 2175 μακάριοι
1790 2139 1839 2165 διε-

1051 2184 1166 2217 τάξαντο
1179 2185 1331 2212 ἀπόστολοι.
1351 2185 1519 2212 Veneramini
1540 2190 1630 2212 autem
1647 2190 1674 2212 et
1693 2186 1838 2220 episcopum

1051 2235 1165 2257 nstrum
1177 2231 1246 2258 sicut
1258 2231 1402 2264 Christum,
1418 2237 1447 2258 ut
1459 2232 1529 2259 vobis
1540 2231 1612 2259 beati
1624 2232 1739 2266 apostoli
1750 2231 1840 2258 consti-

1051 2281 1167 2303 tulerunt.
1179 2276 1248 2303 Cum
1263 2277 1336 2304 enim
1360 2277 1428 2304 nihil
1453 2278 1510 2304 illic
1532 2278 1560 2304 in
1586 2278 1708 2313 genuina
1729 2277 1837 2312 epistola

1051 2319 1148 2355 lgnatii
1164 2321 1198 2348 de
1211 2322 1385 2350 veneratione
1400 2323 1530 2358 episcopo
1557 2323 1714 2358 praestanda
1738 2324 1838 2350 dicere-

1053 2371 1108 2398 tur,
1123 2367 1170 2394 sed
1183 2367 1217 2395 de
1230 2368 1293 2403 fuga
1318 2369 1509 2396 haereticorum
1529 2370 1684 2396 secundum
1710 2374 1836 2405 praecepta

1052 2414 1211 2447 apostolica,
1224 2415 1281 2442 sive
1292 2415 1464 2450 διατάγματα
1475 2415 1529 2442 τῶν
1539 2415 1710 2448 ἀποστόλων,
1725 2416 1836 2450 interpo-

1053 2457 1133 2491 lator,
1152 2460 1297 2486 occasione
1312 2461 1363 2488 hac
1376 2465 1494 2495 arrepta,
1519 2461 1554 2488 ad
1574 2461 1621 2487 illa
1635 2460 1768 2496 confugit,
1781 2469 1836 2496 quae

1054 2502 1081 2528 in
1093 2502 1342 2532 Constitutionibus
1353 2506 1509 2538 exstabant,
1526 2513 1559 2533 ex
1576 2505 1733 2534 Didascalia
1747 2506 1806 2542 lgna
1821 2510 1844 2534 tii

1054 2548 1114 2574 sine
1138 2549 1221 2576 dubio
1241 2550 1395 2585 desumpta.
1411 2550 1450 2578 Ita
1464 2551 1491 2577 in
1506 2551 1615 2586 prolixa
1633 2551 1679 2578 illa
1698 2552 1797 2587 interpo
1810 2553 1838 2579 la-

1055 2594 1139 2627 tione,
1151 2603 1203 2630 qua
1218 2596 1309 2623 viduis
1333 2597 1428 2624 eadem
1454 2603 1591 2632 praecepta
1607 2598 1667 2630 dat,
1682 2603 1711 2626 et
1723 2606 1794 2626 exem
1804 2600 1841 2633 pla

1055 2641 1192 2675 proponit,
1207 2649 1268 2676 quae
1285 2642 1312 2668 in
1326 2643 1578 2670 Constitutionibus
1604 2644 1623 2670 l.
1641 2652 1684 2677 In,
1699 2652 1724 2672 c.
1744 2644 1760 2671 6
1772 2649 1796 2672 et
1819 2645 1840 2675 7.

1055 2692 1222 2720 occurrunt,
1242 2689 1333 2714 statim
1358 2689 1498 2723 subiungit
1515 2698 1522 2716 :
1546 2689 1642 2717 Ταῦτα
1661 2691 1712 2726 οὐχ
1727 2690 1761 2722 ὡς
1774 2691 1833 2717 ἀπύ-

1056 2733 1148 2764 οπολος
1165 2733 1353 2769 διατάσσομαι.
1369 2735 1434 2763 Hart:
1447 2744 1499 2762 non
1507 2742 1536 2763 ut
1546 2738 1688 2771 apostolus
1699 2739 1829 2769 constituo,

1055 2779 1128 2812 quod
1141 2786 1236 2806 omnes
1256 2779 1348 2806 norint
1368 2781 1426 2808 haec
1441 2781 1468 2808 in
1483 2781 1640 2810 Didascalia
1658 2783 1829 2818 apostolorum

1056 2824 1168 2852 nomine
1181 2824 1266 2853 fuisse
1281 2825 1413 2858 iniuncta.
