1874 3070
48 104 91 131 ἱῗῦ
450 105 475 132 J.
496 103 678 133 PEARSONH
696 104 846 133 VlNDlClA

928 102 1087 132 IATIA'NAE.
1104 119 1139 124 —
1153 103 1244 131 PARS
1261 103 1284 132 Ι.

1634 104 1684 135 ιδι

74 165 222 192 nondudo
249 165 364 200 itaque,
392 166 421 193 in
438 165 624 194 Stichometria
641 167 719 194 nobis
740 167 845 202 objecta
861 170 883 198 Λ
898 174 953 193 ινιτ
970 165 1076 197 salutis,
1099 170 1207 200 possunt
1221 164 1332 192 discere.
1347 163 1409 192 Haec
1428 164 1556 199 lrenteus,
1571 173 1605 193 ex
1620 173 1687 194 com

50 211 180 245 Ἰτνιτὶου
196 218 302 238 nomen
317 210 397 240 inter
408 213 493 240 libros
514 212 582 240 Novi
598 212 762 241 Testamenti
777 221 829 248 apo
839 228 845 234 -

44 256 165 291 cryphos
190 257 332 291 positum.
350 266 409 285 non
433 258 563 286 denotare
586 258 682 293 lgnatii
705 259 845 293 epistolas,

42 311 102 336 qua:
129 303 206 330 inter
224 304 390 338 apocrypha
416 312 551 339 nusquam
575 310 771 340 repertae,qua:
786 308 847 339 post

42 353 165 375 mortem
178 349 311 376 omnium
329 350 519 384 apostolorum
532 351 650 385 scriptae,
666 359 727 386 qum
740 351 774 377 ab
787 351 846 386 ipso

42 395 68 421 in
87 396 191 423 itinere
207 400 342 427 exuram,
357 403 469 423 omnem
494 397 674 432 apostolicam
699 399 847 425 auctorita-

50 447 103 469 tem
116 449 193 476 sepe
209 441 244 468 de
258 441 398 469 industria
419 442 602 476 amoliuntur;
619 443 666 471 sed
680 443 794 478 Διδαχὴν
806 444 845 471 εἰς

54 488 110 514 dem
126 486 238 521 lgnatio
260 488 447 522 suppositam,
465 488 544 522 quasi
561 488 611 523 ipsi
627 489 661 515 ab
675 490 818 524 apostolis,
831 496 847 518 a

52 533 151 568 quibus
162 533 314 560 ordinatus
325 538 367 560 est
377 534 528 562 Antiochiae
539 535 694 570 episcopus,
704 535 846 569 dictatam,

53 587 110 614 quae
121 580 150 606 in
165 580 224 607 alio
240 579 366 607 lndiculo
379 580 449 620 inter
464 578 532 608 Novi
552 577 720 608 Testamenti
735 590 848 617 apocry-

53 628 102 662 pha
119 627 273 661 reperitur.
287 626 366 654 Unde
381 631 464 662 patet,
481 621 584 654 nullum
597 627 687 655 adhuc
698 632 793 655 testem
807 636 848 654 re-

54 673 131 707 periri
147 674 288 708 potuisse.
305 675 350 708 qui
365 674 468 701 diceret
489 672 623 708 Epistolas
645 673 740 709 lgnatii
765 674 849 702 fuisse

54 721 261 755 supposititias;
273 726 322 748 aut
332 722 379 756 qui
389 721 422 748 de
434 729 529 748 earum
540 721 713 756 antiquitate,
723 722 837 749 veritate

54 768 278 803 auctoritateque
293 769 336 796 vel
352 769 480 796 dubitare
498 769 642 796 videretur.

368 845 484 874 CAPUT
502 845 536 874 τ’.

56 902 250 939 Testimonium
271 903 300 930 S.
320 903 463 938 Polycorpi
474 904 505 931 ab
518 906 714 939 exceptionibus
730 906 850 934 vindica-

87 944 139 976 tur.
154 937 214 976 Nec
227 939 309 976 [idem
322 939 345 965 ei
357 937 457 976 deesse,
474 947 519 966 nec
536 937 598 967 vim.
613 942 765 969 Auctoritas
785 942 849 976 Epih

88 973 165 1000 stolae
178 975 214 1011 ad
232 973 416 1011 Philippense;
431 974 462 1001 ab
479 975 598 1011 omnibus
611 983 714 1011 recepta
727 983 777 1004 est.
795 973 850 1004 Au—

82 1010 206 1047 ctoritoti
228 1009 359 1047 cjusrnaja
373 1010 480 1047 derogat
497 1009 690 1038 Stichometria
704 1021 762 1047 quo:
778 1013 848 1040 dici—

86 1049 129 1071 tur
149 1044 310 1079 Nicephori.
331 1044 468 1072 Posterior
481 1053 543 1080 pars
559 1047 679 1080 eptstolte
697 1044 748 1074 non
762 1049 848 1075 minus

87 1081 204 1115 genuina
232 1088 314 1114 quam
336 1081 420 1114 prior.
440 1079 629 1108 Testimonium
654 1088 773 1110 nostrum
794 1092 849 1110 cue

90 1115 232 1141 mendacio
251 1116 400 1150 inspersum
413 1121 504 1150 aperta
519 1116 652 1144 calumnia
662 1123 711 1145 est.
722 1118 849 1145 Particu-

89 1150 114 1176 lo
127 1159 255 1184 supremo
267 1151 402 1185 prioribus
417 1159 468 1177 non
483 1152 653 1179 contradicit.
672 1152 716 1180 Vis
729 1154 847 1180 testimo-

91 1186 128 1212 nii
144 1186 310 1224 defenditur.
324 1185 504 1224 Nullasalias
516 1188 641 1224 epistolas
651 1187 847 1224 Ignatii,quunt

85 1230 127 1248 ea:
145 1229 213 1258 quas
235 1221 373 1254 habemus,
391 1230 407 1247 a
425 1221 572 1256 Polycarpo
597 1221 711 1258 intelligi
732 1221 847 1258 potuisse

90 1257 250 1283 ostenditur.

91 1314 159 1342 Cum
177 1318 261 1342 testes
283 1315 318 1341 ab
340 1314 497 1342 adversario
511 1315 632 1349 adducti,
649 1323 698 1343 nec
713 1315 780 1343 talus
796 1323 845 1351 ap-

60 1365 181 1395 pareant,
194 1360 292 1396 quales
307 1361 353 1388 ille
365 1361 460 1394 voluit,
472 1369 522 1389 nec
536 1362 561 1389 id
573 1362 687 1389 omnino
699 1366 843 1394 testentur,

62 1408 128 1441 quod
150 1408 295 1434 sententiae
316 1413 416 1434 nostrze
439 1412 481 1435 est
502 1409 686 1441 contrarium;
704 1408 845 1435 videmnus

62 1461 92 1479 an
113 1453 220 1488 aliquid
236 1454 290 1480 tale
303 1454 437 1482 adversus
452 1458 534 1481 testes
549 1458 658 1482 nostros
679 1454 731 1481 dici
747 1454 844 1489 possit,

61 1508 101 1531 an,
116 1501 235 1534 scilicet,
252 1500 271 1527 ii
283 1508 338 1528 non
354 1501 420 1534 sint,
434 1509 504 1536 quos
520 1509 581 1529 esse
593 1509 644 1529 nos
658 1501 784 1535 dicimus,
797 1507 845 1529 aut

62 1554 147 1574 revera
168 1547 195 1574 id
212 1554 267 1574 non
285 1551 432 1580 testentur,
447 1546 520 1582 quod
535 1554 586 1574 nos
599 1547 736 1574 volumus.

89 1592 212 1619 Primum
227 1600 278 1627 pro
296 1593 444 1628 lgnatianis
461 1593 489 1619 S.
501 1592 645 1628 Polycarpi
658 1594 843 1621 testimonium

61 1643 106 1670 est,
126 1639 202 1673 quod
217 1638 306 1665 nostri
318 1638 528 1665 diScrtissimum
543 1643 639 1673 putant
655 1650 660 1666 :
674 1638 722 1666 sed
737 1639 780 1666 vir
793 1639 844 1666 do—

62 1684 195 1711 ctissimus
208 1683 291 1718 longe
303 1683 380 1711 aliter
393 1684 490 1717 sentit;
506 1689 533 1711 et
546 1685 610 1712 huic
622 1685 777 1712 testimonio
789 1687 843 1712 duo

61 1731 150 1758 deesse
165 1731 235 1764 vult,
253 1735 311 1758 tum
331 1731 424 1763 lldem,
440 1736 497 1758 tum
513 1732 580 1758 vim.
593 1731 686 1759 Fidem
697 1733 721 1759 ei
734 1726 848 1768 derogat

60 1778 153 1811 primo,
172 1778 247 1812 quod
263 1778 386 1812 epistola:
402 1777 543 1814 Polycarpi
555 1787 607 1805 non
621 1779 656 1805 sit
671 1779 741 1813 apud
756 1787 843 1806 omnes

62 1832 156 1859 recepta
169 1825 334 1851 auctoritas.

90 1871 219 1904 Quamvis
243 1872 303 1899 hac
323 1871 478 1907 responsio,
495 1871 605 1899 etiamsi
619 1880 682 1899 vera
693 1875 776 1904 esset,
791 1871 843 1898 mi-

63 1918 126 1945 nime
137 1918 313 1945 satisfaceret
326 1919 398 1951 (cum
412 1923 518 1945 certum
532 1918 578 1951 sit,
594 1918 672 1945 lldem
686 1918 843 1952 plenissime

62 1964 180 1992 adhibere
193 1964 295 1992 debere
312 1964 451 1999 aliquibus
466 1964 553 1997 libris,
563 1972 680 1999 quorum
696 1965 844 2000 aliquando

62 2011 122 2044 apud
135 2019 226 2038 omne:
241 2019 296 2037 non
310 2011 390 2045 fuerit
402 2015 506 2045 recepta
520 2011 679 2043 auctoritas,
696 2015 726 2038 ut
740 2019 774 2039 ex
791 2011 842 2038 ali-

61 2062 117 2092 quot
129 2058 256 2092 epistolis
273 2056 341 2084 Novi
356 2056 524 2085 Testamenti
535 2058 640 2093 patet),
665 2065 725 2085 eam
753 2062 843 2085 tamen

60 2112 143 2132 assero
156 2104 242 2132 etiam
259 2111 323 2131 esse
336 2103 445 2137 falsam,
457 2109 485 2131 ct
502 2105 536 2131 ab
551 2104 625 2132 omni
640 2104 730 2139 specie
743 2105 844 2131 verita-

59 2152 87 2178 tis
98 2151 229 2178 alienam.
237 2150 399 2178 Auctoritas
410 2151 484 2178 enim
499 2150 581 2185 hujus
597 2150 724 2186 Epistolae
744 2150 772 2178 S.
789 2150 843 2178 Po-

57 2197 149 2232 lycarpi
165 2197 202 2224 ad
222 2196 416 2231 Philippenses
438 2196 473 2223 ab
493 2197 622 2224 omnibus
646 2197 698 2224 l'uit
720 2201 840 2232 recepta,
857 2208 880 2236 υ

56 2245 96 2277 ita,
109 2245 227 2277 scilicet,
254 2249 285 2271 ut
308 2243 358 2270 viri
375 2243 517 2278 apostolici
532 2244 664 2278 scriptum
676 2244 842 2272 ecclesiasti-

55 2298 110 2317 cum
130 2295 160 2318 et
183 2289 373 2316 orthodoxum
385 2288 569 2323 judicaretur;
586 2297 674 2324 neque
691 2297 812 2325 unquam
826 2298 841 2317 a

54 2336 174 2372 quopiam
192 2343 230 2363 an
247 2335 303 2362 tale
318 2342 414 2362 revera
437 2334 528 2368 fuerit,
540 2335 694 2362 dubitatum
709 2335 755 2363 sit.
773 2335 840 2362 Nam

55 2384 135 2418 primo
154 2382 293 2413 lremeus.
308 2382 355 2416 qui
369 2381 459 2416 ipsum
481 2380 662 2417 Polycarpum
674 2380 751 2415 vidit,
765 2381 843 2409 lucu-

55 2429 233 2456 lentissimum
247 2427 313 2454 huic
323 2427 446 2461 epistolae
459 2427 644 2454 testimonium
655 2428 766 2462 praebet,
779 2427 798 2454 l.
811 2435 841 2454 ιιι

54 2477 175 2503 Adversus
196 2474 313 2501 haereus
333 2480 343 2499 :
363 2473 441 2500 Ἔστι
463 2473 492 2500 δὲ
514 2473 642 2509 ἐπιστολὴ
664 2474 840 2510 Πολυκάρπου

55 2521 114 2558 πρδς
125 2519 327 2554 φιλιππησίους
341 2518 522 2553 γεγραμμένη
538 2518 700 2555 ἱκανωτάτη,
710 2519 738 2553 ἐξ
749 2518 783 2555 ἧς
795 2519 841 2546 καὶ

53 2569 92 2594 τὸν
107 2566 269 2602 χαρακτῆρα
287 2565 338 2600 τῆς
359 2564 478 2596 πίστεως
492 2564 585 2596 αὐτοῦ,
605 2565 652 2591 καὶ
665 2565 696 2592 τὸ
711 2567 839 2602 κήρυγμα

54 2614 95 2648 τῆς
107 2612 232 2648 ἀληθείας
241 2611 268 2637 οἱ
280 2609 440 2646 βουλόμενοι
455 2610 501 2636 καὶ
515 2609 701 2646 φροντίζοντες
713 2612 764 2647 τῆς
777 2612 840 2639 ἐαυ-

55 2659 100 2685 τὼν
119 2657 255 2694 σωτηρίας
279 2656 412 2683 δύνανται
437 2655 542 2691 μαθεῖν.
557 2656 596 2684 Ita
610 2656 744 2685 Eusebius
757 2657 837 2686 .Hist.

56 2704 108 2732 ml.
122 2705 138 2732 l.
155 2712 191 2737 tv,
207 2712 234 2732 c.
255 2703 303 2736 Li,
325 2707 408 2730 vetus
432 2702 525 2730 lrentei
551 2703 706 2738 interpres:
721 2704 769 2732 Eat
789 2713 838 2732 au-

58 2755 98 2777 tem
118 2756 140 2777 et
161 2750 281 2785 epistola
295 2748 444 2783 Polycarpi
474 2750 508 2775 ad
536 2749 718 2785 Philippense:
738 2752 837 2786 scripta

58 2797 242 2831 perfectissima,
255 2803 290 2823 ea:
308 2803 365 2830 qua
390 2799 415 2821 et
437 2794 615 2823 characterem
635 2796 698 2831 fidei
721 2797 788 2831 ejus,
812 2802 836 2823 et

60 2843 257 2874 prodicationem
272 2841 409 2875 veritatis,
430 2841 474 2876 qui
489 2840 590 2876 volunt,
600 2845 624 2868 et
639 2849 727 2869 curam
742 2842 836 2870 habent

897 211 980 237 stanti
1003 215 1124 238 coetuum
1149 210 1184 237 ab
1207 210 1340 245 apostolis
1353 209 1525 238 conditorum
1541 211 1686 239 traditione

896 257 1057 291 disputans;
1074 261 1141 282 recte
1152 256 1257 291 quidem
1272 247 1365 289 ille,ret
1385 257 1513 291 opposite,
1529 262 1558 284 ut
1570 257 1686 285 Dallaaus

897 302 955 336 ipse
975 306 1101 334 testatur,
1117 302 1150 328 de
1170 301 1369 336 Areopagiticis
1393 302 1481 336 capite
1505 301 1635 329 secundo.
1652 303 1684 329 At

897 356 985 383 neque
1001 353 1078 379 recte,
1096 355 1185 382 neque
1208 349 1326 382 apposite
1348 348 1497 383 disputavit
1517 349 1646 382 lrenazus,
1663 350 1684 377 si

896 395 954 421 hzcc
975 395 1089 430 cpistola
1112 403 1127 421 a
1147 394 1298 430 Polycarpo
1316 395 1415 429 scripta
1439 403 1493 422 non
1521 397 1566 428 sit,
1583 401 1630 423 aut
1652 398 1686 424 ab

895 441 1025 468 omnibus
1043 447 1107 469 tunc
1125 442 1255 476 temporis
1271 450 1324 469 non
1346 443 1522 478 reciperetur.
1538 443 1576 470 De
1589 444 1685 470 eadem

898 489 1013 523 cpistola
1027 487 1170 521 Eusebius,
1184 488 1231 523 qui
1250 488 1320 515 intra
1337 494 1445 516 centum
1460 494 1522 524 post
1541 489 1685 525 Polycarpi

898 539 1015 560 mortem
1039 542 1126 561 annos
1149 540 1228 561 natus
1243 538 1294 565 est,
1312 533 1383 574 Ilia}.
1397 535 1460 562 cccl.
1476 535 1494 562 Ι.
1511 543 1547 568 tv,
1563 543 1624 570 cap.
1643 536 1686 567 Η,

900 585 960 614 post
974 581 1137 615 productum
1155 582 1207 608 hoc
1220 580 1313 607 Irenazi
1328 582 1514 608 testimonium
1531 591 1538 609 :
1557 582 1585 608 ὐ
1597 583 1688 616 μέντοι

899 626 1075 662 Πηλὺκαρπος
1089 627 1117 652 ἐν
1125 628 1157 662 τῇ
1173 627 1322 662 δηλωθείσῃ
1342 627 1409 663 πρὸς
1427 627 1622 663 Φιλιππησίους
1639 628 1687 654 αὐ-

898 670 945 697 τθῦ
960 673 1052 707 γραφῇ
1065 672 1202 709 φερομένῃ
1215 674 1254 704 εἰς
1269 673 1357 708 δεῦρο,
1369 673 1499 709 κέχρηταί
1513 683 1567 700 τισι
1584 683 1686 709 μαρτυ-

902 716 972 751 ρίαις
987 715 1044 742 ἀπὸ
1053 717 1101 752 τῆς
1117 717 1221 752 Πέτρου
1236 718 1370 753 προτέρας
1386 719 1538 755 ὲπισττιλῆς.
1556 719 1684 754 Polycar-

899 770 958 796 pus.
977 761 1088 794 scilicet,
1108 771 1134 788 tn
1158 763 1293 789 antedicta
1313 763 1346 789 ad
1361 762 1542 798 Philippeum
1561 765 1684 798 epistola,

899 816 958 842 qua:
979 816 1057 843 usque
1072 808 1158 834 adhuc
1169 809 1365 843 circumfertur,
1382 810 1466 836 utitur
1477 811 1634 845 quibusdam
1646 816 1684 837 te-

864 855 884 882 B
898 854 1029 881 stimoniis
1047 863 1078 881 ca:
1096 855 1180 889 priori
1197 854 1269 882 Petri
1282 856 1394 890 epistola
1408 857 1564 891 desttmptia.
1583 857 1614 884 Et
1627 858 1687 892 plu-

902 900 970 927 rima
985 901 1094 935 quidem
1110 901 1265 929 testintonia
1280 910 1313 929 ex
1333 903 1415 937 priori
1429 903 1544 937 cpistola
1559 904 1685 938 deprom-

900 950 957 980 pta,
971 954 1002 972 ex
1019 946 1162 980 posteriori
1178 946 1262 979 nulla,
1278 947 1367 974 adhuc
1384 947 1412 974 in
1436 948 1486 975 hac
1509 949 1623 983 cpistola
1639 955 1684 976 re-

899 992 1051 1026 periuntur,
1063 999 1122 1026 quae
1134 1000 1196 1019 cunt
1210 992 1243 1020 iis
1258 993 1414 1028 conjuncta,
1427 1002 1487 1028 quae
1501 995 1534 1021 ad
1551 995 1684 1030 lgnatiutn

899 1038 1061 1073 pertinentia
1079 1038 1192 1065 totidem
1207 1039 1298 1066 verbis
1315 1040 1462 1074 exscripsit
1474 1039 1616 1073 Eusebius,
1634 1041 1684 1068 du-

900 1085 986 1112 bitare
1002 1093 1052 1112 nos
1067 1093 1121 1112 non
1138 1085 1242 1117 linunt,
1255 1085 1320 1120 quin
1332 1086 1455 1112 eamdem
1471 1085 1613 1122 Polycarpi
1628 1087 1685 1122 epi-

899 1132 996 1158 stolam
1014 1131 1175 1164 habeamus,
1198 1139 1280 1166 quant
1298 1132 1391 1158 habuit
1410 1131 1553 1159 Eusebius.
1569 1132 1683 1160 Multum

898 1175 1009 1209 Irenaeo,
1021 1177 1137 1204 multum
1154 1177 1272 1205 Eusebio
1287 1178 1444 1204 tribuebant
1459 1183 1579 1212 veteres;
1595 1187 1685 1213 neque

897 1222 930 1249 de
945 1227 1078 1257 scriptore
1091 1223 1220 1258 quopiatn
1240 1231 1335 1250 eorum
1359 1224 1524 1251 testimoniis
1545 1232 1685 1252 continen-

896 1268 960 1295 dato
976 1277 1094 1304 unquatn
1110 1269 1282 1296 dubitabant.
1301 1269 1370 1297 Etsi
1387 1270 1411 1296 id
1424 1278 1520 1297 eorum
1534 1272 1685 1298 auctorita-

896 1318 949 1341 tem
968 1314 1090 1342 edecisse
1105 1315 1235 1348 nolimus,
1253 1320 1283 1342 ut
1303 1316 1337 1342 ab
1362 1316 1492 1344 omnibus
1516 1317 1684 1351 reciperetur

896 1362 954 1388 haec
968 1361 1101 1396 epistola;
1117 1361 1187 1388 idem
1200 1362 1348 1389 extorsisse
1365 1362 1502 1397 publicam
1516 1362 1544 1389 in
1560 1363 1683 1390 eaclesiis

895 1409 1025 1436 Asiaticis
1046 1408 1191 1435 lectionem
1216 1408 1323 1435 dilIiteri
1339 1417 1391 1435 non
1407 1416 1565 1443 possumus.
1585 1408 1683 1435 Hiero-

896 1462 994 1490 nymus
1012 1454 1084 1482 enim
1107 1454 1135 1480 in
1149 1454 1278 1489 Catalogo
1291 1455 1348 1481 haec
1362 1455 1396 1482 de
1416 1454 1567 1490 Polycarpo
1580 1455 1660 1482 habet
1675 1464 1681 1481 :

896 1499 1008 1535 Scripsit
1020 1500 1055 1526 ad
1070 1499 1250 1534 Philippenses
1264 1500 1340 1527 valde
1352 1500 1444 1527 utilem
1457 1501 1607 1535 epistolam,
1623 1509 1682 1535 qua:

896 1555 978 1581 usque
992 1547 1069 1573 hodie
1083 1547 1109 1573 in
1125 1546 1194 1574 Αδίω
1206 1551 1332 1573 conventu
1346 1546 1452 1581 legitur.
1467 1547 1509 1573 An
1526 1547 1582 1574 lleri
1595 1548 1682 1581 potuit

896 1599 926 1621 ιιι
938 1594 1051 1628 epistola
1067 1594 1219 1629 Polycarpi,
1236 1593 1283 1628 qui
1296 1593 1409 1620 Joannis
1428 1593 1541 1626 apostoli
1565 1594 1682 1629 discipu-

895 1640 947 1673 lus,
962 1645 987 1666 et
1005 1639 1038 1666 ab
1055 1648 1084 1666 eo
1100 1641 1238 1674 episcopus
1262 1639 1413 1672 ordinatus,
1429 1640 1510 1666 totius
1525 1639 1597 1666 Asia:
1609 1641 1683 1674 prin-

895 1695 954 1721 ceps
970 1687 1031 1720 fuit,
1044 1687 1071 1713 in
1087 1690 1161 1713 tanta
1175 1686 1235 1713 luce
1251 1685 1352 1720 posita,
1365 1686 1392 1712 in
1408 1689 1544 1713 conventu
1559 1685 1682 1720 ejusdem

895 1733 966 1760 Asia:
995 1733 1074 1766 lecta,
1098 1733 1132 1760 ab
1158 1733 1286 1760 onmibus
1310 1740 1364 1759 non
1389 1733 1580 1768 reciperetur?
1602 1733 1683 1760 Certe

895 1778 1076 1814 llierouymus
1091 1783 1117 1805 et
1133 1777 1323 1805 Theodoretus
1336 1777 1518 1813 l’olycarpum
1534 1784 1682 1806 numerant

895 1824 965 1851 inter
975 1824 1174 1851 vetustissimos
1184 1823 1410 1858 clarissimosque
1423 1823 1553 1852 Ecclesiae
1565 1825 1681 1860 scripto.

895 1877 948 1897 res.
971 1869 1043 1897 inter
1067 1874 1157 1896 autem
1179 1870 1240 1904 ejus
1254 1877 1338 1904 opera
1352 1870 1410 1897 haec
1419 1870 1535 1905 epistola
1549 1875 1679 1906 tanquam

894 1916 1032 1950 praecipua
1046 1923 1154 1950 semper
1171 1920 1313 1943 numerata
1328 1921 1379 1943 cst.

928 1962 1066 1989 Adversus
1089 1963 1160 1990 hanc
1172 1962 1296 1997 epistola:
1310 1962 1515 1998 Polycarpiana‘.
1531 1965 1680 1992 auctorita-

893 2014 959 2043 tem,
972 2009 1006 2036 ab
1020 2009 1147 2036 omnibus
1164 2014 1310 2044 receptam,
1335 2017 1350 2036 a
1368 2010 1476 2037 nemine
1496 2016 1577 2044 certe,
1593 2019 1680 2046 quan-

894 2062 951 2084 tum
969 2056 1107 2089 novimus,
1133 2057 1160 2082 in
1178 2055 1292 2082 dubium
1317 2060 1453 2088 vocatam,
1472 2062 1548 2092 urget
1565 2057 1606 2084 vir
1629 2057 1679 2084 do-

893 2104 1033 2131 ctissimus
1046 2103 1205 2138 scriptores,
1218 2107 1245 2130 et
1255 2102 1377 2137 quidctn,
1391 2107 1419 2130 ut
1430 2102 1479 2135 ait,
1489 2104 1678 2138 gravissimas,

892 2149 939 2184 qui
961 2157 1022 2176 eam
1046 2148 1228 2184 apocrypham
1253 2155 1315 2175 esse
1339 2148 1508 2182 judicabant.
1527 2148 1680 2183 Scriptores

894 2196 932 2222 illi
954 2195 1083 2222 dicuntur
1107 2193 1278 2228 Nicephorus
1292 2193 1449 2228 patriarcha
1476 2199 1502 2221 et
1516 2194 1679 2222 Anastasius

894 2241 1132 2271 Bibliothecarius.
1147 2247 1266 2274 quorum
1288 2245 1383 2267 neuter
1397 2245 1459 2267 ante
1475 2248 1576 2267 nonum
1593 2248 1679 2269 s:ccu—

893 2289 950 2315 lum
967 2287 1085 2323 scripsit.
1104 2286 1157 2314 Sed
1171 2288 1271 2322 primo,
1289 2296 1339 2316 nos
1359 2292 1423 2315 ante
1443 2287 1613 2316 ostendimus
1631 2287 1678 2315 Ni-

893 2336 1041 2370 cephorum
1064 2335 1141 2362 illum
1166 2335 1267 2363 frustra
1291 2340 1315 2363 et
1342 2335 1401 2362 sine
1421 2334 1477 2361 ullo
1500 2334 1677 2363 fundamento

893 2385 1022 2415 tanquam
1048 2385 1187 2408 auctorem
1215 2379 1410 2407 Sticltometrice
1426 2380 1548 2414 allegari,
1564 2384 1591 2407 et
1605 2380 1678 2407 Ana-

893 2426 1008 2454 stasium
1031 2426 1220 2453 tantummodo
1246 2427 1320 2453 illius
1335 2425 1531 2453 Stic/tometriw
1545 2425 1677 2460 interpre-

893 2477 946 2500 tem
963 2480 1032 2500 esse.
1051 2471 1186 2504 Secundo,
1202 2472 1226 2499 si
1250 2472 1443 2499 concederetur
1464 2471 1606 2506 epistolam
1621 2471 1676 2499 Po-

891 2519 994 2555 lycarpi
1010 2519 1044 2546 ad
1058 2518 1245 2554 Philippenses
1259 2520 1286 2546 in
1302 2526 1334 2546 ea
1350 2517 1538 2545 Stichametria
1563 2519 1675 2555 intelligi

891 2565 1000 2598 debere,
1018 2573 1052 2593 ne
1067 2565 1133 2592 illud
1157 2565 1265 2600 quidem
1284 2564 1474 2592 auctoritatem
1491 2564 1550 2599 ejus
1564 2566 1676 2592 omnino

891 2612 1040 2645 minuerit;
1057 2611 1248 2639 tantummodo
1263 2612 1335 2639 enim
1355 2613 1425 2639 inter
1439 2613 1593 2647 apocrypha
1607 2611 1675 2640 Novi

891 2657 1058 2685 Testamenti
1072 2664 1241 2690 numeratur,
1254 2657 1306 2684 hoc
1320 2661 1371 2688 est,
1385 2664 1400 2683 ι
1414 2664 1519 2684 canone
1534 2656 1584 2683 SS.
1602 2655 1677 2683 Scri—

889 2707 1032 2738 pturarum
1048 2708 1220 2736 removetur;
1237 2710 1298 2730 cum
1320 2707 1412 2730 autem
1428 2703 1454 2730 in
1466 2702 1596 2730 Ecclesiis
1608 2703 1677 2742 lege;

889 2755 974 2784 retur,
991 2758 1006 2777 a
1021 2750 1162 2778 canonicis
1175 2750 1253 2778 libris
1270 2750 1399 2777 distincta
1414 2754 1441 2777 ct
1457 2750 1528 2777 inter
1550 2749 1676 2777 ecclesia-

890 2797 973 2824 sticos
987 2801 1094 2824 tantum
1109 2801 1253 2824 numerata
1267 2801 1318 2824 est.
1327 2796 1430 2829 Tertio,
1445 2796 1587 2831 epistolam
1603 2796 1675 2823 hanc

889 2842 917 2870 in
933 2841 1121 2870 Sticltomctria
1135 2850 1223 2880 neque
1241 2842 1389 2877 nominari,
1406 2847 1453 2870 aut
1468 2842 1580 2878 intelligi
1593 2842 1673 2869 debe-
