1874 3070
216 173 267 201 iss
292 158 297 164 ’

757 170 785 198 5.
804 169 974 199 lGNA'l'llJS.
995 185 1028 190 —
1044 168 1310 198 PROLECOMENA.

1815 161 1869 193 156

214 242 253 266 re,
269 238 317 260 aut
332 233 388 260 ullo
402 233 484 260 modo
500 233 577 261 innui
589 233 726 266 concedo;
746 233 794 260 sed
810 238 839 259 ut
857 232 1000 267 Ἰγνατίου,
1016 240 1037 267 Α
1053 231 1170 266 phorum
1195 231 1240 258 hic
1260 230 1374 258 omnino
1399 237 1454 256 non
1477 228 1666 264 agnoscimus.
1692 219 1869 263 Epistolau

214 280 251 307 ita
266 285 293 307 et
306 280 484 315 Πολυκάρπου
501 280 604 307 nomini
621 280 819 314 subjiciendam
831 279 942 315 διδαχὴν
955 287 1002 306 ar-

214 327 320 359 bitror;
342 334 404 354 nam
419 327 544 362 quamvis
560 326 587 353 in
602 326 656 353 aiio
669 325 789 353 lndiculo
803 325 945 360 Polycarpi
957 324 1001 352 di-

214 373 332 401 dascalia
357 381 410 400 non
434 377 600 407 compareat,
623 376 653 399 ut
678 372 723 399 illa
751 372 860 408 lguatii,
886 372 1002 406 ideoque

213 420 299 455 gratis
323 420 384 447 ﬁcta
409 427 470 447 esse
490 419 632 452 videatur;
651 423 742 446 tamen
759 427 822 447 cum
837 419 1002 446 Διδασκαλία

213 465 257 491 διὰ
277 464 433 492 Ἱππολύτου
448 465 475 492 in
492 465 568 492 nullo
582 464 705 493 lndiculo
720 465 821 499 pariter
835 465 1001 497 inveniatur,

214 519 274 546 quae
288 516 377 538 tamen
399 510 425 538 iu
444 518 512 538 mss.
534 511 681 545 reperitur,
699 516 727 538 et
747 510 774 538 iu
789 510 1001 538 Constitutioni-

214 561 265 585 bus
278 566 347 593 quas
366 558 499 585 habemus
510 557 677 590 continetur,
691 557 736 585 vix
747 557 928 586 dubitandum
940 566 1002 586 esse

212 603 312 636 sentio,
330 602 396 638 quin
411 607 473 638 post
488 602 687 637 apostolorum,
704 602 854 630 Clementis
880 608 908 630 et
923 603 1002 638 lgna-

212 649 240 676 tii
254 648 435 680 διδασκαλίας,
450 648 532 675 etiam
544 648 595 675 alia
606 647 748 683 Polycarpi
765 648 881 683 intelligi
891 649 999 676 debeat.

213 693 275 721 Inde
292 694 337 721 illa
350 694 377 720 in
394 694 477 721 veteri
492 694 653 726 didascalia,
669 702 732 729 qua:
752 702 826 721 nunc
846 695 874 721 in
888 694 1002 722 Consti-

212 740 346 767 tutionum
362 739 410 766 lib.
430 747 470 772 ιιι,
483 747 544 774 cap.
561 742 588 772 6,
602 739 718 773 legimus
734 749 740 767 :
755 740 914 776 Γνωριζέτω
927 737 1000 776 οὗνή

210 785 291 821 χήρα,
307 785 348 812 ὅτι
362 785 552 821 θυσιαστήριόν
567 787 624 812 ἐστι
636 785 714 819 Θεοῦ,
729 785 804 814 Sciat
815 787 899 822 igitur
909 786 1000 819 vidua,

211 832 279 866 quod
300 832 385 859 altare
407 832 455 859 Dei
473 833 520 864 sit,
535 832 569 860 ad
589 833 639 860 ista
654 832 799 868 Polycarpi
814 833 902 860 edicta
920 842 926 860 :
945 833 1002 864 Τὰς

211 878 296 914 χήρας
311 878 501 914 σωφρονούσας
516 879 579 915 περὶ
599 879 649 915 τὴν
667 879 715 906 τοῦ
735 879 838 915 Κυρίου
853 879 999 906 πιπιν.....

1053 276 1195 313 Polycarpi
1209 277 1236 304 in
1251 276 1440 304 Stichometria
1454 283 1509 302 non
1526 275 1664 302 videmus.
1679 274 1710 301 Si
1723 281 1766 302 ea
1798 271 1869 300 sub

1053 323 1230 357 intelligatur,
1247 322 1319 349 inter
1334 322 1461 357 pessima:
1481 324 1556 355 nota:
1572 320 1734 356 apocrypha
1764 323 1869 345 tamet

1052 368 1177 396 eamdem
1196 375 1341 395 numerare
1363 371 1520 402 portentum
1537 372 1678 402 putamus.
1703 365 1734 393 ln
1770 365 1869 392 interi

1051 419 1128 449 prete
1147 413 1339 441 Stichontetrite
1358 414 1492 448 judicium
1511 413 1702 447 requirimus:
1723 419 1810 440 eam
1840 410 1869 436 in

1052 467 1200 494 exponere,
1220 464 1250 486 ut
1271 465 1366 487 contra
1389 465 1508 487 mentem
1531 458 1657 486 omnium
1676 458 1869 486 saeculormt

1052 506 1194 541 loquatur,
1211 507 1415 541 iniquissimum
1435 515 1498 535 esse
1511 507 1650 539 dicimus;
1668 509 1697 532 et
1719 503 1869 533 clarissi:

1053 560 1127 579 mam
1144 552 1383 588 certissimamque
1398 553 1575 586 sententiam,
1591 560 1646 580 non
1663 548 1869 579 llammoudi1

1052 598 1100 625 sed
1117 597 1246 625 Ecdesiaa
1266 597 1387 631 Asiante,
1402 599 1582 633 omniumque
1603 604 1676 633 quos
1693 595 1825 632 aliquid
1843 595 1869 621 Jt

1052 644 1165 678 epistola
1180 644 1284 671 dixisse
1312 644 1441 671 novimus
1459 644 1696 676 Christianorum,
1718 641 1869 670 incertis;

1052 689 1129 717 sima:
1141 689 1195 716 (icti
1207 688 1354 724 Nicephori
1368 690 1534 725 expositioni
1550 689 1766 724 anteponimus.

1088 735 1179 763 Prima
1197 735 1255 763 hac
1268 736 1390 764 velitatio
1407 745 1414 762 :
1437 736 1486 764 sed
1499 736 1634 769 secundo,
1656 735 1701 763 vir
1714 733 1869 763 doctissit

1054 789 1116 809 mus
1134 790 1197 809 cum
1217 785 1300 809 totam
1320 782 1465 817 epistolam
1485 783 1599 817 rejieere
1620 789 1652 810 se
1682 789 1774 816 posse
1808 788 1869 807 nor

1053 832 1186 862 speraret,
1208 827 1235 854 in
1256 828 1326 855 duas
1343 833 1434 863 parta
1456 836 1518 855 eam
1540 828 1645 861 divisit,
1669 836 1747 855 novo
1773 827 1869 862 plant

1054 882 1123 901 ausu
1159 878 1186 901 et
1218 875 1352 902 hactenus
1377 875 1526 908 inaudito;
1552 875 1697 910 superiora
1723 874 1869 910 epistola

213 924 395 958 γινωσκούσας
409 925 449 952 ὅτι
458 925 511 951 εἰσὶ
521 925 711 962 θυσιαστήριον
722 925 801 953 Θεοῦ.
819 925 904 953 Vetus
917 926 996 953 inter-

1069 921 1166 954 mittit,
1177 925 1205 948 ct
1223 922 1246 948 si
1262 922 1326 956 quis
1343 929 1376 949 ea
1393 923 1422 950 5.
1440 921 1592 957 Polycarpo
1610 922 1757 949 ascribere
1777 921 1869 954 velit,

210 978 273 1005 pres
290 980 297 998 :
318 970 411 998 Vidua
435 979 493 998 vero
514 972 618 1006 pudica:
641 973 712 999 circa
734 972 813 1007 ﬁdem
837 971 921 1000 Dei...
934 972 1000 1007 quia

210 1024 271 1046 sunt
291 1020 441 1046 sacrarium
457 1019 514 1046 Dei.
532 1019 650 1054 Haecque
664 1021 764 1055 sapius
781 1025 878 1048 auctor
889 1020 1000 1048 Consti-

211 1065 347 1092 tutionum
364 1065 494 1093 inculcat.
511 1065 626 1098 Quarto,
646 1074 736 1101 neque
749 1066 931 1102 Nieepborus,
953 1075 1001 1094 ne-

209 1118 263 1145 que
285 1110 459 1143 Anastasius,
475 1119 563 1145 neque
581 1110 777 1139 Sticltomelrire
792 1117 898 1145 auctor,
913 1120 1001 1148 neque

209 1156 355 1191 quisquam
375 1157 440 1183 noni
458 1157 551 1184 saeculi
567 1158 684 1192 scriptor
702 1162 818 1193 recepta:
839 1159 924 1194 hujus
943 1159 1001 1194 epi-

209 1202 285 1229 stolze
301 1203 458 1229 auctoritati
474 1202 581 1230 edicere
594 1204 733 1238 putandus
742 1209 795 1237 est,
809 1212 871 1239 quae
886 1209 914 1233 et
927 1206 1001 1240 prio-

210 1249 298 1280 ribus,
312 1253 339 1276 et
351 1250 445 1276 eodem
461 1257 518 1277 evo
533 1255 559 1277 et
573 1251 752 1285 sequentibus
768 1251 864 1285 viguit,
882 1255 910 1279 et
924 1259 938 1279 a
954 1260 1001 1280 ne

210 1295 284 1322 mine
297 1295 397 1328 reiecta
409 1295 708 1329 doprebenditur.Ante
721 1296 904 1331 Nicephorum
915 1297 1001 1325 Maxi-

209 1349 273 1368 mus
287 1341 392 1368 abbas:
411 1341 487 1376 Ἔχει
509 1341 539 1367 δὲ
560 1342 607 1369 καὶ
625 1342 768 1374 ἐπιστολὰς
789 1343 804 1369 ὁ
825 1343 906 1374 aia-rh;
930 1344 1001 1376 θεῖος

209 1386 387 1422 [Ιολύκαρπος
402 1386 470 1422 πρὸς
483 1387 687 1423 Φιλιππησιους.
701 1387 868 1416 Venerabilis
884 1388 956 1416 Bella
972 1390 1000 1417 in

210 1432 401 1468 Martyrologio
415 1434 448 1460 axl
463 1442 502 1461 vn
518 1433 577 1462 Kal.
593 1434 707 1462 Januar.
726 1434 880 1470 Niecpboro
899 1443 1001 1471 suppar

209 1477 345 1506 Photias:
367 1480 534 1514 Ἀνεγνώσθη
563 1480 743 1516 Πολυκὰρπου
773 1483 902 1518 ἐπιστολὴ
931 1483 1001 1517 πρὸς

208 1524 403 1561 Φιλιππησίους
418 1527 541 1562 γέμουσα
559 1527 661 1563 πολλῆς
674 1528 815 1560 νουθεσίας
831 1529 899 1564 μετὰ
915 1537 1002 1564 σαφη-

207 1570 281 1602 νείας
307 1572 353 1598 καὶ
373 1572 533 1608 ἁπλότητος,
549 1573 621 1599 κατὰ
640 1573 686 1599 τὸν
709 1574 932 1609 ἐκκλησιαστικὸν
951 1575 1001 1610 τῆς
1015 1585 1037 1616 c

210 1617 358 1653 ἑρμηνείας
376 1618 470 1644 τύπον.
484 1617 632 1653 Legebatur
644 1623 669 1645 et
682 1618 827 1654 Polycarpi
841 1620 955 1654 epistola
968 1621 1003 1648 ad

208 1663 390 1698 Pliilippenses
406 1664 498 1692 multis
515 1665 613 1699 referta
625 1665 851 1693 admonitionibus
869 1675 931 1694 cum
943 1676 1002 1702 per-

207 1710 350 1742 spicuitate
367 1717 398 1735 ac
409 1710 592 1744 simplicitate,
608 1709 642 1736 ad
655 1710 861 1738 ecclesiasticam
878 1712 1002 1747 loquendi

209 1756 334 1790 formam.
349 1754 399 1782 Ubi
413 1755 502 1783 obiter
515 1756 731 1788 observandum,
743 1764 776 1784 eo
790 1757 850 1791 ipso
863 1765 937 1786 nono
947 1767 1001 1788 ttae—

208 1802 272 1829 culo
294 1801 365 1829 banc
392 1801 534 1837 Polycarpi
549 1802 694 1837 epistolam
708 1810 770 1830 eum
792 1803 837 1831 illa
852 1803 1001 1834 Clementis

206 1848 242 1874 ad
254 1847 413 1874 Corinthios
426 1847 510 1875 fuisse
521 1848 700 1883 conjunctam
710 1849 759 1884 (ita
771 1857 867 1885 nempe
874 1850 998 1884 Pbotius,

207 1894 238 1920 ὲν
248 1893 287 1928 τῷ
296 1893 368 1929 αὐτῷ
378 1893 406 1920 δὲ
418 1893 575 1930 βιϐλιδαριῳ
587 1894 755 1931 ἀνεγνώσθη,
768 1895 796 1922 in
805 1896 897 1923 eadem
910 1897 999 1925 libella

207 1938 374 1974 legebatur);
390 1939 486 1967 iisdem
502 1940 630 1967 laudibus
655 1948 670 1967 a
696 1940 796 1968 Photio
813 1941 900 1970 fuisse
914 1950 998 1971 orna-

207 1989 282 2018 tam;
299 1983 422 2011 eamdem
440 1986 513 2012 enim
531 1984 765 2020 perspicuitatem,
782 1986 986 2020 simplicitatem

207 2034 237 2057 et
249 2029 465 2057 ecclesiasticum
481 2030 670 2058 characterem
688 2031 798 2066 utrique
818 2031 932 2065 tribuit;
947 2033 997 2061 ob-

207 2075 340 2110 iectiones
368 2075 475 2110 aliquas
499 2075 634 2103 adversus
662 2076 736 2104 illam
765 2076 914 2105 Clementis
933 2083 998 2107 tunc

208 2120 295 2148 luisse
310 2120 408 2151 factas.
421 2121 552 2149 adversus
573 2122 644 2148 hanc
666 2121 807 2158 Polycarpi
832 2123 932 2151 nullas.
945 2123 998 2152 Eo-

206 2167 270 2194 dem
286 2174 344 2193 :cvo
359 2166 513 2200 Usuardus,
527 2171 554 2194 et
569 2167 629 2194 Atlo
646 2167 808 2196 Viennensis
822 2168 850 2196 in
864 2168 997 2205 Martyro-

208 2212 281 2247 logio
295 2221 328 2239 xv
352 2211 411 2238 Kal.
427 2211 540 2240 Januar.
554 2223 562 2240 :
576 2212 683 2240 Natalis
698 2214 834 2241 beatorum
849 2221 997 2250 martyrum

1052 974 1107 993 non
1124 967 1267 1001 renititur;
1283 968 1340 994 imo
1361 967 1565 1002 posterioribus
1584 967 1711 1002 exceptis
1727 966 1813 993 nihil
1840 967 1869 993 in

1050 1013 1163 1047 epistola
1177 1021 1314 1040 occurrere
1331 1013 1467 1046 concedit,
1481 1013 1552 1048 quod
1572 1015 1612 1040 uel
1626 1022 1797 1049 quemquam
1820 1013 1869 1047 of‘

1051 1058 1173 1093 fendere,
1198 1059 1237 1086 vel
1262 1059 1415 1095 Polycarpo
1441 1059 1579 1094 indignum
1601 1060 1706 1087 censeri
1731 1059 1869 1090 debeat;

1052 1110 1218 1140 postremam
1230 1106 1392 1141 particulam
1403 1106 1541 1141 suggillat,
1553 1106 1580 1133 in
1592 1114 1647 1141 qua
1655 1106 1869 1134 testimonium

1051 1152 1085 1179 ab
1101 1151 1220 1180 Eusebio
1241 1153 1405 1187 productum
1422 1157 1524 1181 exstat.
1539 1151 1618 1180 llanc
1634 1153 1721 1188 igitur
1733 1153 1802 1179 vult.
1824 1158 1869 1179 le-

1051 1206 1120 1225 ntare
1135 1203 1160 1225 et
1170 1204 1267 1234 prater
1283 1200 1403 1226 auctoris
1422 1204 1544 1233 utentem,
1559 1200 1650 1226 aliena
1663 1208 1750 1226 manu
1766 1199 1869 1234 fuisse

1051 1251 1180 1273 astutam.
1195 1246 1230 1273 At
1241 1245 1353 1274 Eusebii
1368 1250 1450 1274 aetate
1462 1246 1508 1273 illa
1525 1246 1608 1273 etiam
1625 1251 1773 1281 postrema
1787 1253 1869 1281 par-

1052 1291 1134 1319 ticula
1150 1292 1302 1320 certissime
1313 1293 1456 1325 exstabat;
1470 1300 1504 1320 ex
1518 1292 1634 1327 epistola
1647 1292 1802 1328 Polycarpi
1824 1293 1869 1319 ab

1051 1337 1170 1366 Eusebio
1184 1339 1322 1373 exscripta
1339 1338 1400 1366 fuit.
1422 1338 1560 1366 Eusebius
1576 1346 1628 1366 nec
1643 1338 1704 1366 falli
1721 1346 1776 1366 nec
1803 1339 1865 1365 fal-

1051 1384 1107 1412 lere
1121 1385 1210 1420 potuit
1225 1389 1304 1412 :erat
1322 1385 1394 1412 enim
1412 1390 1468 1412 tota
1480 1384 1596 1420 epistola
1613 1384 1749 1412 omnibus
1761 1392 1864 1419 expoo

1051 1431 1119 1464 sita;
1136 1436 1194 1458 erat
1209 1431 1237 1458 in
1255 1431 1386 1459 Ecclesiis
1397 1432 1538 1463 Asiaticis,
1550 1436 1617 1460 tunc
1629 1432 1770 1466 temporis
1786 1439 1860 1458 cum

1051 1477 1185 1505 scriberet
1198 1476 1346 1511 Eusebius,
1365 1478 1473 1513 publice
1487 1479 1576 1509 lecta:
1596 1478 1677 1505 novit
1695 1485 1760 1505 eam
1787 1477 1861 1504 Ilie-

1052 1532 1195 1561 ronymus,
1209 1525 1290 1560 cujus
1310 1525 1443 1557 versioni,
1462 1525 1515 1553 nisi
1535 1525 1598 1553 aliis
1613 1529 1787 1560 occupatus,
1809 1525 1859 1551 in-

1053 1569 1204 1602 cubuisset,
1214 1573 1242 1596 et
1252 1573 1343 1597 tamen
1358 1569 1512 1597 Eusebiana
1524 1577 1668 1605 nunquam
1684 1570 1836 1597 accusavit
1849 1578 1857 1595 :

1053 1614 1087 1642 de
1107 1614 1150 1642 illa
1169 1614 1250 1650 igitur
1265 1616 1407 1650 particula,
1426 1624 1510 1651 quam
1536 1617 1676 1652 excerpsit
1695 1615 1855 1648 Eusebius,

1052 1660 1171 1688 dubitari
1185 1668 1241 1688 non
1258 1666 1359 1696 potest,
1375 1661 1427 1689 nisi
1445 1662 1529 1690 etiam
1543 1663 1577 1689 de
1594 1667 1650 1690 tota
1667 1663 1792 1698 epistola
1811 1671 1855 1690 ειν

1051 1706 1119 1739 mul,
1136 1706 1240 1742 absque
1254 1707 1309 1734 ulla
1325 1708 1440 1740 ratione,
1452 1708 1621 1736 dubitemus.

1087 1750 1140 1779 Sed
1151 1760 1184 1779 ex
1199 1753 1259 1788 ipsa
1279 1753 1405 1787 epistola,
1420 1761 1504 1787 quam
1527 1761 1584 1788 pra
1604 1754 1742 1781 manibus
1764 1754 1854 1782 hate

1051 1805 1122 1831 mus,
1136 1798 1267 1833 disputat,
1281 1803 1308 1826 et
1320 1799 1410 1834 primo
1430 1799 1457 1826 in
1470 1807 1513 1830 ea,
1528 1800 1629 1835 inquit,
1644 1809 1709 1835 quae
1727 1801 1853 1828 testimo-

1049 1844 1122 1870 nium
1135 1849 1258 1872 nostrqu
1273 1845 1435 1879 prwcedunt,
1449 1850 1478 1872 ut
1494 1846 1522 1873 in
1538 1846 1758 1874 decentissimum
1770 1847 1852 1874 clau—

1049 1890 1136 1916 sulam
1149 1911 1156 1922 ,
1176 1890 1310 1918 desinebat
1332 1892 1444 1925 epistola
1465 1899 1475 1918 :
1498 1893 1602 1927 reliqua
1626 1898 1721 1920 autem
1739 1894 1854 1920 minime

1049 1936 1191 1968 rohwrmt,
1205 1941 1282 1972 atque
1297 1937 1355 1964 ideo
1365 1938 1537 1972 expungenda
1554 1943 1628 1965 sunt.
1649 1938 1853 1967 Verumeuim-

1050 1988 1115 2008 vero
1130 1981 1201 2009 unde
1220 1982 1258 2009 illi
1272 1988 1367 2010 notum
1382 1987 1425 2010 est
1442 1982 1586 2019 Polycarpi
1601 1985 1755 2019 epistolam
1772 1986 1801 2013 in
1818 1994 1851 2013 ea

1048 2026 1131 2054 verba
1144 2027 1282 2056 desiisse?
1297 2037 1332 2056 an
1351 2038 1412 2057 eam
1429 2039 1551 2066 unquam
1575 2033 1686 2060 audivit
1708 2034 1738 2061 in
1761 2035 1853 2062 totius

1049 2070 1121 2098 Asiae
1136 2077 1271 2100 conventu
1289 2074 1407 2102 lectam?
1422 2083 1456 2102 an
1475 2084 1596 2111 unquam
1611 2077 1682 2105 vidit
1698 2078 1852 2114 Polycarpi

1048 2117 1190 2151 epistolam
1208 2119 1250 2146 vel
1274 2119 1368 2148 Graece
1385 2121 1425 2148 vel
1444 2121 1552 2156 Latine,
1576 2123 1620 2150 vel
1643 2132 1713 2159 ms.,
1729 2126 1774 2152 vel
1800 2126 1853 2152 irn-

1048 2169 1182 2197 pressam,
1199 2171 1260 2198 qua:
1272 2165 1299 2192 in
1315 2173 1347 2192 ea
1363 2167 1445 2194 verba
1460 2168 1623 2196 desineret?
1639 2170 1761 2198 minime
1782 2179 1853 2207 gen-

1049 2207 1128 2235 tium.
1141 2208 1211 2241 Quid
1233 2210 1335 2245 igitur?
1353 2211 1464 2240 iudicio
1492 2213 1518 2241 J.
1542 2213 1635 2242 Dallaai
1656 2223 1691 2244 ea
1719 2216 1851 2245 clausula

207 2257 267 2292 Ruﬁ
286 2262 310 2284 et
325 2256 440 2289 Zosimi,
461 2257 493 2284 de
515 2266 627 2293 quorum
640 2267 723 2293 agone
735 2260 807 2293 felici
825 2260 856 2287 S.
870 2259 996 2296 Polycar-

1069 2259 1107 2280 rat
1127 2254 1335 2290 decentissima;
1361 2266 1448 2293 quare
1470 2267 1526 2287 non
1549 2261 1648 2289 debuit
1672 2262 1852 2299 Polycarpus

205 2312 255 2334 vus
270 2304 382 2338 epistola
406 2303 441 2329 ad
457 2302 639 2338 Philippemes
663 2305 766 2331 scribit.
782 2305 848 2334 Post
868 2306 919 2334 hos
945 2306 997 2342 Sy<

206 2356 287 2375 meon
303 2347 512 2382 Metapbrastes,
530 2349 661 2376 Actorum
676 2349 704 2376 S.
722 2349 817 2385 lgnatii
831 2359 995 2387 anonymus.

204 2393 404 2425 Suidas,verbo
415 2393 763 2429 Πολύκαρπος·¹Εγραψεν
776 2396 919 2431 ἐπιστολὴν
929 2397 997 2432 πρὸς

206 2438 407 2474 Φιλιππηαίους
424 2438 493 2464 πάνυ
519 2438 688 2474 Θαυμαστήν.
714 2438 826 2474 Scripsit
857 2442 995 2475 epistolam

204 2483 243 2510 ad
251 2482 433 2518 Philippense:
444 2492 553 2518 prorsus
561 2484 759 2512 admirandam.
769 2484 873 2518 Quibus
879 2487 996 2515 addendi

205 2528 341 2562 Georgius
357 2528 564 2563 Pachymerius,
578 2527 715 2556 Honorius
729 2529 995 2565 Augustodunensis,

205 2578 235 2600 et
248 2572 419 2608 Nicephorus
431 2573 571 2607 Callistus,
584 2574 629 2609 qui
652 2579 714 2609 post
728 2573 911 2609 Nicephorum
925 2575 997 2603 Con-

207 2616 480 2651 stantinopolitanum
508 2618 579 2645 idem
605 2618 640 2646 de
665 2619 694 2646 S.
713 2618 856 2655 Polycarpi
881 2621 995 2656 epistola

204 2669 270 2688 cum
286 2661 331 2694 iis,
345 2662 392 2696 qui
409 2667 472 2690 ante
488 2664 589 2697 vixere,
609 2664 792 2700 protulerunt.

245 2706 345 2734 Verum
359 2708 400 2734 hic
417 2708 562 2743 Niceplzori
575 2711 734 2743 patriarchae
752 2712 877 2746 primarii
894 2713 927 2740 de
943 2714 996 2741 hac

207 2754 321 2788 epistola
344 2754 478 2789 judicium
505 2755 666 2783 llammondi
686 2758 822 2785 sententia:
849 2759 994 2793 prteferre,

207 2799 292 2831 nulla,
311 2800 409 2836 inquit,
429 2801 528 2829 inuidia
539 2807 588 2830 est.
602 2803 636 2830 At
650 2810 704 2830 non
719 2803 763 2831 bic
776 2803 809 2831 de
821 2804 934 2837 invidia,
947 2805 994 2832 sed

207 2846 240 2873 de
255 2852 361 2881 recepta
375 2846 406 2873 S.
421 2847 562 2883 Polycarpt
575 2851 738 2876 auctoritate
751 2850 895 2885 quaeritur.
909 2850 996 2877 llam-

205 2891 338 2920 tuondum
353 2900 416 2921 cum
428 2892 582 2929 Niceplioro
602 2902 656 2922 non
672 2902 863 2930 comparamus
881 2904 888 2922 :
910 2894 993 2923 Nice-

1048 2299 1127 2345 plura
1143 2301 1241 2329 addere
1253 2310 1260 2328 :
1276 2303 1358 2337 igitur
1372 2304 1400 2331 in
1414 2313 1446 2332 ea
1459 2307 1542 2334 verba
1556 2307 1706 2336 desinebat
1716 2310 1850 2345 epistola.

1048 2343 1142 2380 Neque
1152 2347 1224 2373 enim
1239 2348 1390 2382 putandum
1405 2355 1449 2378 est
1469 2350 1653 2388 Polycarpum
1672 2343 1758 2389 plura
1776 2356 1850 2383 scri-

1049 2390 1112 2418 bere
1123 2391 1253 2425 voluisse,
1267 2401 1350 2428 quam
1372 2396 1542 2429 permitteret
1563 2397 1705 2428 Dallaaus!
1724 2400 1810 2430 Certe
1825 2403 1848 2429 si

1048 2436 1101 2463 hac
1119 2437 1178 2473 lege
1204 2439 1231 2466 in
1260 2440 1384 2474 epistolis
1403 2444 1542 2472 veteribus
1564 2446 1605 2472 uti
1629 2446 1733 2481 liceat,
1750 2455 1849 2477 omnes

1048 2489 1117 2516 pene
1129 2484 1269 2518 clausulae,
1282 2495 1343 2521 qua:
1362 2496 1435 2516 nunc
1447 2495 1569 2524 exstant,
1591 2498 1678 2520 erunt
1702 2495 1788 2524 nobis
1800 2504 1848 2523 ex-

1048 2531 1207 2563 pungendaa.
1229 2531 1325 2560 Nonne
1345 2542 1444 2562 versus
1469 2536 1584 2565 ultimus
1608 2540 1718 2574 capitis
1746 2542 1847 2569 decimi

1048 2574 1135 2608 quinti
1152 2575 1281 2611 Epistolis:
1296 2579 1330 2606 ad
1345 2579 1486 2609 Romanos
1499 2582 1587 2610 :Deus
1603 2590 1700 2612 autem
1714 2590 1792 2621 pacis
1813 2589 1847 2615 sit

1046 2627 1107 2646 cum
1130 2623 1249 2651 omnibus
1272 2625 1354 2658 vobis,
1373 2626 1466 2660 Amen,
1489 2628 1693 2659 decentissima
1721 2634 1846 2662 clausula

1047 2670 1099 2698 est,
1114 2672 1200 2696 totum
1219 2669 1300 2704 igitur
1311 2676 1393 2706 caput
1412 2673 1551 2701 decimum
1570 2680 1686 2704 sextum
1709 2680 1767 2707 erit
1785 2688 1844 2708 cra"

1047 2710 1176 2761 dandum.
1199 2713 1294 2742 Nonne
1317 2723 1413 2744 versus
1432 2717 1546 2747 ultimus
1567 2722 1644 2748 tertii
1665 2725 1775 2759 capitis
1787 2725 1841 2761 Epi-

1047 2757 1125 2784 stola:
1145 2759 1178 2785 ad
1200 2758 1333 2794 Ephesios
1349 2769 1357 2788 :
1375 2761 1433 2796 Ipsi
1453 2764 1541 2798 gloria
1563 2767 1592 2793 in
1610 2757 1756 2803 Ecclesia,
1774 2777 1798 2799 et
1808 2757 1840 2798 ἰιι

1047 2803 1154 2831 Christo
1169 2804 1245 2838 Jesu,
1264 2807 1291 2833 in
1308 2816 1395 2836 unum
1410 2812 1593 2844 generationes
1613 2818 1718 2844 seculi
1733 2821 1828 2846 steth

1048 2857 1119 2900 ram,
1135 2851 1227 2885 Amen,
1248 2853 1442 2883 decentissima
1466 2858 1592 2887 clausula
1607 2863 1675 2889 est?
1699 2865 1745 2893 An
1766 2867 1839 2902 igitur

1049 2895 1099 2922 tria
1115 2897 1219 2932 reliqua
1236 2899 1323 2934 capita
1337 2908 1387 2936 pro
1407 2904 1510 2932 assulis
1525 2910 1592 2934 sunt
1611 2907 1751 2939 habenda
1763 2895 1844 2941 ?uCle»
