1874 3070
33 178 65 204 lS‘l
370 176 395 204 Ι.
416 174 597 204 PEARSONII
618 175 778 203 Vl‘NDICI/E

873 174 1009 202 [ΠΑΝΑΞ.
1031 190 1064 194 -—
1082 175 1171 202 PARS
1188 175 1209 202 Ι.

1576 176 1626 203 158

29 244 86 263 usus
97 235 242 268 Romanus,
260 236 381 271 epistola:
395 237 428 263 ad
443 236 600 264 Corinthios
621 237 720 271 pagina
738 237 785 270 ‘29,
801 246 822 274 Α
836 237 929 272 piatis.
944 236 1084 264 Continuit
1094 237 1164 263 enim
1177 237 1210 263 de
1221 237 1274 272 ﬁds
1289 242 1314 263 rt
1326 237 1457 271 patientia
1469 237 1612 264 instructio

30 282 66 308 Per
84 281 168 309 Iesum
188 281 339 314 Christum,
364 283 462 317 inquit,
485 283 528 309 cui
547 282 632 318 gloria
655 284 741 309 omnis
763 288 789 309 et

29 328 198 363 magniﬁcentia
216 329 247 355 in
267 330 367 356 sucula
388 329 555 356 seculorum.
578 330 672 356 Amen.
693 328 790 357 Nonne

29 376 70 401 hac
81 375 268 403 decentissima
286 375 409 402 clausula
427 375 490 403 est?
507 375 593 411 Igitur
607 375 788 411 quadraginta

32 426 108 454 eptern
130 422 236 457 pagina:
265 426 330 450 sunt
350 427 462 450 assutae.
484 421 614 449 Eamdem
636 422 788 450 clausulam

27 466 135 494 lahemus
150 475 212 503 pag.
231 468 282 502 Μ,
300 468 344 501 50,
365 468 411 501 57,
428 469 472 500 59,
486 468 533 501 66,
551 468 603 501 75;
619 476 689 504 opus
706 468 789 504 igitur

26 514 66 539 (rit
77 513 214 542 Marcionis
226 515 375 548 machara,
395 519 426 542 ut
448 515 504 542 haec
521 519 550 542 et
563 515 664 542 similia
684 515 788 542 rescin-

27 565 115 588 usutur.
137 559 173 588 Ea
190 561 315 596 quidem,
339 569 402 596 qua:
422 565 576 596 sequuntur
598 561 786 589 testimonium

27 613 137 639 nostrum,
153 607 261 635 admitti
282 615 364 643 posse
385 609 433 641 ait,
456 609 518 636 licet
533 608 726 636 decentissima
742 609 787 638 illa

27 653 124 680 clausula
137 655 318 688 praecesserit.
331 654 364 682 At
375 655 398 682 si
407 659 470 690 post
481 655 700 683 decentissimam
713 656 789 684 clau-

26 700 94 726 sulam
109 700 205 734 aliquid
219 700 331 728 admitti
345 701 443 736 possit,
454 708 505 728 cur
514 708 568 728 non
583 701 650 729 illud
662 702 696 730 de
709 701 788 737 lgna-

27 746 111 773 t'totAn
126 747 169 774 illa
184 747 308 776 absurde
322 747 428 775 inserta
442 753 524 784 atque
542 748 640 777 iniulta
656 749 710 776 dici
725 757 788 785 pos-

27 799 82 826 sunt,
96 802 151 829 quae
164 798 225 829 post
249 802 347 822 omnes
370 795 506 822 salutares
529 795 731 823 admonitiones
753 795 787 823 ad

27 839 98 873 ﬁdem,
124 841 281 876 patientiam
314 846 342 869 et
368 841 578 869 auliticationem
603 843 786 878 pertinentes,

27 886 139 919 inrisum
151 887 183 914 ad
196 887 249 915 ista
263 887 440 922 respondent,
453 895 514 923 quae
526 888 578 923 ipsi
589 888 623 916 ad
633 896 705 924 quos
717 889 787 916 scri-

841 290 898 308 ncm
913 282 1056 317 perfectam
1072 282 1214 308 secundum
1234 282 1342 309 Domini
1357 289 1525 318 preceptam.
1544 283 1626 310 Eusc-

840 327 914 355 bium
940 335 974 355 ex
999 327 1115 362 epistola
1139 327 1298 364 Polycarpi,
1325 336 1386 363 qua:
1415 334 1480 356 tunc
1502 329 1626 356 omnium

839 375 969 402 manibus
985 375 1141 407 tenebatur,
1163 376 1220 403 haec
1238 376 1298 411 ipsa
1317 376 1400 404 verba
1421 377 1628 412 transcripsisse

838 421 995 453 credimus;
1018 425 1076 448 tum
1092 421 1166 456 quod
1192 422 1251 457 ipse
1273 423 1324 450 hoc
1344 427 1461 454 asserat,
1478 427 1535 450 tum
1553 423 1626 457 quod

839 467 867 494 in
881 468 964 495 veteri
977 468 1088 502 vulgata
1101 467 1230 496 versione
1240 468 1364 503 epistolas
1375 469 1404 496 S.
1415 468 1558 504 Polycarpi
1569 469 1627 496 hinc

837 513 989 542 etiamnum
1016 513 1139 549 legamus
1163 522 1170 540 :
1194 513 1330 549 Epistolas
1357 523 1420 542 sane
1446 514 1547 550 lgnatii
1567 523 1628 550 qua:

839 561 1003 587 transmissa
1012 565 1073 587 sunt
1082 561 1154 588 vobis
1161 562 1223 596 (pro
1234 561 1319 596 nobis)
1335 561 1367 588 ab
1374 570 1414 593 eo,
1423 566 1447 588 et
1455 562 1627 597 alias,qunu-

838 611 983 641 tuamque
998 606 1069 641 apud
1090 614 1138 634 nos
1152 607 1304 640 habuimus,
1328 607 1525 635 transmisimus
1541 607 1626 640 vobis,

837 653 983 681 secundum
996 653 1066 688 quod
1087 653 1246 686 mandastis,
1263 662 1322 688 quin
1338 659 1399 681 sunt
1421 653 1544 688 subjectte
1566 654 1627 680 Imic

837 699 957 735 epistola
977 707 988 727 :
1003 706 1036 727 ea:
1055 699 1150 735 quibus
1176 708 1288 735 magnus
1309 700 1380 727 vobis
1405 701 1456 727 erit
1480 700 1624 735 profectas.

838 745 980 773 Continuit
994 746 1065 773 enim
1084 745 1174 779 ﬁdem,
1194 746 1363 781 patientiam,
1380 750 1406 773 et
1421 754 1521 773 omnem
1539 746 1627 780 ediﬁ-

837 791 967 818 catt'onem
991 791 1027 818 ad
1049 791 1193 818 Dominum
1212 797 1333 819 nostrum
1355 793 1545 828 pertinentem;
1567 797 1625 819 tum

837 837 958 873 denique
971 838 1044 873 quod
1067 837 1192 871 Pbotius,
1209 838 1256 874 qui
1283 838 1355 866 banc
1372 839 1458 874 ipsam
1481 838 1624 873 epistolam

837 882 912 919 legit,
923 888 951 911 et
963 887 1106 919 tantopere
1120 884 1252 916 laudavit.
1263 884 1335 912 idem
1347 892 1402 912 non
1416 885 1534 912 obscure
1545 889 1626 911 teste-

29 931 65 962 bit.
76 931 160 960 litteris
171 932 229 960 suis
240 933 470 967 postulaverant?
481 933 669 969 Pbilippenses
685 933 719 961 ad
734 933 786 961 Po-

873 938 892 963 r,
909 937 972 958 cum
992 930 1031 958 ait
1048 939 1054 957 :
1079 930 1159 965 Λέγει
1176 930 1205 957 δὲ
1227 930 1274 958 καὶ
1294 930 1345 963 τὰς
1367 931 1512 963 Iniquom;
1533 931 1625 963 αὐτοῖς

29 977 139 1012 lyearpuat
152 979 321 1014 scripmrant
335 979 371 1007 de
387 979 529 1007 mittendis
546 980 644 1007 litteris
659 979 717 1008 suis
730 980 786 1008 An-

29 1023 141 1057 liocbiatn,
149 1029 176 1052 et
184 1029 336 1052 oraverant
355 1025 438 1052 etiam
456 1030 486 1053 ut
495 1026 626 1060 epistolas
637 1025 666 1054 S.
679 1027 785 1062 lgnatii,

29 1078 79 1103 quas
91 1071 153 1105 apud
166 1078 194 1098 se
207 1071 333 1105 haberet,
350 1072 385 1099 ad
400 1071 476 1107 ipsos
491 1071 599 1099 mittere
614 1072 784 1108 dignaretur.

30 1114 100 1143 Nonne
110 1117 139 1143 ad
152 1117 231 1144 tinem
245 1117 373 1152 epistolae
385 1118 569 1152 responsorize
583 1123 787 1154 peropportune

31 1162 293 1199 lacenthlyearpus,
309 1163 333 1191 si
354 1163 400 1190 illa
424 1169 577 1199 reponeret,
598 1172 660 1200 qua:
676 1164 728 1200 ipsi
751 1165 788 1193 ab

30 1216 54 1235 eo
63 1209 247 1245 ellagitabant?
257 1209 330 1238 Cum
346 1210 476 1246 epistolas
489 1210 585 1245 lgnatii
600 1219 658 1238 sua:
671 1211 787 1246 subjun-

33 1255 103 1285 iiaet.
115 1255 189 1282 ande
203 1255 260 1283 illis
275 1255 344 1282 alibi
361 1255 452 1290 potius
469 1256 620 1291 quidquam
641 1257 784 1289 scriberet,

31 1308 90 1333 quam
102 1301 131 1328 ad
151 1302 229 1329 linem
244 1302 372 1337 epistola!
387 1309 455 1335 suas,
477 1302 522 1329 cui
546 1310 642 1330 earum
663 1311 785 1337 συναγω-

32 1346 266 1382 γὴνςιιινῇιιιιιεηιῖ
284 1347 359 1375 Nihil
382 1347 427 1375 his
440 1352 515 1376 certe
534 1352 582 1375 aut
601 1349 640 1376 rei
655 1349 718 1384 ipsi,
738 1353 787 1376 aut

32 1393 81 1418 tori
100 1393 229 1421 hominum
254 1395 283 1421 in
306 1394 516 1422 conscribendis
538 1394 663 1430 epistolis
685 1402 787 1424 conve-

33 1438 123 1467 nientius
133 1441 279 1476 excogitari
295 1445 397 1477 potest.

56 1483 120 1512 Leria
140 1486 219 1522 igitur
236 1488 298 1515 hate
319 1491 394 1519 sunt.
415 1487 457 1514 vel
476 1487 536 1522 ipso
558 1486 661 1514 Dallzeo
673 1486 784 1522 judice:

33 1530 63 1555 id
73 1537 93 1557 et
109 1533 176 1559 aliud
189 1537 239 1566 cst,
264 1533 368 1569 inquit,
388 1533 471 1560 multo
492 1533 609 1568 gravius,
627 1533 698 1568 quod
718 1534 786 1560 lianc

33 1576 53 1602 de
64 1577 192 1612 lgutiattis
207 1580 372 1615 particulam
387 1588 439 1607 non
458 1580 587 1612 auctoris,
604 1580 650 1607 sed
671 1579 786 1614 alicujus

35 1623 115 1651 illam
125 1633 176 1653 esse
187 1627 288 1662 arguit.
302 1625 390 1653 Graue
401 1626 511 1661 quidem
523 1626 588 1658 hoc,
604 1626 628 1654 si
642 1634 705 1654 vera
718 1626 784 1657 sint,

35 1676 75 1701 qua:
95 1671 209 1704 proximo
233 1672 327 1707 capite
351 1672 452 1700 asserit
475 1672 670 1705 adversarius,
698 1671 786 1699 locum

36 1720 112 1748 unnpe,
120 1724 170 1750 quo
182 1717 323 1752 lgnatiana
337 1718 526 1751 nominantur,
536 1717 635 1753 insigni
649 1717 786 1745 mendacio

35 1759 144 1793 defer-ein
159 1771 229 1796 esse.
247 1768 276 1792 et
291 1771 356 1799 quae
375 1764 465 1799 capite
479 1763 514 1791 56
529 1764 633 1799 pariter
650 1764 785 1797 allirmat,

37 1805 157 1844 Polycarpi,
171 1811 287 1844 scilicet,
310 1811 381 1846 quod
400 1811 512 1845 αππιαν
533 1811 713 1838 testimonium
731 1819 788 1838 esse

35 1852 170 1882 «Militiam
186 1857 377 1892 tuendamque
391 1857 550 1891 imponunt.
565 1856 656 1885 Grave
675 1857 786 1892 quidem

36 1898 112 1927 tum
126 1902 307 1935 mendacium,
321 1902 475 1937 praesertim
498 1902 522 1930 si
542 1901 651 1937 insigne
664 1901 719 1935 sit,
740 1909 788 1929 ne-

36 1950 74 1976 ηιιο
86 1945 152 1973 rideo
165 1948 305 1983 quomodo
323 1947 451 1976 excusari
466 1948 585 1983 possint,
599 1947 647 1984 qui
663 1948 788 1976 testimo-

37 1989 69 2016 uio
80 1996 177 2021 utuntur
189 1997 245 2022 tam
263 1994 343 2030 gravi
361 1993 478 2022 crimine
499 1994 635 2030 insperso.
657 1993 717 2022 Non
741 2002 788 2022 ne-

37 2035 136 2070 ειίιαιιετ
146 2040 223 2074 igitur
232 2041 412 2076 quaerendum
423 2045 468 2068 est
478 2040 537 2074 ubi,
549 2041 602 2068 hoc
613 2040 787 2068 mendacium

38 2081 126 2111 inveniri
138 2087 239 2120 possit:
258 2095 324 2115 nam
343 2092 428 2120 certe,
445 2091 476 2114 ut
490 2094 565 2114 nunc
579 2094 611 2115 se
630 2094 675 2114 res
694 2086 787 2120 habet,

38 2132 72 2153 aut
83 2129 104 2156 ia
114 2129 263 2168 Polycarpo,
284 2137 334 2161 aut
351 2133 379 2160 in
391 2132 521 2167 Eusebio,
537 2137 585 2161 aut
599 2134 628 2161 in
639 2133 789 2170 impostoro

37 2171 116 2207 εὶίιιιιο.
127 2181 169 2204 aut
183 2177 209 2205 in
225 2178 416 2206 testimonium
431 2178 572 2213 alet-cute,
589 2183 637 2207 aut
655 2178 684 2206 in
704 2186 787 2214 repu—

37 2217 106 2247 rliante
116 2223 277 2252 mendacium
293 2228 347 2253 est.

842 977 974 1011 Ἰγνατιου
993 975 1042 1004 τοῦ
1065 976 1195 1012 θεοφόρου
1211 977 1423 1010 ἀπεσταλκέναι,
1445 978 1510 1004 dicit
1536 983 1625 1004 «utrm

837 1021 1028 1057 (Polycarpus)
1051 1030 1078 1049 se
1103 1022 1186 1049 etiam
1211 1021 1313 1057 lgnatii
1338 1023 1475 1058 theoplmri
1498 1024 1625 1058 epistolas

836 1069 901 1103 ipsis
917 1069 1107 1096 transmisisse.
1125 1067 1183 1096 Hoc
1196 1069 1308 1096 unicum
1323 1069 1510 1096 testimonium
1523 1078 1556 1097 ex
1571 1069 1625 1096 Pn—

836 1115 939 1151 lycarpi
963 1115 1079 1150 epistola
1100 1114 1301 1150 depromimus,
1322 1115 1394 1150 quod
1418 1115 1624 1151 integerrimum

835 1168 898 1189 esse
914 1167 1054 1196 putamus,
1075 1166 1103 1189 et
1120 1162 1165 1189 cui
1187 1162 1262 1189 nulla
1281 1170 1403 1197 unquam
1419 1162 1497 1190 labes
1512 1171 1625 1198 aspersa

835 1212 888 1240 est,
904 1211 1050 1243 antequam
1066 1215 1083 1235 a
1105 1207 1210 1235 nostris
1229 1215 1278 1242 pro
1300 1207 1451 1243 lgnatianls
1473 1208 1622 1236 adducere-

836 1260 891 1283 tur.
911 1254 987 1283 Satis
1008 1255 1093 1291 igitur
1106 1263 1158 1283 nos
1173 1255 1249 1306 ipsos
1264 1263 1280 1283 a
1294 1255 1432 1284 mendacii
1449 1257 1565 1285 crimine
1581 1263 1624 1285 tn~

837 1300 886 1328 tati
901 1309 1009 1329 sumus.
1176 1301 1180 1305 ”

873 1347 903 1374 S.
918 1347 1101 1383 Polycarpum
1117 1347 1168 1382 ipsi
1181 1347 1216 1376 ab
1231 1348 1307 1375 omni
1322 1349 1481 1384 suspicione
1495 1349 1624 1382 liberant,

836 1392 898 1420 ideo
911 1393 985 1420 enim
1008 1393 1104 1420 volunt
1124 1393 1182 1420 haec
1196 1401 1212 1420 a
1227 1392 1378 1429 Polycarpo
1391 1394 1502 1422 minitne
1523 1395 1623 1430 scriptu

837 1439 935 1472 fuisse,
958 1439 1032 1474 quod
1048 1439 1084 1466 ab
1102 1439 1162 1474 ejus
1175 1439 1319 1474 prudentia
1335 1444 1418 1474 atque
1433 1441 1578 1468 sanctitate
1592 1450 1625 1468 cu

836 1486 958 1512 maxime
982 1485 1132 1513 abhorrere
1156 1485 1336 1512 arbitrantur.
1364 1485 1434 1518 Quid
1462 1486 1568 1521 igitur?
1589 1494 1624 1513 an

837 1531 969 1560 mentitus
984 1536 1026 1559 est
1040 1530 1187 1563 Eusebius,
1202 1535 1229 1558 et
1243 1538 1275 1558 ea
1291 1530 1371 1558 nobis
1389 1531 1510 1564 tradidit,
1522 1540 1583 1567 qua:
1598 1532 1624 1559 in

837 1577 952 1612 epistola
965 1577 1107 1613 Polycarpi
1125 1585 1176 1605 sua
1189 1582 1270 1605 aetate
1285 1578 1399 1605 minime
1411 1579 1626 1613 comparebant?

836 1623 878 1650 An
891 1624 937 1651 ille
951 1624 1069 1651 lectores
1087 1623 1182 1651 fallere
1201 1624 1321 1652 voluisse
1337 1624 1476 1659 putandus
1490 1629 1532 1652 est
1548 1625 1574 1651 in
1596 1632 1625 1651 re

837 1673 894 1696 tam
912 1673 1006 1704 aperta
1027 1673 1055 1696 et
1077 1669 1207 1696 omnibus
1229 1673 1294 1696 tunc
1309 1669 1441 1705 temporis
1463 1669 1626 1698 notissima?

836 1714 933 1742 Nonne
945 1714 1061 1750 epistola
1079 1714 1222 1751 Polycarpi
1237 1716 1264 1742 in
1278 1720 1414 1743 conventu
1429 1715 1502 1743 Asize
1516 1716 1625 1751 publice

837 1760 906 1788 lecta
918 1761 980 1794 fuit,
991 1768 1054 1789 cum
1064 1758 1211 1788 Historiam
1227 1769 1304 1789 suam
1321 1761 1460 1789 scribebat
1471 1760 1626 1790 Eusebius?

837 1807 879 1834 An
894 1807 1057 1834 setttentiam
1070 1807 1140 1835 bene
1153 1807 1262 1842 longam
1274 1807 1333 1842 ipse
1343 1807 1516 1835 cotuminisci
1528 1807 1625 1841 voluit,

837 1857 864 1880 et
875 1853 1000 1888 epistolas
1009 1852 1142 1885 inserere,
1155 1853 1189 1880 ad
1203 1853 1284 1880 tidem
1296 1852 1446 1888 lgnatianis
1459 1853 1624 1888 faciendam,

838 1899 896 1927 suis
914 1899 1121 1935 derogandum?
1143 1898 1201 1928 Hoc
1224 1899 1308 1927 etiam
1327 1899 1410 1927 nimis
1428 1907 1553 1928 crassum
1571 1908 1625 1936 pu-

838 1949 913 1979 tant;
929 1953 1019 1980 neque
1037 1945 1232 1981 Polycarpum,
1244 1945 1337 1981 'neque
1356 1945 1507 1974 Eusebium
1525 1947 1626 1974 menti-

837 1995 896 2018 tum
913 1992 1017 2026 voluit;
1041 1993 1089 2020 sed
1114 1992 1292 2027 impostorem
1314 1993 1409 2020 nescio
1429 2000 1523 2028 quem,
1542 2001 1624 2029 quem

838 2042 903 2065 ante
923 2038 1072 2066 Eusebium
1095 2039 1198 2066 vixisse
1219 2039 1406 2072 ltariolantur,
1427 2040 1474 2067 sed
1492 2047 1573 2075 quem
1597 2041 1626 2069 in

837 2084 909 2112 vivis
923 2092 1058 2120 unquam,
1075 2092 1126 2113 nec
1141 2085 1199 2118 ille,
1216 2092 1266 2113 nec
1280 2085 1351 2113 alius
1364 2086 1515 2121 quispiam,
1539 2086 1626 2114 fuisse

838 2131 991 2165 pmstabit.
1007 2130 1054 2159 llle
1067 2137 1159 2159 autem
1174 2131 1244 2159 falso
1257 2136 1285 2159 et
1305 2131 1380 2159 vulre
1395 2137 1482 2160 totum
1499 2137 1625 2160 nostrum

839 2176 1027 2204 testimonium
1053 2177 1137 2205 alicui
1161 2177 1284 2212 epistolae
1304 2177 1511 2213 Polycarpiante
1530 2186 1626 2206 exem-

838 2222 909 2257 plari
927 2223 1067 2251 inseruit:
1091 2229 1118 2251 et
1139 2224 1232 2251 statim
1254 2228 1303 2251 aut
1324 2224 1351 2251 in
1371 2224 1532 2259 impostoris
1547 2229 1628 2252 auto-

62 2263 136 2294 Pritao
147 2269 222 2304 igitur
236 2278 287 2298 nos
297 2270 345 2306 qui
354 2270 540 2298 testimonium
551 2269 727 2305 proferimus,
737 2277 787 2298 nos
804 2279 826 2308 υ
840 2269 986 2304 grapbum.
1002 2269 1088 2296 autin
1102 2269 1224 2297 libellum
1240 2270 1359 2306 aliquem
1380 2270 1415 2297 ab
1428 2270 1475 2297 illo
1495 2270 1630 2298 transcri-

38 2310 95 2343 ipso:
104 2314 134 2340 ab
143 2315 190 2343 hoc
197 2316 313 2344 crimine
323 2320 419 2352 aperte
432 2316 621 2345 liberabimus.
630 2315 694 2344 Haec
703 2316 787 2344 verba

38 2355 110 2385 Gnate
130 2367 159 2387 es
180 2361 295 2390 Eusebio
318 2362 380 2390 sine
399 2362 456 2390 ullo
476 2362 541 2390 dolo
566 2362 786 2395 transcriblmus,

40 2400 95 2430 Hist.
111 2406 166 2434 sccl.
183 2408 200 2435 i.
222 2416 264 2440 tu,
281 2415 310 2436 c.
331 2409 367 2436 36
385 2417 393 2435 :
415 2408 472 2440 Τὰς
487 2408 633 2440 ἐπιστολὰς
658 2408 787 2443 Ἰγνατίου

38 2447 75 2478 τὰς
86 2452 235 2486 πεμφθείσας
249 2455 315 2490 ἡμῖν
329 2454 378 2482 ἀπ’
390 2454 485 2487 αὐτοῦ,
502 2455 550 2482 καὶ
571 2454 656 2487 ἄλλοις
668 2454 735 2486 ὅστις
749 2454 789 2481 εἶ·

40 2502 104 2529 χ’)μεν
122 2500 178 2534 παρ’
197 2501 272 2536 ἡμῖν,
294 2500 459 2536 Edispr
475 2501 551 2536 ὑμῖν,
575 2499 668 2532 καθὼς
687 2499 788 2527 ἑνετεί-

25 2539 116 2576 .).ιΰθε,
136 2546 163 2571 αἶ
179 2555 248 2580 τινες
274 2547 497 2583 ἀποτεταγμέναι
520 2547 574 2574 sici.
597 2548 632 2582 τῇ
659 2547 788 2585 ἐπιστολῇ

40 2586 114 2623 ταύτῃ,
132 2590 158 2622 Lg
173 2588 207 2619 ὧν
227 2594 332 2628 μεγάλα
346 2592 520 2629 ὠφεληθῆναι
533 2592 694 2628 δυνήσεσθε·
709 2601 789 2628 περι-

41 2629 111 2664 έιουαι
118 2635 165 2671 γὰρ
175 2637 260 2666 πίστιν
268 2640 316 2667 καὶ
329 2638 478 2675 ὑπομονὴν,
488 2639 536 2666 καὶ
547 2639 637 2666 πᾶσαν
646 2639 790 2675 οἰκοδομὴν

42 2676 78 2711 τὴν
88 2680 121 2711 εις
129 2681 169 2708 sint
181 2684 276 2720 Κύρων
286 2685 366 2721 ἡμῶν
378 2686 544 2722 ἀνήκουσαν.
556 2684 620 2713 Haec
635 2685 718 2712 verba
729 2692 791 2720 qua;

43 2729 100 2751 nunc
118 2726 142 2754 in
161 2727 272 2758 Eusebio
297 2731 425 2767 legimus,
451 2731 486 2758 ab
504 2731 565 2766 ipso
587 2730 673 2758 fuisse
688 2730 790 2765 scripta

45 2775 85 2796 non
97 2771 237 2804 dubitamus
252 2787 259 2805 :
273 2779 313 2806 sic
324 2779 398 2806 enim
412 2785 445 2806 ea
460 2778 533 2806 intra
546 2785 633 2805 annos
646 2776 682 2805 85
693 2785 709 2804 a
729 2775 791 2802 Ru-

45 2815 94 2847 ﬁno.
106 2818 159 2847 licet
172 2823 340 2859 negligenter,
354 2832 434 2852 versa
446 2824 570 2851 videmus
582 2834 588 2849 :
599 2822 707 2850 Mittam
720 2822 791 2850 vobis

45 2866 63 2887 ⁸³
74 2862 156 2898 ¹9¹¹ιιιίἱ
167 2869 298 2903 epistolas,
310 2876 336 2898 et
350 2871 419 2898 alias
434 2872 459 2898 si
469 2879 529 2906 qua!
539 2871 604 2904 sint,
621 2877 681 2905 qua
694 2868 729 2896 ad
744 2877 791 2897 nos

47 2910 179 2940 transi-isse
191 2921 248 2942 sunt
260 2925 268 2948 ;
280 2925 312 2944 cz
324 2918 417 2952 quibus
431 2918 575 2945 utilitatem
589 2917 734 2944 maximam
745 2924 790 2944 ca-

157 2961 283 2994 Pnnot.
310 2965 365 2995 Gn.
383 2964 420 2995 γ.

839 2320 916 2350 ptum
939 2315 1044 2348 incidit,
1059 2323 1113 2343 non
1127 2315 1199 2344 forte
1220 2317 1267 2344 sed
1289 2316 1452 2350 certissime,
1472 2314 1627 2350 Eusebius;

838 2368 901 2388 cum
916 2361 999 2397 igitur
1017 2361 1091 2389 aliud
1107 2362 1248 2397 exemplar
1263 2370 1318 2390 non
1334 2363 1448 2395 videret,
1466 2367 1494 2390 et
1511 2362 1578 2398 quid
1599 2363 1627 2389 in

839 2406 912 2434 Asiae
925 2413 1062 2438 conventu
1077 2408 1213 2444 legeretur
1229 2409 1377 2445 ignoraret,
1393 2408 1421 2436 in
1438 2407 1540 2436 l‘oadum
1552 2416 1630 2437 erro-

839 2460 897 2481 rem
912 2453 1042 2489 delapsus
1054 2459 1098 2482 est
1116 2455 1312 2483 Ecclesiasticaz
1325 2455 1445 2482 historice
1462 2453 1552 2482 Pater.
1576 2453 1630 2482 Nc-

839 2507 893 2534 que
909 2500 1028 2534 mirum;
1052 2505 1112 2528 erat
1125 2501 1226 2537 quippe
1245 2501 1372 2538 egregius
1392 2500 1491 2528 artil‘ea
1510 2500 1555 2528 hic
1577 2501 1631 2528 im-

839 2551 952 2580 postor;
967 2546 1038 2574 idetn
1054 2546 1138 2579 enim,
1155 2555 1243 2582 neque
1255 2548 1402 2583 quisquam
1418 2547 1489 2575 alius
1505 2546 1567 2577 fuit.
1579 2546 1628 2582 qui

840 2599 889 2620 sex
901 2592 943 2620 uel
956 2596 1059 2627 septem
1075 2592 1207 2628 epistolas
1223 2601 1240 2621 a
1255 2601 1285 2621 se
1296 2593 1430 2621 conﬁctas
1446 2591 1551 2628 lgnatio
1561 2593 1628 2620 sub-

840 2638 920 2672 didit,
934 2643 959 2666 et
975 2639 1032 2666 Ita-s
1042 2638 1075 2666 de
1089 2638 1248 2674 quibusdam
1267 2638 1367 2674 lgnatii
1382 2647 1400 2666 α
1418 2637 1566 2673 l’olycarpo
1578 2638 1628 2665 Iit-

841 2685 905 2712 teris
919 2684 998 2719 hujus
1015 2684 1051 2712 ad
1065 2684 1247 2720 Pliilippenses
1265 2689 1389 2712 extrema
1404 2684 1525 2719 epistoltc
1538 2683 1630 2712 subte-

840 2733 910 2763 xuit,
922 2736 1009 2764 ratus,
1020 2730 1090 2766 quod
1099 2730 1207 2763 accidit,
1219 2731 1326 2758 lectores
1337 2731 1391 2757 Itth
1399 2730 1432 2758 de
1442 2731 1498 2758 suis
1509 2729 1630 2765 epistolis

841 2782 1005 2812 accepturos.
1031 2776 1120 2812 Hujus
1139 2777 1259 2805 fallaciis
1273 2777 1405 2813 deceptus
1419 2781 1461 2804 cst
1482 2775 1630 2807 Eusebius,

843 2828 874 2851 ut
890 2823 1009 2856 videtur,
1035 2823 1077 2850 vir
1100 2823 1214 2851 minime
1236 2823 1340 2857 malus,
1361 2828 1410 2851 aut
1432 2822 1579 2858 suspicax;
1603 2821 1630 2848 itt

842 2869 969 2897 eumdem
996 2875 1118 2896 errorem
1140 2868 1248 2897 induxit
1268 2876 1364 2897 omnes
1387 2875 1435 2896 eos
1456 2867 1560 2899 Patres,
1583 2866 1631 2901 qui

843 2915 909 2943 dum
927 2914 1042 2951 epistola
1064 2913 1207 2951 Polycarpi
1223 2915 1251 2943 in
1273 2918 1410 2944 conventu
1431 2913 1504 2941 Asia:
1522 2911 1631 2948 publice

1453 2960 1474 2992 5
