1874 3070
223 172 271 200 15$

221 240 366 270 tegeretur,
382 235 484 267 visere,
497 234 597 270 quique
615 234 758 270 epistolam
773 235 907 270 integram
924 239 950 262 et
966 235 1007 262 in-
1023 243 1046 272 Α

221 285 379 316 corruptam
408 281 499 308 videre
522 289 662 316 nunquam
693 285 851 316 potuerunt.
875 280 909 307 At
931 285 1008 315 post-

221 334 303 362 quam
312 334 343 353 ea
356 327 406 362 legi
414 327 503 356 desiit.
511 327 666 361 quingentis
681 331 743 361 post
756 326 903 353 Eusebium
915 326 1006 360 annis,

221 372 314 400 omnia
328 373 387 400 hate
402 372 469 400 vidit
490 371 671 407 Nicephorus,
688 373 806 408 ideoque
826 377 880 399 tam
900 373 1006 400 tristem

220 419 383 445 sententiam
398 418 432 446 de
446 417 587 453 Polycarpi
601 419 716 453 epistola
734 419 806 451 tulit,
821 423 849 446 et
865 419 935 446 inter
947 427 1007 453 pes-

220 465 297 491 sima:
323 471 393 491 noue
416 465 569 499 apocrypha
594 465 760 492 numeravit.
788 464 860 492 l’rob
888 465 1006 500 lepidam

220 511 360 537 nimiam!
384 510 455 538 Proh
477 519 561 538 suave
582 511 738 538 somnium!
758 509 820 538 Haec
838 511 931 538 omnia
953 519 1005 537 non

219 562 326 584 tantum
345 563 442 584 contra
456 562 593 588 nostrum.
612 557 660 584 sed
673 561 700 584 et
714 563 862 583 commune
880 557 1005 583 omniutu

216 602 362 640 judicium.
375 605 431 631 imo
442 609 537 631 contra
553 603 640 638 ipsius
655 603 748 630 Dalla:i
762 603 925 630 sententiam
940 610 1007 630 con-

218 652 280 678 ticta
301 655 376 677 sunt.
393 650 584 684 Quisquamne
607 649 702 676 credet
728 649 865 675 hominem
887 648 933 683 qui
955 648 1007 676 sub

217 696 314 731 lgnatii
329 695 442 723 nomine
454 694 584 722 Ecclesia:
595 694 736 728 imponere
747 694 845 724 voluit,
858 698 1005 728 antequam

218 742 354 769 Eusebius
379 742 524 773 scriberet,
547 740 600 768 sub
622 741 703 767 linem
726 740 799 767 tertii
824 744 873 767 aut
897 740 1005 767 initium

216 788 307 823 quarti
332 788 438 819 saeculi,
458 792 488 815 ut
509 787 535 814 id
552 786 660 814 facilius
681 785 794 818 laceret,
818 786 1006 822 maioremque

216 834 408 861 auctoritatem
423 833 497 861 lictis
512 833 571 860 suis
587 833 776 860 mercimoniis
790 833 959 866 conciliaret,
974 832 1004 860 S.

214 879 359 916 Polycarpi
384 880 529 915 epistolam
548 879 638 914 primo
660 886 838 913 corrumpere
862 879 1004 912 voluisse;

215 935 278 954 cum
300 934 333 954 ex
353 927 398 954 illa
422 934 475 953 una
495 933 524 953 lc
545 926 606 960 ejus
629 925 737 952 fallacia
758 925 888 952 omnibus
912 930 1006 960 aperta
1023 920 1044 948 Β

215 972 297 1005 foret,
314 972 504 1007 majuremque
517 971 551 998 de
566 970 714 1006 lgnatianis
728 970 763 997 ab
775 970 837 1005 ipso
850 969 1006 1004 producent-

213 1020 258 1047 dis
271 1019 459 1054 suspicionem
482 1017 617 1047 excitare.
637 1020 665 1043 et
687 1016 809 1051 seeipsum
825 1016 928 1043 certius
942 1023 1007 1050 pro-

213 1066 280 1092 dere
293 1073 346 1092 nou
363 1064 479 1100 posset?
498 1063 642 1099 Polycarpi
654 1063 728 1090 enim
744 1063 802 1090 hac
817 1062 932 1098 epistola
946 1070 1006 1089 om-

215 1112 298 1139 nibus
319 1111 371 1138 l'uit
391 1111 529 1145 exposita,
550 1110 578 1136 in
599 1109 726 1136 ecclesiis
746 1109 876 1136 Asiaticis
898 1108 1007 1143 publice

213 1159 303 1191 lecta;
324 1158 369 1185 cui
389 1158 412 1184 si
435 1157 502 1192 quid
526 1163 626 1183 novum
650 1160 675 1182 ct
701 1155 835 1183 hactenus
852 1155 1004 1182 inauditum

213 1205 373 1238 adderetur,
389 1205 486 1237 latere,
501 1209 529 1230 et
549 1211 604 1230 non
622 1202 748 1238 protinus
760 1202 933 1230 innotescere
951 1209 1005 1228 non

213 1251 313 1286 potuit.
330 1251 433 1278 Fatuus
447 1258 514 1278 sane
531 1249 678 1284 impostor,
694 1249 743 1283 qui
764 1248 823 1275 haec
841 1252 896 1275 tam
912 1247 1005 1283 pueri-

213 1298 276 1324 liter
289 1297 458 1332 excogitaret
474 1305 481 1322 :
504 1295 605 1330 fungus
622 1294 770 1327 Eusebius,
791 1294 839 1329 qui
855 1298 910 1321 tam
928 1294 1007 1321 adul-

212 1343 311 1370 terinis
326 1342 465 1369 mercibus
478 1346 533 1368 tam
546 1341 627 1368 facile
640 1341 813 1375 deciperetur
832 1340 840 1367 ἑ
860 1340 926 1367 (ιπεί
941 1347 1004 1367 sur-

212 1389 277 1416 dive
288 1396 386 1415 omnes
397 1387 502 1419 Patres,
516 1388 563 1422 qui
573 1387 688 1422 cpistola
709 1394 757 1421 per
772 1386 863 1414 Asiam
877 1390 1004 1419 sonante.

212 1434 272 1461 haec
296 1441 351 1461 non
372 1433 615 1468 deprehenderunt
635 1441 642 1458 :
665 1432 775 1464 unicus,
797 1436 825 1458 et
848 1431 894 1459 ille
913 1432 1004 1463 ﬁctus,

212 1479 384 1515 Nicephorus
406 1480 463 1506 haec
481 1479 586 1511 omnia,
604 1478 720 1510 scilicet,
736 1477 850 1511 detexit,
871 1481 898 1504 et
918 1482 1004 1504 totam

212 1526 357 1562 Polycarpi
371 1526 515 1560 epistolam
528 1526 562 1552 ad
574 1525 717 1553 scombros
733 1523 935 1552 condemnavit.
951 1523 1004 1551 Sed

211 1582 247 1601 an
263 1578 373 1608 propter
390 1573 462 1599 hanc
483 1571 722 1607 interpolatioan
741 1569 912 1606 Nicephorus
924 1569 1006 1606 Poly-
1018 1591 1039 1619 ϐ

211 1621 288 1655 carpi
304 1620 448 1654 epistolam
461 1618 666 1651 condemnavit,
690 1625 757 1649 cum
775 1617 802 1644 id
825 1625 921 1645 verum
943 1625 1006 1645 esse
1018 1608 1039 1619 υ

210 1667 246 1693 de
259 1665 385 1700 epistolis
399 1665 497 1700 lgnatii
521 1672 575 1692 non
601 1671 682 1699 posse
701 1663 921 1698 pronuntiaverit
943 1662 1006 1690 Dal-

212 1712 291 1742 laeus,
304 1712 377 1746 quod
393 1711 420 1738 in
437 1711 513 1738 nullo
525 1711 580 1738 alio
593 1718 677 1745 opere
690 1709 762 1737 idem
775 1710 928 1744 prmstitum
941 1709 977 1736 sit
989 1716 1005 1736 a

211 1753 387 1789 Nicephoro?
409 1754 450 1780 An
475 1754 520 1781 ille
541 1753 726 1789 Nicephorum
748 1754 785 1781 ob
805 1753 877 1780 hanc
891 1761 1004 1781 causam

211 1799 356 1836 Polycarpi
371 1799 515 1834 epistolam
537 1799 607 1827 adeo
629 1800 828 1831 nobilem,tam
839 1799 885 1827 diu
896 1799 1005 1834 publice

213 1846 324 1877 lectam.
336 1850 364 1873 et
376 1847 410 1873 al:
425 1847 556 1873 omnibus
569 1846 603 1873 ad
617 1853 695 1873 suam
707 1853 795 1880 usque
805 1850 913 1872 aetatem
929 1850 1004 1873 tanta

211 1899 276 1920 cum
292 1892 470 1919 veneratione
484 1895 643 1926 susceptam
667 1899 723 1918 uno
743 1891 856 1918 verhulo
871 1890 1004 1925 'rejecisse

211 1939 282 1971 vult,
294 1938 342 1973 qui
362 1938 433 1965 idem
446 1938 477 1965 in
493 1937 600 1973 lgnatio
613 1937 673 1964 licri
687 1944 740 1964 non
753 1937 876 1971 potuisse
891 1942 1004 1964 conten-

210 1985 262 2017 dit,
278 1984 331 2011 uisi
350 1983 552 2011 Stichometriae
567 1987 665 2010 auctor
682 1983 708 2009 id
733 1983 823 2017 ipsum
839 1982 1004 2016 monuisset,

210 2033 239 2058 et
254 2030 399 2064 diligenter
417 2037 447 2057 se
470 2029 636 2064 purgasset?
650 2028 693 2055 An
710 2029 737 2056 id
758 2027 916 2063 Nicephoro
935 2029 1002 2056 sub-

210 2077 316 2104 ol'uisse
332 2080 387 2102 tam
402 2080 480 2103 certo
499 2075 608 2102 deliniri
622 2079 724 2110 potest,
739 2083 820 2110 quem
837 2075 936 2110 legisse
948 2074 1003 2102 Po-

210 2123 355 2158 l'yearpum
369 2122 491 2148 nomium
504 2121 620 2155 scimus,
640 2129 703 2148 cum
715 2120 855 2154 Pbotium,
869 2121 917 2156 qui
929 2128 1001 2149 eam-

209 2169 274 2196 dem
292 2167 385 2195 sedem
406 2171 468 2202 post
482 2175 587 2202 paucos
602 2175 691 2195 annos
709 2168 808 2199 tenuit,
827 2167 900 2194 idem
923 2166 1004 2202 plane

208 2214 302 2246 latuit,
318 2220 401 2248 quem
422 2217 449 2239 et
470 2212 615 2248 epistolam
636 2217 664 2240 et
686 2220 719 2240 ea
738 2213 820 2240 verba
837 2211 937 2248 legisse
952 2219 1001 2240 uo-

209 2260 301 2287 vimus
311 2260 323 2286 '.'

247 2306 303 2335 Sed
315 2306 382 2342 quid
396 2310 538 2333 auctorem
552 2305 686 2332 mendacii
698 2305 859 2339 quatrimus,
871 2304 919 2340 qui
932 2312 1001 2332 non-

210 2354 279 2382 dum
293 2351 469 2380 mendacium
492 2350 582 2385 ipsum
601 2349 852 2384 deprehendimus!
874 2348 1002 2376 Testimo-

211 2400 287 2426 nium
299 2397 455 2432 Polgcarpt',
468 2395 569 2430 inquit,
581 2394 750 2421 subdititiunt
761 2400 811 2427 est,
826 2399 851 2422 et
864 2394 1002 2421 mendacio

211 2446 374 2479 imperum.
401 2441 604 2470 Testimonium
633 2441 801 2473 audivimus,
828 2441 1001 2468 mendacium

212 2496 269 2517 non
286 2487 481 2523 perspicimus.
497 2485 552 2513 Sed
567 2485 701 2520 impostor
724 2485 757 2511 de
771 2484 878 2520 lgnatia
900 2485 939 2512 ita
960 2486 1001 2512 Io-

212 2534 316 2569 qlu'tttr,
333 2537 362 2558 ut
376 2540 436 2559 eum
449 2539 502 2566 quo
517 2536 633 2564 tempore
646 2530 702 2557 lucc
715 2530 817 2564 scripta
830 2533 902 2561 sunt,
915 2529 1002 2557 adhuc

213 2585 348 2613 superesse
367 2577 508 2612 signi/iul.
524 2575 563 2603 De
583 2575 654 2610 ipso,
671 2574 767 2609 inquit,
786 2573 902 2609 lgnatio,
921 2578 949 2602 et
968 2575 1002 2602 de

215 2624 258 2651 his
272 2623 318 2658 qui
334 2630 396 2649 cum
411 2630 444 2649 eo
464 2627 539 2654 sunt,
555 2620 630 2656 quod
647 2621 750 2648 certius
773 2619 950 2655 agnoveritis.
965 2620 1002 2647 si-

212 2670 351 2704 gniﬁcate.
375 2667 410 2694 At
428 2668 548 2700 epistola
573 2671 668 2693 auctor
688 2667 767 2701 plane
793 2666 847 2692 alia
871 2665 999 2700 loquitur.

212 2714 377 2749 apertissime
390 2714 522 2748 afﬁrmans
537 2712 746 2748 lgnatium,quo
762 2716 877 2745 tempore
895 2712 951 2746 ipse
965 2712 1000 2737 ad

1017 2257 1040 2285 D

214 2759 394 2794 Philippense:
403 2759 543 2792 scribebat,
551 2759 611 2794 jam
620 2759 702 2794 fuisse
712 2757 931 2793 τετελειωμένον.
941 2756 1001 2784 Huc

214 2805 323 2833 tandem
343 2810 398 2833 tota
412 2805 547 2833 mendacii
560 2805 706 2839 imputatio
722 2795 802 2831 redit.
818 2803 889 2836 Quid
907 2807 999 2830 autem

213 2859 271 2879 nec
283 2851 316 2878 ad
327 2851 516 2879 testimonium
532 2856 669 2883 nostrum,
681 2849 754 2885 quod
772 2857 823 2876 nos
832 2857 865 2876 ex
879 2847 999 2875 Eusebio

212 2896 567 2933 transcripsimuswptime
596 2901 668 2925 certe
686 2895 752 2923 illud
766 2899 794 2922 et
814 2902 877 2922 cum
894 2901 997 2930 prisce

744 172 772 200 S.
793 172 965 201 IGNATIUS.
983 188 1018 192 —
1038 173 1303 202 PROLEGOMENA.

1807 167 1860 193 ιιι

1059 235 1187 264 dentibus
1201 239 1302 263 etcum
1325 232 1504 269 sequentibus
1521 231 1659 266 congruit.
1675 237 1769 264 neque
1786 229 1860 255 inte!

1057 289 1118 308 eam
1130 287 1158 309 et
1172 282 1256 308 ullam
1269 281 1350 308 aliam
1361 279 1485 314 epistolae
1496 277 1661 313 particulam
1675 275 1732 302 ulla
1747 274 1860 301 discre‘

1058 328 1150 362 pantia
1169 332 1221 356 cst.
1237 326 1326 354 Verba
1347 333 1409 361 qua:
1427 323 1604 360 producimus
1624 322 1661 349 ab
1676 319 1810 348 Eusebio
1832 326 1860 345 et

1059 373 1200 409 Polycarpi
1224 373 1339 409 epistola
1363 370 1530 405 transcripta
1550 376 1602 396 nec
1624 367 1766 403 lgnatium
1795 370 1860 392 tum

1058 421 1190 455 temporis
1206 420 1234 447 in
1249 419 1330 451 vivis,
1347 425 1398 445 nec
1411 423 1549 444 mortuum
1566 414 1655 442 fuisse
1679 411 1860 448 signiﬁcant

1059 474 1110 494 nec
1120 466 1184 493 vita:
1194 469 1242 493 aut
1253 464 1330 491 necis
1341 463 1510 490 mentionem
1519 461 1603 488 ullam
1612 459 1719 487 faciunt
1728 466 1737 484 :
1751 457 1858 491 episto

1057 512 1099 539 las
1121 517 1227 539 tantum
1249 512 1339 546 primo
1356 510 1468 546 petitas.
1491 508 1554 536 dein
1581 507 1683 533 missas
1713 503 1857 531 indicant

1057 566 1118 594 quae
1129 558 1234 594 lgnatio
1251 558 1294 585 vel
1309 558 1418 584 vivente
1430 556 1472 583 vel
1487 558 1597 582 mortuo
1611 557 1639 580 et
1658 551 1716 587 peti
1734 555 1766 578 et
1785 549 1860 576 miti

1057 609 1216 640 potuerunt.
1235 603 1346 631 Nullum
1370 603 1456 639 igitur
1478 601 1522 629 vel
1542 599 1688 628 minimum
1712 596 1860 624 mendaci

1058 651 1202 687 vestigium
1221 651 1249 678 in
1268 649 1428 678 testimonio
1442 652 1538 675 nostro
1549 648 1676 681 apparet.
1693 643 1722 670 Si
1739 642 1818 677 quid
1840 642 1860 672 it

1057 697 1182 731 Sequenti
1196 696 1331 731 particula
1346 695 1438 722 minus
1452 698 1605 727 congruum
1621 691 1766 721 videatur,
1789 687 1860 715 illm

1058 752 1111 771 non
1123 744 1212 779 magis
1224 747 1318 771 nostra
1337 741 1420 770 verba
1437 740 1525 768 inlicit
1537 746 1620 775 quam
1637 737 1744 773 priora.
1761 735 1801 762 At.
1821 734 1860 761 [εν

1057 795 1129 818 tetur
1143 790 1261 817 Dallaaus
1277 789 1345 816 nihil
1361 789 1388 815 iu
1402 787 1543 823 prioribus
1559 791 1710 815 occurrere,
1725 781 1806 817 quod
1824 789 1860 807 Μ

1056 845 1213 873 quemquam
1225 836 1367 871 offendere,
1380 835 1420 862 ul
1433 833 1582 868 Polymrpo
1594 831 1736 866 indignum
1754 836 1860 855 censen

1057 884 1160 911 debeat.
1180 883 1252 910 Idem
1274 882 1360 918 igitur
1374 881 1408 908 de
1422 879 1528 908 nostris
1549 877 1666 906 omnino
1690 874 1860 903 dicentium,

1057 936 1105 958 aut
1123 930 1227 965 aliquid
1243 930 1270 957 in
1287 930 1322 957 iis
1336 928 1429 956 verbis
1447 925 1661 957 ostendendum,
1675 923 1754 958 quod
1773 921 1860 956 Poly-

1057 984 1142 1011 carpo
1156 977 1192 1004 sit
1210 975 1353 1010 indignum
1373 983 1382 1001 :
1406 973 1472 1000 illud
1488 977 1579 1000 autem
1600 978 1653 998 nec
1668 970 1709 1002 lit,
1725 976 1783 996 nec
1800 968 1860 994 ﬁer‘

1057 1021 1170 1049 omnino
1185 1025 1286 1056 potest.
1299 1019 1380 1047 Certe
1392 1019 1547 1054 Polycarpo
1566 1016 1710 1051 indignum
1727 1022 1789 1042 non
1807 1018 1860 1042 est

1057 1072 1087 1094 ut
1098 1067 1228 1102 epistolas
1243 1066 1340 1101 lgnatii
1355 1065 1426 1101 apud
1440 1073 1470 1093 se
1487 1067 1675 1092 conservaret.
1692 1065 1724 1088 ut
1747 1060 1860 1094 Philipp

1056 1122 1155 1149 penses
1168 1121 1215 1141 eas
1233 1114 1269 1141 ab
1290 1113 1351 1148 ipso
1371 1116 1506 1147 peterent,
1529 1116 1578 1138 aut
1598 1114 1629 1137 ut
1646 1109 1683 1136 ab
1703 1108 1739 1136 iis
1755 1107 1860 1142 petita:

1056 1161 1186 1191 mitteret,
1208 1164 1236 1187 et
1261 1167 1319 1186 sua:
1335 1159 1460 1194 epistola:
1478 1157 1672 1192 subjungeret,
1698 1155 1739 1182 uti
1770 1154 1860 1180 moris

1056 1211 1129 1239 erat;
1145 1207 1186 1233 sic
1202 1206 1275 1234 enim
1299 1206 1391 1233 clerus
1406 1204 1550 1231 Romanus
1565 1203 1598 1230 ad
1614 1202 1646 1229 S.
1661 1200 1843 1237 Cyprianum
1859 1220 1860 1225 η

1057 1252 1155 1284 Quales
1169 1252 1274 1279 litteras
1292 1251 1318 1278 in
1339 1250 1462 1278 Siciliam
1480 1257 1583 1285 quoque
1602 1248 1772 1279 miserimus,
1792 1246 1860 1273 sub-

1051 1297 1137 1332 jectus
1151 1297 1259 1324 habebis
1274 1305 1284 1324 .'
1305 1297 1345 1324 sic
1360 1295 1483 1332 synodus
1502 1295 1638 1322 adversus
1658 1292 1780 1320 Paulum
1810 1291 1860 1317 Sa-

1055 1348 1229 1372 mosatenum
1248 1348 1362 1375 coacta,
1379 1342 1415 1370 ad
1436 1341 1599 1377 Dionysium
1619 1339 1756 1377 Romanae
1778 1339 1860 1364 urbis

1055 1390 1227 1424 episcOpum,
1243 1389 1389 1424 epistolam
1403 1387 1530 1423 Dionysii
1544 1385 1727 1413 Alexandrini
1749 1390 1860 1411 memo-

1056 1440 1128 1468 rant,
1144 1433 1179 1471 ἦς
1201 1435 1248 1461 καὶ
1261 1434 1292 1461 τὸ
1306 1434 1486 1470 ἀντίγραφον,
1506 1433 1648 1467 inquiunt,
1666 1429 1860 1465 ι’)ττετὸιξαι.ι.ενἸ

1055 1481 1131 1515 cujus
1143 1489 1224 1508 mam
1236 1480 1372 1515 exemplar
1385 1478 1559 1514 subjecimus.
1571 1476 1675 1504 Euseb.
1686 1475 1763 1502 Hist.
1778 1475 1860 1507 τιτι.Ί

1055 1527 1074 1554 1.
1091 1535 1140 1559 vn.
1152 1535 1178 1554 c.
1190 1526 1236 1553 50.

1092 1573 1161 1601 Tota
1175 1574 1258 1608 igitur
1275 1572 1401 1600 criminis
1425 1571 1546 1607 obiectio
1570 1570 1605 1598 ad
1627 1570 1707 1597 illam
1732 1572 1860 1597 tantum‘

1056 1620 1138 1646 modo
1155 1619 1316 1654 particulam
1334 1619 1463 1655 pertinet,
1491 1624 1612 1652 quacum
1629 1620 1760 1644 nostrum
1780 1615 1849 1642 testi

1055 1666 1179 1692 monium
1192 1665 1260 1692 nihil
1273 1672 1423 1692 commune
1443 1664 1537 1697 habet,
1551 1670 1614 1698 qua:
1629 1663 1654 1690 si
1678 1661 1860 1697 admittatur,

1055 1712 1123 1738 nihil
1136 1711 1300 1746 nosjltvat;
1326 1711 1350 1738 si
1375 1710 1528 1745 rejiciatur,
1557 1709 1627 1736 nihil
1651 1707 1734 1735 nobis
1761 1706 1860 1734 ollicit,

1055 1757 1154 1784 Nostra
1169 1761 1236 1784 tunc
1259 1757 1287 1784 in
1313 1756 1429 1791 epistola
1454 1755 1599 1791 Polycarpi
1613 1753 1685 1782 vidit
1707 1753 1860 1784 Eusebius,

1054 1810 1117 1829 cum
1133 1806 1190 1828 tota
1215 1806 1243 1829 et
1265 1801 1371 1836 integra
1398 1802 1425 1828 in
1443 1804 1582 1827 conventu
1607 1798 1684 1826 Asiae
1703 1798 1848 1834 legeretur

1054 1853 1117 1872 cum
1134 1845 1270 1872 Eusebius
1282 1853 1333 1873 nec
1343 1846 1405 1873 sine
1426 1852 1536 1872 summa
1551 1843 1724 1879 negligentia
1738 1847 1767 1870 et
1781 1843 1860 1870 osci-

1055 1891 1140 1919 tantia
1153 1891 1221 1924 falli,
1241 1900 1292 1919 nec
1306 1892 1368 1920 sine
1396 1890 1554 1919 incredibili
1578 1890 1699 1917 audacia
1714 1893 1743 1917 et
1766 1890 1860 1924 impu-

1053 1937 1145 1965 dentia
1160 1937 1255 1965 fallere
1268 1938 1368 1973 potuit.
1382 1937 1446 1966 Haec
1465 1937 1602 1974 particula
1617 1936 1784 1972 quingentis
1796 1941 1860 1970 post

1053 1983 1203 2012 Eusebium
1218 1985 1300 2012 annis
1314 1985 1342 2012 in
1353 1985 1451 2012 eadem
1466 1984 1585 2019 epistola
1598 1983 1741 2016 exstabat,
1770 1987 1801 2009 ut
1825 1990 1860 2009 η

1054 2030 1152 2057 Photio
1164 2029 1316 2064 discimus;
1342 2039 1378 2058 an
1404 2031 1520 2066 reliquis
1540 2037 1637 2058 comva
1663 2029 1751 2056 luerit
1776 2029 1860 2064 plane

1054 2076 1204 2104 nescimus.
1219 2075 1273 2103 Sed
1295 2076 1318 2103 si
1343 2076 1442 2103 demus
1457 2083 1519 2103 eam
1534 2075 1620 2103 etiam
1644 2073 1735 2101 fuisse
1761 2078 1860 2100 nostra

1054 2122 1213 2148 testimonio
1236 2126 1360 2157 tempore
1385 2121 1499 2150 Eusebii
1530 2120 1702 2156 subiectam,
1729 2120 1860 2147 nondum

1054 2171 1145 2195 tamen
1160 2167 1202 2195 vel
1216 2168 1290 2195 illam
1306 2168 1452 2196 mendacio
1465 2167 1622 2203 inspersam
1638 2173 1705 2194 esse
1725 2166 1860 2193 concedi<

1054 2220 1126 2240 mus.
1148 2212 1206 2240 lmo
1232 2220 1298 2240 vero
1327 2213 1470 2248 quomodo
1487 2213 1547 2240 haec
1570 2212 1657 2240 verba
1672 2221 1681 2239 :
1702 2211 1739 2238 Et
1754 2212 1860 2244 ἀείρεο

1055 2257 1179 2293 lgnatio,
1193 2263 1219 2286 et
1245 2259 1278 2286 de
1300 2259 1341 2287 his
1368 2260 1414 2292 qui
1435 2267 1497 2286 cum
1516 2267 1547 2286 eo
1570 2263 1648 2292 sunt,
1669 2261 1743 2294 quod
1757 2258 1859 2285 certius

1053 2304 1213 2338 agnoveritis
1229 2304 1392 2339 signiﬁcate,
1403 2312 1466 2339 qua:
1494 2304 1564 2331 nihil
1579 2304 1700 2331 omnino
1714 2310 1858 2334 asserunt,

1054 2348 1122 2375 nihil
1137 2348 1273 2376 aﬂirmant
1283 2353 1331 2376 aut
1348 2353 1460 2383 negant,
1477 2348 1617 2375 mendacii
1631 2352 1662 2374 et
1683 2347 1802 2382 quidem
1817 2347 1860 2374 in-

1054 2394 1140 2428 signis
1167 2402 1212 2422 rea
1234 2401 1296 2422 esse
1319 2394 1437 2429 possint,
1468 2402 1524 2421 non
1547 2394 1685 2429 intelligo.
1717 2393 1774 2426 Qui
1793 2394 1860 2421 talia

1054 2439 1123 2466 mihi
1135 2440 1280 2472 scriberet,
1295 2447 1359 2468 eum
1376 2448 1410 2467 ne
1425 2447 1489 2467 vera
1503 2439 1619 2475 quidem
1634 2439 1756 2472 dixisse,
1770 2440 1859 2466 multo

1053 2486 1145 2513 minus
1170 2487 1314 2514 mentitum
1338 2494 1400 2514 esse
1429 2487 1562 2514 dicerem.
1590 2486 1711 2519 Verum,
1736 2486 1858 2522 inquies,

1053 2532 1180 2567 quamvis
1191 2540 1245 2559 non
1271 2538 1412 2567 asserunt,
1440 2534 1564 2561 innuunt
1584 2539 1682 2561 tamen
1697 2533 1768 2561 illud
1783 2534 1858 2569 quod

1053 2583 1112 2605 erat
1124 2578 1233 2605 veritati
1249 2579 1434 2610 contrarium.
1451 2580 1574 2612 scilicet,
1595 2580 1742 2614 lgnatium
1757 2588 1855 2614 super-

1051 2631 1123 2656 esse,
1139 2623 1230 2651 vivere
1251 2628 1279 2651 et
1300 2624 1412 2657 valere.
1437 2633 1520 2660 quem
1543 2625 1722 2661 Polycarpus
1742 2632 1856 2653 noverat

1051 2674 1116 2696 ante
1128 2668 1288 2697 defunctum
1309 2677 1381 2698 esse.
1412 2670 1466 2698 Sed
1493 2679 1528 2699 ne
1549 2672 1604 2699 hoc
1619 2672 1738 2707 quidem
1761 2680 1855 2700 verum

1051 2719 1109 2746 est;
1125 2715 1265 2749 particulae
1280 2715 1355 2743 illius
1370 2720 1469 2743 auctor
1483 2723 1539 2744 non
1561 2717 1709 2751 signiﬁcat
1719 2738 1727 2749 ,
1742 2722 1791 2744 aut
1803 2718 1855 2744 ιιιιυ

1051 2759 1133 2786 modo
1149 2760 1238 2787 innuit
1256 2759 1393 2794 lgnatium
1408 2766 1476 2789 tunc
1503 2762 1530 2789 in
1548 2762 1623 2790 vivis
1638 2762 1743 2791 fuisse.
1770 2762 1854 2790 Verba

1049 2803 1191 2837 particulae
1215 2804 1242 2830 in
1270 2805 1356 2831 veteri
1386 2804 1485 2833 Latina
1514 2807 1648 2835 versione
1663 2817 1672 2835 :
1698 2807 1736 2834 Et
1758 2809 1854 2842 ἀείρω

1049 2849 1180 2884 lgnatio,
1210 2854 1234 2876 et
1270 2850 1302 2876 de
1328 2851 1363 2877 iis
1390 2852 1436 2886 qui
1459 2860 1521 2879 cum
1545 2861 1576 2880 eo
1604 2859 1674 2881 sunt
1701 2854 1809 2890 (Graece
1828 2862 1854 2881 ut

1049 2894 1168 2930 opinor,
1194 2894 1241 2921 καὶ
1272 2895 1337 2931 περὶ
1369 2896 1502 2930 Ἰτνατιου
1532 2898 1581 2925 καὶ
1613 2899 1685 2935 περὶ
1721 2900 1780 2928 τῶν
1802 2900 1854 2935 μετ’
