1874 3070
55 170 87 197 ιιι
387 167 412 195 J.
432 167 616 196 PEARSONII
637 167 797 197 VlNDlClrE
818 167 1029 197 IGNATIANAE.
1048 183 1083 189 -—
1099 167 1190 195 PARS
1210 166 1231 194 1.

1593 165 1645 192 ΗΞ

52 230 195 266 αῡπῦηιιοά
223 230 320 257 certius
351 230 511 264 agnoveritis
533 230 698 264 signiﬁcate;
722 231 804 257 verba
820 234 843 262 Α
893 231 982 265 Atque
999 230 1055 257 haec
1071 229 1181 262 deiide;
1209 235 1282 255 nunc
1295 227 1329 254 de
1353 227 1379 254 vi
1400 226 1547 254 testimonii
1562 233 1644 262 agen-

52 275 116 302 Pbotii
127 279 204 303 sunt:
224 275 344 300 Λίτεῖται
359 274 567 310 ἀναδιδαχθῆναι
591 276 656 311 παρ’
673 275 764 302 αὐτῶν
780 275 808 302 εῐ

50 330 67 347 τι
79 322 130 357 περὶ
144 321 244 348 ἐκείνου
255 320 436 352 διακούσαιεν,
453 321 519 355 petit
531 325 561 348 ut
577 321 610 348 ab
628 322 693 357 ipsis
710 323 806 349 certior

50 369 92 402 ﬁat,
104 368 123 395 si
135 367 193 402 quid
205 367 237 393 de
259 366 308 393 illo
324 367 514 394 inaudiverint.
539 367 634 394 Primo
649 372 739 395 autem
756 375 806 395 au-

49 415 91 441 dire
103 418 215 448 poterant
225 412 416 448 Philippeuses
431 413 535 449 aliquid
550 413 584 441 de
608 413 712 449 lgnatio
731 414 804 447 vivo,

48 460 102 495 quod
113 458 270 495 Polycarpus
284 459 319 486 ab
334 459 387 486 illis
402 459 473 487 scire
483 466 594 495 cuperet
606 461 652 487 illo
665 460 803 488 defuncto.

49 505 195 540 lgnalins,ut
219 503 344 531 referunt
370 505 445 532 illius
458 509 529 537 acta,
552 514 599 540 per
622 505 804 541 Philippeuses

48 552 186 587 pertransit
211 551 397 578 Macedoniam
417 552 513 586 pedes;
538 559 554 579 a
583 551 805 587 Philippensibns

48 598 105 625 missi
115 601 174 624 sunt
186 597 269 632 aliqui
281 597 328 632 qui
346 605 421 630 eum,
442 598 556 625 honoris
568 603 595 626 et
618 598 805 634 refrigeratio-

48 643 79 669 nis
91 649 172 674 causa,
187 642 212 669 in
225 642 325 669 itinere
337 642 515 676 deducerent,
531 643 602 677 quod
619 643 686 670 mihi
698 643 806 670 videtur

47 688 184 723 Polynrpus
195 689 222 715 in
238 688 319 715 initio
344 688 466 723 epistolae
486 688 620 721 innuisse,
639 689 683 716 his
695 689 803 716 verbis:

47 734 178 769 Δεξαμὲνακ
190 734 224 760 τὰ
241 735 392 770 μιμήματα
407 734 457 770 τῆς
476 734 594 769 ἀληθοῦς
619 735 740 770 ἀγάπης.
758 734 805 761 καὶ

47 781 221 816 πρκέμψασιν,
232 781 271 813 ὡς
286 781 420 808 ἐπέὸαλεν
443 781 518 817 ὑμῖν,
534 782 598 813 τοὺς
616 780 805 816 ὲνειλημένους

47 827 88 857 τρῖς
100 827 268 863 ἁγιοπρεπέσι
289 827 412 862 mucis,
435 835 497 862 qure
511 827 621 862 quidem
642 827 724 854 verba
741 835 804 854 cum

49 880 155 902 noerecte
169 875 281 910 legeret,
300 882 352 902 nec
368 875 482 902 omnino
495 874 658 909 intelligeret
668 879 747 902 vetns
762 875 805 901 in-

49 923 137 953 terprcs,
150 919 183 946 ita
197 919 340 947 transtulit
365 929 371 946 :
394 918 547 954 Suscipiens
563 919 706 946 imitabilia
727 919 805 946 verba

49 965 177 998 dilectionis,
187 973 265 1000 quam
295 965 455 992 ostendistis
479 965 507 992 in
521 965 588 998 illis,
610 966 657 1001 qui
673 966 806 1000 prcemissi

49 1012 161 1038 srntviris
182 1011 282 1038 sanctis
309 1012 447 1038 decoraris
471 1011 585 1040 vinculis
603 1013 740 1039 connexis.
766 1012 806 1040 lta

51 1057 90 1088 ille.
106 1057 238 1092 δεξάμενος
255 1065 308 1092 pro
325 1057 491 1098 δεξαμένοις.
507 1057 611 1093 legens,
637 1062 720 1093 atque
744 1058 806 1085 ideo

50 1103 129 1138 reliqua
151 1104 237 1131 omnia
262 1104 399 1131 aliorsum
419 1103 546 1136 trahens;
563 1108 592 1131 tu
607 1109 716 1132 vertas:
731 1103 805 1133 Con-

50 1150 134 1182 gaiisns
144 1157 199 1177 sum
213 1150 306 1181 vobis,
332 1150 377 1186 qui
405 1158 473 1177 verte
486 1150 628 1177 charitatis
641 1150 806 1185 exemplaria

50 1195 166 1227 accpistis,
176 1199 199 1221 et
210 1195 375 1227 deduxistis,
385 1200 415 1221 ut
431 1199 515 1221 vestro
529 1194 612 1228 ofﬁcio
627 1193 804 1226 conveniebat,

51 1239 152 1266 inclutos
177 1240 306 1271 vinculis,
333 1248 392 1275 quw
426 1240 525 1267 sanctis
550 1244 704 1266 ornamento
731 1245 804 1266 sunt.

51 1283 217 1317 llalluixittsdx;
232 1286 370 1313 ἐπέϐαλεν
388 1286 462 1321 ὑμῖν,
480 1286 608 1319 reddidit,
625 1291 654 1312 ut
668 1286 740 1313 vobis
753 1286 807 1312 [)0-

51 1331 115 1357 minus
127 1332 272 1364 inspiravit;
290 1339 344 1367 ego
356 1332 458 1366 potius,
476 1336 505 1358 ut
519 1336 603 1358 oestro
618 1331 701 1366 oﬂicia
714 1339 806 1358 com-e-

51 1374 125 1405 aiebat.
138 1376 197 1410 quia
224 1377 281 1403 h:ec
305 1377 393 1403 multo
407 1376 574 1411 simpliciora
599 1381 673 1409 sunt,
697 1381 724 1404 et
753 1376 806 1404 hoc

50 1428 112 1447 sensu
123 1421 184 1448 bene
194 1421 300 1450 Graeca.
318 1421 493 1449 Deducebant
509 1422 591 1457 igitur
606 1429 639 1448 ex
651 1421 806 1456 Philippen-

50 1466 107 1493 sibus
117 1468 191 1502 aliqui
204 1467 341 1503 lgnatium
353 1468 525 1503 comitesque
538 1476 586 1503 per
606 1467 805 1501 Macedoniam,

50 1511 102 1539 forte
110 1513 180 1540 etiam
196 1521 284 1548 usque
310 1513 493 1548 Epidamum;
518 1514 589 1541 unde
609 1513 805 1550 pseudo-lgna-

50 1557 97 1590 tius,
109 1559 145 1585 vel
160 1559 247 1594 potius
274 1559 378 1594 aliquis
399 1559 481 1592 alius,
495 1559 541 1595 qui
558 1559 666 1586 titulum
683 1559 805 1594 epistolae

50 1603 73 1629 ad
83 1603 249 1640 Philippenses
273 1606 403 1641 praeﬁxit,
429 1605 560 1640 scriptam
574 1612 634 1632 eam
659 1605 744 1632 voluit
769 1605 804 1633 al)

50 1648 180 1683 Epidamno.
206 1651 238 1678 Hi
261 1652 348 1688 igitur
371 1651 515 1686 Philippos
528 1651 562 1678 ab
573 1650 678 1686 lgnatio
703 1652 806 1679 reversi

50 1695 113 1722 multa
125 1697 178 1725 sine
190 1697 274 1725 dubio
286 1698 323 1725 de
342 1697 402 1733 ipso
417 1698 582 1730 narrabant,
601 1698 686 1724 multa
703 1697 736 1725 de
760 1705 806 1725 co-

50 1741 215 1777 mitibus,qn:e
235 1743 265 1770 S.
289 1743 474 1779 Polycarpum
501 1743 536 1770 ab
560 1743 627 1778 ipsis
650 1743 745 1771 audire
757 1751 806 1771 vo-

51 1783 121 1820 luisse,
137 1789 214 1816 etiam
240 1794 304 1826 post
325 1789 487 1824 martyrium
515 1788 545 1816 S.
571 1789 678 1824 lgnatii,
693 1797 741 1824 par
765 1793 807 1816 est

50 1833 144 1860 Credere.
159 1834 281 1863 Secundo
300 1836 398 1863 audire
412 1840 535 1870 poterant
545 1835 736 1871 Pliilippenscs
753 1835 805 1863 ali—

50 1878 98 1910 quid
109 1879 137 1906 de
150 1879 247 1916 lgnatio
259 1885 382 1914 mortuo,
400 1889 454 1908 non
470 1881 560 1908 minus
573 1888 655 1916 quam
681 1881 744 1908 vivo
757 1891 764 1908 :
778 1884 807 1908 et

51 1920 188 1960 Polycarpns
204 1927 262 1954 sine
281 1927 370 1954 dubio
381 1927 451 1954 scire
471 1927 559 1962 magis
587 1926 684 1953 avebat
696 1933 758 1961 quae
770 1925 806 1953 ad

51 1974 150 2004 mortem,
162 1979 239 2006 quam
259 1979 323 2007 qua:
338 1972 373 1999 ad
388 1971 498 1999 vincula
511 1971 607 2006 lgnatii
621 1971 804 2006 pertinebant;

50 2021 111 2047 quam
120 2018 238 2051 praeclare
261 2027 292 2046 se
308 2019 335 2045 in
352 2019 412 2054 ipso
425 2018 558 2053 martyrio
583 2017 708 2053 gesserit,
721 2025 807 2052 quan-

50 2065 93 2090 tum
103 2065 219 2094 honorem
240 2067 408 2095 Christiana:
432 2066 557 2102 religioni
582 2066 714 2098 attulerit,
739 2065 806 2101 quid

51 2110 141 2138 Comites
151 2113 173 2139 ei
186 2113 212 2139 in
237 2118 293 2141 tam
309 2114 445 2149 praecipiti
468 2113 589 2148 periculo
614 2112 804 2147 praestiterint.

50 2155 99 2189 quid
111 2159 175 2192 passi
197 2159 261 2192 sint,
287 2165 338 2188 aut
362 2159 488 2192 fecerint,
501 2167 536 2187 an
551 2159 585 2187 de
598 2159 722 2194 reliquiis
737 2158 805 2186 tanti

51 2204 152 2238 martyris
162 2205 258 2241 aliquid
271 2206 508 2235 conservaverint.
534 2204 594 2233 Non
609 2205 683 2233 enim
698 2208 803 2232 tantum

50 2246 75 2273 de
84 2247 180 2284 lgnatio,
199 2251 245 2279 sed
275 2253 358 2280 ctiam
384 2252 419 2279 de
441 2251 557 2279 Philone
581 2255 610 2279 et
626 2250 805 2286 Agathopode

50 2295 167 2324 comitibus
176 2298 233 2332 ejus
247 2302 358 2334 quant.
371 2297 466 2326 Potuit
481 2297 562 2333 igitur
578 2296 745 2333 Polycarpus
761 2296 804 2324 in-

49 2342 112 2370 cendi
126 2345 207 2373 studio
220 2346 348 2374 audiendi
362 2345 466 2381 aliquid
479 2346 513 2373 de
529 2344 634 2381 lgnatio
646 2344 718 2376 vivo,
730 2343 806 2379 quod

51 2388 146 2417 nondum
160 2391 306 2426 audiverat,
322 2392 387 2420 licet
401 2399 464 2419 eum
480 2391 538 2426 jam
561 2390 722 2419 defunctum
744 2397 806 2417 esse

50 2439 92 2460 nou
101 2434 237 2471 dubitaret;
252 2439 340 2473 potuit
353 2437 470 2465 aviditas
481 2445 544 2465 eum
561 2441 652 2465 tenere
664 2437 756 2471 aliqua
772 2435 806 2464 de

51 2477 97 2512 ipso
108 2487 203 2511 mortuo
217 2484 341 2520 vivisque
367 2484 516 2512 comitibus
539 2483 719 2520 intelligendi,
744 2490 806 2518 quae

49 2525 110 2558 Prius
130 2529 160 2556 ad
188 2530 373 2567 Philippenses
401 2531 428 2558 in
456 2530 636 2564 Macedonia,
661 2538 744 2566 quam
770 2529 804 2557 ad

51 2569 237 2607 SinYl'nensesin
260 2578 326 2605 Asia
354 2577 498 2612 pervenire
511 2581 632 2612 possent.
659 2575 720 2604 Non
740 2579 806 2604 sunt

50 2616 176 2652 isiurhac
191 2623 223 2651 de
234 2625 328 2652 eadem
355 2632 385 2652 re
406 2623 591 2657 dissentanea,
614 2623 690 2650 nulla
708 2623 736 2650 in
761 2622 805 2649 bis

51 2665 123 2693 verbis
140 2670 308 2699 contrarietas
332 2675 381 2698 ant
406 2669 596 2706 repugnantia.
620 2669 710 2703 Quare
736 2668 804 2696 satis

51 2711 169 2741 manifesto
194 2724 242 2744 nos
265 2721 415 2745 extremam
442 2716 606 2752 particulam
626 2724 642 2743 a
664 2714 803 2743 mendacii

52 2756 143 2786 crimine
155 2761 336 2796 liberavimus;
355 2771 420 2791 eum
450 2767 553 2795 autem,
565 2762 614 2797 qui
630 2767 684 2789 tam
700 2761 804 2789 diserte

52 2802 201 2833 Ultimo-ium
215 2807 353 2844 Polycarpi
376 2808 514 2836 mendacio
536 2808 699 2843 inspersum,
724 2812 747 2834 et
761 2807 802 2833 lo-

53 2853 98 2873 »‘III
106 2849 189 2886 insigni
197 2856 483 2892 meudacio‘dcformem
493 2855 574 2889 dixit,
588 2854 635 2882 alii
646 2854 693 2889 qui
706 2853 801 2882 volunt

53 2897 73 2918 ει
82 2901 188 2933 Possunt,
203 2900 322 2930 liberem.

857 277 922 303 dum
935 281 987 303 est.
1004 276 1108 303 Asserit
1120 275 1255 302 Eiisebius
1267 275 1317 302 has
1331 274 1407 309 ipsas
1422 273 1562 308 epistolas,
1574 280 1645 308 quas

856 322 1041 353 deiendimns.
1058 322 1142 350 fuisse
1157 330 1172 348 a
1191 321 1341 357 Polycarpo
1362 324 1539 347 memoratas.
1559 320 1614 346 Καὶ
1629 321 1645 347 ὸ

855 366 1034 403 Πολύκαρπος
1044 367 1073 394 δὲ
1091 366 1193 393 τούτων
1215 366 1303 393 αὐτῶν
1320 365 1455 401 μέμνηται
1472 366 1501 392 ἐν
1517 367 1550 401 τῇ
1563 372 1644 400 φερο-

857 413 926 449 μένῃ
941 412 1024 440 αὐτοῦ
1038 412 1106 448 πρὸς
1117 412 1314 447 Φιλιππησίους
1330 411 1468 447 ὲπιστυλῇ.
1484 411 1535 438 Sed
1550 416 1575 438 et
1590 411 1644 438 Po-

855 459 979 493 lycarpus
996 459 1024 485 in
1051 467 1101 485 sua
1117 458 1151 485 ad
1169 458 1349 492 Philippenses
1364 458 1476 492 epistola
1490 458 1643 484 earumdem

856 505 974 532 meminit
999 504 1182 538 cpistolarum.
1212 504 1290 537 Quod
1311 503 1445 531 Eusebius
1466 503 1575 535 asserit,
1592 511 1643 530 nn-

856 550 906 578 stri
931 551 1034 585 pariter
1047 550 1200 583 aﬂirmant;
1215 549 1333 577 Dallzens
1349 555 1440 584 negat.
1460 549 1572 576 Fatetur
1585 549 1643 583 qui.

855 596 916 623 dem
938 597 1032 624 testari
1059 604 1141 632 posse
1165 596 1356 633 Polycarpnm,
1372 597 1479 632 aliquas
1499 596 1644 631 scripsisse

855 642 986 677 epistolas
1001 642 1146 678 lgnatinm,
1162 643 1212 671 bas
1225 648 1316 670 autem
1328 650 1376 670 eas
1389 642 1474 670 fuisse
1491 647 1587 678 negat;
1605 643 1643 670 si-

855 688 934 716 miles
947 689 1037 723 aliqua
1053 697 1082 717 re
1096 688 1181 716 fuisse
1204 689 1329 724 largitur.
1353 688 1463 716 easdem
1479 687 1564 715 fuisse
1581 695 1643 723 per-

855 741 945 769 negat.
963 733 1109 762 Rationem
1121 735 1275 771 negationis
1290 735 1398 762 unicam
1412 735 1501 766 alfert,
1521 734 1594 770 quod
1615 734 1641 762 id

855 780 1003 809 clarissime
1014 786 1039 808 et
1053 782 1229 816 multifariam
1241 791 1257 808 a
1269 790 1295 809 se
1313 782 1393 817 fuerit
1413 781 1641 813 demonstratum,

856 827 891 854 ob
908 835 1005 862 nempe
1025 827 1271 855 Valentinianorum
1297 828 1386 864 σιγὴν,
1405 833 1430 855 et
1456 828 1642 863 Patripassia-

856 881 950 899 norum
962 873 1084 904 lia'resin,
1101 873 1257 908 similiaque
1273 881 1332 909 qua:
1353 873 1412 908 fieri
1428 882 1478 900 non
1500 879 1585 907 potest
1612 879 1642 900 ut

855 918 973 952 epistola:
988 926 1046 945 vere
1068 918 1100 945 ab
1116 918 1223 954 lgnatio
1236 920 1342 954 scripta
1365 918 1516 947 habuerint.
1545 919 1583 947 Ita
1607 921 1642 947 ait

857 969 1019 1000 ttrgumento
1043 972 1058 992 a
1075 965 1238 992 testimoniis
1259 965 1354 1000 petito,
1379 965 1411 992 ad
1427 965 1492 992 illud
1516 965 1588 1001 quod
1608 972 1641 993 ex

857 1009 971 1036 materia
985 1009 1075 1044 operis
1088 1009 1241 1042 deducitur,
1255 1010 1403 1037 dcsultorie
1417 1010 1525 1043 transit,
1536 1015 1562 1038 et
1578 1018 1640 1038 cum

856 1059 970 1081 externo
984 1059 1147 1089 argumento
1167 1056 1310 1090 premitur,
1336 1055 1370 1082 ad
1389 1056 1526 1082 internum
1543 1055 1640 1083 confu-

857 1100 903 1135 git.
917 1100 1016 1128 Dicunt
1029 1102 1116 1128 nostri
1132 1101 1312 1138 Polycarpum
1340 1102 1433 1128 testari
1460 1101 1489 1129 S.
1506 1103 1640 1136 lgnatium

858 1145 907 1172 llas
920 1145 1050 1180 epistolas
1065 1147 1226 1181 scripsisse;
1244 1147 1401 1182 respondet,
1425 1147 1490 1182 ipsa:
1519 1147 1640 1175 luculen-

858 1192 957 1219 tissime
969 1198 1074 1227 negant.
1091 1191 1205 1220 Frustra
1220 1193 1334 1220 omnino
1354 1197 1381 1220 et
1395 1193 1477 1221 dictis
1502 1201 1585 1221 causa
1599 1202 1642 1221 re-

856 1236 979 1264 lellendis
998 1242 1155 1264 nostrorum
1171 1238 1339 1273 argumentis
1358 1245 1374 1266 a
1388 1242 1510 1265 veterum
1522 1240 1642 1266 auctori-

857 1287 910 1310 tate
922 1283 1038 1319 sumptis
1049 1284 1197 1316 insudavit,
1213 1284 1236 1312 si
1259 1285 1367 1320 quoties
1381 1292 1412 1312 ea
1424 1285 1591 1317 aﬂ‘eruntnr.
1608 1286 1641 1312 ad

855 1329 923 1357 tales
950 1329 1200 1357 demonstrationes
1223 1335 1364 1363 recurrat;
1387 1338 1449 1358 cum
1475 1339 1530 1358 una
1559 1339 1641 1366 opera

855 1375 946 1410 potius
957 1375 1050 1402 omnia
1074 1375 1216 1410 repudiare
1240 1375 1374 1403 debuerit.
1392 1375 1445 1403 Sed
1465 1383 1516 1404 nos
1529 1377 1642 1404 demon-

856 1422 1004 1448 strationes
1026 1421 1086 1456 ejus
1112 1428 1207 1449 omnes
1218 1428 1287 1456 quas
1301 1422 1402 1457 ubique
1423 1422 1563 1456 praedicat.
1579 1430 1642 1458 pro-

856 1469 928 1494 xima
936 1467 1141 1499 dissertatione,
1157 1467 1208 1494 hoc
1220 1471 1272 1499 est,
1282 1475 1333 1494 suo
1345 1467 1416 1500 loco,
1426 1468 1642 1502 objectiuncnlas

856 1518 961 1541 tantum
988 1513 1121 1546 inﬁrmas,
1149 1513 1357 1547 levissimasque
1382 1513 1556 1548 conjecturas
1581 1521 1644 1541 esse

856 1559 1118 1591 demonstrabimus,
1144 1564 1226 1594 atque
1246 1559 1354 1587 interim
1371 1558 1422 1587 hoc
1450 1559 1540 1593 ipsum
1563 1558 1643 1596 Poly-

817 1594 840 1626 (ἶ
856 1605 929 1640 carpi
943 1605 1129 1633 testimonium
1158 1605 1348 1638 defendemus,
1375 1609 1403 1632 et
1425 1609 1503 1632 extra
1532 1594 1642 1633 omnem

856 1651 1082 1679 contradictionis
1098 1652 1184 1679 aleam
1198 1658 1342 1687 ponemus.

893 1697 962 1731 llas,
988 1698 1087 1733 inquit,
1103 1698 1241 1733 scripsisse
1259 1697 1392 1733 lgnatium
1407 1705 1458 1724 non
1478 1697 1543 1723 dicit
1569 1696 1642 1724 locus

857 1745 982 1780 objectus.
999 1744 1070 1778 Quid
1084 1745 1184 1780 igitur?
1195 1752 1230 1772 an
1248 1744 1339 1771 minus
1358 1744 1485 1771 idoneum
1503 1747 1544 1771 est
1566 1744 1643 1771 testi-

856 1791 992 1825 monium,
1007 1795 1055 1818 aut
1073 1799 1107 1819 eo
1122 1791 1233 1818 nomine
1251 1790 1342 1818 statim
1360 1789 1559 1825 rejiciendnm?
1575 1789 1644 1823 Quis

857 1844 977 1871 unquam
994 1842 1117 1864 veterum
1141 1836 1210 1863 dixit
1233 1843 1282 1863 eos
1296 1836 1394 1871 libros,
1406 1843 1476 1870 quos
1503 1843 1577 1862 nunc
1593 1835 1643 1862 ba~

856 1882 964 1916 bemus,
993 1881 1078 1910 fuisse
1102 1882 1137 1909 ab
1167 1882 1220 1909 illis
1243 1882 1373 1917 scriptos,
1391 1882 1492 1916 quibus
1511 1881 1568 1916 jam
1592 1881 1645 1908 tri-

856 1928 996 1956 buuntur?
1009 1928 1050 1955 An
1062 1936 1157 1955 eorum
1174 1928 1320 1963 quisquam
1338 1927 1407 1954 vidit
1432 1933 1524 1955 nostra
1551 1935 1644 1954 exem-

856 1974 960 2009 plaria?
988 1981 1022 2001 an
1047 1973 1118 2001 scire
1145 1973 1201 2000 ullo
1219 1973 1301 2000 modo
1316 1974 1421 2008 potuit,
1449 1973 1514 2008 quid
1529 1980 1579 2000 nos
1592 1973 1644 2000 hac

856 2019 1117 2055 aetatelegeremus‘!
1140 2017 1168 2045 Si
1195 2020 1235 2046 sic
1248 2019 1361 2046 criticen
1387 2026 1514 2046 exercere
1528 2019 1643 2054 placeat.

856 2065 984 2093 universa
996 2070 1117 2092 veterum
1131 2064 1286 2092 testimonia
1297 2064 1435 2092 incassum
1448 2065 1526 2092 libris
1541 2064 1644 2092 nostris

856 2111 999 2138 doctorum
1020 2111 1141 2138 virorum
1168 2111 1303 2138 industria
1317 2111 1453 2146 praeﬁxit:
1478 2118 1539 2146 qua:
1554 2111 1644 2146 potius

856 2157 884 2184 in
898 2161 1037 2192 posterum
1065 2157 1202 2185 eradenda
1229 2157 1376 2190 videntur;
1392 2156 1416 2184 si
1429 2157 1502 2184 enim
1525 2157 1581 2183 haec
1595 2156 1644 2183 ob-

856 2204 975 2231 servatio
997 2203 1139 2236 obtineat,
1167 2203 1244 2230 nilnli
1263 2208 1327 2230 sunt
1343 2202 1446 2230 omnia.
1475 2201 1562 2229 Verba
1580 2205 1645 2229 sunt

820 2264 844 2295 υ
859 2247 950 2275 Dalltei
966 2258 972 2276 ε
999 2249 1076 2281 Quod
1090 2249 1160 2275 enim
1172 2249 1263 2281 aiunt,
1284 2247 1431 2283 lgnatiunu
1453 2247 1524 2282 apud
1547 2252 1644 2274 veteres

856 2294 891 2321 ab
903 2294 979 2321 omni
993 2301 1052 2321 aevo
1067 2293 1162 2320 Patres
1182 2294 1241 2328 pari
1267 2301 1327 2320 cum
1351 2293 1494 2320 Clementis
1512 2298 1537 2319 et
1561 2291 1644 2327 Poly-

857 2342 931 2376 carpi
953 2341 1072 2376 epistolis
1099 2340 1252 2368 reverentia
1276 2347 1384 2375 semper
1404 2339 1495 2374 fuisse,
1519 2338 1547 2365 id
1561 2339 1645 2365 miror

855 2389 890 2416 iis
908 2388 1037 2416 excidisse
1054 2388 1099 2423 qui
1125 2387 1205 2423 probe
1223 2387 1328 2418 sciunt,
1349 2391 1489 2420 utramque
1510 2385 1577 2412 hanc
1590 2385 1645 2419 epi-

856 2437 952 2464 stolam
967 2435 999 2462 ab
1012 2434 1115 2462 Irenazo
1126 2434 1229 2469 magnis
1240 2433 1364 2460 laudibus
1379 2431 1538 2459 celebratam
1550 2432 1643 2467 fuisse,

857 2489 882 2510 et
906 2481 1099 2510 Clementinam
1115 2481 1219 2516 proprie
1243 2489 1259 2506 a
1286 2478 1414 2513 Dionysio
1431 2477 1571 2505 Corinthio
1584 2477 1645 2504 tau-

855 2529 958 2556 datam.
985 2527 1039 2555 Sed
1064 2533 1150 2562 quare
1166 2526 1281 2553 miretur
1303 2532 1357 2552 non
1370 2524 1462 2556 video,
1481 2531 1545 2550 cum
1561 2523 1645 2558 probe

856 2574 937 2607 sciat,
951 2581 1002 2600 nec
1013 2572 1044 2600 S.
1057 2572 1188 2599 Irenaeum
1206 2571 1278 2597 hanc
1286 2567 1442 2604 Polycarpi,
1461 2573 1508 2595 aut
1522 2567 1646 2595 Clemen-

856 2620 901 2651 tis,
916 2627 966 2646 nec
981 2617 1140 2653 Dionysium
1157 2616 1227 2643 hanc
1250 2615 1280 2642 S.
1304 2614 1454 2642 Clementis
1465 2614 1574 2648 proprie
1584 2613 1646 2640 lau-

854 2665 943 2693 dasse.
977 2663 1007 2691 S.
1031 2663 1125 2691 [renati
1151 2662 1233 2690 verba
1249 2664 1333 2689 sunt:
1351 2659 1404 2687 Sub
1423 2659 1470 2686 hoc
1488 2659 1571 2694 igitur
1585 2658 1644 2686 διε,

856 2711 1121 2745 mente,dissensione
1134 2717 1187 2736 non
1198 2708 1303 2735 modica
1319 2708 1389 2734 inter
1404 2715 1450 2734 eos
1464 2707 1509 2742 qui
1522 2706 1644 2734 Corinthi

854 2763 938 2785 essent
955 2757 1051 2792 fratres
1065 2756 1150 2792 facta,
1165 2755 1272 2789 scripsit
1287 2762 1346 2789 quw
1361 2758 1400 2781 est
1417 2753 1510 2780 Romte
1525 2751 1644 2779 Ecclesia

854 2805 1049 2840 potentissimas
1079 2803 1183 2830 litteras
1213 2802 1372 2830 Corinthiis.
1400 2799 1462 2827 Non
1489 2798 1555 2826 dicit
1574 2798 1645 2826 hanc

854 2852 1007 2887 epistolam,
1040 2859 1123 2886 quam
1151 2857 1224 2877 nunc
1255 2849 1399 2881 habemus,
1424 2847 1459 2874 ad
1487 2845 1645 2873 Corinthios

857 2903 920 2926 tunc
934 2897 1019 2925 fuisse
1035 2897 1181 2932 scriptam;
1206 2903 1260 2923 non
1282 2894 1403 2922 afﬁrmat
1415 2893 1497 2924 hanc,
1512 2899 1546 2918 ne
1562 2890 1644 2917 ullam
