1874 3070
212 167 264 196 ηδ

734 163 763 191 S.
780 162 956 191 lGNATIUS.
977 176 1011 182 —-
1029 159 1296 189 PROLEGOMENA.

1799 158 1857 185 tu

211 229 322 264 quidem
334 234 350 255 a
375 226 515 254 Clemente
530 225 616 253 fuisse
630 229 782 253 exaratam.
800 225 837 251 De
855 222 997 260 Polycarpi
1013 225 1034 252 Λ
1051 222 1181 257 probatus
1203 222 1249 255 sit,
1265 227 1294 249 ut
1319 220 1513 254 Antiochense,
1531 220 1558 247 id
1572 225 1614 248 est
1628 219 1756 247 omnium
1783 227 1857 254 qum

211 272 327 308 epistola
343 272 401 299 hmo
416 272 516 299 habet:
545 271 594 298 Est
621 276 710 298 autem
732 275 757 298 et
780 270 892 305 epistola
914 269 998 304 Poly-

211 320 286 355 ιιιφί
298 318 333 346 ad
347 317 528 353 Philippenses
553 318 655 352 scripta
680 317 884 352 perfectissima,
899 323 932 343 ea:
945 324 999 352 qua

211 365 392 392 characterem
415 364 478 399 ﬁdei
505 363 578 398 eius,
591 368 616 390 et
631 362 848 398 prtcdicatianem
868 361 998 394 veritatis,

210 410 258 443 qui
272 409 373 442 volunt,
392 414 417 436 et
438 416 529 436 curam
555 408 651 435 habent
665 416 721 436 sua:
746 407 844 436 salutis
856 427 864 440 ,
890 413 999 441 possunt

210 459 324 486 discere.
339 457 398 485 Non
414 456 532 484 affirmat
544 456 668 483 eamdem
679 455 822 492 epistolam
834 462 894 482 eam
914 454 1000 483 fuisse

210 512 274 540 quae
287 511 361 532 nunc
383 507 485 534 exstat.
502 503 559 529 imo
584 503 688 530 nullum
717 502 902 530 characterem
918 501 1000 529 tradit

213 550 278 578 huic
294 549 471 585 peculiarem.
487 548 525 576 Dc
538 548 687 576 Clementis
708 548 825 584 epistola
851 547 999 584 Dionysius

210 596 418 624 Corinthiorum
431 595 588 630 episcopus,
601 595 635 622 ad
651 594 774 622 Sotrrem
790 593 883 621 Romae
893 594 1000 629 episco-

212 650 276 677 pum
294 642 352 669 haec
372 641 487 668 scribit:
507 640 595 668 Hodie
620 649 726 668 suerunt
737 640 808 667 diem
832 640 1000 667 Dominicum

212 689 409 723 transegimus.
435 687 464 714 in
488 695 539 722 quo
570 686 711 722 epistolam
736 692 852 714 vestram
876 686 999 721 legimus,

210 742 290 770 quam
304 733 410 769 quidem
437 738 560 770 perpetuo
571 732 694 767 deinceps
709 731 821 767 legentes
841 732 949 767 perinde
968 740 1000 759 ac

210 789 326 815 priorem
350 780 426 808 illam
448 780 521 807 nobis
551 788 568 807 a
592 779 725 806 Clemente
750 779 879 810 scriptam
904 777 1001 812 episto-

211 827 284 860 lam,
305 827 412 861 optimis
434 826 574 862 prorupti:
600 833 632 852 ac
664 824 829 852 documentis
852 823 1001 850 abundabi-

210 881 282 900 Μαι.
297 873 394 900 Tradit
416 873 527 908 quidem
542 876 569 899 et
585 872 631 900 ille
657 871 802 907 epistolam
820 870 968 906 quamdam
983 878 999 898 a

1051 267 1123 303 apud
1135 273 1229 303 gentes
1252 271 1333 295 erant
1359 267 1546 295 Ecclesiarum
1569 265 1789 301 antiquissimae,
1821 263 1857 291 ad

1052 314 1120 348 hac,
1134 315 1171 342 ob
1198 314 1317 342 civitatis
1344 314 1371 341 iu
1397 313 1501 341 saeculo
1527 312 1736 348 amplitudinem
1763 316 1857 346 atque

1051 360 1249 396 praestantiam,
1264 359 1453 393 nobilissimas,
1475 359 1576 395 praeﬁci
1603 359 1747 386 meruerit.
1775 356 1857 391 Quid

1050 407 1112 442 ejus
1129 411 1272 442 postremo
1294 406 1456 441 martyrium
1484 405 1587 439 dicam,
1601 413 1655 440 quo
1678 412 1764 440 opere
1780 404 1857 432 nihil

1051 459 1173 487 unquam
1188 452 1260 487 apud
1288 456 1398 479 nostros
1413 451 1593 479 excellentius
1610 455 1659 478 aut
1679 450 1857 486 praeclarius

1051 499 1175 526 habitum
1203 497 1288 526 fuisse
1313 497 1436 526 scimus?
1461 497 1549 533 Hujus
1559 505 1625 533 ergo
1639 497 1707 524 tanti
1734 504 1774 524 ac
1789 494 1857 524 talia

1050 544 1114 578 viri,
1128 544 1155 572 in
1167 551 1222 580 quo
1234 552 1342 572 summa
1363 544 1456 571 omnia
1472 547 1563 576 erant,
1587 543 1612 571 si
1636 543 1698 570 alia:
1712 542 1857 576 fuissent,

1050 599 1134 628 quam
1151 599 1213 627 qua!
1228 599 1301 619 nunc
1323 591 1557 620 circumferuntur
1580 591 1713 627 epistolae,
1726 599 1784 619 eas
1795 591 1857 626 jam

1051 637 1085 664 ab
1096 637 1151 664 illis
1165 636 1344 672 temporibus,
1358 637 1522 672 saeculisque
1531 636 1653 671 proxime
1663 636 1857 670 sequentibus

1050 683 1243 712 celeberrimas
1256 683 1341 711 fuisse
1356 691 1470 711 necesse
1494 687 1549 714 est.
1572 687 1600 710 et
1623 687 1687 718 post
1702 683 1857 718 apestolo-

1050 738 1112 758 rum
1127 730 1250 765 ipsorum
1269 735 1297 758 ct
1323 729 1475 758 Clementis
1505 729 1529 757 si
1553 729 1622 757 forte
1646 729 1751 764 scripta
1770 729 1857 763 longe

1050 776 1250 805 nobilissimas.
1276 777 1330 804 Sed
1353 785 1402 804 eas
1430 781 1530 812 przeter
1560 776 1682 804 auctoris
1702 776 1854 808 meritum,

1050 823 1141 858 ipsum
1169 823 1283 858 insuper
1307 828 1428 858 tempus,
1454 831 1510 858 quo
1524 822 1595 850 datae
1618 830 1678 850 esse
1700 822 1852 853 dicuntur,

1050 876 1133 904 supra
1149 869 1261 897 modum
1278 869 1425 896 nobilitare
1435 869 1540 897 debuit.
1558 868 1648 897 lnnuit
1662 869 1737 897 enim
1765 868 1852 903 Poly-

209 918 350 946 Clementc
363 918 397 946 ad
409 917 569 946 Corinthios
589 918 720 953 scriptam
745 916 841 950 fuisse,
857 921 884 944 et
898 917 925 944 in
947 916 995 944 Ec-
1014 914 1036 944 Β
1049 923 1149 951 Carpus
1160 908 1194 942 ab
1206 915 1312 951 lgnatio
1327 915 1355 942 in
1372 915 1521 951 supremis,
1547 916 1574 942 in
1593 915 1714 951 martyrii
1728 915 1852 942 mlita—

209 964 293 992 clesia
309 964 405 992 lectam
420 972 427 991 :
451 971 506 991 non
519 964 585 992 dicit
597 964 677 994 hanc.
691 971 774 998 quam
791 961 890 991 Junius
904 971 937 990 ex
954 970 1001 991 co-

210 1011 271 1039 dice
284 1010 368 1047 Regio
383 1011 546 1046 descripsit,
562 1019 622 1038 eam
652 1009 757 1038 fuisse:
778 1010 833 1038 imo
846 1009 936 1045 qualis
956 1009 1001 1037 illa

210 1058 294 1086 fuerit
310 1065 393 1093 quam
420 1057 556 1085 Corinthii
586 1056 721 1091 legebant,
742 1056 818 1083 nullo
848 1055 931 1084 modo
952 1055 1001 1083 de-

210 1103 309 1139 pingit,
321 1107 353 1130 ut
367 1107 489 1130 nostram
505 1102 538 1129 ad
551 1101 628 1129 illius
641 1101 829 1129 characterem
843 1100 1002 1128 examinare

210 1156 366 1184 possemus.
382 1147 417 1175 Et
435 1151 525 1175 tamen
541 1147 600 1175 haec
620 1146 714 1174 lrenmi
732 1152 760 1175 et
788 1145 911 1182 Dionysii
926 1146 1003 1174 testi-

211 1193 304 1221 monia
317 1193 351 1221 ad
368 1192 569 1220 Clementinam
600 1192 746 1227 epistolam
765 1192 1001 1220 statuminandam

211 1247 341 1275 magnam
357 1239 413 1266 vim
427 1238 529 1267 habere
542 1238 650 1271 volunt,
677 1237 820 1274 Polycarpi
837 1242 928 1266 autem
945 1236 1003 1266 suf-

212 1284 330 1320 fragium
356 1288 385 1312 et
414 1284 503 1311 multo
532 1284 675 1319 antiquius
703 1288 786 1319 atque
813 1283 944 1312 disertius
968 1284 1002 1312 ad

212 1330 309 1366 lgnatii
321 1329 454 1365 epistolas
464 1330 670 1358 confirmandus
684 1330 764 1366 plane
779 1331 895 1359 nullam.

247 1375 311 1404 [hoc
327 1384 390 1404 cum
405 1376 486 1404 unica
512 1375 549 1404 sit
574 1376 703 1412 olljcctio,
724 1384 785 1412 qua:
808 1377 918 1412 proprie
946 1377 1002 1405 vim

211 1423 363 1452 testimonii
378 1427 493 1458 spectat,
508 1426 608 1458 praeter
629 1423 768 1452 silentium
794 1423 898 1458 lremei,
929 1424 1003 1460 quod

212 1468 339 1505 proxini‘o
363 1469 454 1505 capite
484 1468 698 1497 examinandum
728 1474 790 1503 est;
823 1477 941 1506 cumque
970 1478 1002 1498 ea

213 1521 269 1544 tam
287 1516 381 1551 iniqua
402 1523 435 1543 ac
451 1515 518 1543 levis
533 1515 586 1549 sit,
600 1520 630 1543 ut
644 1523 740 1543 omnes
752 1515 859 1550 vident;
879 1521 1002 1551 superest

212 1566 244 1590 nt
260 1562 450 1599 Polycarpiani
475 1561 597 1597 suffragii
624 1561 709 1590 robur
735 1562 817 1590 latius
840 1562 1001 1597 explicetur,

213 1610 394 1644 omniumque
408 1608 498 1636 oculis
521 1608 625 1636 clarius
639 1612 803 1643 exponatur.
821 1607 914 1636 Primo
927 1608 1001 1636 enim

213 1655 381 1692 Polycarpus
397 1661 452 1682 non
469 1659 576 1682 tantum
590 1659 708 1682 testatur
733 1655 880 1690 scripsisse
897 1655 1004 1690 aliquas

213 1702 343 1738 epistolas
366 1700 516 1737 lgnatium.
532 1700 580 1728 sed
605 1701 743 1736 signiﬁcat
765 1700 929 1737 συναγωγὴν
943 1701 1003 1736 epi-

213 1749 346 1777 stolarum
361 1747 423 1783 eius
437 1752 504 1775 tunc
520 1747 652 1783 temporis
667 1746 792 1783 Smyrnae
800 1755 830 1775 se
844 1755 899 1782 prae
914 1747 1004 1775 mani-

214 1795 266 1823 bus
279 1794 431 1828 habuisse;
453 1793 612 1821 earumdem
633 1793 774 1829 exemplar
800 1793 922 1828 epistolaa
946 1800 1004 1821 sua:

213 1842 310 1877 (quam
326 1840 437 1868 aliunde
452 1840 479 1867 in
494 1838 620 1867 ecclesiis
636 1838 766 1866 Asiaticis
778 1838 888 1874 publice
902 1838 1000 1866 lectam

213 1886 329 1922 scimus)
343 1894 373 1914 se
387 1885 540 1920 subiecisse
559 1883 656 1918 tradit,
669 1888 697 1911 et
716 1883 940 1919 Philippensibus
952 1883 1005 1911 mi-

214 1933 295 1967 sisse,
312 1933 394 1969 idque
406 1932 530 1968 ipsorum
546 1936 660 1967 rogatu;
675 1931 771 1966 quanti
787 1938 834 1958 eas
856 1931 912 1966 ipse
930 1930 1005 1958 aesti-

215 1984 303 2008 maret
315 1979 437 2014 optimus
458 1978 543 2014 judex
556 1977 694 2011 ostendit,
708 1984 811 2013 easque
824 1976 1005 2012 Philippensi-

215 2027 267 2053 bus
280 2025 444 2054 utilissimas
470 2025 530 2053 fore
556 2023 712 2060 proﬁtetur,
737 2027 765 2051 et
786 2024 877 2058 ﬁdem,
898 2023 1005 2059 patien-

215 2071 296 2106 tiam,
308 2079 473 2106 omnemque
500 2069 709 2099 aediﬁcationem
733 2069 767 2097 ad
783 2069 929 2097 Dominum
943 2077 1007 2105 per-

217 2117 349 2146 tinentem
362 2117 505 2145 continere
520 2117 648 2145 alllrmat.
674 2113 738 2143 Haec
750 2115 783 2143 de
794 2110 919 2151 epistolis
934 2122 1005 2150 quas

216 2163 275 2199 ipse
289 2163 400 2199 collegit
412 2168 441 2190 et
455 2162 527 2198 apud
553 2170 583 2190 se
599 2161 695 2189 habuit
718 2168 781 2189 cum
797 2165 912 2188 testetur
924 2159 1006 2196 Poly-

215 2219 328 2246 carpus,
339 2210 450 2238 easdem
464 2209 578 2237 omnino
591 2216 655 2237 eum
671 2206 849 2239 intellexisse,
865 2214 935 2242 quas
956 2214 1005 2235 nos

1052 962 1254 998 tione,eoipso
1281 967 1404 996 tempore
1430 962 1547 998 scriptas
1562 962 1667 994 fuisse,
1689 970 1750 998 quo
1776 963 1850 990 edita

1051 1009 1205 1037 Antiochiae
1233 1009 1305 1044 apud
1331 1008 1481 1044 Trajanum
1506 1009 1716 1045 preclaI-issima
1741 1008 1798 1036 Chi
1807 1010 1851 1036 isti

1051 1054 1237 1088 confessione,
1265 1055 1397 1090 principis
1422 1063 1470 1083 ore
1493 1056 1526 1082 ail
1559 1056 1662 1083 bestias
1683 1056 1849 1088 damnatus,

1052 1099 1168 1128 Romam
1182 1101 1215 1128 ad
1230 1104 1344 1128 mortem
1370 1107 1421 1136 pro
1452 1099 1567 1128 Domino
1591 1100 1778 1136 appetendam
1801 1102 1851 1128 ab—

1053 1145 1214 1173 ducebatur.
1230 1145 1298 1173 Cum
1323 1146 1407 1181 igitur
1433 1147 1582 1174 charorum
1607 1146 1710 1182 pietate
1729 1154 1849 1181 prmser-

1053 1191 1101 1218 tim
1117 1199 1150 1219 ac
1171 1191 1272 1219 virtute
1288 1192 1477 1227 praestantium
1502 1192 1625 1221 virorum
1655 1193 1682 1220 in
1707 1194 1849 1228 supremis

1053 1238 1141 1266 editas
1156 1246 1238 1266 voces
1251 1246 1350 1274 magna
1380 1246 1447 1266 cura
1472 1239 1609 1274 excipere,
1632 1247 1756 1273 servare,
1779 1240 1848 1267 cele-

1052 1286 1135 1317 brare
1148 1286 1343 1321 memoriaeque
1356 1290 1532 1321 posterorum
1547 1286 1678 1314 mandare
1692 1287 1847 1319 soleamus,

1053 1339 1110 1367 quo
1125 1331 1218 1360 studio
1239 1339 1254 1358 a
1275 1331 1344 1359 viris
1370 1331 1426 1359 illis
1442 1336 1491 1359 aut
1503 1331 1628 1359 ecclesiis
1639 1337 1770 1367 exceptas
1785 1339 1846 1359 esse

1053 1385 1103 1413 par
1115 1383 1157 1406 est
1171 1377 1338 1406 sanctissimi
1366 1378 1495 1413 martyris
1522 1378 1556 1406 ad
1579 1385 1611 1406 se
1632 1379 1659 1406 in
1676 1378 1747 1414 ipsa,
1761 1383 1794 1406 ut
1806 1379 1847 1406 sit.

1054 1424 1156 1458 dicam,
1171 1432 1255 1452 arena
1271 1425 1387 1460 scriptas
1400 1424 1515 1458 litteras,
1527 1433 1583 1460 quo
1595 1425 1753 1452 animorum
1770 1429 1843 1453 mutu

1053 1470 1195 1505 recitatas,
1207 1478 1262 1506 qua
1276 1471 1410 1500 charitate
1423 1478 1487 1499 cum
1502 1471 1571 1504 suis,
1582 1479 1750 1507 quacunque
1765 1471 1843 1499 Chri-

1053 1518 1088 1545 sti
1115 1526 1215 1546 nomen
1245 1519 1409 1552 colebatur,
1438 1519 1571 1548 fratribus
1604 1520 1844 1553 communicata}

1054 1563 1200 1593 Summum
1223 1566 1403 1593 ecclesiarum
1428 1566 1456 1594 in
1481 1566 1548 1594 istas
1562 1567 1693 1602 epistolas
1708 1574 1842 1599 amorem,

1054 1619 1191 1639 summam
1209 1611 1425 1646 eolligendarum
1449 1617 1476 1640 et
1503 1612 1702 1640 servandarum
1721 1617 1748 1640 et
1771 1612 1840 1647 apud

1053 1655 1152 1684 fratres
1163 1657 1433 1685 disseminandarum
1448 1665 1543 1685 curam
1554 1678 1562 1691 ,
1579 1665 1775 1693 summumque
1785 1663 1839 1685 stu-

1053 1703 1131 1731 dium
1147 1702 1234 1731 fuisse
1248 1704 1316 1731 satis
1330 1708 1447 1732 testatur
1460 1703 1489 1732 S.
1503 1703 1682 1740 Polycarpus,
1702 1704 1731 1731 S.
1758 1703 1839 1731 Joan—

1055 1750 1098 1778 nis
1109 1749 1224 1785 apostoli
1241 1749 1345 1785 pariter
1369 1750 1533 1785 discipulus,
1553 1750 1602 1785 qui
1616 1750 1651 1778 ab
1667 1758 1701 1778 eo
1720 1749 1840 1786 Smyrnae

1054 1795 1202 1831 episcopus
1227 1795 1382 1828 ordinatus,
1407 1795 1493 1823 totius
1520 1796 1593 1824 Asiae
1622 1795 1762 1831 princeps,
1790 1795 1838 1830 ipsi

1054 1840 1160 1877 lgnatio
1179 1841 1323 1869 familiaris
1339 1841 1402 1875 fuit,
1417 1842 1464 1877 qui
1480 1841 1560 1869 docet
1585 1849 1616 1870 se
1631 1849 1647 1869 a
1659 1841 1838 1877 Philipmusi-

1054 1886 1106 1915 bus
1125 1891 1250 1922 rogatum
1265 1895 1361 1915 omnes
1380 1886 1478 1922 lgnatii
1501 1888 1642 1923 epistolas,
1665 1895 1839 1923 quascunque

1054 1933 1126 1969 apud
1141 1941 1171 1962 se
1187 1934 1310 1967 haberet,
1317 1934 1472 1969 collegisse,
1484 1941 1586 1969 easque
1597 1935 1633 1962 ad
1646 1935 1721 1969 ipsos
1731 1934 1774 1962 his
1785 1934 1838 1962 suis

1054 1979 1153 2008 litteris
1173 1979 1313 2015 subjectas
1337 1980 1456 2009 mittere.
1482 1980 1521 2008 Ex
1537 1980 1581 2009 his
1609 1981 1679 2009 satis
1691 1988 1766 2008 nunc
1777 1987 1839 2007 con-

1055 2031 1112 2054 stat
1129 2025 1192 2054 illas
1210 2026 1340 2061 epistolas
1355 2033 1426 2062 quas
1437 2027 1548 2062 scripsit
1564 2026 1695 2062 lgnatius,
1708 2034 1777 2062 quas
1787 2026 1837 2054 col—

1056 2072 1122 2108 legit
1133 2077 1161 2100 et
1173 2073 1259 2100 edidit
1275 2072 1455 2108 Polycarpus,
1485 2080 1540 2100 non
1564 2073 1688 2109 potuisse
1712 2081 1767 2100 non
1781 2079 1838 2100 esse

1056 2118 1141 2152 illius,
1153 2122 1180 2146 et
1201 2118 1335 2153 proximae
1359 2119 1488 2154 deinceps
1503 2120 1643 2147 memoriae
1666 2119 1836 2149 Christianis,

1056 2165 1208 2201 praesertim
1223 2173 1289 2194 vero
1307 2166 1435 2194 litteratis
1447 2171 1474 2194 et
1493 2166 1628 2199 eruditis,
1643 2167 1666 2194 si
1681 2166 1730 2201 qui
1741 2170 1837 2197 essent,

1057 2210 1228 2238 notissimas.
1242 2210 1312 2244 Quid
1327 2211 1402 2246 quod
1429 2211 1487 2239 haec
1502 2211 1560 2246 ipsa
1574 2210 1604 2238 S.
1626 2210 1769 2246 Polycarpi
1785 2210 1836 2244 epi-

216 2257 363 2289 habemus,
390 2263 460 2290 quas
484 2259 547 2282 ante
567 2261 619 2282 nos
648 2252 795 2286 Eusebius,
822 2252 1003 2284 Athanasius.
1019 2259 1043 2287 ι)
1057 2256 1140 2289 stola,
1153 2265 1207 2292 qua
1219 2256 1358 2292 lgnatiana
1382 2261 1524 2292 tantopere
1546 2257 1777 2292 praedicabantur,
1796 2262 1838 2291 pe

216 2302 419 2332 Theodoretus,
442 2300 545 2335 aliique
570 2299 744 2331 habuerunt,
768 2302 796 2326 et
818 2297 964 2331 contendo,
977 2301 1006 2325 et

217 2354 311 2386 aperte
326 2348 496 2383 ﬁrmiterque
514 2346 612 2382 probo.
641 2346 695 2373 Aut
709 2345 783 2372 enim
811 2343 865 2372 illa;
884 2344 1007 2380 epistolae

217 2403 287 2431 quas
298 2393 448 2430 publicavit
461 2392 642 2428 Polycarpus,
653 2391 696 2418 ha:
707 2390 773 2426 ipsa:
786 2394 860 2421 sunt.
873 2397 943 2426 quas
955 2397 1006 2417 no-

218 2441 269 2469 stri
285 2439 445 2472 defendunt,
459 2443 508 2465 aut
518 2437 630 2465 fuerunt
644 2436 705 2464 alia:
723 2440 751 2464 et
767 2436 803 2464 ab
821 2436 865 2464 his
881 2435 1006 2463 diversas.

218 2484 273 2514 Sed
292 2484 364 2519 aliae,
377 2489 405 2512 et
416 2484 452 2512 ab
463 2483 506 2511 bis
514 2483 634 2510 diversas
648 2489 703 2510 non
725 2481 846 2509 fuerunt.
860 2480 1006 2516 Reliquum

218 2531 304 2567 igitur
313 2537 356 2559 eat
374 2535 405 2558 ut
420 2530 463 2558 hae
475 2530 541 2566 ipsa:
555 2528 668 2560 fuerint.
681 2527 818 2564 Epistolas
835 2532 925 2556 autem
938 2535 1008 2563 quas

218 2577 370 2613 publicavit
379 2576 559 2613 Polycarpus,
575 2583 630 2603 non
653 2574 739 2603 fuisse
753 2575 833 2608 alias,
856 2579 882 2602 et
902 2574 937 2602 ab
953 2574 1007 2608 his,

219 2631 290 2659 quas
305 2630 379 2651 nunc
393 2623 537 2655 habemus,
552 2622 688 2654 diversas.
704 2621 745 2649 sic
763 2620 878 2648 ostendo
892 2629 897 2647 :

257 2669 288 2698 S.
305 2669 452 2705 Ignatium,
468 2669 516 2705 qui
531 2667 629 2705 paucis
642 2673 706 2703 post
715 2666 744 2695 S.
757 2665 873 2695 Joannis
892 2665 1008 2702 apostoli

221 2720 337 2744 mortem
352 2715 434 2744 annis
454 2715 616 2751 martyrium
642 2713 735 2742 Romae
763 2713 847 2746 fecit,
869 2713 1009 2748 apostolos

221 2763 312 2798 ipsum
327 2762 476 2796 audivisse,
487 2766 516 2790 et
529 2770 561 2790 ex
579 2762 623 2789 his
637 2761 795 2797 purissimis
804 2759 1009 2788 Christianismi

221 2808 345 2837 fontibus
366 2808 520 2836 doctrinam
549 2815 628 2836 suam
648 2808 775 2836 hausisse
798 2811 918 2835 constat.
950 2805 1010 2834 Huc

221 2854 326 2882 accedit
338 2854 439 2882 eximia
455 2854 506 2882 viri
522 2853 652 2890 dignitas,
669 2854 718 2889 qui
731 2861 786 2880 non
804 2853 886 2880 modo
898 2859 1010 2888 aposto-

222 2899 311 2929 lotum
331 2901 494 2937 discipulus,
522 2900 569 2930 sed
584 2908 679 2929 eorum
706 2901 818 2936 insuper
836 2899 941 2935 judicio
969 2899 1010 2928 sic

1058 2303 1112 2330 tria
1127 2303 1239 2339 integra
1250 2303 1352 2331 saecula
1366 2303 1393 2330 in
1407 2307 1542 2330 conventu
1555 2302 1628 2330 Asia!
1653 2303 1762 2337 publice
1773 2302 1836 2337 lege-

1057 2354 1144 2382 retur,
1174 2356 1230 2384 qua
1253 2356 1363 2377 summa
1388 2357 1483 2377 eorum
1512 2348 1616 2376 utilitas
1644 2348 1835 2378 inculcabatur,

1057 2394 1200 2429 animique
1213 2394 1357 2422 hominum
1372 2394 1537 2429 scriptorum
1556 2394 1637 2422 ﬁdem
1652 2393 1802 2429 antiquam,
1813 2396 1835 2418 et

1055 2441 1228 2476 patientiam,
1244 2445 1272 2468 et.
1286 2440 1494 2468 aedificationem
1521 2440 1720 2469 continentium
1741 2437 1834 2474 cupidi-

1056 2490 1114 2514 tate
1129 2492 1262 2522 perpetuo
1286 2487 1517 2515 accendebantur.
1544 2486 1574 2514 Si
1602 2486 1687 2521 igitur
1712 2485 1764 2513 alia
1784 2488 1834 2512 et:

1059 2539 1155 2561 nostra
1182 2533 1293 2561 diversa
1322 2533 1376 2561 fuit
1394 2533 1537 2569 Polycarpi
1567 2532 1727 2568 συναγωγὴ,
1741 2532 1764 2560 si
1783 2530 1834 2558 alia

1057 2579 1180 2614 epistola:
1194 2579 1293 2614 ignatii
1322 2578 1425 2607 fuerint
1438 2587 1508 2614 quas
1534 2579 1580 2606 ille
1603 2578 1726 2613 collegit,
1745 2581 1772 2605 et
1784 2575 1833 2604 suis

1059 2625 1156 2653 litteris
1176 2625 1392 2658 commendavit,
1407 2630 1435 2653 et
1451 2625 1673 2660 Philippensibus
1688 2621 1831 2652 communi-

1059 2671 1141 2703 cavit,
1158 2678 1241 2705 quam
1254 2678 1304 2703 ea,
1321 2678 1390 2706 quas
1402 2679 1452 2700 nos
1469 2672 1603 2699 habemus
1613 2675 1642 2698 et
1653 2675 1719 2699 ante
1730 2677 1777 2698 nos
1792 2669 1831 2695 ill-

1060 2717 1119 2744 huit
1131 2716 1287 2751 Eusebius;
1303 2717 1357 2748 illa;
1371 2722 1445 2745 certe
1471 2722 1501 2745 ut
1522 2717 1590 2745 viris
1603 2717 1732 2744 litteratis
1751 2711 1831 2750 νηοὶ·

1059 2771 1114 2799 pne
1130 2768 1213 2799 atque
1233 2764 1349 2791 eruditis
1376 2763 1539 2796 notissimae,
1563 2771 1612 2799 per
1626 2763 1721 2791 omnia
1738 2762 1832 2790 illata-

1060 2807 1133 2840 cula,
1146 2808 1299 2842 praseer
1313 2808 1415 2844 quibus
1436 2808 1579 2844 i’olycarpi
1599 2809 1715 2844 epistola
1728 2808 1755 2836 in
1768 2804 1831 2833 Asil-

1060 2853 1123 2882 ticis
1139 2854 1264 2883 ecclesiis
1293 2862 1359 2884 sane
1375 2855 1558 2883 nobilissimis
1575 2855 1752 2891 personabat,
1766 2853 1830 2880 inno'

1062 2905 1195 2929 tcscercnt
1207 2905 1288 2934 atque
1297 2905 1511 2936 agnoscerentur
1524 2909 1637 2932 necesse
1648 2901 1711 2930 fuit.
1732 2901 1759 2929 in
1770 2900 1829 2927 tam“I
