1874 3070
35 177 84 205 “5

449 184 476 208 δ.
499 179 680 209 PEARSONII
701 179 859 208 VINDICIRE
880 179 1090 208 IGNA'I'IAN.E.
1112 196 1146 201 —
1164 179 1253 208 PARS
1267 179 1288 208 Ι,

1656 175 1707 206 Mli

32 237 262 266 existimatione
294 247 371 267 cum
403 241 497 276 primo
516 241 626 274 fuerint,
652 246 725 270 tanta
749 250 814 270 cura
830 246 871 270 at-
885 245 908 273 Α
923 241 1120 274 Tlteodorctns,
1133 242 1203 270 duas
1227 240 1353 268 Gclasius
1378 239 1525 268 sententias
1552 237 1707 270 laudarunt,

31 293 83 319 qne
94 285 204 312 studio
235 285 281 313 ab
316 287 446 315 ecclesia
476 287 511 315 ad
533 288 675 315 ecclesiam
691 288 870 320 transmissm,

31 336 85 358 tam
102 331 249 366 publica,
265 337 398 368 tamque
409 339 540 369 perpetua
552 334 812 362 commemoratione
824 342 871 361 or-

31 381 101 405 natae
116 382 218 413 atque
231 379 416 414 posteritati
431 380 640 413 commendatae,
656 388 710 408 non
724 386 872 416 potuerunt

30 424 150 452 omnino
166 424 289 457 latere,
304 430 340 453 et
355 425 428 454 viris
447 425 547 459 doctis,
575 431 602 454 et
617 427 774 461 apostolicae
787 427 872 455 tradi-

30 470 117 499 tionis
135 471 287 499 maxime
315 472 449 500 curiosis
463 473 561 508 ignotae
575 481 646 500 esse.
660 473 695 501 At
708 473 732 501 si
747 473 870 501 omnium

29 516 286 545 Christianorum
305 526 364 553 per
394 520 447 546 tria
472 519 581 549 saecula.
599 527 653 546 non
680 523 785 547 tantum
810 525 872 555 post

31 562 146 598 lgnatii.
165 564 225 591 sed
245 568 280 592 et
306 563 464 600 Polycarpi
489 569 615 598 mortem,
638 565 724 593 libros
745 566 872 594 consula-

31 616 106 642 mus,
120 609 251 636 nullam
287 610 434 643 aliarum,
462 618 545 645 quam
565 619 635 646 quas
649 619 700 638 nos
726 611 869 645 habemus,

30 653 134 689 lgnatii
170 655 390 690 epistolarurn
423 656 589 684 mentionem
615 665 736 691 unquam
771 656 870 684 factam

30 701 242 729 inveniemus.
267 701 360 730 Alias
385 702 467 737 igitur
501 710 641 737 nunquam
669 702 756 731 fuisse
782 703 871 730 mani-

30 746 137 774 festum
155 752 221 776 est.
231 747 371 781 Clarus,
389 748 417 775 ni
434 747 524 781 fallor,
540 756 631 776 rerum
647 756 746 783 nexus,
758 748 830 777 clara
844 753 871 778 et

30 792 249 821 indubitabilis
267 793 458 822 consecutio.

64 838 122 872 Qui
140 839 296 874 quinque
310 839 360 866 vel
383 846 432 867 sex
457 839 587 874 epistolas
606 848 695 875 nuper
708 839 812 876 lgnatio
828 845 871 869 at-

30 883 155 912 tributas
172 888 342 919 tanquam
357 884 467 919 spuria!
481 889 509 912 et
521 885 599 913 ﬁctas
610 886 779 920 rejiciebant,
795 886 821 914 id
841 894 871 915 se

30 928 96 956 ideo
110 928 230 957 fecisse
256 928 484 964 proﬁtebantur,
510 930 583 964 quod
604 930 713 957 Eusebii
728 936 757 959 et
771 930 869 959 Hiero-

31 976 108 1011 nymi
130 980 287 1010 tempore
309 982 373 1003 non
400 980 560 1004 exstarent:
575 983 608 1004 eo
631 982 723 1004 autem
749 981 870 1013 tempore

31 1029 87 1048 non
99 1022 275 1049 exstitisse
288 1021 362 1048 inde
374 1021 548 1057 colligebant,
572 1024 646 1057 quod
660 1030 710 1050 nec
724 1022 868 1058 Eusebius,

32 1076 82 1095 nec
95 1067 323 1104 Hieronymus
349 1075 446 1095 earum
471 1068 636 1102 meminerit,
657 1076 720 1097 cum
739 1070 808 1097 alias
822 1077 869 1097 sex

31 1118 200 1148 septemve,
216 1121 305 1149 quas
326 1113 417 1141 nostri
433 1113 591 1147 defendunt,
607 1115 752 1150 diligrnter
766 1123 871 1143 memo‘

31 1165 160 1193 rassent,
192 1164 298 1195 atque
317 1159 542 1194 descripsissent.
557 1160 633 1188 lianc
646 1168 742 1189 eorum
756 1166 869 1189 sentcn-

32 1207 101 1233 tiam
129 1211 234 1242 atque
269 1205 417 1233 rationem
431 1211 460 1234 et
474 1206 566 1234 laudat
579 1211 607 1235 et
616 1207 791 1242 amplectitur
805 1207 870 1236 Dal-

32 1253 115 1282 laeus.
134 1253 220 1282 Nam
241 1253 285 1282 de
306 1253 425 1282 Usserio
434 1254 560 1289 loquens,
577 1255 634 1282 haec
648 1255 738 1290 capite
750 1255 871 1284 secuildo

32 1299 135 1327 scribit
148 1309 159 1327 :
180 1299 332 1327 Primum
350 1308 412 1335 ergo
425 1308 471 1327 sea:
486 1300 548 1328 illa:
564 1301 690 1336 epistolas
703 1302 739 1328 ad
755 1301 871 1330 Mariam

32 1343 275 1378 Cmobolilmn,
291 1346 334 1372 ad
349 1344 536 1382 Polycarpum,
552 1347 586 1374 ad
605 1347 755 1382 Tot-semet,
772 1348 807 1375 ad
820 1349 872 1376 An-

38 1391 208 1424 tiochenos,
229 1391 276 1418 ad
289 1390 443 1425 Ueronetn,‘
455 1396 480 1419 et
496 1392 531 1419 ad
547 1392 739 1428 Philippenses,
757 1394 816 1427 hac,
830 1394 871 1421 in-

32 1444 131 1470 quam,
154 1437 300 1464 nondum
319 1437 431 1465 Eusebii
442 1444 467 1465 et
485 1438 640 1474 Hieronymi
654 1440 813 1474 temporibus
825 1448 871 1468 ea:-

34 1483 147 1511 uitisse
159 1483 238 1510 inde
257 1482 433 1510 ualidissime
443 1484 547 1518 probat,
573 1485 643 1520 quod
661 1485 695 1512 de
711 1486 746 1513 iis
763 1491 871 1521 uterque

34 1529 86 1557 iste
101 1530 247 1564 scriptor
266 1528 381 1556 nullum
399 1529 506 1556 uerbum
523 1529 599 1564 facit,
616 1530 663 1565 qui
677 1538 725 1557 ua:
739 1530 809 1558 alia:
823 1538 871 1557 su-

921 295 1018 315 omnes
1031 296 1065 315 ex
1078 287 1200 322 epistolis
1216 287 1328 318 nostris,
1340 294 1372 313 ex
1390 286 1443 313 alia
1467 286 1557 320 aliqua
1574 293 1606 312 ne
1625 292 1708 311 unam

921 334 1042 370 quidem.
1058 333 1125 361 Alia:
1138 333 1220 368 igitur
1234 341 1317 368 quam
1345 337 1445 360 nostue
1469 331 1565 367 lgnatii
1587 330 1707 366 epistola

922 387 1062 415 nunquam
1083 380 1194 407 fuerunt
1206 387 1221 407 a
1237 379 1389 415 Polycarpo
1404 378 1556 414 posteritati
1566 385 1708 406 commen-

921 426 1001 454 datae.
1025 425 1116 459 Quare
1143 433 1204 453 cum
1223 425 1257 452 ab
1281 425 1327 452 illo
1352 424 1449 459 aliqua:
1467 423 1568 452 fuerint
1588 423 1709 451 collectae

922 471 1129 507 publicataeque,
1147 475 1179 498 ut
1194 478 1226 498 ex
1251 470 1339 505 ipsius
1364 469 1523 498 testimonio
1541 473 1634 504 patet;
1649 468 1710 496 alia:

922 521 1012 545 autem
1027 521 1055 544 ct
1065 525 1079 544 a
1093 516 1195 544 nostris
1218 515 1335 544 diversa'
1350 523 1405 543 non
1432 514 1544 549 fuerint,
1561 519 1590 542 ut
1602 522 1636 542 ex
1653 514 1710 542 alto

921 567 962 591 tot
977 562 1139 590 saeculorum
1155 561 1264 590 silentio
1277 561 1451 589 manifestum
1461 565 1518 593 est;
1535 565 1619 588 restat
1629 565 1658 588 ut
1667 560 1710 588 his

922 608 987 642 ipsa:
999 607 1111 641 fuerint,
1124 615 1194 643 quas
1210 607 1296 635 nostri
1311 606 1473 641 defendunt,
1490 614 1560 642 quas
1575 605 1709 635 Eusebius

921 654 999 686 vidit,
1017 654 1173 689 descripsit,
1189 653 1341 682 deﬂoravit.

957 710 1087 743 Quaenam
1112 711 1197 742 enim,
1223 718 1328 746 quaeso,
1342 710 1395 738 illa:
1404 710 1527 745 epistola:
1541 714 1616 742 sunt,
1632 711 1655 738 si
1668 711 1710 739 lite

922 764 976 784 non
987 757 1041 784 sint
1052 757 1063 784 τ
1076 756 1143 790 Quis
1157 765 1204 785 eas
1217 765 1338 792 unquam
1353 757 1439 792 legit?
1453 756 1516 792 quis
1530 756 1616 784 oculis
1629 764 1711 784 usur-

921 803 1017 838 pavit?
1030 803 1093 838 qnis
1111 803 1153 830 vel
1179 802 1261 830 fando
1276 803 1311 830 de
1329 803 1391 831 aliis
1415 801 1540 837 epistolis
1556 802 1591 829 ab
1606 801 1709 838 lgnatio

921 849 1043 883 scriptis,
1058 855 1073 875 a
1085 848 1235 884 Polycarpo
1245 848 1369 876 collectis
1380 847 1483 883 aliquid
1497 847 1602 874 audivit
1612 847 1624 873 Υ
1634 847 1709 879 aliis,

922 895 1044 930 inquam,
1060 902 1144 930 quam
1161 902 1231 930 quas
1248 894 1404 922 habemus?
1417 894 1458 921 An
1477 893 1532 921 ullo
1545 893 1628 920 modo
1640 893 1710 920 veri-

920 940 1010 968 simile
1026 944 1078 977 est,
1099 940 1230 976 epistolas
1245 948 1261 967 a
1285 944 1363 968 tanto
1393 944 1512 975 martyre
1539 943 1678 972 exaratas,
1693 946 1710 966 a

920 989 997 1013 tanto
1009 986 1096 1014 editas
1108 990 1190 1020 atque
1204 985 1340 1018 laudatas,
1352 985 1475 1019 epistolae
1489 985 1570 1012 etiam
1584 985 1622 1011 illi
1642 985 1710 1012 sub-

917 1030 1016 1066 iectas,
1032 1038 1094 1067 qua
1104 1039 1152 1067 per
1167 1035 1206 1059 tot
1221 1031 1322 1059 stecula
1337 1031 1445 1066 publice
1459 1030 1527 1058 lecta
1540 1038 1634 1058 earum
1650 1039 1710 1058 me-

920 1078 1035 1105 moriam
1053 1082 1186 1113 perpetuo
1199 1077 1413 1112 redintegrabat,
1436 1077 1528 1104 statim
1543 1077 1669 1112 periisse,
1683 1083 1711 1104 et

920 1123 955 1151 ab
975 1123 1097 1151 omnium
1122 1123 1209 1152 oculis
1234 1128 1343 1159 ereptas
1365 1123 1474 1151 fuisse?
1490 1124 1531 1150 An
1554 1123 1710 1158 putabimus

920 1167 1016 1201 lgnatii
1030 1169 1134 1196 ossium
1159 1168 1289 1204 reliquias
1313 1168 1399 1195 lioma
1426 1168 1600 1196 Antiochiam
1617 1172 1709 1195 trans-

920 1218 1052 1249 portatas,
1074 1219 1206 1250 tantaque
1223 1213 1399 1242 veneratione
1417 1221 1464 1248 per
1481 1217 1521 1241 tot
1547 1221 1636 1241 annos
1662 1213 1710 1240 ha-

920 1260 994 1289 bitas
1007 1269 1014 1294 ;
1027 1260 1159 1296 epistolas
1173 1265 1264 1288 autem
1278 1260 1304 1287 in
1322 1260 1382 1295 ipso
1398 1259 1494 1288 itinere
1507 1259 1634 1295 scriptas,
1647 1266 1710 1294 pro-

920 1306 1027 1342 pediem
1044 1306 1071 1333 in
1083 1310 1183 1335 ventos
1201 1306 1324 1334 abiisse?
1339 1306 1380 1332 An
1403 1305 1596 1341 conjiciemus,
1621 1305 1710 1340 impe-

921 1357 1000 1380 rante
1013 1351 1161 1385 Antonino,
1175 1357 1223 1379 aut
1233 1351 1355 1384 Aurelio,
1369 1351 1420 1379 hoc
1431 1356 1473 1379 est
1486 1371 1495 1384 ,
1507 1352 1569 1379 vivo
1581 1351 1670 1379 adhuc
1683 1356 1710 1379 ct

920 1399 1028 1426 valente
1048 1397 1077 1425 S.
1092 1397 1253 1433 Polycarpo,
1276 1397 1354 1425 fictas
1371 1397 1468 1431 fuisse,
1482 1397 1532 1425 has
1545 1405 1614 1432 quas
1627 1397 1711 1425 habe-

922 1452 984 1473 mus
1011 1444 1153 1479 epistolas,
1176 1452 1239 1471 cum
1268 1443 1403 1471 Salmasio
1429 1448 1457 1471 et
1480 1443 1641 1477 Albertino;
1663 1448 1711 1470 aut

921 1490 1018 1518 saltem
1030 1490 1122 1518 statim
1137 1495 1199 1525 post
1210 1489 1360 1517 Clementis
1383 1489 1561 1517 Alexandrini
1578 1494 1706 1522 mortem,

921 1544 984 1564 cum
997 1536 1148 1569 Blondello,
1163 1543 1281 1571 quorum
1300 1536 1390 1571 ipsum
1410 1535 1539 1563 liallsenm
1553 1536 1654 1570 pudet?
1667 1536 1710 1565 An

35 1579 167 1611 perieres
187 1576 285 1603 ambo
305 1579 467 1602 memorant.
480 1574 536 1604 Cur
551 1576 620 1602 enim
636 1576 684 1603 hat
696 1577 775 1611 polito

968 1591 1013 1610 em
1039 1582 1119 1610 tertio
1143 1581 1244 1610 saeculo
1269 1586 1397 1615 exuuntc,
1411 1585 1459 1609 aut
1474 1581 1586 1608 ineunte
1599 1585 1708 1616 quarto,

34 1624 113 1657 mea,
133 1624 165 1651 si
197 1623 288 1654 εαω,
308 1621 335 1648 si
358 1626 484 1657 utrasque
512 1627 619 1654 norant,
637 1622 767 1650 dixissent
780 1623 793 1650 .’
815 1622 871 1650 Cur

36 1678 98 1697 vero
109 1678 166 1697 ea:
182 1667 384 1696 eruditissimi
398 1675 429 1694 ac
445 1667 644 1703 diligentissimi
664 1669 782 1696 homines
796 1669 872 1705 igno-

36 1721 149 1747 rarent.
167 1716 198 1743 si
215 1717 318 1745 eram,
338 1718 369 1740 ut
386 1718 480 1740 narrat
503 1713 646 1747 Baroniur,
661 1723 678 1741 a
692 1714 871 1749 Philippensi-

36 1762 85 1789 ιιι
100 1770 177 1789 eam
193 1767 253 1788 sex
269 1759 442 1794 superiorum
464 1759 500 1786 ad
519 1768 562 1787 eos
589 1760 672 1788 mina
688 1769 704 1788 It
720 1760 870 1797 Polycarpo

35 1808 214 1836 collectione
245 1805 424 1840 conjuncta!
443 1804 505 1832 Non
532 1806 624 1841 fuisse,
641 1806 756 1842 adeoque
779 1815 861 1844 neque

37 1862 98 1882 tu.
117 1850 285 1882 eiatitiue
309 1851 373 1879 inde
397 1856 514 1884 constat,
531 1853 603 1886 quod
618 1861 663 1881 ea:
679 1852 808 1881 Eusebius
824 1862 871 1882 ne-

36 1902 142 1929 scierit
156 1907 169 1927 .-
188 1898 348 1926 mciviue
360 1896 445 1924 ultum
456 1897 512 1932 ejus
522 1897 554 1924 de
568 1898 609 1925 his
620 1898 754 1926 silentium
769 1900 868 1936 arguit.

86 1951 195 1972 autem
209 1943 278 1970 haec
294 1942 464 1970 validissime
475 1942 590 1977 probent
606 1943 663 1971 sive
677 1945 798 1980 quinque
813 1945 871 1974 sive

37 2001 91 2020 sex
104 1992 179 2019 illas
191 1989 339 2025 epistolas
353 1994 474 2024 tempore
487 1989 596 2018 Eusebii
606 1995 634 2018 et
645 1990 799 2028 Hieronymi
814 2001 869 2020 non

37 2038 215 2069 exstitisse,
239 2035 373 2070 adeoque
387 2039 479 2070 postea
491 2036 661 2071 excogitatas
673 2042 701 2065 et
713 2037 791 2066 [ictas
806 2038 871 2068 fuis-

39 2092 94 2117 se;
113 2087 264 2111 mnum
288 2085 366 2108 certe
392 2086 582 2114 argumentum
599 2082 767 2111 validissime
785 2084 869 2112 ctiam

40 2131 169 2165 prolnt,
188 2129 268 2156 alias
280 2134 366 2162 quam
386 2131 494 2155 nostras
510 2127 604 2163 lgnatii
616 2129 748 2164 epistolas
761 2137 812 2157 nec
825 2137 871 2158 eo-

39 2178 114 2204 ἀαι
131 2183 192 2203 nec
204 2174 269 2201 ullo
280 2174 337 2200 alio
346 2173 523 2202 antecedente
532 2182 590 2202 zcvo
598 2175 774 2210 apparuisse;
792 2179 823 2204 ut
834 2176 869 2204 de

40 2222 115 2249 aliis
129 2229 148 2248 a
169 2219 335 2254 Polycarpo
361 2218 493 2252 collectis,
521 2219 547 2246 in
565 2227 649 2247 unum
664 2228 764 2255 corpus
789 2221 883 2248 reda--

921 1637 984 1657 Cllll
999 1628 1125 1655 homines
1139 1628 1261 1663 undique
1275 1627 1430 1655 doctissimi
1444 1627 1471 1654 in
1487 1626 1608 1654 Ecclesia
1630 1626 1710 1654 tiore-

921 1679 992 1707 rent,
1007 1679 1035 1701 ct
1059 1673 1233 1704 bibliotheca:
1257 1674 1340 1702 varia:
1352 1673 1385 1701 ad
1399 1678 1521 1702 veterum
1537 1673 1710 1701 Christiano-

921 1728 982 1748 rum
1001 1720 1103 1755 scripta
1130 1719 1317 1747 conservanda
1341 1719 1534 1750 conderentur,
1552 1719 1709 1754 putabimus

921 1766 990 1794 alias
1002 1765 1132 1801 epistolas
1145 1773 1240 1793 earnm
1254 1764 1316 1792 loco
1328 1764 1486 1800 suppositas
1496 1763 1593 1797 fuisse,
1605 1768 1632 1792 et
1644 1764 1708 1798 illis,

921 1812 1024 1847 quibus
1040 1811 1192 1839 Christiani
1216 1819 1263 1846 per
1278 1814 1319 1838 tot
1333 1812 1421 1838 annus
1435 1815 1644 1842 consueverant,
1660 1818 1709 1845 pe-

920 1858 994 1886 nitus
1010 1858 1126 1885 sublatis
1140 1855 1326 1885 successisse?
1342 1856 1411 1884 Ecce
1425 1856 1498 1883 enim
1519 1856 1646 1889 Dallazus,
1662 1857 1709 1891 qui

921 1904 1003 1932 modo
1017 1903 1194 1939 impostorem
1210 1910 1292 1931 suum
1313 1901 1456 1938 Polycarpi
1484 1902 1607 1937 epistola:
1633 1903 1708 1930 testi-

920 1949 1044 1977 monium
1069 1953 1195 1977 nostrum
1213 1948 1374 1980 inseruisse,
1394 1952 1422 1975 et
1441 1948 1486 1975 ubi
1497 1953 1577 1976 antea
1592 1956 1645 1975 non
1660 1956 1709 1976 ex-

920 1999 1017 2029 staret,
1032 1992 1173 2023 infulsisse
1197 1994 1300 2021 diserte
1311 1993 1472 2027 afﬁrmabat,
1485 2001 1547 2020 cum
1563 1994 1597 2021 de
1612 1998 1708 2021 auctu-

920 2040 1001 2068 ritate
1027 2040 1150 2075 epistola:
1171 2038 1377 2074 Polycarpianae
1391 2043 1535 2073 ageretur:
1553 2047 1627 2067 nunc
1645 2047 1709 2067 cum

920 2086 954 2115 de
972 2087 997 2113 vi
1012 2085 1160 2114 testimonii
1178 2085 1279 2120 agitur,
1302 2084 1442 2112 conversis
1453 2084 1520 2113 velis
1530 2085 1668 2120 remisque
1680 2085 1708 2112 in

920 2131 1014 2159 omnia
1038 2131 1092 2158 alia
1118 2130 1215 2164 fertur,
1242 2138 1297 2157 non
1321 2129 1417 2156 eodem
1434 2129 1544 2164 quidem
1569 2130 1640 2162 loco,
1660 2130 1708 2157 scd

920 2182 1000 2206 caute
1011 2176 1178 2212 provideque
1200 2175 1290 2211 capite
1303 2174 1350 2208 26,
1365 2175 1412 2202 ubi
1426 2179 1514 2202 totum
1538 2173 1636 2202 fabula!
1652 2182 1709 2202 sua:

921 2228 1112 2258 argumentum
1128 2222 1261 2256 contexit,
1279 2221 1361 2248 aliam
1380 2221 1460 2248 nobis
1479 2228 1589 2248 scenam
1610 2221 1707 2255 aperit.

40 2269 117 2299 ais,
134 2266 176 2295 ad
194 2264 343 2293 Ecclesias
358 2265 539 2300 transmissis,
554 2270 582 2294 et
596 2267 697 2302 insigni
713 2267 802 2303 elogio
818 2275 866 2296 or-
883 2260 906 2289 Ῑδ
923 2269 985 2296 Vult
1000 2269 1072 2297 enim
1088 2268 1257 2303 importarent
1278 2274 1369 2300 suum,
1384 2275 1444 2293 cum
1457 2267 1570 2302 scripta:
1588 2267 1648 2294 hinc
1666 2266 1709 2293 di-

42 2315 130 2342 natis
145 2312 248 2348 Ισψιί,
272 2312 353 2347 plane
370 2317 555 2340 commentum
572 2313 670 2348 sapiat.
692 2312 778 2342 Nemo
792 2314 866 2343 enim

41 2366 118 2389 ante
135 2358 316 2390 Eusebium,
337 2358 381 2385 vel
394 2357 600 2394 Hieronymum,
626 2359 667 2387 vel
682 2360 765 2387 etiam
779 2360 868 2389 Theo-

40 2410 208 2438 doretum,
223 2408 276 2431 aut
287 2403 439 2437 Gelasium,
455 2411 537 2431 nemo
548 2409 611 2432 ante
621 2405 711 2439 quinti
725 2406 817 2433 saeculi
833 2407 866 2434 ti-

44 2461 133 2484 nell,
164 2459 228 2486 quo
246 2453 354 2477 veteres
376 2456 472 2477 omnes
497 2451 676 2480 ecclesiastici
699 2451 868 2481 etcatholici

42 2499 237 2534 scriptores,
256 2503 291 2523 ac
310 2496 338 2523 in
353 2495 450 2531 primis
469 2495 499 2524 S.
522 2495 654 2532 lgnatius,
670 2497 699 2525 in
711 2502 869 2526 controver-

44 2547 108 2574 siis
123 2544 195 2572 ﬁdei
211 2549 274 2571 tum
286 2549 302 2569 a
314 2542 469 2575 catholicis,
480 2546 538 2570 tum
551 2550 567 2570 a
579 2543 720 2572 modernis
733 2544 869 2573 haereticis

45 2596 201 2626 tanquam
216 2587 318 2616 arbitri
336 2588 563 2621 admittebantur,
579 2589 621 2616 vel
636 2589 738 2623 virum,
762 2590 805 2618 vel
819 2598 867 2618 ec-

46 2636 182 2665 clesiam
197 2635 286 2662 aliam
302 2634 465 2667 nominavit,
478 2634 512 2661 ad
531 2642 614 2667 quam
631 2634 751 2670 lgnatius
761 2636 867 2664 litteras

46 2684 204 2715 dederat;
224 2688 309 2708 nemo
331 2680 415 2708 ullam
430 2680 596 2708 sententiam
611 2688 646 2708 ex
665 2681 719 2709 ulla
742 2681 795 2709 alia
809 2682 869 2717 epi-

51 2730 134 2758 stola
162 2726 317 2762 excerpsit.
333 2726 373 2754 Ex
393 2727 498 2755 nostris
525 2734 609 2754 unam
632 2726 760 2761 Ircnazus,
783 2736 866 2755 unam

52 2774 254 2810 Theophilus,
269 2777 319 2801 aut
333 2773 469 2808 antiquus
491 2772 584 2800 Basilii
610 2779 718 2807 auctor,
744 2773 867 2809 ejusdem

54 2829 126 2849 cut-
143 2819 252 2848 Ire-meo
266 2819 329 2852 :evi,
342 2818 412 2846 duas
427 2818 571 2854 Origenes.
588 2826 672 2846 unam
683 2819 867 2854 pseudo-Dio-

57 2868 173 2902 nysius,
194 2865 356 2900 complures
389 2865 538 2897 Eusebius,
574 2872 657 2893 unam
690 2865 866 2898 Athanasius,

61 2915 134 2941 duas
156 2912 388 2948 Chrysostomus,
403 2912 497 2947 plures
520 2911 712 2948 Hieronymus,
732 2911 866 2947 plurimas

920 2315 1027 2342 diciuet
1039 2314 1103 2341 olim
1116 2314 1198 2349 fuisse
1211 2312 1243 2340 ab
1259 2312 1366 2348 Ignatio
1382 2313 1487 2348 aliquas
1502 2313 1708 2347 epittolaa,cns—

919 2369 969 2396 que
985 2360 1045 2395 jam
1070 2358 1218 2387 desiderari
1241 2359 1474 2392 animadverteret,
1492 2358 1633 2387 consilium
1648 2359 1708 2386 inde

919 2404 1017 2439 cepisse
1036 2412 1099 2432 sunt
1115 2403 1164 2431 sub
1182 2403 1272 2431 eodem
1294 2404 1398 2431 nomine
1417 2403 1534 2439 fingendi
1557 2409 1581 2430 et
1601 2404 1706 2432 edendi.

918 2451 1050 2483 Quamvis
1061 2448 1153 2477 Dalla-i
1169 2450 1302 2485 impostOr
1316 2450 1402 2477 mirus
1416 2450 1514 2477 artifex
1528 2449 1573 2483 sit,
1589 2457 1639 2478 nec
1657 2450 1708 2476 Ini-

919 2498 980 2525 nori
994 2497 1095 2532 ingenii
1112 2497 1239 2524 acumine
1253 2497 1392 2532 praeditus,
1404 2504 1488 2532 quam
1511 2496 1579 2531 ipse,
1594 2503 1647 2523 non
1664 2500 1708 2522 ta-

918 2552 981 2572 men
1001 2544 1060 2572 haec
1074 2544 1128 2571 duo
1144 2543 1214 2570 ideln
1234 2547 1363 2578 praestare
1382 2543 1486 2577 potuit;
1504 2550 1557 2569 non
1569 2542 1656 2577 potuit
1672 2550 1706 2569 ex
1741 2571 1744 2574 ,

918 2589 1060 2626 Polycarpi
1084 2589 1199 2625 epistola
1222 2590 1339 2619 discere,
1358 2588 1475 2622 scriptas
1497 2587 1582 2615 fuisse
1593 2588 1657 2615 olim
1670 2588 1706 2615 ab

919 2637 1023 2673 lgnatio
1041 2637 1147 2671 aliquas
1171 2636 1313 2672 epistolas,
1337 2640 1364 2662 et
1385 2635 1457 2662 idem
1478 2642 1510 2662 ea
1535 2635 1628 2666 verba,
1644 2643 1706 2669 qua:

918 2682 971 2709 hoc
982 2682 1070 2716 ipsum
1086 2682 1218 2714 indicant,
1235 2681 1366 2709 inserere.
1386 2680 1414 2708 Si
1428 2680 1485 2715 ipse
1499 2680 1605 2715 primus
1618 2689 1649 2707 ca
1664 2680 1706 2707 in-

918 2727 1014 2760 seruit,
1040 2735 1095 2754 non
1114 2727 1197 2763 igitur
1211 2727 1238 2754 in
1260 2726 1403 2763 Polycarpi
1417 2726 1534 2761 epistola
1548 2726 1623 2760 prius
1644 2725 1706 2752 fne-

917 2776 998 2807 runt;
1012 2780 1097 2808 quare
1109 2773 1171 2800 inde
1187 2773 1292 2801 discere
1306 2780 1359 2799 non
1382 2773 1480 2807 potuit.
1494 2773 1536 2799 An
1547 2772 1608 2800 ideo
1620 2772 1707 2800 insul-

917 2820 964 2854 sit,
974 2824 1006 2847 ut
1022 2827 1078 2847 non
1101 2824 1206 2848 tantum
1234 2819 1314 2853 alios,
1340 2820 1388 2847 scd
1400 2823 1427 2847 et
1440 2820 1560 2852 seipsnm
1577 2817 1707 2846 lallerett

917 2875 952 2894 an
975 2867 1021 2894 illa
1040 2867 1249 2902 interpolatione
1264 2875 1317 2895 no"
1338 2871 1443 2894 tantum
1460 2866 1533 2896 aliis.
1549 2867 1596 2893 sed
1610 2870 1638 2892 et
1652 2865 1704 2892 sibi

919 2911 1056 2947 persuasit
1075 2912 1190 2948 scriptas
1207 2911 1291 2941 fuisse
1308 2911 1414 2948 aliquas
1438 2912 1473 2940 ab
1488 2911 1588 2945 ignauo
1602 2910 1706 2942 episto-
