1874 3070
25 141 68 168 il9

445 143 471 171 J.
492 142 670 171 PEARSONII
689 142 848 170 VlNDlClAS
866 140 1073 170 IGNATIANrE.
1094 155 1129 160 —
1145 139 1235 166 PARS
1253 137 1272 165 I.

1646 136 1696 163 1in

23 203 108 235 enim,
128 206 167 229 ut
182 203 318 238 opinor,
334 203 380 231 illi
402 210 480 239 sunt,
507 205 553 240 qui
577 205 704 233 Ecclesiae
730 204 859 232 Romana:
873 207 897 233 Α
910 210 1006 229 omnes
1024 206 1124 228 norunt
1147 207 1207 227 esse
1223 197 1391 226 falsissima?
1407 196 1507 231 Nempe
1528 202 1555 223 ut
1572 195 1686 230 l’olycar

24 249 191 281 sdhmnt,
223 257 366 284 quorum
401 259 467 286 pars
496 251 614 278 maxima
631 252 773 286 epistolas.
790 260 859 287 quas

24 295 112 322 nostri
144 296 319 330 rejiciunt,
351 298 489 325 hactenus
515 298 625 333 recepit.
652 298 704 326 Sed
730 298 803 333 quod
819 298 859 325 illi

25 342 185 377 Pulycarpi
205 343 393 371 testimonio
409 343 470 370 [reti
485 344 513 370 id
526 344 650 376 fecerint,
678 345 800 371 nondum
823 344 862 371 di-

24 388 88 415 dici.
119 388 311 417 Audiamus
343 390 566 418 illustrissimum
591 391 668 418 illum
693 391 860 418 cardinalem

26 433 194 462 Baronium
209 445 218 462 :
240 434 333 468 Quod
360 436 445 471 igitur
460 441 556 471 septem
571 436 627 463 ille
640 445 756 464 seorsum
768 438 861 471 posito:

26 482 209 508 haberentur
220 481 276 515 (de
290 482 399 509 nostris
410 483 551 517 loquitur),
566 483 615 517 fuit
628 483 677 509 illa
684 483 770 517 prima
782 483 861 511 colle-

25 527 76 552 ctio
93 527 187 562 facta
199 536 222 553 α
241 526 418 562 Polycarpo,
429 528 473 562 qui
485 535 536 554 non
549 533 650 555 tantum
665 528 701 554 ad
715 536 742 555 se
755 528 859 560 missas.

26 571 67 597 sed
80 578 110 599 et
134 572 226 599 alios
248 573 282 599 in
303 581 390 599 unum
409 572 524 607 collegit,
537 580 595 607 qua:
606 571 641 598 ad
655 573 726 599 Asiae
738 573 855 599 nomina-

26 622 65 643 tas
80 617 238 644 ecclesias
251 618 373 652 scripta!
384 617 508 652 fuissent,
523 626 588 652 quas
603 639 611 650 ,
629 623 657 644 ut
673 622 796 650 testatur,
811 619 861 644 mi-

25 663 56 688 tit
85 663 129 689 ad
156 662 387 697 Philippenses.
405 663 442 690 lli
467 671 535 696 vero,
551 663 585 689 iis
600 672 616 689 ιι
629 663 776 698 Polycarpo
787 670 861 689 acce-

25 709 90 742 ptis,
122 713 270 743 quttuor
290 709 368 736 alias
391 709 518 736 volumini
544 709 726 741 addiderunt,-
746 714 798 736 tres
819 709 861 735 ni-

26 756 132 781 mirum
148 754 316 789 Philippis
343 755 415 790 apud
430 763 458 782 se
473 755 561 788 datas,
577 755 612 781 ad
624 755 811 788 Antiocheam,
825 755 860 782 ad

28 801 192 828 Teanenses
207 821 218 833 ,
257 805 288 828 et
319 801 356 827 ad
384 800 516 828 Heronem
548 801 708 832 diaconum.
747 809 860 836 quorum

27 848 157 882 exempla
182 848 274 883 apud
302 856 334 875 se
357 849 565 879 remansissent:
587 853 712 884 quartam
736 857 796 876 vero
823 850 859 876 ad

28 895 147 928 seipsos,
178 899 254 929 post
279 902 419 921 recessum
444 894 573 930 Philippis
595 897 627 921 ab
640 895 732 922 eodem
752 894 859 930 Ignatio

30 942 182 976 scriptam.
202 940 307 969 Vides
334 940 495 968 Latinorum
517 942 702 969 sententiam:
717 941 859 969 collectio-

29 995 92 1014 nem
108 991 236 1022 septem
253 986 446 1022 epistolarum
471 986 621 1023 Polycarpo
636 987 771 1020 tribuunt,
793 987 859 1014 reli-

28 1040 101 1066 quas
113 1032 155 1058 ab
170 1039 214 1059 eo
227 1032 377 1059 collectas
392 1039 446 1059 non
460 1032 569 1065 dicunt;
591 1032 633 1059 vel
647 1031 779 1067 Philippis
789 1032 859 1060 seri-

31 1083 105 1112 ptas,
129 1078 181 1105 vel
196 1078 240 1105 ad
267 1077 469 1113 Philippenses
483 1083 576 1113 postea
593 1080 693 1106 missas
707 1079 817 1112 volunt;
833 1082 862 1105 et

31 1133 45 1151 ει
60 1124 323 1159 Philippensibus
348 1132 450 1152 novam
479 1125 669 1153 collectionem
696 1126 796 1154 factam
809 1126 860 1153 do-

31 1175 114 1202 cent;
131 1169 305 1205 Polycarpi
323 1170 485 1197 testimonio
495 1178 543 1205 pro
558 1171 622 1198 aliis
634 1176 732 1206 praeter
743 1176 860 1206 septem,

32 1224 105 1250 quas
128 1217 220 1244 solas
257 1216 354 1243 nostri
380 1215 539 1247 defendunt.
572 1226 625 1245 non
651 1218 785 1252 speciose,
806 1225 861 1245 non

33 1263 158 1290 otunino
178 1267 330 1290 utuntur.
348 1262 423 1290 Duas
435 1264 611 1292 collectioues
624 1269 718 1299 aperte
729 1264 861 1297 fatentur,

35 1317 124 1336 tunam
155 1309 339 1344 Polyearpi,
364 1309 447 1336 aliam
470 1309 711 1345 Pliilippensiu'm;
739 1312 861 1346 priorem

35 1357 128 1388 illam,
150 1357 358 1392 posteriorem
375 1357 457 1389 banc,
478 1358 627 1393 appellant;
649 1357 861 1393 Polycarpiepi-

36 1404 144 1431 stolam
158 1404 199 1430 ad
221 1403 435 1438 Philippenses,
448 1405 519 1431 haud
534 1405 632 1432 multos
645 1409 704 1439 post
719 1404 773 1432 dies
784 1405 862 1431 adis-

40 1450 169 1476 :cssioue
182 1449 305 1484 Ignatii
317 1448 435 1484 Philippi
447 1450 575 1484 scriptam
591 1455 688 1485 putant
703 1459 710 1483 ;
724 1451 863 1478 continere

37 1496 131 1529 igitur
151 1495 235 1522 alias
248 1502 310 1521 non
333 1494 432 1529 potuit,
453 1503 535 1530 quam
548 1503 606 1529 eas,
624 1504 694 1531 quas
707 1496 863 1532 priusquam

36 1550 70 1568 ex
87 1542 167 1569 Asia
183 1541 415 1575 proﬁcisceretur
440 1543 607 1576 conscripsit,
624 1542 658 1569 de
671 1542 772 1577 quibus
796 1543 862 1571 solis
876 1552 897 1580 (ς

36 1593 130 1622 agunt
158 1586 316 1614 Eusebius
327 1591 353 1613 et
370 1586 561 1623 Hieronymus,
578 1592 607 1615 ut
618 1588 656 1614 illi
669 1588 751 1615 etiam
766 1589 863 1616 obser-

37 1639 122 1660 rant.
142 1632 208 1660 Pro
226 1632 397 1660 collectione
410 1633 492 1667 igitur
504 1632 719 1668 Philippensium
738 1634 863 1662 testimo-

38 1681 89 1706 nio
102 1679 275 1714 Polycarpi
288 1685 344 1705 non
361 1683 483 1710 utuntur,
499 1679 544 1706 sed
559 1679 618 1707 sine
633 1679 688 1706 ullo
699 1679 754 1706 alio
765 1679 864 1707 funda-

39 1730 163 1756 mento,
182 1724 254 1751 sine
267 1722 413 1758 Polycarpi
428 1727 476 1751 aut
496 1724 607 1751 alterius
620 1723 774 1759 cujus'piam
788 1725 864 1752 testi-

41 1771 151 1797 monio
164 1777 205 1797 ex
219 1769 295 1804 ipsis
307 1769 429 1803 epistolis
441 1777 503 1796 eam
527 1770 671 1804 colligunt,
684 1778 757 1804 quas
766 1770 804 1797 illi
819 1778 865 1805 ge-

42 1820 175 1851 nuinas,
210 1818 306 1845 nostri
332 1817 409 1845 ﬁctas
448 1817 532 1845 fuisse
549 1819 727 1847 contendunt.
757 1817 810 1846 Sed
837 1818 865 1846 in

42 1864 225 1893 enarranda
252 1863 347 1890 fabula
370 1871 420 1890 sua
444 1864 533 1899 pergit
556 1864 599 1891 vir
620 1864 810 1891 doctissimus.
828 1863 866 1891 Hi

46 1910 227 1941 tUsscrius,
242 1908 360 1941 scilicet,
374 1914 401 1936 et
416 1907 614 1944 linmmondus)
631 1909 735 1937 Latinis
744 1910 867 1945 objectio-

47 1958 140 1984 ἰη-δ
159 1959 279 1989 negant,
296 1955 329 1981 de
342 1962 388 1981 sex
406 1954 462 1981 illis
473 1960 518 1982 aut
530 1956 644 1990 quinque
663 1956 782 1990 epistolis
793 1956 867 1992 loqui

50 2001 268 2036 Polyearpum.
286 1999 344 2026 lmo
361 2007 425 2027 vero
438 2000 464 2026 hi
478 2008 528 2028 nec
546 2001 610 2029 illud
627 2006 736 2036 negant,
751 2010 802 2030 nec
817 2010 868 2030 ne-

51 2055 128 2081 gare
145 2050 276 2081 possunt
306 2045 412 2073 Latinis
438 2046 648 2081 objectionibus,
674 2048 748 2082 quod
776 2047 868 2076 Latini

53 2100 218 2128 nunquam
237 2091 408 2126 objecerunt.
434 2091 472 2119 De
485 2093 607 2128 quinque
623 2093 677 2121 illis
690 2094 812 2129 epistolis
828 2095 868 2122 lo—

53 2140 109 2174 qui
134 2138 329 2173 l‘olycarpum
356 2146 436 2165 nemo
457 2138 615 2166 Latinorum
637 2139 716 2167 dixit.
739 2139 799 2168 Non
816 2140 869 2168 hoc

56 2185 207 2214 Usserius
234 2191 330 2211 eorum
360 2184 561 2218 objectionibus
577 2189 667 2220 negat,
689 2186 737 2213 sed
761 2186 869 2221 planee

54 2230 229 2260 contrario,
254 2229 349 2256 multis
364 2229 472 2263 probat,
487 2237 535 2257 eos
548 2238 688 2265 nunquam
710 2230 764 2258 hoc
788 2230 869 2267 Poly-
882 2228 906 2258 υ

55 2284 157 2311 carpo
181 2274 327 2307 tribuisse,
348 2280 452 2310 septem
479 2280 585 2303 tantum
609 2276 739 2311 epistolas
750 2277 778 2304 in
790 2276 870 2312 Poly-

58 2322 149 2358 επρί
174 2321 345 2348 collectione
374 2325 518 2349 contentas
550 2329 659 2356 semper
681 2322 769 2350 lassos
797 2329 869 2355 esse,

59 2375 194 2403 eamque
205 2368 354 2400 rationem,
377 2375 428 2395 cur
440 2367 575 2395 Eusebius
589 2373 612 2395 et
625 2365 808 2404 Hieronymus
821 2376 870 2397 ea-

62 2422 136 2442 rum
162 2417 273 2440 tantunt
301 2413 489 2446 meminerint,
511 2413 679 2446 assignasse.
706 2413 764 2441 Hoc
785 2413 871 2440 Baro-

65 2461 154 2488 uium
167 2459 307 2492 innuisse,
323 2459 376 2486 hoc
384 2458 543 2487 Gretserum
563 2460 644 2494 plane
658 2465 685 2487 et
699 2460 777 2495 plene
788 2465 869 2488 extu-

66 2508 143 2534 lisse
158 2505 232 2537 vult,
246 2512 333 2539 quare
356 2504 394 2532 illi
409 2505 541 2540 epistolas
566 2506 650 2533 hasce
677 2513 731 2533 non
751 2514 871 2534 comme-

69 2551 263 2582 tnoraverint,
278 2558 392 2578 causam
407 2550 487 2578 istam
503 2551 588 2579 fuisse
611 2557 789 2586 asserente"),
807 2553 872 2587 quia

68 2606 127 2625 non
141 2597 267 2624 uiderant
280 2597 333 2624 nisi
347 2596 423 2623 illam
435 2597 608 2631 epistularum
621 2598 800 2626 collectionem
812 2607 872 2634 quia

72 2644 153 2679 facta
183 2643 273 2677 fuerat
291 2651 307 2668 a
327 2641 357 2670 S.
386 2642 556 2677 Polyearpo.‘
576 2644 621 2678 qui
640 2644 702 2671 illas
727 2644 869 2677 duntaxat,

71 2699 144 2725 quas
162 2688 197 2716 Β.
215 2689 339 2724 Ignatius
353 2689 476 2724 Smyrna:
495 2690 610 2723 primum
622 2695 646 2717 et
661 2696 752 2724 postea
771 2691 872 2718 Troade

77 2737 240 2770 scripserat,
256 2743 337 2763 unum
357 2736 385 2761 in
399 2736 520 2762 volumen
539 2737 722 2769 comportavit.
738 2736 776 2764 Ita
794 2737 872 2764 Ussc-

77 2783 140 2809 rius
151 2782 284 2816 disputat,
298 2786 328 2808 ut
342 2781 439 2816 probet
455 2781 517 2810 illas
529 2783 659 2817 epistolas
672 2784 792 2819 antiquis
808 2783 873 2811 fuis-

80 2835 111 2856 se
124 2832 288 2862 incognitas.

118 2884 259 2918 Quorsum
275 2885 358 2921 igitur
373 2886 432 2914 hate
447 2893 559 2915 narrare
577 2886 661 2915 voluit
672 2886 800 2917 Dallszus.
812 2894 872 2922 qua:

912 249 986 283 piani
999 247 1142 275 testimonii
1156 250 1236 272 cesset
1253 245 1279 271 in
1293 249 1404 279 utraque
1425 251 1508 270 causa
1528 242 1675 269 auctoritas
1686 261 1692 268 .

912 295 939 323 in
955 302 1002 320 nos
1010 301 1057 327 pro
1071 292 1229 319 doctissimis
1244 291 1308 318 viris
1328 289 1411 317 nihilo
1430 289 1556 319 validior,
1576 295 1656 322 quam
1668 287 1697 314 in

912 341 980 367 viras
993 339 1159 366 doctissimos
1172 345 1221 372 pro
1232 336 1349 363 Latinis.
1365 335 1454 369 Quam
1475 334 1545 362 falsa
1557 332 1675 361 assertio
1687 332 1695 360 ι

911 392 994 420 quam
1021 384 1115 418 iniqua
1140 383 1302 417 postulatio!
1320 387 1376 409 tam
1404 385 1478 409 certe
1505 380 1563 407 haec
1590 379 1695 413 iniqua,

911 439 993 466 quam
1010 430 1055 458 illa
1069 429 1148 457 falsa.
1170 428 1260 455 Latini
1281 427 1339 455 haec
1353 433 1496 461 nunquam
1510 425 1635 460 obiecere
1648 434 1655 457 ;
1671 423 1696 452 si

911 476 1089 511 obiecissent,
1113 478 1248 501 noverunt
1270 473 1336 500 nihil
1360 480 1390 500 se
1409 471 1540 506 proﬁcere
1562 470 1695 505 potuisse,

912 522 1003 550 statim
1022 527 1188 555 responsum
1200 523 1286 552 esset,
1305 517 1450 553 Polycarpi
1463 516 1650 544 testimonium
1662 514 1696 542 ad

913 569 973 596 illas
989 567 1120 602 epistolas
1137 573 1207 600 quas
1235 572 1286 592 nee
1317 564 1464 596 Eusebius,
1491 570 1540 591 nec
1564 561 1696 596 Hierony-

913 621 983 647 mus,
1000 621 1051 641 nec
1068 612 1215 647 quisquam
1225 610 1314 645 quinti
1331 610 1424 637 δεουιὶ
1439 613 1628 640 memorasset,
1641 614 1695 634 nou

912 659 1056 694 pertinere.
1073 658 1113 685 Ad
1128 661 1236 684 nostras
1251 659 1342 683 autem
1357 655 1485 690 epistolas
1499 661 1579 681 nequ
1588 661 1695 685 eorum,

912 709 1067 732 nostrorum
1095 710 1176 730 nemo
1203 709 1266 730 eum
1294 702 1349 730 ulla
1365 702 1471 729 ratione
1486 701 1556 728 dixit
1569 699 1696 735 Polycar-

912 756 975 784 pum
999 756 1054 776 non
1080 748 1244 782 respexisse.
1271 747 1324 774 Pro
1354 746 1434 774 nobis
1450 745 1533 781 igitur
1547 749 1575 772 et
1589 752 1696 779 semper

912 796 974 829 fuit,
989 801 1016 823 et
1026 794 1079 822 erit
1092 793 1161 821 tanti
1175 793 1265 821 Patris
1287 793 1375 820 multo
1401 792 1518 819 validior
1544 791 1697 818 auctoritas

911 845 1006 869 contra
1031 846 1222 875 quoscunque,
1244 845 1326 873 quam
1343 844 1393 872 pro
1407 835 1513 863 Latinis
1525 839 1619 862 contra
1635 842 1697 866 nos,

911 887 958 923 qui
970 894 1059 923 neque
1076 886 1211 914 adversus
1228 892 1289 918 nos,
1308 891 1396 918 neque
1405 889 1598 918 quemcunque
1613 881 1697 908 alium

910 942 971 962 eam
983 938 1031 962 aut
1044 933 1229 965 adduxerunt,
1239 935 1286 958 aut
1296 931 1430 958 adducere
1439 932 1595 964 potuerunt.
1609 927 1697 960 Quam

912 978 994 1013 igitur
1020 977 1115 1012 iniqua
1141 976 1292 1012 postulatio
1315 979 1368 1008 cst,
1383 979 1412 1001 ut
1429 974 1489 1008 ejus
1505 973 1657 1000 auctoritas
1670 973 1697 999 in

911 1027 1023 1057 utraque
1039 1030 1122 1049 causa
1137 1025 1231 1052 cesset,
1245 1028 1307 1055 qua:
1326 1020 1353 1047 itt
1369 1019 1453 1046 altera
1473 1026 1612 1053 nunquam
1625 1018 1697 1045 obti-

913 1068 989 1102 nuit;
1003 1068 1031 1095 in
1046 1068 1102 1101 illa,
1113 1075 1168 1102 qua
1183 1067 1218 1094 ab
1234 1066 1363 1094 omnibus
1379 1065 1533 1097 adducitur,
1548 1064 1699 1091 oblitterari

912 1121 1052 1148 nunquam
1077 1113 1195 1148 poterit!
1222 1112 1420 1140 Auctoritatem
1446 1111 1529 1146 igitur
1556 1110 1698 1146 Polycarpi

913 1168 963 1188 suo
979 1160 1038 1188 loco
1048 1160 1201 1195 justissitne
1211 1158 1361 1191 efferimus,
1372 1158 1536 1194 premimus,
1551 1164 1699 1192 urgemus;

912 1205 1130 1240 objectiunculas
1145 1205 1279 1232 adversus
1290 1204 1422 1239 epistolas
1443 1203 1517 1231 illius
1545 1202 1701 1230 testimonio

913 1252 1105 1280 corroboratus
1119 1258 1170 1279 suo
1178 1251 1262 1279 etiam
1275 1251 1338 1279 loco
1348 1250 1542 1283 discutiemus,
1554 1254 1637 1284 atque
1653 1249 1694 1276 dif

913 1298 1052 1326 dabimus.

1213 1341 1327 1370 CAPUT
1351 1341 1395 1369 Vl.

916 1390 1105 1418 Testimonium
1126 1389 1154 1417 S.
1182 1389 1279 1417 Irenwi
1300 1388 1332 1415 ab
1355 1388 1545 1422 objectionibus
1563 1388 1701 1414 liberatur.

951 1425 1088 1452 Frivolum
1100 1430 1123 1452 et
1133 1426 1249 1459 ineptam
1263 1429 1300 1451 es!
1311 1429 1406 1458 putare
1416 1424 1486 1450 illud
1500 1423 1609 1459 aliunde
1622 1431 1702 1459 quam

949 1469 983 1488 ea:
996 1459 1107 1493 epistola
1130 1457 1319 1486 att—Romanos
1344 1459 1456 1485 citatum
1476 1466 1541 1493 esse.
1561 1457 1654 1493 Inanis
1664 1462 1702 1484 est

949 1492 1088 1522 distinctio
1104 1495 1172 1522 inter
1183 1494 1296 1526 dixisse,
1307 1499 1332 1520 et
1345 1494 1499 1528 scripsisse.
1518 1492 1605 1519 Nulla
1621 1492 1702 1528 lgna-

951 1531 984 1558 tit'
994 1539 1043 1565 apo
1063 1530 1214 1566 hthegmata
1231 1538 1247 1556 α
1264 1528 1392 1556 veteribus
1403 1527 1601 1555 immorantur.
1623 1527 1702 1561 Igno-

951 1574 1021 1593 rasse
1040 1539 1172 1593 frenwum
1190 1564 1424 1593 lontiieoistolas
1439 1563 1513 1589 nulla
1527 1571 1586 1589 cum
1601 1563 1702 1589 ratione

950 1563 1021 1593 rasae
1040 1563 1172 1593 Irenaeum
1190 1565 1290 1598 lgntii
1299 1564 1424 1598 epistolas
1439 1563 1513 1589 nulla
1527 1571 1586 1589 cum
1601 1563 1703 1598 ratione

953 1602 1092 1628 asseritur.
1108 1597 1453 1635 Argumentumnegatwum
1466 1598 1590 1625 adversus
1607 1597 1703 1625 Iremtt'

952 1637 1133 1664 testimonium
1147 1634 1250 1662 nullam
1264 1635 1316 1662 vim
1331 1634 1418 1661 habet.

951 1693 1110 1720 Proximum
1127 1697 1170 1720 est
1185 1692 1213 1720 S.
1232 1692 1337 1725 Irenzei,
1354 1691 1494 1727 Polycarpi
1508 1690 1645 1725 discipuli,
1664 1693 1704 1716 te-

916 1739 1089 1772 stimonium,
1099 1739 1173 1774 quod
1188 1739 1305 1774 appellat
1318 1737 1544 1765 virdoctissimus
1554 1744 1703 1772 argumen-

917 1789 974 1812 tum
991 1792 1040 1820 pro
1053 1784 1202 1819 lgnatianis
1217 1784 1378 1812 secundum.
1401 1783 1507 1810 Asserit
1523 1782 1594 1809 enim
1619 1781 1705 1808 Euse-

917 1830 978 1858 bius
992 1829 1123 1858 Irenaeum
1146 1830 1243 1857 harum
1259 1829 1435 1865 epistularum
1459 1829 1626 1861 meminisse,
1642 1835 1704 1855 cum

917 1875 1019 1902 diceret
1041 1884 1048 1902 :
1067 1875 1296 1908 Quemadmodum
1320 1875 1429 1910 quidam
1450 1874 1482 1900 de
1503 1874 1600 1900 nostris
1623 1873 1704 1905 dixit,

917 1927 1022 1957 propter
1033 1921 1189 1956 martyrium
1202 1921 1238 1948 ad
1252 1921 1335 1948 Deum
1350 1919 1520 1953 adjudicatm
1542 1920 1577 1947 ad
1598 1919 1704 1952 bestias,

917 1968 1041 2004 quoniam
1058 1978 1066 1994 t
1086 1968 1246 2002 frumentum
1260 1975 1319 1994 sum
1334 1966 1446 1998 Christi,
1463 1971 1488 1993 et
1505 1974 1551 2001 per
1564 1966 1651 1993 dentes
1663 1965 1705 1992 be-

918 2015 1030 2042 stiarum
1045 2014 1141 2045 molor,
1160 2019 1189 2041 ut
1199 2013 1312 2040 mundus
1328 2014 1404 2047 panis
1414 2013 1542 2040 inveniar.
1555 2022 1564 2038 ι
1583 2012 1706 2046 Respon—

918 2061 963 2089 det
974 2061 1017 2088 vir
1023 2061 1214 2088 doctissimus:
1226 2059 1282 2094 Ego
1295 2059 1432 2086 hwcrerba
1444 2067 1501 2086 vere
1510 2058 1612 2094 Ignatii
1623 2058 1706 2093 fuisse

919 2107 1049 2139 concedo;
1065 2107 1110 2134 sed
1135 2107 1198 2142 quid
1215 2106 1249 2133 ad
1268 2105 1414 2141 epistolas?
1430 2104 1541 2140 Rogas?
1554 2104 1618 2140 quia
1641 2108 1707 2131 sunt

920 2154 946 2182 in
957 2153 1092 2189 epistolis,
1105 2153 1169 2180 alibi
1181 2153 1208 2179 in
1225 2152 1425 2187 antiquissimis
1439 2151 1626 2180 monumentis
1640 2159 1707 2178 nus-

920 2207 1001 2234 quam
1016 2220 1023 2231 ,
1056 2207 1091 2227 ne
1107 2199 1217 2234 quidem
1240 2198 1267 2225 in
1289 2198 1449 2229 modernis.
1466 2199 1518 2225 nisi
1541 2197 1651 2232 quando
1672 2205 1706 2224 ex

919 2245 1043 2279 epistolis
1054 2245 1229 2279 transcripta.
1243 2243 1282 2272 Ne
1301 2252 1387 2271 unum
1403 2243 1512 2278 quidem
1528 2243 1623 2278 lgnatii
1639 2250 1707 2277 apo-

922 2292 1069 2326 phthegma
1083 2299 1098 2318 a
1122 2291 1260 2318 veteribus
1277 2294 1456 2317 memoratum
1472 2294 1523 2316 est.
1538 2289 1572 2316 At
1589 2288 1707 2316 Irenwus

922 2345 973 2364 non
987 2337 1028 2364 hic
1040 2337 1106 2372 facit
1114 2336 1232 2371 epistola:
1243 2336 1400 2363 mentionem
1411 2343 1421 2367 ;
1433 2335 1479 2363 sed
1491 2342 1579 2369 neque
1590 2334 1619 2362 Β.
1629 2334 1708 2370 lgna-

921 2382 952 2409 tii
969 2382 1133 2410 mentionem
1149 2380 1224 2409 facit.
1238 2381 1372 2408 Conmdis
1380 2385 1469 2408 tamen
1482 2380 1563 2407 verba
1575 2380 1634 2407 lucc
1643 2387 1708 2407 vere

921 2436 982 2456 esse
998 2428 1093 2464 lgnatii
1106 2449 1113 2460 ,
1130 2435 1179 2455 cur
1195 2435 1249 2455 non
1262 2432 1289 2454 et
1306 2427 1445 2463 epistolae?
1464 2434 1525 2454 cum
1548 2427 1575 2458 in
1591 2426 1706 2462 cpistola

922 2473 1019 2509 Ignatii
1045 2474 1233 2506 inveniantur,
1257 2473 1322 2500 alibi
1349 2471 1613 2507 nusquamiNequo
1633 2472 1705 2499 enim

922 2520 976 2548 alia
991 2520 1062 2548 ratio
1072 2519 1219 2555 excogitari
1232 2524 1331 2554 potest,
1347 2526 1433 2554 quare
1443 2518 1538 2554 lgnatii
1552 2517 1634 2546 verba
1646 2525 1707 2545 esse

922 2570 970 2594 aut
987 2570 1029 2599 tu,
1054 2571 1101 2592 aut
1118 2573 1168 2593 nos
1187 2565 1347 2598 credamus,
1366 2564 1419 2592 nisi
1435 2564 1508 2599 quod
1523 2565 1549 2591 in
1571 2563 1631 2598 ejus
1646 2564 1707 2598 cpi-

923 2612 991 2640 stola
1006 2611 1197 2644 inveuiantur;
1208 2611 1254 2638 aiii
1271 2611 1343 2638 enim
1362 2615 1460 2646 praeter
1478 2610 1611 2646 lgnatium
1627 2609 1707 2644 adju-

923 2658 1006 2686 dieati
1019 2661 1098 2685 erant
1111 2657 1145 2685 ad
1158 2657 1270 2684 bestias.
1287 2656 1423 2684 Eusebius
1434 2656 1532 2684 crebro
1543 2656 1641 2691 probat
1651 2656 1709 2690 epi-

923 2705 1008 2732 stolas
1026 2702 1192 2739 apostolieas
1207 2707 1234 2730 et
1253 2702 1398 2739 Evangelia
1414 2707 1518 2734 nostra,
1533 2702 1606 2737 qttod
1623 2710 1655 2729 ex
1675 2702 1709 2730 iis

923 2750 1078 2778 testimonia
1088 2748 1228 2784 proferant
1240 2747 1332 2776 Patres
1346 2749 1475 2784 primitivi
1486 2757 1493 2782 ;
1504 2756 1564 2783 quas
1581 2747 1637 2775 fere
1649 2755 1705 2774 om-

924 2796 968 2823 nia
983 2803 1053 2824 vana
1067 2799 1170 2827 essent,
1189 2794 1212 2822 si
1233 2794 1284 2822 hac
1299 2795 1405 2821 ratione
1429 2793 1586 2821 testimonia
1614 2793 1702 2820 metia-

925 2849 1004 2874 mur;
1029 2848 1091 2867 raro
1108 2840 1180 2867 enim
1203 2840 1287 2867 libros
1311 2844 1358 2867 aut
1376 2839 1507 2874 epistolas
1531 2837 1709 2866 vetustissimi

925 2887 962 2915 illi
978 2887 1127 2922 scriptores
1145 2886 1334 2920 nominabant,
1350 2893 1384 2915 ex
1398 2886 1497 2922 quibus
1509 2885 1594 2914 verba
1608 2888 1633 2913 et
1646 2891 1709 2913 scn-
