1874 3070
211 118 258 146 illi

211 187 261 213 ραν
279 176 331 214 πρὸ
348 177 397 213 τῆς
414 178 524 214 ἐαρινῆς
540 178 685 214 ἰσημερίας
703 178 770 213 μετὰ
789 177 923 205 Ἰουδαίων
939 178 951 203 ἐ

1115 176 1210 204 codice
1221 173 1371 202 Oxoniensi
1382 195 1390 207 ,
1403 180 1458 209 quo
1471 175 1706 208 repraesentantur
1720 176 1779 198 tum
1799 173 1843 196 Δι-

209 223 523 260 τελέσει,χαοαιρείσθω.
532 222 626 259 Siquis
633 224 778 258 episcopus,
791 228 838 250 aut
849 223 994 258 presbyter,

210 275 257 296 aut
270 270 397 296 diaconus
414 276 534 296 sanctum
551 269 662 297 Pascha:
676 270 745 297 diem
757 275 818 296 ante
828 270 894 297 veris
910 269 994 304 tequi-

212 316 328 342 noctium
343 324 402 342 cum
419 315 521 343 ludatis
536 317 627 351 egerit,
647 325 663 342 a
678 316 763 351 gradu
779 324 827 342 suo
841 315 993 350 dejiciatur.

212 360 275 388 llaec
291 369 351 388 cum
367 366 458 395 postea
473 370 487 388 a
499 361 615 388 concilio
629 358 739 388 Niceno
754 361 993 392 confirmarentur,

212 407 438 434 constitutionum
454 414 548 434 carum
567 416 635 442 quas
648 416 722 435 nunc
738 408 870 434 habemus
881 415 995 434 consar

212 452 320 479 cinator
343 457 460 479 veterem
483 451 604 480 diataxin
631 453 806 484 immutavit,
838 457 865 480 ct
889 453 922 480 ad
946 460 995 479 sua

214 501 334 533 tempora
352 499 579 531 accommodavit,
589 499 635 526 lib.
649 507 676 532 v,
686 508 711 527 c.
728 499 761 526 16
775 509 780 525 :
797 500 843 526 Δεῖ
856 497 902 526 οὖν
912 500 994 534 ὑμᾶς,

212 544 330 579 ἀδελφοὶ,
341 545 403 576 τοὺς
414 544 452 580 τῷ
468 544 514 571 τοῦ
531 545 648 580 Χριστοῦ
665 546 747 581 τιμίῳ
763 545 997 581 ὲξηγορασμένους

213 590 317 625 αἵματι,
330 589 379 621 τὰς
388 590 494 626 ἡμέρας
510 589 556 616 τοῦ
567 590 661 626 Πάσχα
675 590 796 626 ἀκριϐῶς
811 591 933 618 πτοεῖσθαι
951 600 997 626 με-

212 636 246 663 τὰ
263 637 352 672 πάσης
363 635 518 670 ἐπιμελείας
531 636 599 672 μετὰ
607 636 710 672 τροπὴν
729 638 897 673 ἰσημερινήν.
913 637 997 672 Opor—

214 686 248 709 tet
265 682 346 716 igitur
364 689 419 712 uas,
436 682 544 716 fratres,
561 687 650 716 utpote
672 683 787 717 pretioso
813 682 913 710 Christi
934 692 997 710 stm-

212 728 288 762 guine
303 728 458 762 redemptos.
475 728 530 754 dies
546 728 655 755 Pasc/Ite
669 735 793 757 accurate
813 735 838 757 et
860 731 930 757 omni
955 731 997 757 di-

214 775 320 810 ligentia
342 781 399 809 post
423 777 607 809 wquiuoctium
623 776 764 803 celebrare.
789 776 894 810 Quibus
915 777 995 804 etiam

211 825 252 848 tot
267 822 398 848 adversus
411 821 520 849 Judzeos
533 822 625 849 addita
644 827 718 855 sunt,
734 828 763 850 ut
787 827 914 858 appareat
936 826 997 858 post

742 117 770 144 S.
787 115 959 145 IGNATIUS.
980 131 1015 137 ——
1032 113 1296 142 PROLEGOMENA.

1793 110 1844 135 15!

1805 171 1814 185 δ

1045 221 1178 248 δασκαλία
1187 220 1219 246 δι’
1227 216 1394 250 Ἱππολύτου,
1411 224 1468 246 tum
1480 218 1613 252 Διαταγαὶ
1624 217 1796 250 ἀποστόλων,
1809 225 1841 242 ev

1045 267 1146 302 quibus
1159 266 1228 293 liber
1244 271 1358 293 octavus
1372 264 1511 300 prmipue
1523 268 1641 297 constat,
1654 261 1842 298 deprehendi—

1045 321 1118 340 mus.

1081 358 1161 386 Certe
1186 359 1256 385 inter
1281 357 1343 384 illas
1356 356 1531 388 didascalias,
1546 364 1614 391 quas
1628 355 1840 384 consarcinator

1046 405 1177 432 librorum
1194 409 1257 432 octo
1276 404 1430 438 usurpavit,
1443 403 1528 431 fuisse
1551 401 1728 429 Διδασκαλίαν
1752 401 1839 435 Ίγνα-

1045 451 1114 482 τίον,
1135 450 1335 485 quamplurima
1349 455 1413 477 sunt
1427 458 1488 484 qua:
1501 454 1532 476 ut
1546 449 1702 476 liriiiissime
1724 448 1838 475 credam

1046 497 1176 524 clliciunt.
1202 496 1257 529 Qui
1280 495 1399 531 primum
1422 496 1472 523 has
1500 495 1662 522 didascalias
1685 495 1836 524 ﬂuxerunt.

1047 544 1107 571 sine
1119 543 1203 570 dubio
1219 551 1312 570 eorum
1329 543 1429 577 scripta
1450 547 1513 569 ante
1526 541 1621 569 orulos
1637 541 1839 575 hahuere,qui-

1047 590 1098 617 bus
1121 590 1249 625 ﬁgmenta
1272 597 1320 616 sua
1341 589 1422 616 tribui
1446 589 1609 621 voluerunt,
1633 593 1664 615 ut
1685 595 1732 615 eos
1760 588 1838 622 ipsos

1047 640 1179 670 quantum
1207 639 1319 670 possent
1336 635 1540 670 exprimerent;
1563 635 1634 661 unde
1658 642 1712 661 non
1740 634 1838 661 duhito

1046 683 1193 710 Clementis
1207 681 1315 718 διδαχὴν
1331 682 1366 708 ila
1383 681 1468 709 fuisse
1484 681 1675 716 compositam,
1688 686 1718 708 ut
1733 683 1838 716 episto-

1047 729 1088 756 las
1103 729 1163 764 ejus
1178 729 1297 755 maxime
1311 728 1453 756 rel'errent.
1471 727 1510 754 Ex
1524 728 1575 755 hac
1587 728 1670 763 igitur
1686 728 1837 755 Clementis

1047 774 1201 802 Didasc‘alia
1215 774 1465 802 consarcinatorem
1488 781 1519 802 ea
1536 774 1688 808 sumpsisse
1705 774 1836 801 credibile

1047 826 1104 854 est,
1121 830 1183 857 qua;
1208 822 1241 849 de
1264 821 1390 857 phoenice
1403 821 1525 848 habet-et
1539 821 1709 848 carminibus
1726 819 1836 856 Sibylla:

213 871 335 902 tempora
357 867 499 902 Epiphanii
517 869 574 895 haec
595 868 737 895 immutata
754 868 848 901 fuisse,
864 874 890 896 et
908 874 994 896 totum
1013 869 1033 898 Β
1047 868 1066 895 ι.
1083 876 1110 901 v,
1123 876 1148 896 c.
1167 868 1194 901 6,
1211 876 1246 895 ex
1266 868 1389 903 epistolis
1405 867 1552 895 Clementis
1564 867 1639 902 prius
1652 867 1794 902 desumpta
1809 871 1835 894 et

213 913 278 940 illud
292 918 373 948 caput
386 914 464 941 aliter
480 914 559 948 plane
570 919 732 949 conceptum
749 922 821 942 esse.
834 912 912 942 Unde
931 922 997 942 con-

210 959 277 994 jicio
291 964 353 987 octo
370 960 456 988 libros
477 958 711 988 Constitutionum
739 965 803 996 post
827 969 914 988 aavum
935 961 997 996 Epi-

211 1005 306 1040 phanii
332 1012 366 1033 ex
391 1005 529 1033 veteribus
557 1006 712 1033 didascaliis
738 1012 820 1041 atque
844 1007 998 1035 dialaxilus

212 1049 364 1077 immutatis
378 1050 604 1085 interpolatisqne
625 1051 711 1078 l‘aclos
728 1059 803 1083 esse;
820 1059 908 1086 neque
922 1052 995 1078 enim

211 1096 257 1123 ille
274 1104 417 1124 numerum
432 1096 715 1124 lihrorummcmorat.
729 1096 756 1123 In
772 1105 876 1125 canone
887 1098 996 1132 quidem

212 1143 309 1170 ultimo
323 1150 416 1169 eorum
430 1141 475 1177 qui
493 1142 622 1170 dicuntur
634 1144 820 1178 apostolorum
836 1165 843 1177 ,
860 1149 921 1171 octo
935 1144 997 1171 libri

211 1186 446 1214 Constitutionum
460 1187 562 1215 diserte
574 1189 755 1216 nominantur
768 1197 775 1222 ;
801 1190 847 1216 sed
864 1189 938 1216 illum
952 1198 998 1217 ca-

212 1241 313 1261 nonem
326 1233 363 1261 ita
383 1233 467 1261 fuisse
484 1239 644 1269 conceptum
663 1240 724 1262 ante
737 1239 842 1262 sextum
855 1235 996 1268 saeculum,

215 1279 323 1314 opinor,
339 1286 392 1306 non
410 1284 530 1314 apparet.
545 1279 666 1315 Septimo
681 1280 791 1315 quidem
816 1281 914 1308 saeculo
936 1285 998 1308 ante

214 1325 362 1353 concilium
388 1325 548 1353 Trullanum
572 1326 706 1354 Maximus
731 1332 822 1355 monet
840 1327 996 1363 Dionysium

213 1371 317 1399 factum
341 1371 497 1407 episcopum
520 1371 644 1404 Athenis,
667 1373 736 1399 κατὰ
754 1373 784 1400 τὸ
805 1373 952 1410 φερόμενον
969 1374 998 1400 ἐν

213 1417 319 1452 ἑϐδόμῳ
336 1416 430 1452 βιϐλίῳ
441 1417 493 1443 τῶν
511 1417 695 1445 ἀποστολικῶν
712 1418 912 1454 διαταγμάτων,
926 1421 997 1455 quod

213 1471 287 1490 nunc
312 1463 426 1498 legimus
443 1463 491 1490 lib.
512 1471 565 1495 vn,
584 1471 643 1498 cap.
659 1463 705 1491 48.
725 1464 829 1492 Auctor
845 1463 996 1501 Imperfecti

211 1505 306 1540 Operis
323 1508 348 1534 in
365 1507 520 1535 Matthamm
532 1527 540 1540 ,
559 1506 671 1536 homilia
687 1509 731 1541 53,
748 1510 841 1537 laudat
855 1511 946 1545 aliqua
964 1519 997 1538 ex

212 1551 283 1579 libro
297 1557 393 1579 octavo
405 1551 548 1579 Cauonum
562 1554 748 1587 apostolorum
759 1575 766 1588 ,
782 1563 843 1590 qua:
863 1563 936 1583 nunc
952 1564 996 1584 ro-

213 1598 356 1632 pcriuntur
381 1598 429 1625 lib.
459 1607 530 1629 vin,
551 1606 608 1634 cap.
640 1599 658 1626 2
686 1599 930 1628 Constitutionum.
965 1600 998 1628 Et

214 1642 288 1671 hunc
310 1644 418 1679 quidem
436 1650 573 1673 auctorem
595 1645 723 1673 Usserius
747 1645 812 1673 facit
832 1654 883 1672 non
911 1647 997 1674 minus

215 1690 372 1723 antiquum,
394 1697 476 1724 quam
502 1689 554 1717 fuit
574 1690 752 1725 Epiphanius.
781 1690 832 1719 Sed
849 1691 907 1719 sine
923 1693 998 1719 omni

214 1735 400 1762 controversia
426 1736 511 1763 multo
523 1736 617 1771 junior
636 1736 698 1763 fuit.
723 1736 839 1772 Scripsit
853 1737 998 1764 Panarium

214 1779 385 1814 Epiphanius
406 1786 468 1809 ante
490 1783 633 1818 imperium
657 1782 802 1810 Theodosii
825 1792 831 1810 :
856 1785 1000 1818 imperavit

215 1825 388 1854 Theodosius
409 1829 489 1855 annis
511 1829 645 1860 sedecim;
669 1829 716 1857 diu
739 1834 800 1865 post
814 1829 998 1859 Theodosium

215 1871 327 1906 scripsit
344 1877 439 1900 auctor
453 1873 545 1908 Operi:
562 1875 718 1910 imperfecti,
733 1880 763 1903 ut
778 1877 820 1904 vel
831 1885 864 1903 ex
879 1877 921 1905 his
939 1885 1000 1905 ver-

214 1916 259 1944 bis
271 1921 346 1952 patet
360 1918 454 1946 homil.
469 1920 502 1947 49
517 1929 524 1947 :
547 1919 577 1948 Si
590 1921 648 1955 quis
669 1927 758 1948 autem
773 1922 922 1949 auditiones
942 1923 1000 1958 qui-

215 1962 276 1989 dem
297 1964 449 1998 praeliorum
461 1985 470 1998 ,
493 1966 576 2000 fames
587 1987 594 2000 ,
606 1971 630 1993 et
643 1966 782 2000 tumultus,
795 1971 822 1994 et
837 1967 1000 2002 pestilentias

215 2009 346 2045 intelligat
360 2018 415 2038 esse
429 2012 517 2038 omnia
528 2012 582 2039 [nec
595 2012 666 2039 mala
679 2013 843 2047 spiritualia,
858 2022 917 2048 qum
928 2014 1000 2049 facta

216 2060 277 2082 sunt
300 2061 413 2090 tempore
429 2056 597 2084 Constantini
614 2058 693 2085 simul
715 2063 739 2085 et
760 2058 899 2086 Theodosii
920 2068 1000 2095 usque

216 2108 296 2127 nunc.
319 2100 392 2128 Inter
416 2106 537 2137 tempora
559 2103 643 2138 igitur
665 2102 810 2138 Epiphanii
832 2109 859 2131 et
880 2106 1000 2133 auctoris

217 2146 312 2182 Oper-is
328 2148 486 2183 imperfecti,
502 2150 629 2177 existimo
641 2149 856 2178 Constitutiones
868 2152 1001 2186 apostolo-

216 2201 278 2220 rum
299 2198 333 2221 εχ
355 2195 471 2223 diversis
484 2196 639 2224 didascaliis
658 2197 867 2232 diataxibusque
887 2198 999 2225 minori-
1014 2210 1036 2238 ι)

217 2239 269 2267 bus
285 2240 415 2268 conllatas
423 2242 456 2268 ad
469 2243 595 2269 volumen
610 2247 673 2270 octo
686 2243 817 2272 librorum
831 2245 997 2277 excrevisse,

217 2288 289 2321 quod
311 2288 346 2315 ab
363 2288 409 2315 illo
432 2288 560 2316 haretico
579 2290 658 2317 avide
671 2295 820 2324 arreptum,
842 2291 890 2325 qui
905 2292 998 2325 spuria

217 2332 365 2360 Clementis
377 2333 550 2367 aliorumque
564 2333 664 2368 scripta
678 2334 777 2369 sa‘pius
790 2334 911 2362 adducit.
928 2333 1000 2362 Fue-

217 2384 282 2406 runt
296 2379 378 2413 igitur
391 2387 424 2407 ex
439 2380 575 2407 sententia
591 2384 684 2407 nostra
700 2380 852 2415 antiquitus
873 2380 901 2406 hi
924 2380 998 2413 libri,

217 2425 297 2460 quasi
313 2426 347 2453 ab
362 2426 493 2461 apostolis
515 2426 620 2460 scripti.
635 2427 802 2459 autdictati,
815 2426 913 2462 Διδαχὴ
931 2427 999 2453 ἁπο-

218 2471 335 2505 στόλων,
351 2472 492 2504 Διατάξεις
508 2472 662 2498 ἀποστόλων
672 2491 678 2503 ,
700 2472 860 2498 Διδασκαλία
877 2472 1001 2507 Κλήμεν-

216 2524 272 2549 τος,
284 2517 444 2543 Διδασκαλία
459 2517 599 2550 Ἰγνατίου,
611 2516 772 2543 Διδασκαλία
788 2516 820 2543 δι’
832 2516 999 2548 Ἱππολύτου,

217 2563 317 2599 Διδαχὴ
336 2563 526 2599 Πολυκάρπου.
543 2562 582 2590 Ex
609 2563 652 2590 his
670 2563 809 2595 omnibus,
827 2567 855 2590 et
865 2563 926 2589 aliis
942 2562 1000 2589 for-

217 2617 293 2638 tasse
309 2610 398 2637 adhuc
410 2610 556 2646 incognitis
569 2610 691 2638 conﬂatee
709 2615 771 2638 sunt
786 2611 932 2645 Διαταγαὶ,
943 2610 1001 2638 sive

196 2646 207 2667 ⁵
218 2655 348 2691 καθολικὴ
362 2655 529 2683 διδασκαλία.
548 2655 582 2683 Et
593 2663 658 2683 sane
671 2664 735 2683 sunt
751 2656 778 2683 in
797 2655 873 2683 libris
891 2656 1001 2684 Consti-

219 2703 355 2729 tutionum
377 2702 464 2736 capita
481 2703 614 2737 quaedam,
628 2710 689 2737 qua:
708 2702 775 2729 nihil
795 2703 867 2729 aliud
889 2710 949 2730 esse
965 2702 1002 2729 vi-

219 2748 318 2775 dentur
342 2756 423 2782 quam
450 2749 568 2776 methodi
594 2750 679 2784 gratia
709 2748 790 2776 facta?
817 2749 1001 2776 connexiones

219 2794 354 2829 quaedam,
368 2795 468 2830 quibus
490 2803 543 2822 una
563 2795 640 2822 alteri
656 2795 804 2823 didascaha
827 2795 1001 2823 subnectere-

218 2845 273 2868 tur.
295 2839 380 2874 Quale
401 2846 483 2876 caput
504 2842 614 2870 tertium
630 2842 691 2869 libri
707 2842 793 2869 octavi
815 2849 885 2873 esse,
899 2841 949 2875 ipsi
967 2848 1000 2867 ex

1047 920 1219 950 exaggerata.
1250 914 1287 941 Ex
1316 914 1429 946 eadem,
1458 913 1486 941 ui
1517 913 1607 948 fallor,
1632 914 1717 942 totius
1743 914 1835 948 operis

1047 960 1210 996 prooemium
1224 959 1384 994 descripsit;
1409 966 1463 987 non
1480 959 1552 986 enim
1565 967 1581 986 a
1596 963 1735 995 postremo
1748 958 1835 986 colle-

1048 1010 1122 1032 ctore
1135 1005 1199 1032 illud
1219 1005 1320 1032 facturn
1336 1010 1417 1040 puto;
1434 1012 1514 1039 quem
1533 1003 1685 1039 Epiphanio
1697 1004 1835 1039 juniorem

1047 1060 1108 1080 esse
1117 1052 1216 1084 sentio,
1229 1052 1276 1086 qui
1291 1051 1454 1079 sententiam
1471 1051 1544 1077 illam
1557 1058 1590 1077 ex
1602 1050 1736 1084 prooemio
1748 1050 1811 1077 citat
1824 1059 1830 1076 :

1047 1097 1115 1124 Θεοῦ
1140 1097 1238 1132 φυτεία
1259 1097 1275 1133 ἡ
1299 1097 1430 1132 καθολικὴ
1452 1096 1610 1132 Ἐκκλησία,
1636 1096 1683 1123 καὶ
1706 1095 1834 1131 ἀμπελὼν

1048 1143 1131 1171 αὑτοῦ
1146 1143 1283 1176 ἐκλεκτός,
1301 1142 1421 1169 Ecclesia
1433 1142 1562 1169 catholica
1574 1141 1653 1169 arbor
1667 1150 1684 1168 a
1696 1142 1749 1168 Deo
1763 1147 1833 1174 sata,

1047 1196 1071 1217 et
1094 1190 1169 1216 vinea
1189 1189 1246 1223 ejus
1271 1189 1362 1216 electa.
1384 1189 1532 1216 Clementis
1557 1193 1647 1216 autem
1671 1187 1757 1215 simiae
1782 1187 1834 1214 ista

1048 1235 1168 1268 ascribo,
1181 1234 1412 1270 ὲνεστερνισμένοι
1435 1233 1481 1260 τὸν
1503 1233 1583 1269 essm
1599 1233 1693 1264 αὐτοῦ,
1716 1237 1745 1260 ιιι
1766 1232 1836 1259 allu-

1048 1282 1124 1308 deret
1139 1281 1172 1308 ad
1188 1281 1233 1308 illa
1247 1281 1273 1308 in
1288 1280 1409 1315 Epistola
1422 1281 1482 1316 ejus
1495 1281 1528 1307 ad
1545 1279 1702 1307 Corinthios
1716 1286 1769 1305 non
1787 1286 1834 1305 sa-

1047 1328 1082 1356 tis
1103 1328 1179 1361 trita,
1204 1327 1404 1362 ὲστερνισμένοι
1431 1324 1479 1362 ἦτε
1502 1328 1557 1358 τοῖς
1585 1325 1756 1360 σπλάγχνοις.
1773 1324 1832 1351 Jam

1048 1380 1114 1400 vero
1129 1377 1202 1400 tanta
1217 1378 1257 1400 est
1271 1372 1448 1407 epistolarum
1464 1372 1570 1408 lgnatii,
1585 1370 1736 1406 praesertim
1750 1370 1835 1397 inter—

1048 1420 1213 1454 polatarum,
1227 1428 1288 1447 cum
1305 1419 1557 1447 Constitutionibus
1576 1417 1738 1450 similitudo,
1753 1423 1833 1452 atque

1049 1465 1225 1499 conspiratio,
1242 1469 1271 1492 ut
1285 1472 1344 1492 eam
1368 1472 1422 1492 non
1447 1468 1551 1492 tantum
1572 1462 1726 1490 Tun-ianus
1737 1468 1765 1490 et
1779 1462 1832 1490 Βο-

1048 1509 1121 1542 vius,
1145 1510 1177 1536 ad
1195 1510 1363 1544 probandam
1379 1507 1615 1538 Constitutionum
1632 1508 1830 1544 antiquitatem,

1049 1556 1096 1583 sed
1119 1560 1146 1583 et
1171 1554 1301 1584 Usserius
1316 1556 1396 1583 etiam
1413 1556 1558 1587 notaverit,
1571 1560 1600 1583 ut
1614 1555 1743 1590 probaret
1756 1562 1832 1582 eum-

1048 1601 1109 1628 dem
1125 1601 1211 1629 fuisse
1225 1601 1374 1629 Clementis
1394 1606 1420 1629 et
1442 1601 1536 1636 lgnatii
1553 1601 1785 1636 interpolatorem.
1801 1599 1833 1626 Et

1049 1646 1179 1674 Turriani
1193 1646 1304 1682 quidem
1328 1652 1410 1682 atque
1426 1647 1502 1674 Bovii
1521 1647 1655 1674 sententia
1676 1646 1772 1673 merito
1784 1654 1831 1673 ex-

1049 1693 1124 1727 plosa
1140 1697 1190 1720 est.
1211 1691 1338 1720 Usserius
1352 1697 1441 1720 autem
1467 1693 1492 1720 id
1514 1692 1589 1728 quod
1607 1692 1694 1720 voluit
1707 1692 1833 1727 probasse

1050 1746 1104 1765 non
1120 1739 1235 1772 videtur,
1255 1739 1382 1773 quamvis
1400 1739 1540 1766 veritatem
1565 1747 1633 1773 pene
1655 1738 1784 1773 attigerit.
1805 1737 1831 1764 ld

1049 1784 1122 1812 enim
1142 1785 1209 1812 mihi
1223 1786 1360 1813 maximus
1382 1786 1426 1813 ille
1441 1793 1592 1814 consensus
1616 1786 1708 1820 potius
1735 1785 1832 1816 innuit,

1049 1829 1227 1857 Διδασκαλιαν
1250 1829 1346 1866 lgnatii
1371 1830 1619 1859 Constitutionibus
1641 1831 1728 1858 fuisse
1751 1832 1833 1858 inter-

1050 1882 1184 1910 spersam,
1199 1883 1314 1911 eamque
1327 1876 1505 1903 Διδασκαλίαν
1519 1876 1606 1904 fuisse
1629 1876 1662 1903 ad
1690 1877 1835 1911 interpola-

1049 1923 1092 1947 tas
1108 1919 1205 1955 lgnatii
1218 1920 1348 1955 epistolas
1367 1920 1577 1954 conformalam,
1594 1921 1636 1948 vel
1647 1921 1741 1956 potius
1753 1921 1835 1948 inter-

1049 1966 1200 2000 polatorem
1221 1965 1319 2001 Ignatii
1339 1974 1354 1994 e
1377 1967 1529 1995 Didascalia
1554 1968 1676 2002 ejusdem
1702 1975 1769 1995 suas
1784 1968 1836 2003 pri-

1050 2018 1125 2038 mum
1147 2012 1262 2040 lacinias
1277 2013 1400 2047 epistolis
1419 2014 1578 2041 intexuisse.
1594 2013 1673 2046 Quod
1698 2021 1762 2040 cum
1784 2014 1834 2040 alia

1050 2058 1182 2093 suadent,
1197 2065 1253 2086 tum
1269 2062 1351 2086 etiam
1367 2059 1432 2087 illud
1450 2060 1477 2086 in
1495 2060 1610 2095 epistola
1627 2061 1660 2087 ad
1677 2060 1836 2087 Trallianos

1051 2104 1085 2130 ab
1101 2105 1294 2139 interpolatore
1315 2106 1435 2133 additum
1453 2115 1459 2132 :
1476 2106 1596 2132 Αἱδεῖσθε
1611 2106 1640 2132 δὲ
1654 2105 1762 2132 καὶτὸν
1779 2105 1835 2132 ἐπί-

1051 2157 1150 2176 σκοπον
1165 2151 1241 2186 ὑμῶν
1255 2151 1293 2183 ὡς
1302 2152 1429 2187 Χριστὸν,
1440 2151 1500 2179 καθ’
1511 2152 1525 2178 ὃ
1535 2152 1598 2187 ὑμῖν
1609 2152 1634 2177 οἱ
1647 2151 1779 2187 μακάριοι.
1788 2151 1836 2177 διε·

1049 2197 1165 2229 τάξαντο
1178 2197 1329 2224 ἀπόστολοι.
1351 2197 1517 2224 Veneramini
1538 2202 1626 2224 autem
1643 2201 1668 2224 et
1687 2197 1837 2231 episcopum

1050 2247 1164 2269 vestrum
1176 2244 1245 2269 sicut
1257 2243 1401 2276 Christum,
1417 2249 1445 2270 ut
1457 2243 1527 2271 vobis
1538 2243 1608 2270 beati
1620 2243 1735 2278 apostoli
1746 2242 1838 2270 conui-

1050 2293 1166 2316 luerunt.
1179 2288 1246 2316 Cum
1262 2289 1334 2316 etiim
1359 2289 1426 2316 nihil
1451 2290 1508 2316 illic
1530 2290 1558 2316 in
1583 2289 1702 2324 genuina
1724 2289 1836 2323 epistola

1049 2332 1147 2368 lgnatii
1163 2333 1196 2361 de
1210 2335 1384 2362 veneratione
1399 2335 1529 2370 episcopo
1554 2335 1708 2370 praestanda
1733 2335 1838 2362 dicere-

1051 2383 1106 2411 tur,
1122 2379 1169 2407 sed
1182 2380 1215 2407 de
1229 2380 1292 2415 luga
1317 2382 1506 2408 haereticorum
1527 2382 1678 2409 secundum
1703 2386 1836 2416 praecepta

1051 2427 1210 2460 apostolica,
1223 2428 1280 2455 sive
1291 2428 1462 2463 διατάγματα
1473 2427 1527 2454 τῶν
1537 2427 1703 2459 ἀποστόλων,
1719 2427 1837 2462 interpo-

1051 2471 1131 2504 lator,
1151 2473 1296 2499 occasione
1311 2473 1362 2500 hac
1375 2478 1493 2508 arrepta,
1518 2473 1551 2500 ad
1571 2473 1616 2499 illa
1630 2472 1766 2508 confugit,
1782 2480 1838 2509 quat

1052 2516 1078 2542 in
1091 2516 1340 2545 Constitutionibus
1352 2519 1507 2551 exstabant,
1524 2526 1557 2546 ex
1573 2518 1728 2546 Didascalia
1743 2518 1810 2554 lgna
1824 2519 1845 2545 ni

1052 2561 1112 2588 sine
1135 2562 1219 2590 dubio
1240 2563 1394 2598 desumpta.
1409 2563 1448 2591 Ita
1463 2564 1489 2591 in
1505 2564 1610 2599 prolixa
1627 2564 1671 2590 illa
1690 2564 1802 2599 inter-po
1814 2564 1840 2590 lar

1052 2607 1136 2642 tione,
1150 2616 1201 2644 qua
1218 2609 1308 2637 viduis
1331 2610 1426 2637 eadem
1452 2615 1587 2645 praecepta
1603 2610 1659 2643 dat,
1674 2615 1702 2637 et
1716 2618 1798 2638 exem
1809 2610 1843 2644 pla

1052 2655 1190 2689 proponit,
1205 2663 1266 2690 quae
1284 2656 1311 2683 in
1324 2656 1575 2683 Constitutionibus
1599 2656 1617 2683 ι.
1635 2664 1676 2689 ιιι,
1691 2664 1717 2684 c.
1742 2657 1760 2684 6
1773 2662 1801 2685 et
1823 2655 1842 2685 7.

1053 2706 1220 2735 occurrunt,
1240 2703 1331 2729 statim
1356 2702 1496 2737 subjungit
1513 2711 1520 2729 :
1543 2702 1635 2729 Ταῦτα
1653 2703 1703 2737 οὑχ
1720 2703 1761 2735 ὡς
1776 2702 1835 2730 ἀπύι

1054 2747 1145 2779 στολος
1163 2748 1351 2784 διατάσσομαι.
1368 2749 1432 2777 Haec
1446 2757 1497 2776 non
1506 2756 1534 2777 ut
1544 2750 1679 2785 apostolus
1690 2751 1833 2779 constituo.

1053 2794 1125 2828 quod
1138 2801 1234 2821 omnes
1254 2794 1347 2821 norint
1367 2795 1424 2822 haec
1440 2795 1466 2823 in
1482 2795 1633 2823 Didascalia
1651 2796 1833 2830 apostolorum

1054 2839 1165 2867 nomine
1179 2839 1265 2868 fuisse
1279 2840 1411 2873 iniuncta.
