  <div class='ocr_page' id='page_1' title='image "/cluster/home/n/w/nwhite01/storage/ocr_20150623/5/njp.32101077772372/094.png"; bbox 0 0 1874 3070; ppageno 0'>
   <div class='ocr_carea' id='block_1_1' title="bbox 76 100 1305 142">
    <p class='ocr_par' dir='ltr' id='par_1_1' title="bbox 76 100 1305 142">
     <span class='ocr_line' id='line_1_1' title="bbox 76 100 1305 142; baseline -0.001 0"><span class='ocrx_word' id='word_1_1' title='bbox 76 100 104 129; x_wconf 53' lang='grc' dir='ltr'><strong>ίδδ</strong></span> <span class='ocrx_word' id='word_1_2' title='bbox 468 114 496 142; x_wconf 82' lang='lat' dir='ltr'><strong>J.</strong></span> <span class='ocrx_word' id='word_1_3' title='bbox 518 112 700 142; x_wconf 72' lang='lat' dir='ltr'><strong>PEARSONH</strong></span> <span class='ocrx_word' id='word_1_4' title='bbox 718 113 879 142; x_wconf 70' lang='lat' dir='ltr'><strong>VINDICIIE</strong></span> <span class='ocrx_word' id='word_1_5' title='bbox 899 112 1109 142; x_wconf 71' lang='lat' dir='ltr'><strong>lGNATIAN/E.</strong></span> <span class='ocrx_word' id='word_1_6' title='bbox 1126 129 1161 134; x_wconf 93' lang='lat'><strong><em>—</em></strong></span> <span class='ocrx_word' id='word_1_7' title='bbox 1175 113 1265 141; x_wconf 70' lang='lat' dir='ltr'><strong>PARS</strong></span> <span class='ocrx_word' id='word_1_8' title='bbox 1283 114 1305 142; x_wconf 94' lang='grc' dir='ltr'><strong>ι.</strong></span> 
     </span>
    </p>
   </div>
   <div class='ocr_carea' id='block_1_2' title="bbox 1655 114 1705 144">
    <p class='ocr_par' dir='ltr' id='par_1_2' title="bbox 1655 114 1705 144">
     <span class='ocr_line' id='line_1_2' title="bbox 1655 114 1705 144; baseline 0 0"><span class='ocrx_word' id='word_1_9' title='bbox 1655 114 1705 144; x_wconf 64' lang='grc'><strong>133»</strong></span> 
     </span>
    </p>
   </div>
   <div class='ocr_carea' id='block_1_3' title="bbox 97 167 1708 211">
    <p class='ocr_par' dir='ltr' id='par_1_3' title="bbox 97 167 1708 211">
     <span class='ocr_line' id='line_1_3' title="bbox 97 167 1708 211; baseline 0.007 -18"><span class='ocrx_word' id='word_1_10' title='bbox 97 167 210 196; x_wconf 62' lang='grc' dir='ltr'><strong>κὶωᾶωο</strong></span> <span class='ocrx_word' id='word_1_11' title='bbox 237 170 370 207; x_wconf 73' lang='lat' dir='ltr'><strong>itaque,</strong></span> <span class='ocrx_word' id='word_1_12' title='bbox 403 174 438 202; x_wconf 78' lang='lat' dir='ltr'><strong>in</strong></span> <span class='ocrx_word' id='word_1_13' title='bbox 456 175 646 203; x_wconf 85' lang='lat' dir='ltr'><strong>Stichometria</strong></span> <span class='ocrx_word' id='word_1_14' title='bbox 662 177 742 204; x_wconf 87' lang='lat' dir='ltr'><strong>nobis</strong></span> <span class='ocrx_word' id='word_1_15' title='bbox 763 177 867 211; x_wconf 86' lang='lat' dir='ltr'><strong>objecta</strong></span> <span class='ocrx_word' id='word_1_16' title='bbox 884 180 905 207; x_wconf 84' lang='grc' dir='ltr'><strong>Λ</strong></span> <span class='ocrx_word' id='word_1_17' title='bbox 920 184 975 202; x_wconf 64' lang='lat' dir='ltr'><strong>sum</strong></span> <span class='ocrx_word' id='word_1_18' title='bbox 992 175 1099 207; x_wconf 81' lang='lat' dir='ltr'><strong>salutis,</strong></span> <span class='ocrx_word' id='word_1_19' title='bbox 1121 180 1229 209; x_wconf 73' lang='lat' dir='ltr'><strong>possunt</strong></span> <span class='ocrx_word' id='word_1_20' title='bbox 1243 175 1353 202; x_wconf 76' lang='lat' dir='ltr'><strong>discere.</strong></span> <span class='ocrx_word' id='word_1_21' title='bbox 1367 173 1430 202; x_wconf 60' lang='lat' dir='ltr'><strong>“me</strong></span> <span class='ocrx_word' id='word_1_22' title='bbox 1450 174 1578 208; x_wconf 79' lang='lat' dir='ltr'><strong>Irenzcus,</strong></span> <span class='ocrx_word' id='word_1_23' title='bbox 1592 182 1626 203; x_wconf 74' lang='lat' dir='ltr'><strong>ex</strong></span> <span class='ocrx_word' id='word_1_24' title='bbox 1641 183 1708 204; x_wconf 84' lang='lat' dir='ltr'><strong>con-</strong></span> 
     </span>
    </p>
   </div>
   <div class='ocr_carea' id='block_1_4' title="bbox 84 212 867 257">
    <p class='ocr_par' dir='ltr' id='par_1_4' title="bbox 84 212 867 257">
     <span class='ocr_line' id='line_1_4' title="bbox 84 212 867 257; baseline 0.011 -16"><span class='ocrx_word' id='word_1_25' title='bbox 84 212 176 249; x_wconf 66' lang='grc' dir='ltr'><strong>’ὶγθιτὶου</strong></span> <span class='ocrx_word' id='word_1_26' title='bbox 189 224 303 245; x_wconf 83' lang='lat' dir='ltr'><strong>nomen</strong></span> <span class='ocrx_word' id='word_1_27' title='bbox 318 219 410 249; x_wconf 66' lang='lat' dir='ltr'><strong>inter</strong></span> <span class='ocrx_word' id='word_1_28' title='bbox 423 222 516 250; x_wconf 85' lang='lat' dir='ltr'><strong>libros</strong></span> <span class='ocrx_word' id='word_1_29' title='bbox 536 222 604 250; x_wconf 85' lang='lat' dir='ltr'><strong>Novi</strong></span> <span class='ocrx_word' id='word_1_30' title='bbox 619 222 785 251; x_wconf 88' lang='lat' dir='ltr'><strong>Testamenti</strong></span> <span class='ocrx_word' id='word_1_31' title='bbox 800 230 851 257; x_wconf 86' lang='lat' dir='ltr'><strong>apo</strong></span> <span class='ocrx_word' id='word_1_32' title='bbox 861 237 867 244; x_wconf 73' lang='grc' dir='ltr'><strong>ε</strong></span> 
     </span>
    </p>
   </div>
   <div class='ocr_carea' id='block_1_5' title="bbox 87 262 867 303">
    <p class='ocr_par' dir='ltr' id='par_1_5' title="bbox 87 262 867 303">
     <span class='ocr_line' id='line_1_5' title="bbox 87 262 867 303; baseline 0.009 -15"><span class='ocrx_word' id='word_1_33' title='bbox 87 262 171 298; x_wconf 60' lang='lat' dir='ltr'><strong>arabes</strong></span> <span class='ocrx_word' id='word_1_34' title='bbox 191 263 339 298; x_wconf 73' lang='lat' dir='ltr'><strong>positum,</strong></span> <span class='ocrx_word' id='word_1_35' title='bbox 356 274 426 294; x_wconf 87' lang='lat' dir='ltr'><strong>non</strong></span> <span class='ocrx_word' id='word_1_36' title='bbox 452 268 584 296; x_wconf 81' lang='lat' dir='ltr'><strong>denotare</strong></span> <span class='ocrx_word' id='word_1_37' title='bbox 608 268 704 303; x_wconf 80' lang='lat' dir='ltr'><strong>lgnatii</strong></span> <span class='ocrx_word' id='word_1_38' title='bbox 727 269 867 303; x_wconf 74' lang='lat' dir='ltr'><strong>epistolas,</strong></span> 
     </span>
    </p>
   </div>
   <div class='ocr_carea' id='block_1_6' title="bbox 92 310 869 349">
    <p class='ocr_par' dir='ltr' id='par_1_6' title="bbox 92 310 869 349">
     <span class='ocr_line' id='line_1_6' title="bbox 92 310 869 349; baseline 0.004 -12"><span class='ocrx_word' id='word_1_39' title='bbox 92 318 133 346; x_wconf 66' lang='lat' dir='ltr'><strong>qua</strong></span> <span class='ocrx_word' id='word_1_40' title='bbox 148 310 213 338; x_wconf 81' lang='lat' dir='ltr'><strong>inter</strong></span> <span class='ocrx_word' id='word_1_41' title='bbox 231 313 407 347; x_wconf 71' lang='lat' dir='ltr'><strong>apocrypha</strong></span> <span class='ocrx_word' id='word_1_42' title='bbox 435 322 573 349; x_wconf 83' lang='lat' dir='ltr'><strong>nusquam</strong></span> <span class='ocrx_word' id='word_1_43' title='bbox 597 320 721 349; x_wconf 75' lang='lat' dir='ltr'><strong>reperue,</strong></span> <span class='ocrx_word' id='word_1_44' title='bbox 733 322 793 349; x_wconf 88' lang='lat' dir='ltr'><strong>qua:</strong></span> <span class='ocrx_word' id='word_1_45' title='bbox 808 318 869 349; x_wconf 91' lang='lat' dir='ltr'><strong>post</strong></span> 
     </span>
    </p>
   </div>
   <div class='ocr_carea' id='block_1_7' title="bbox 94 358 869 396">
    <p class='ocr_par' dir='ltr' id='par_1_7' title="bbox 94 358 869 396">
     <span class='ocr_line' id='line_1_7' title="bbox 94 358 869 396; baseline 0.005 -13"><span class='ocrx_word' id='word_1_46' title='bbox 94 362 183 385; x_wconf 81' lang='lat' dir='ltr'><strong>mortem</strong></span> <span class='ocrx_word' id='word_1_47' title='bbox 194 358 323 384; x_wconf 80' lang='lat' dir='ltr'><strong>omnium</strong></span> <span class='ocrx_word' id='word_1_48' title='bbox 342 360 542 393; x_wconf 77' lang='lat' dir='ltr'><strong>apostolorum</strong></span> <span class='ocrx_word' id='word_1_49' title='bbox 554 361 672 395; x_wconf 57' lang='lat' dir='ltr'><strong>scriptas,</strong></span> <span class='ocrx_word' id='word_1_50' title='bbox 689 369 749 396; x_wconf 71' lang='lat' dir='ltr'><strong>quae</strong></span> <span class='ocrx_word' id='word_1_51' title='bbox 762 361 795 387; x_wconf 91' lang='lat' dir='ltr'><strong>ab</strong></span> <span class='ocrx_word' id='word_1_52' title='bbox 809 361 869 395; x_wconf 89' lang='lat' dir='ltr'><strong>ipso</strong></span> 
     </span>
    </p>
   </div>
   <div class='ocr_carea' id='block_1_8' title="bbox 94 405 869 442">
    <p class='ocr_par' dir='ltr' id='par_1_8' title="bbox 94 405 869 442">
     <span class='ocr_line' id='line_1_8' title="bbox 94 405 869 442; baseline 0.004 -10"><span class='ocrx_word' id='word_1_53' title='bbox 94 405 112 432; x_wconf 84' lang='lat' dir='ltr'><strong>in</strong></span> <span class='ocrx_word' id='word_1_54' title='bbox 125 405 210 432; x_wconf 85' lang='lat' dir='ltr'><strong>itinere</strong></span> <span class='ocrx_word' id='word_1_55' title='bbox 224 410 357 437; x_wconf 64' lang='lat' dir='ltr'><strong>exarata,</strong></span> <span class='ocrx_word' id='word_1_56' title='bbox 373 414 491 433; x_wconf 92' lang='lat' dir='ltr'><strong>omnem</strong></span> <span class='ocrx_word' id='word_1_57' title='bbox 517 407 696 442; x_wconf 75' lang='lat' dir='ltr'><strong>apostolicam</strong></span> <span class='ocrx_word' id='word_1_58' title='bbox 721 409 869 435; x_wconf 87' lang='lat' dir='ltr'><strong>auctorita-</strong></span> 
     </span>
    </p>
   </div>
   <div class='ocr_carea' id='block_1_9' title="bbox 94 450 868 488">
    <p class='ocr_par' dir='ltr' id='par_1_9' title="bbox 94 450 868 488">
     <span class='ocr_line' id='line_1_9' title="bbox 94 450 868 488; baseline 0.003 -10"><span class='ocrx_word' id='word_1_59' title='bbox 94 457 134 478; x_wconf 85' lang='lat' dir='ltr'><strong>tem</strong></span> <span class='ocrx_word' id='word_1_60' title='bbox 145 459 213 485; x_wconf 63' lang='lat' dir='ltr'><strong>saepe</strong></span> <span class='ocrx_word' id='word_1_61' title='bbox 229 451 263 478; x_wconf 89' lang='lat' dir='ltr'><strong>de</strong></span> <span class='ocrx_word' id='word_1_62' title='bbox 276 450 419 478; x_wconf 86' lang='lat' dir='ltr'><strong>industria</strong></span> <span class='ocrx_word' id='word_1_63' title='bbox 440 452 624 486; x_wconf 88' lang='lat' dir='ltr'><strong>amoliuntur;</strong></span> <span class='ocrx_word' id='word_1_64' title='bbox 641 453 688 480; x_wconf 90' lang='lat' dir='ltr'><strong>sed</strong></span> <span class='ocrx_word' id='word_1_65' title='bbox 702 453 816 488; x_wconf 82' lang='grc' dir='ltr'><strong>Διόαχὴν</strong></span> <span class='ocrx_word' id='word_1_66' title='bbox 828 454 868 481; x_wconf 87' lang='lat' dir='ltr'><strong>ei-</strong></span> 
     </span>
    </p>
   </div>
   <div class='ocr_carea' id='block_1_10' title="bbox 89 496 869 534">
    <p class='ocr_par' dir='ltr' id='par_1_10' title="bbox 89 496 869 534">
     <span class='ocr_line' id='line_1_10' title="bbox 89 496 869 534; baseline 0.003 -10"><span class='ocrx_word' id='word_1_67' title='bbox 89 498 139 524; x_wconf 89' lang='lat' dir='ltr'><strong>dem</strong></span> <span class='ocrx_word' id='word_1_68' title='bbox 153 496 258 532; x_wconf 72' lang='lat' dir='ltr'><strong>lgnatio</strong></span> <span class='ocrx_word' id='word_1_69' title='bbox 278 498 470 532; x_wconf 71' lang='lat' dir='ltr'><strong>suppositam,</strong></span> <span class='ocrx_word' id='word_1_70' title='bbox 488 498 566 532; x_wconf 90' lang='lat' dir='ltr'><strong>quasi</strong></span> <span class='ocrx_word' id='word_1_71' title='bbox 583 498 634 533; x_wconf 85' lang='lat' dir='ltr'><strong>ipsi</strong></span> <span class='ocrx_word' id='word_1_72' title='bbox 649 499 684 525; x_wconf 87' lang='lat' dir='ltr'><strong>ab</strong></span> <span class='ocrx_word' id='word_1_73' title='bbox 697 499 840 534; x_wconf 82' lang='lat' dir='ltr'><strong>apostolis,</strong></span> <span class='ocrx_word' id='word_1_74' title='bbox 853 506 869 527; x_wconf 87' lang='lat' dir='ltr'><strong>a</strong></span> 
     </span>
    </p>
   </div>
   <div class='ocr_carea' id='block_1_11' title="bbox 85 543 868 580">
    <p class='ocr_par' dir='ltr' id='par_1_11' title="bbox 85 543 868 580">
     <span class='ocr_line' id='line_1_11' title="bbox 85 543 868 580; baseline 0.005 -11"><span class='ocrx_word' id='word_1_75' title='bbox 85 543 177 578; x_wconf 82' lang='lat' dir='ltr'><strong>quibus</strong></span> <span class='ocrx_word' id='word_1_76' title='bbox 187 543 332 570; x_wconf 84' lang='lat' dir='ltr'><strong>ordinatus</strong></span> <span class='ocrx_word' id='word_1_77' title='bbox 343 548 387 571; x_wconf 86' lang='lat' dir='ltr'><strong>est</strong></span> <span class='ocrx_word' id='word_1_78' title='bbox 397 544 551 572; x_wconf 67' lang='lat' dir='ltr'><strong>Antiochiae</strong></span> <span class='ocrx_word' id='word_1_79' title='bbox 562 545 716 580; x_wconf 87' lang='lat' dir='ltr'><strong>episcopus,</strong></span> <span class='ocrx_word' id='word_1_80' title='bbox 726 545 868 579; x_wconf 80' lang='lat' dir='ltr'><strong>dictatam,</strong></span> 
     </span>
    </p>
   </div>
   <div class='ocr_carea' id='block_1_12' title="bbox 82 587 870 630">
    <p class='ocr_par' dir='ltr' id='par_1_12' title="bbox 82 587 870 630">
     <span class='ocr_line' id='line_1_12' title="bbox 82 587 870 630; baseline 0.003 -14"><span class='ocrx_word' id='word_1_81' title='bbox 82 597 137 624; x_wconf 67' lang='lat' dir='ltr'><strong>quae</strong></span> <span class='ocrx_word' id='word_1_82' title='bbox 147 590 176 617; x_wconf 90' lang='lat' dir='ltr'><strong>in</strong></span> <span class='ocrx_word' id='word_1_83' title='bbox 191 590 245 617; x_wconf 86' lang='lat' dir='ltr'><strong>alio</strong></span> <span class='ocrx_word' id='word_1_84' title='bbox 260 589 387 618; x_wconf 89' lang='lat' dir='ltr'><strong>lndiculo</strong></span> <span class='ocrx_word' id='word_1_85' title='bbox 400 591 472 630; x_wconf 80' lang='lat' dir='ltr'><strong>inter</strong></span> <span class='ocrx_word' id='word_1_86' title='bbox 487 589 554 618; x_wconf 85' lang='lat' dir='ltr'><strong>Novi</strong></span> <span class='ocrx_word' id='word_1_87' title='bbox 574 587 742 618; x_wconf 84' lang='lat' dir='ltr'><strong>Tcstamenti</strong></span> <span class='ocrx_word' id='word_1_88' title='bbox 757 599 870 627; x_wconf 82' lang='lat' dir='ltr'><strong>apocry-</strong></span> 
     </span>
    </p>
   </div>
   <div class='ocr_carea' id='block_1_13' title="bbox 79 630 871 672">
    <p class='ocr_par' dir='ltr' id='par_1_13' title="bbox 79 630 871 672">
     <span class='ocr_line' id='line_1_13' title="bbox 79 630 871 672; baseline 0 -8"><span class='ocrx_word' id='word_1_89' title='bbox 79 638 129 672; x_wconf 83' lang='lat' dir='ltr'><strong>pha</strong></span> <span class='ocrx_word' id='word_1_90' title='bbox 146 637 293 671; x_wconf 86' lang='lat' dir='ltr'><strong>reperitur.</strong></span> <span class='ocrx_word' id='word_1_91' title='bbox 308 636 388 664; x_wconf 81' lang='lat' dir='ltr'><strong>Unde</strong></span> <span class='ocrx_word' id='word_1_92' title='bbox 403 641 486 671; x_wconf 80' lang='lat' dir='ltr'><strong>patet,</strong></span> <span class='ocrx_word' id='word_1_93' title='bbox 504 630 606 664; x_wconf 77' lang='lat' dir='ltr'><strong>nullum</strong></span> <span class='ocrx_word' id='word_1_94' title='bbox 620 637 709 665; x_wconf 89' lang='lat' dir='ltr'><strong>adhuc</strong></span> <span class='ocrx_word' id='word_1_95' title='bbox 721 642 815 665; x_wconf 86' lang='lat' dir='ltr'><strong>testem</strong></span> <span class='ocrx_word' id='word_1_96' title='bbox 829 646 871 664; x_wconf 85' lang='lat' dir='ltr'><strong>re-</strong></span> 
     </span>
    </p>
   </div>
   <div class='ocr_carea' id='block_1_14' title="bbox 77 682 871 718">
    <p class='ocr_par' dir='ltr' id='par_1_14' title="bbox 77 682 871 718">
     <span class='ocr_line' id='line_1_14' title="bbox 77 682 871 718; baseline 0.004 -9"><span class='ocrx_word' id='word_1_97' title='bbox 77 683 158 717; x_wconf 83' lang='lat' dir='ltr'><strong>periri</strong></span> <span class='ocrx_word' id='word_1_98' title='bbox 173 684 310 718; x_wconf 86' lang='lat' dir='ltr'><strong>potuisse.</strong></span> <span class='ocrx_word' id='word_1_99' title='bbox 326 684 372 718; x_wconf 82' lang='lat' dir='ltr'><strong>qui</strong></span> <span class='ocrx_word' id='word_1_100' title='bbox 387 684 490 712; x_wconf 82' lang='lat' dir='ltr'><strong>diceret</strong></span> <span class='ocrx_word' id='word_1_101' title='bbox 512 682 646 718; x_wconf 85' lang='lat' dir='ltr'><strong>Epistolas</strong></span> <span class='ocrx_word' id='word_1_102' title='bbox 667 683 763 718; x_wconf 76' lang='lat' dir='ltr'><strong>lgnatii</strong></span> <span class='ocrx_word' id='word_1_103' title='bbox 787 684 871 712; x_wconf 84' lang='lat' dir='ltr'><strong>fuisse</strong></span> 
     </span>
    </p>
   </div>
   <div class='ocr_carea' id='block_1_15' title="bbox 76 731 859 766">
    <p class='ocr_par' dir='ltr' id='par_1_15' title="bbox 76 731 859 766">
     <span class='ocr_line' id='line_1_15' title="bbox 76 731 859 766; baseline 0.001 -8"><span class='ocrx_word' id='word_1_104' title='bbox 76 731 282 766; x_wconf 71' lang='lat' dir='ltr'><strong>supposititias;</strong></span> <span class='ocrx_word' id='word_1_105' title='bbox 294 736 343 758; x_wconf 90' lang='lat' dir='ltr'><strong>aut</strong></span> <span class='ocrx_word' id='word_1_106' title='bbox 353 731 402 766; x_wconf 91' lang='lat' dir='ltr'><strong>qui</strong></span> <span class='ocrx_word' id='word_1_107' title='bbox 412 731 445 758; x_wconf 86' lang='lat' dir='ltr'><strong>de</strong></span> <span class='ocrx_word' id='word_1_108' title='bbox 457 739 551 758; x_wconf 87' lang='lat' dir='ltr'><strong>earum</strong></span> <span class='ocrx_word' id='word_1_109' title='bbox 563 731 735 766; x_wconf 82' lang='lat' dir='ltr'><strong>antiquitate,</strong></span> <span class='ocrx_word' id='word_1_110' title='bbox 745 732 859 759; x_wconf 83' lang='lat' dir='ltr'><strong>veritate</strong></span> 
     </span>
    </p>
   </div>
   <div class='ocr_carea' id='block_1_16' title="bbox 75 779 664 814">
    <p class='ocr_par' dir='ltr' id='par_1_16' title="bbox 75 779 664 814">
     <span class='ocr_line' id='line_1_16' title="bbox 75 779 664 814; baseline -0.002 -8"><span class='ocrx_word' id='word_1_111' title='bbox 75 779 300 814; x_wconf 81' lang='lat' dir='ltr'><strong>auctoritateque</strong></span> <span class='ocrx_word' id='word_1_112' title='bbox 315 779 359 806; x_wconf 88' lang='lat' dir='ltr'><strong>vel</strong></span> <span class='ocrx_word' id='word_1_113' title='bbox 374 779 502 806; x_wconf 86' lang='lat' dir='ltr'><strong>dubitare</strong></span> <span class='ocrx_word' id='word_1_114' title='bbox 520 779 664 806; x_wconf 84' lang='lat' dir='ltr'><strong>videretur.</strong></span> 
     </span>
    </p>
   </div>
   <div class='ocr_carea' id='block_1_17' title="bbox 390 855 559 884">
    <p class='ocr_par' dir='ltr' id='par_1_17' title="bbox 390 855 559 884">
     <span class='ocr_line' id='line_1_17' title="bbox 390 855 559 884; baseline 0 0"><span class='ocrx_word' id='word_1_115' title='bbox 390 855 506 884; x_wconf 78' lang='lat' dir='ltr'><strong>CAPUT</strong></span> <span class='ocrx_word' id='word_1_116' title='bbox 524 855 559 884; x_wconf 67' lang='grc' dir='ltr'><strong>ν.</strong></span> 
     </span>
    </p>
   </div>
   <div class='ocr_carea' id='block_1_18' title="bbox 73 912 872 950">
    <p class='ocr_par' dir='ltr' id='par_1_18' title="bbox 73 912 872 950">
     <span class='ocr_line' id='line_1_18' title="bbox 73 912 872 950; baseline 0.006 -11"><span class='ocrx_word' id='word_1_117' title='bbox 73 912 272 950; x_wconf 73' lang='lat' dir='ltr'><strong>Testimonium</strong></span> <span class='ocrx_word' id='word_1_118' title='bbox 284 913 323 950; x_wconf 17' lang='lat' dir='ltr'><strong>VS.</strong></span> <span class='ocrx_word' id='word_1_119' title='bbox 342 913 485 949; x_wconf 79' lang='lat' dir='ltr'><strong>Polyearpi</strong></span> <span class='ocrx_word' id='word_1_120' title='bbox 497 914 528 941; x_wconf 90' lang='lat' dir='ltr'><strong>ab</strong></span> <span class='ocrx_word' id='word_1_121' title='bbox 541 915 736 950; x_wconf 69' lang='lat' dir='ltr'><strong>exceptionibus</strong></span> <span class='ocrx_word' id='word_1_122' title='bbox 753 916 872 944; x_wconf 79' lang='lat' dir='ltr'><strong>vindica-</strong></span> 
     </span>
    </p>
   </div>
   <div class='ocr_carea' id='block_1_19' title="bbox 106 947 871 986">
    <p class='ocr_par' dir='ltr' id='par_1_19' title="bbox 106 947 871 986">
     <span class='ocr_line' id='line_1_19' title="bbox 106 947 871 986; baseline 0.007 -12"><span class='ocrx_word' id='word_1_123' title='bbox 106 954 164 986; x_wconf 62' lang='lat' dir='ltr'><strong>turT</strong></span> <span class='ocrx_word' id='word_1_124' title='bbox 181 947 238 986; x_wconf 80' lang='lat' dir='ltr'><strong>Nec</strong></span> <span class='ocrx_word' id='word_1_125' title='bbox 251 949 331 986; x_wconf 60' lang='lat' dir='ltr'><strong>fidem</strong></span> <span class='ocrx_word' id='word_1_126' title='bbox 344 949 368 975; x_wconf 85' lang='lat' dir='ltr'><strong>ei</strong></span> <span class='ocrx_word' id='word_1_127' title='bbox 380 947 479 986; x_wconf 61' lang='lat' dir='ltr'><strong>deesse,</strong></span> <span class='ocrx_word' id='word_1_128' title='bbox 496 958 542 976; x_wconf 87' lang='lat' dir='ltr'><strong>nec</strong></span> <span class='ocrx_word' id='word_1_129' title='bbox 558 947 620 977; x_wconf 67' lang='lat' dir='ltr'><strong>vini.</strong></span> <span class='ocrx_word' id='word_1_130' title='bbox 636 952 788 978; x_wconf 69' lang='lat' dir='ltr'><strong>Auctoritas</strong></span> <span class='ocrx_word' id='word_1_131' title='bbox 807 952 871 986; x_wconf 77' lang='lat' dir='ltr'><strong>Epi-</strong></span> 
     </span>
    </p>
   </div>
   <div class='ocr_carea' id='block_1_20' title="bbox 107 983 872 1021">
    <p class='ocr_par' dir='ltr' id='par_1_20' title="bbox 107 983 872 1021">
     <span class='ocr_line' id='line_1_20' title="bbox 107 983 872 1021; baseline 0.008 -12"><span class='ocrx_word' id='word_1_132' title='bbox 107 983 190 1010; x_wconf 74' lang='lat' dir='ltr'><strong>stolc</strong></span> <span class='ocrx_word' id='word_1_133' title='bbox 201 984 238 1021; x_wconf 71' lang='lat' dir='ltr'><strong>ad</strong></span> <span class='ocrx_word' id='word_1_134' title='bbox 255 983 438 1021; x_wconf 61' lang='lat' dir='ltr'><strong>Philippense:</strong></span> <span class='ocrx_word' id='word_1_135' title='bbox 454 984 485 1010; x_wconf 85' lang='lat' dir='ltr'><strong>ab</strong></span> <span class='ocrx_word' id='word_1_136' title='bbox 501 985 621 1021; x_wconf 75' lang='lat' dir='ltr'><strong>omnibus</strong></span> <span class='ocrx_word' id='word_1_137' title='bbox 634 993 736 1021; x_wconf 81' lang='lat' dir='ltr'><strong>recepta</strong></span> <span class='ocrx_word' id='word_1_138' title='bbox 749 992 799 1014; x_wconf 75' lang='lat' dir='ltr'><strong>est.</strong></span> <span class='ocrx_word' id='word_1_139' title='bbox 817 983 872 1014; x_wconf 69' lang='grc' dir='ltr'><strong>Απ-</strong></span> 
     </span>
    </p>
   </div>
   <div class='ocr_carea' id='block_1_21' title="bbox 100 1019 870 1057">
    <p class='ocr_par' dir='ltr' id='par_1_21' title="bbox 100 1019 870 1057">
     <span class='ocr_line' id='line_1_21' title="bbox 100 1019 870 1057; baseline 0.006 -12"><span class='ocrx_word' id='word_1_140' title='bbox 100 1020 229 1057; x_wconf 73' lang='lat' dir='ltr'><strong>ctoritati</strong></span> <span class='ocrx_word' id='word_1_141' title='bbox 251 1019 382 1057; x_wconf 17' lang='lat' dir='ltr'><strong>ejusrno‘n</strong></span> <span class='ocrx_word' id='word_1_142' title='bbox 395 1021 503 1057; x_wconf 75' lang='lat' dir='ltr'><strong>derogat</strong></span> <span class='ocrx_word' id='word_1_143' title='bbox 519 1019 712 1049; x_wconf 85' lang='lat' dir='ltr'><strong>Stichometria</strong></span> <span class='ocrx_word' id='word_1_144' title='bbox 726 1031 785 1057; x_wconf 65' lang='lat' dir='ltr'><strong>qm:</strong></span> <span class='ocrx_word' id='word_1_145' title='bbox 800 1023 870 1049; x_wconf 82' lang='lat' dir='ltr'><strong>dici-</strong></span> 
     </span>
    </p>
   </div>
   <div class='ocr_carea' id='block_1_22' title="bbox 104 1054 870 1091">
    <p class='ocr_par' dir='ltr' id='par_1_22' title="bbox 104 1054 870 1091">
     <span class='ocr_line' id='line_1_22' title="bbox 104 1054 870 1091; baseline 0.007 -11"><span class='ocrx_word' id='word_1_146' title='bbox 104 1060 153 1081; x_wconf 69' lang='lat' dir='ltr'><strong>tur</strong></span> <span class='ocrx_word' id='word_1_147' title='bbox 174 1054 333 1089; x_wconf 73' lang='lat' dir='ltr'><strong>Nicephori.</strong></span> <span class='ocrx_word' id='word_1_148' title='bbox 354 1054 490 1091; x_wconf 55' lang='lat' dir='ltr'><strong>Posterior</strong></span> <span class='ocrx_word' id='word_1_149' title='bbox 503 1063 565 1090; x_wconf 82' lang='lat' dir='ltr'><strong>pars</strong></span> <span class='ocrx_word' id='word_1_150' title='bbox 581 1057 701 1091; x_wconf 76' lang='lat' dir='ltr'><strong>eptstolte</strong></span> <span class='ocrx_word' id='word_1_151' title='bbox 720 1054 770 1084; x_wconf 75' lang='lat' dir='ltr'><strong>non</strong></span> <span class='ocrx_word' id='word_1_152' title='bbox 785 1059 870 1085; x_wconf 68' lang='lat' dir='ltr'><strong>minus</strong></span> 
     </span>
    </p>
   </div>
   <div class='ocr_carea' id='block_1_23' title="bbox 106 1090 871 1125">
    <p class='ocr_par' dir='ltr' id='par_1_23' title="bbox 106 1090 871 1125">
     <span class='ocr_line' id='line_1_23' title="bbox 106 1090 871 1125; baseline 0.007 -10"><span class='ocrx_word' id='word_1_153' title='bbox 106 1091 227 1125; x_wconf 75' lang='lat' dir='ltr'><strong>germina</strong></span> <span class='ocrx_word' id='word_1_154' title='bbox 255 1098 337 1124; x_wconf 84' lang='lat' dir='ltr'><strong>quam</strong></span> <span class='ocrx_word' id='word_1_155' title='bbox 360 1091 442 1124; x_wconf 84' lang='lat' dir='ltr'><strong>prior.</strong></span> <span class='ocrx_word' id='word_1_156' title='bbox 462 1090 652 1119; x_wconf 73' lang='lat' dir='ltr'><strong>Testimonium</strong></span> <span class='ocrx_word' id='word_1_157' title='bbox 676 1098 795 1120; x_wconf 76' lang='lat' dir='ltr'><strong>nostrum</strong></span> <span class='ocrx_word' id='word_1_158' title='bbox 816 1101 871 1120; x_wconf 70' lang='lat' dir='ltr'><strong>esse</strong></span> 
     </span>
    </p>
   </div>
   <div class='ocr_carea' id='block_1_24' title="bbox 109 1125 871 1160">
    <p class='ocr_par' dir='ltr' id='par_1_24' title="bbox 109 1125 871 1160">
     <span class='ocr_line' id='line_1_24' title="bbox 109 1125 871 1160; baseline 0.005 -9"><span class='ocrx_word' id='word_1_159' title='bbox 109 1125 255 1151; x_wconf 82' lang='lat' dir='ltr'><strong>mendacio</strong></span> <span class='ocrx_word' id='word_1_160' title='bbox 273 1126 422 1160; x_wconf 73' lang='lat' dir='ltr'><strong>inspersum</strong></span> <span class='ocrx_word' id='word_1_161' title='bbox 435 1131 526 1160; x_wconf 83' lang='lat' dir='ltr'><strong>aperta</strong></span> <span class='ocrx_word' id='word_1_162' title='bbox 541 1127 675 1154; x_wconf 84' lang='lat' dir='ltr'><strong>calumnia</strong></span> <span class='ocrx_word' id='word_1_163' title='bbox 685 1133 734 1155; x_wconf 78' lang='lat' dir='ltr'><strong>est.</strong></span> <span class='ocrx_word' id='word_1_164' title='bbox 745 1128 871 1155; x_wconf 83' lang='lat' dir='ltr'><strong>Particu-</strong></span> 
     </span>
    </p>
   </div>
   <div class='ocr_carea' id='block_1_25' title="bbox 107 1160 870 1195">
    <p class='ocr_par' dir='ltr' id='par_1_25' title="bbox 107 1160 870 1195">
     <span class='ocr_line' id='line_1_25' title="bbox 107 1160 870 1195; baseline 0.005 -9"><span class='ocrx_word' id='word_1_165' title='bbox 107 1160 135 1186; x_wconf 82' lang='lat' dir='ltr'><strong>lo</strong></span> <span class='ocrx_word' id='word_1_166' title='bbox 149 1169 278 1194; x_wconf 72' lang='lat' dir='ltr'><strong>suprema</strong></span> <span class='ocrx_word' id='word_1_167' title='bbox 290 1161 424 1195; x_wconf 78' lang='lat' dir='ltr'><strong>prioribus</strong></span> <span class='ocrx_word' id='word_1_168' title='bbox 439 1169 490 1186; x_wconf 69' lang='lat' dir='ltr'><strong>non</strong></span> <span class='ocrx_word' id='word_1_169' title='bbox 506 1163 676 1189; x_wconf 84' lang='lat' dir='ltr'><strong>contradicit.</strong></span> <span class='ocrx_word' id='word_1_170' title='bbox 695 1162 738 1190; x_wconf 84' lang='lat' dir='ltr'><strong>Vis</strong></span> <span class='ocrx_word' id='word_1_171' title='bbox 752 1164 870 1190; x_wconf 71' lang='lat' dir='ltr'><strong>testimo-</strong></span> 
     </span>
    </p>
   </div>
   <div class='ocr_carea' id='block_1_26' title="bbox 109 1195 869 1234">
    <p class='ocr_par' dir='ltr' id='par_1_26' title="bbox 109 1195 869 1234">
     <span class='ocr_line' id='line_1_26' title="bbox 109 1195 869 1234; baseline 0.005 -13"><span class='ocrx_word' id='word_1_172' title='bbox 109 1196 150 1222; x_wconf 68' lang='lat' dir='ltr'><strong>nii</strong></span> <span class='ocrx_word' id='word_1_173' title='bbox 168 1196 333 1234; x_wconf 65' lang='lat' dir='ltr'><strong>defenditur.</strong></span> <span class='ocrx_word' id='word_1_174' title='bbox 347 1195 526 1234; x_wconf 61' lang='lat' dir='ltr'><strong>Nullasglias</strong></span> <span class='ocrx_word' id='word_1_175' title='bbox 539 1197 663 1231; x_wconf 79' lang='lat' dir='ltr'><strong>epistolas</strong></span> <span class='ocrx_word' id='word_1_176' title='bbox 673 1197 869 1234; x_wconf 84' lang='lat' dir='ltr'><strong>Ignatii,quam</strong></span> 
     </span>
    </p>
   </div>
   <div class='ocr_carea' id='block_1_27' title="bbox 103 1231 869 1268">
    <p class='ocr_par' dir='ltr' id='par_1_27' title="bbox 103 1231 869 1268">
     <span class='ocr_line' id='line_1_27' title="bbox 103 1231 869 1268; baseline 0.005 -11"><span class='ocrx_word' id='word_1_177' title='bbox 103 1240 149 1258; x_wconf 71' lang='lat' dir='ltr'><strong>cas</strong></span> <span class='ocrx_word' id='word_1_178' title='bbox 168 1239 236 1268; x_wconf 77' lang='lat' dir='ltr'><strong>quas</strong></span> <span class='ocrx_word' id='word_1_179' title='bbox 258 1231 396 1264; x_wconf 77' lang='lat' dir='ltr'><strong>habemus,</strong></span> <span class='ocrx_word' id='word_1_180' title='bbox 413 1240 430 1257; x_wconf 89' lang='lat' dir='ltr'><strong>a</strong></span> <span class='ocrx_word' id='word_1_181' title='bbox 447 1231 595 1267; x_wconf 85' lang='lat' dir='ltr'><strong>Polycarpo</strong></span> <span class='ocrx_word' id='word_1_182' title='bbox 619 1231 733 1268; x_wconf 81' lang='lat' dir='ltr'><strong>intelligi</strong></span> <span class='ocrx_word' id='word_1_183' title='bbox 755 1231 869 1268; x_wconf 67' lang='lat' dir='ltr'><strong>potuisse</strong></span> 
     </span>
    </p>
   </div>
   <div class='ocr_carea' id='block_1_28' title="bbox 108 1267 273 1294">
    <p class='ocr_par' dir='ltr' id='par_1_28' title="bbox 108 1267 273 1294">
     <span class='ocr_line' id='line_1_28' title="bbox 108 1267 273 1294; baseline 0 -1"><span class='ocrx_word' id='word_1_184' title='bbox 108 1267 273 1294; x_wconf 68' lang='lat' dir='ltr'><strong>ostenditur.</strong></span> 
     </span>
    </p>
   </div>
   <div class='ocr_carea' id='block_1_29' title="bbox 109 1324 868 1361">
    <p class='ocr_par' dir='ltr' id='par_1_29' title="bbox 109 1324 868 1361">
     <span class='ocr_line' id='line_1_29' title="bbox 109 1324 868 1361; baseline 0 -9"><span class='ocrx_word' id='word_1_185' title='bbox 109 1324 181 1352; x_wconf 86' lang='lat' dir='ltr'><strong>Cum</strong></span> <span class='ocrx_word' id='word_1_186' title='bbox 199 1328 285 1352; x_wconf 83' lang='lat' dir='ltr'><strong>testes</strong></span> <span class='ocrx_word' id='word_1_187' title='bbox 307 1325 341 1352; x_wconf 87' lang='lat' dir='ltr'><strong>ab</strong></span> <span class='ocrx_word' id='word_1_188' title='bbox 363 1325 519 1352; x_wconf 83' lang='lat' dir='ltr'><strong>adversario</strong></span> <span class='ocrx_word' id='word_1_189' title='bbox 533 1325 655 1359; x_wconf 86' lang='lat' dir='ltr'><strong>adducti,</strong></span> <span class='ocrx_word' id='word_1_190' title='bbox 672 1333 720 1353; x_wconf 85' lang='lat' dir='ltr'><strong>nec</strong></span> <span class='ocrx_word' id='word_1_191' title='bbox 737 1325 803 1353; x_wconf 71' lang='lat' dir='ltr'><strong>talus</strong></span> <span class='ocrx_word' id='word_1_192' title='bbox 819 1333 868 1361; x_wconf 50' lang='lat' dir='ltr'><strong>ap-</strong></span> 
     </span>
    </p>
   </div>
   <div class='ocr_carea' id='block_1_30' title="bbox 76 1371 866 1406">
    <p class='ocr_par' dir='ltr' id='par_1_30' title="bbox 76 1371 866 1406">
     <span class='ocr_line' id='line_1_30' title="bbox 76 1371 866 1406; baseline 0 -8"><span class='ocrx_word' id='word_1_193' title='bbox 76 1376 202 1406; x_wconf 80' lang='lat' dir='ltr'><strong>pareant,</strong></span> <span class='ocrx_word' id='word_1_194' title='bbox 216 1371 315 1406; x_wconf 81' lang='lat' dir='ltr'><strong>quales</strong></span> <span class='ocrx_word' id='word_1_195' title='bbox 330 1371 375 1398; x_wconf 90' lang='lat' dir='ltr'><strong>ille</strong></span> <span class='ocrx_word' id='word_1_196' title='bbox 387 1371 483 1404; x_wconf 89' lang='lat' dir='ltr'><strong>voluit,</strong></span> <span class='ocrx_word' id='word_1_197' title='bbox 495 1379 544 1399; x_wconf 91' lang='lat' dir='ltr'><strong>nec</strong></span> <span class='ocrx_word' id='word_1_198' title='bbox 558 1372 584 1399; x_wconf 91' lang='lat' dir='ltr'><strong>id</strong></span> <span class='ocrx_word' id='word_1_199' title='bbox 596 1372 710 1399; x_wconf 89' lang='lat' dir='ltr'><strong>omnino</strong></span> <span class='ocrx_word' id='word_1_200' title='bbox 723 1376 866 1404; x_wconf 76' lang='lat' dir='ltr'><strong>testentur,</strong></span> 
     </span>
    </p>
   </div>
   <div class='ocr_carea' id='block_1_31' title="bbox 78 1417 867 1452">
    <p class='ocr_par' dir='ltr' id='par_1_31' title="bbox 78 1417 867 1452">
     <span class='ocr_line' id='line_1_31' title="bbox 78 1417 867 1452; baseline 0 -7"><span class='ocrx_word' id='word_1_201' title='bbox 78 1418 150 1452; x_wconf 81' lang='lat' dir='ltr'><strong>quod</strong></span> <span class='ocrx_word' id='word_1_202' title='bbox 172 1417 318 1445; x_wconf 70' lang='lat' dir='ltr'><strong>sententiae</strong></span> <span class='ocrx_word' id='word_1_203' title='bbox 339 1423 439 1444; x_wconf 63' lang='lat' dir='ltr'><strong>nostra:</strong></span> <span class='ocrx_word' id='word_1_204' title='bbox 462 1422 504 1445; x_wconf 88' lang='lat' dir='ltr'><strong>est</strong></span> <span class='ocrx_word' id='word_1_205' title='bbox 524 1419 709 1451; x_wconf 82' lang='lat' dir='ltr'><strong>contrarium;</strong></span> <span class='ocrx_word' id='word_1_206' title='bbox 727 1418 867 1445; x_wconf 82' lang='lat' dir='ltr'><strong>videamus</strong></span> 
     </span>
    </p>
   </div>
   <div class='ocr_carea' id='block_1_32' title="bbox 79 1463 867 1499">
    <p class='ocr_par' dir='ltr' id='par_1_32' title="bbox 79 1463 867 1499">
     <span class='ocr_line' id='line_1_32' title="bbox 79 1463 867 1499; baseline 0.001 -9"><span class='ocrx_word' id='word_1_207' title='bbox 79 1471 111 1490; x_wconf 81' lang='lat' dir='ltr'><strong>an</strong></span> <span class='ocrx_word' id='word_1_208' title='bbox 134 1463 243 1498; x_wconf 87' lang='lat' dir='ltr'><strong>aliquid</strong></span> <span class='ocrx_word' id='word_1_209' title='bbox 258 1464 313 1490; x_wconf 87' lang='lat' dir='ltr'><strong>tale</strong></span> <span class='ocrx_word' id='word_1_210' title='bbox 326 1464 460 1491; x_wconf 81' lang='lat' dir='ltr'><strong>adversus</strong></span> <span class='ocrx_word' id='word_1_211' title='bbox 475 1468 557 1492; x_wconf 85' lang='lat' dir='ltr'><strong>testes</strong></span> <span class='ocrx_word' id='word_1_212' title='bbox 572 1468 681 1492; x_wconf 90' lang='lat' dir='ltr'><strong>nostros</strong></span> <span class='ocrx_word' id='word_1_213' title='bbox 701 1464 754 1491; x_wconf 93' lang='lat' dir='ltr'><strong>dici</strong></span> <span class='ocrx_word' id='word_1_214' title='bbox 770 1464 867 1499; x_wconf 85' lang='lat' dir='ltr'><strong>possit,</strong></span> 
     </span>
    </p>
   </div>
   <div class='ocr_carea' id='block_1_33' title="bbox 78 1510 868 1546">
    <p class='ocr_par' dir='ltr' id='par_1_33' title="bbox 78 1510 868 1546">
     <span class='ocr_line' id='line_1_33' title="bbox 78 1510 868 1546; baseline 0.003 -9"><span class='ocrx_word' id='word_1_215' title='bbox 78 1518 122 1542; x_wconf 83' lang='lat' dir='ltr'><strong>an,</strong></span> <span class='ocrx_word' id='word_1_216' title='bbox 138 1511 258 1544; x_wconf 85' lang='lat' dir='ltr'><strong>scilicet,</strong></span> <span class='ocrx_word' id='word_1_217' title='bbox 275 1510 294 1537; x_wconf 88' lang='lat' dir='ltr'><strong>ii</strong></span> <span class='ocrx_word' id='word_1_218' title='bbox 306 1518 362 1538; x_wconf 92' lang='lat' dir='ltr'><strong>non</strong></span> <span class='ocrx_word' id='word_1_219' title='bbox 377 1511 443 1544; x_wconf 89' lang='lat' dir='ltr'><strong>sint,</strong></span> <span class='ocrx_word' id='word_1_220' title='bbox 456 1519 527 1546; x_wconf 90' lang='lat' dir='ltr'><strong>quos</strong></span> <span class='ocrx_word' id='word_1_221' title='bbox 543 1519 604 1538; x_wconf 89' lang='lat' dir='ltr'><strong>esse</strong></span> <span class='ocrx_word' id='word_1_222' title='bbox 617 1519 666 1539; x_wconf 92' lang='lat' dir='ltr'><strong>nos</strong></span> <span class='ocrx_word' id='word_1_223' title='bbox 681 1511 808 1545; x_wconf 76' lang='lat' dir='ltr'><strong>dicimus,</strong></span> <span class='ocrx_word' id='word_1_224' title='bbox 820 1517 868 1539; x_wconf 84' lang='lat' dir='ltr'><strong>aut</strong></span> 
     </span>
    </p>
   </div>
   <div class='ocr_carea' id='block_1_34' title="bbox 78 1557 759 1592">
    <p class='ocr_par' dir='ltr' id='par_1_34' title="bbox 78 1557 759 1592">
     <span class='ocr_line' id='line_1_34' title="bbox 78 1557 759 1592; baseline 0.001 -9"><span class='ocrx_word' id='word_1_225' title='bbox 78 1565 169 1584; x_wconf 76' lang='lat' dir='ltr'><strong>revera</strong></span> <span class='ocrx_word' id='word_1_226' title='bbox 190 1557 218 1584; x_wconf 90' lang='lat' dir='ltr'><strong>id</strong></span> <span class='ocrx_word' id='word_1_227' title='bbox 235 1564 291 1584; x_wconf 93' lang='lat' dir='ltr'><strong>non</strong></span> <span class='ocrx_word' id='word_1_228' title='bbox 309 1561 454 1590; x_wconf 86' lang='lat' dir='ltr'><strong>testentur,</strong></span> <span class='ocrx_word' id='word_1_229' title='bbox 469 1557 542 1592; x_wconf 91' lang='lat' dir='ltr'><strong>quod</strong></span> <span class='ocrx_word' id='word_1_230' title='bbox 558 1564 609 1584; x_wconf 88' lang='lat' dir='ltr'><strong>nos</strong></span> <span class='ocrx_word' id='word_1_231' title='bbox 623 1557 759 1584; x_wconf 85' lang='lat' dir='ltr'><strong>volumus.</strong></span> 
     </span>
    </p>
   </div>
   <div class='ocr_carea' id='block_1_35' title="bbox 109 1602 866 1638">
    <p class='ocr_par' dir='ltr' id='par_1_35' title="bbox 109 1602 866 1638">
     <span class='ocr_line' id='line_1_35' title="bbox 109 1602 866 1638; baseline 0.003 -9"><span class='ocrx_word' id='word_1_232' title='bbox 109 1602 235 1630; x_wconf 86' lang='lat' dir='ltr'><strong>Primum</strong></span> <span class='ocrx_word' id='word_1_233' title='bbox 250 1610 301 1637; x_wconf 93' lang='lat' dir='ltr'><strong>pro</strong></span> <span class='ocrx_word' id='word_1_234' title='bbox 319 1602 468 1638; x_wconf 83' lang='lat' dir='ltr'><strong>Ignatianis</strong></span> <span class='ocrx_word' id='word_1_235' title='bbox 484 1603 511 1630; x_wconf 91' lang='lat' dir='ltr'><strong>S.</strong></span> <span class='ocrx_word' id='word_1_236' title='bbox 524 1602 667 1638; x_wconf 85' lang='lat' dir='ltr'><strong>Polycarpi</strong></span> <span class='ocrx_word' id='word_1_237' title='bbox 681 1604 866 1631; x_wconf 79' lang='lat' dir='ltr'><strong>testimonium</strong></span> 
     </span>
    </p>
   </div>
   <div class='ocr_carea' id='block_1_36' title="bbox 77 1648 867 1683">
    <p class='ocr_par' dir='ltr' id='par_1_36' title="bbox 77 1648 867 1683">
     <span class='ocr_line' id='line_1_36' title="bbox 77 1648 867 1683; baseline 0 -8"><span class='ocrx_word' id='word_1_238' title='bbox 77 1653 126 1681; x_wconf 83' lang='lat' dir='ltr'><strong>est,</strong></span> <span class='ocrx_word' id='word_1_239' title='bbox 148 1648 226 1683; x_wconf 82' lang='lat' dir='ltr'><strong>quod</strong></span> <span class='ocrx_word' id='word_1_240' title='bbox 240 1648 329 1675; x_wconf 81' lang='lat' dir='ltr'><strong>nostri</strong></span> <span class='ocrx_word' id='word_1_241' title='bbox 341 1648 551 1676; x_wconf 82' lang='lat' dir='ltr'><strong>disertissimum</strong></span> <span class='ocrx_word' id='word_1_242' title='bbox 566 1653 662 1683; x_wconf 90' lang='lat' dir='ltr'><strong>putant</strong></span> <span class='ocrx_word' id='word_1_243' title='bbox 677 1660 683 1676; x_wconf 82' lang='lat'><strong>:</strong></span> <span class='ocrx_word' id='word_1_244' title='bbox 697 1648 744 1676; x_wconf 86' lang='lat' dir='ltr'><strong>sed</strong></span> <span class='ocrx_word' id='word_1_245' title='bbox 760 1650 802 1676; x_wconf 91' lang='lat' dir='ltr'><strong>vir</strong></span> <span class='ocrx_word' id='word_1_246' title='bbox 816 1649 867 1676; x_wconf 87' lang='lat' dir='ltr'><strong>do-</strong></span> 
     </span>
    </p>
   </div>
   <div class='ocr_carea' id='block_1_37' title="bbox 78 1693 866 1729">
    <p class='ocr_par' dir='ltr' id='par_1_37' title="bbox 78 1693 866 1729">
     <span class='ocr_line' id='line_1_37' title="bbox 78 1693 866 1729; baseline 0.001 -9"><span class='ocrx_word' id='word_1_247' title='bbox 78 1694 219 1722; x_wconf 76' lang='lat' dir='ltr'><strong>ctissimus</strong></span> <span class='ocrx_word' id='word_1_248' title='bbox 231 1694 314 1729; x_wconf 74' lang='lat' dir='ltr'><strong>longe</strong></span> <span class='ocrx_word' id='word_1_249' title='bbox 326 1693 403 1720; x_wconf 82' lang='lat' dir='ltr'><strong>aliter</strong></span> <span class='ocrx_word' id='word_1_250' title='bbox 416 1694 513 1727; x_wconf 87' lang='lat' dir='ltr'><strong>sentit;</strong></span> <span class='ocrx_word' id='word_1_251' title='bbox 529 1699 556 1721; x_wconf 92' lang='lat' dir='ltr'><strong>et</strong></span> <span class='ocrx_word' id='word_1_252' title='bbox 569 1695 633 1722; x_wconf 88' lang='lat' dir='ltr'><strong>huic</strong></span> <span class='ocrx_word' id='word_1_253' title='bbox 645 1694 800 1722; x_wconf 86' lang='lat' dir='ltr'><strong>testimonio</strong></span> <span class='ocrx_word' id='word_1_254' title='bbox 811 1697 866 1722; x_wconf 87' lang='lat' dir='ltr'><strong>duo</strong></span> 
     </span>
    </p>
   </div>
   <div class='ocr_carea' id='block_1_38' title="bbox 76 1736 871 1777">
    <p class='ocr_par' dir='ltr' id='par_1_38' title="bbox 76 1736 871 1777">
     <span class='ocr_line' id='line_1_38' title="bbox 76 1736 871 1777; baseline 0.003 -10"><span class='ocrx_word' id='word_1_255' title='bbox 76 1741 172 1768; x_wconf 85' lang='lat' dir='ltr'><strong>deesse</strong></span> <span class='ocrx_word' id='word_1_256' title='bbox 187 1741 259 1774; x_wconf 87' lang='lat' dir='ltr'><strong>vult,</strong></span> <span class='ocrx_word' id='word_1_257' title='bbox 278 1745 335 1767; x_wconf 89' lang='lat' dir='ltr'><strong>tum</strong></span> <span class='ocrx_word' id='word_1_258' title='bbox 354 1740 447 1774; x_wconf 82' lang='lat' dir='ltr'><strong>ﬁdem,</strong></span> <span class='ocrx_word' id='word_1_259' title='bbox 463 1746 520 1768; x_wconf 93' lang='lat' dir='ltr'><strong>tum</strong></span> <span class='ocrx_word' id='word_1_260' title='bbox 537 1742 603 1768; x_wconf 89' lang='lat' dir='ltr'><strong>vim.</strong></span> <span class='ocrx_word' id='word_1_261' title='bbox 616 1741 709 1769; x_wconf 84' lang='lat' dir='ltr'><strong>Fidem</strong></span> <span class='ocrx_word' id='word_1_262' title='bbox 720 1742 744 1769; x_wconf 89' lang='lat' dir='ltr'><strong>ei</strong></span> <span class='ocrx_word' id='word_1_263' title='bbox 756 1736 871 1777; x_wconf 75' lang='lat' dir='ltr'><strong>derogat</strong></span> 
     </span>
    </p>
   </div>
   <div class='ocr_carea' id='block_1_39' title="bbox 74 1787 866 1824">
    <p class='ocr_par' dir='ltr' id='par_1_39' title="bbox 74 1787 866 1824">
     <span class='ocr_line' id='line_1_39' title="bbox 74 1787 866 1824; baseline 0 -9"><span class='ocrx_word' id='word_1_264' title='bbox 74 1789 176 1822; x_wconf 78' lang='lat' dir='ltr'><strong>primo,</strong></span> <span class='ocrx_word' id='word_1_265' title='bbox 195 1788 272 1823; x_wconf 88' lang='lat' dir='ltr'><strong>quod</strong></span> <span class='ocrx_word' id='word_1_266' title='bbox 287 1788 409 1822; x_wconf 77' lang='lat' dir='ltr'><strong>epistolae</strong></span> <span class='ocrx_word' id='word_1_267' title='bbox 426 1787 566 1824; x_wconf 83' lang='lat' dir='ltr'><strong>Polycarpi</strong></span> <span class='ocrx_word' id='word_1_268' title='bbox 578 1797 629 1815; x_wconf 86' lang='lat' dir='ltr'><strong>non</strong></span> <span class='ocrx_word' id='word_1_269' title='bbox 645 1789 679 1815; x_wconf 82' lang='lat' dir='ltr'><strong>sit</strong></span> <span class='ocrx_word' id='word_1_270' title='bbox 694 1788 764 1823; x_wconf 82' lang='lat' dir='ltr'><strong>apud</strong></span> <span class='ocrx_word' id='word_1_271' title='bbox 779 1797 866 1816; x_wconf 79' lang='lat' dir='ltr'><strong>omnes</strong></span> 
     </span>
    </p>
   </div>
   <div class='ocr_carea' id='block_1_40' title="bbox 75 1835 357 1869">
    <p class='ocr_par' dir='ltr' id='par_1_40' title="bbox 75 1835 357 1869">
     <span class='ocr_line' id='line_1_40' title="bbox 75 1835 357 1869; baseline 0 -9"><span class='ocrx_word' id='word_1_272' title='bbox 75 1842 180 1869; x_wconf 78' lang='lat' dir='ltr'><strong>recepta</strong></span> <span class='ocrx_word' id='word_1_273' title='bbox 194 1835 357 1861; x_wconf 74' lang='lat' dir='ltr'><strong>auctoritas.</strong></span> 
     </span>
    </p>
   </div>
   <div class='ocr_carea' id='block_1_41' title="bbox 108 1881 866 1916">
    <p class='ocr_par' dir='ltr' id='par_1_41' title="bbox 108 1881 866 1916">
     <span class='ocr_line' id='line_1_41' title="bbox 108 1881 866 1916; baseline -0.001 -7"><span class='ocrx_word' id='word_1_274' title='bbox 108 1881 244 1914; x_wconf 77' lang='lat' dir='ltr'><strong>Quamvis</strong></span> <span class='ocrx_word' id='word_1_275' title='bbox 268 1882 326 1909; x_wconf 66' lang='lat' dir='ltr'><strong>haec</strong></span> <span class='ocrx_word' id='word_1_276' title='bbox 347 1881 500 1916; x_wconf 82' lang='lat' dir='ltr'><strong>responsio,</strong></span> <span class='ocrx_word' id='word_1_277' title='bbox 519 1881 627 1909; x_wconf 92' lang='lat' dir='ltr'><strong>etiamsi</strong></span> <span class='ocrx_word' id='word_1_278' title='bbox 642 1890 705 1909; x_wconf 83' lang='lat' dir='ltr'><strong>vera</strong></span> <span class='ocrx_word' id='word_1_279' title='bbox 716 1886 799 1914; x_wconf 78' lang='lat' dir='ltr'><strong>esset,</strong></span> <span class='ocrx_word' id='word_1_280' title='bbox 815 1881 866 1908; x_wconf 90' lang='lat' dir='ltr'><strong>mi-</strong></span> 
     </span>
    </p>
   </div>
   <div class='ocr_carea' id='block_1_42' title="bbox 73 1927 866 1963">
    <p class='ocr_par' dir='ltr' id='par_1_42' title="bbox 73 1927 866 1963">
     <span class='ocr_line' id='line_1_42' title="bbox 73 1927 866 1963; baseline 0 -9"><span class='ocrx_word' id='word_1_281' title='bbox 73 1928 148 1955; x_wconf 89' lang='lat' dir='ltr'><strong>nime</strong></span> <span class='ocrx_word' id='word_1_282' title='bbox 160 1927 336 1955; x_wconf 77' lang='lat' dir='ltr'><strong>satisfaceret</strong></span> <span class='ocrx_word' id='word_1_283' title='bbox 349 1928 422 1962; x_wconf 81' lang='lat' dir='ltr'><strong>(cum</strong></span> <span class='ocrx_word' id='word_1_284' title='bbox 435 1933 541 1955; x_wconf 88' lang='lat' dir='ltr'><strong>certum</strong></span> <span class='ocrx_word' id='word_1_285' title='bbox 555 1928 600 1961; x_wconf 86' lang='lat' dir='ltr'><strong>sit,</strong></span> <span class='ocrx_word' id='word_1_286' title='bbox 616 1928 695 1955; x_wconf 86' lang='lat' dir='ltr'><strong>tidem</strong></span> <span class='ocrx_word' id='word_1_287' title='bbox 708 1928 866 1963; x_wconf 79' lang='lat' dir='ltr'><strong>plenissime</strong></span> 
     </span>
    </p>
   </div>
   <div class='ocr_carea' id='block_1_43' title="bbox 72 1974 867 2010">
    <p class='ocr_par' dir='ltr' id='par_1_43' title="bbox 72 1974 867 2010">
     <span class='ocr_line' id='line_1_43' title="bbox 72 1974 867 2010; baseline 0.001 -10"><span class='ocrx_word' id='word_1_288' title='bbox 72 1974 207 2001; x_wconf 84' lang='lat' dir='ltr'><strong>adhibere</strong></span> <span class='ocrx_word' id='word_1_289' title='bbox 219 1974 318 2001; x_wconf 84' lang='lat' dir='ltr'><strong>debere</strong></span> <span class='ocrx_word' id='word_1_290' title='bbox 335 1974 474 2009; x_wconf 82' lang='lat' dir='ltr'><strong>aliquibus</strong></span> <span class='ocrx_word' id='word_1_291' title='bbox 490 1974 576 2007; x_wconf 85' lang='lat' dir='ltr'><strong>libris,</strong></span> <span class='ocrx_word' id='word_1_292' title='bbox 586 1982 703 2009; x_wconf 89' lang='lat' dir='ltr'><strong>quorum</strong></span> <span class='ocrx_word' id='word_1_293' title='bbox 719 1974 867 2010; x_wconf 88' lang='lat' dir='ltr'><strong>aliquando</strong></span> 
     </span>
    </p>
   </div>
   <div class='ocr_carea' id='block_1_44' title="bbox 73 2021 865 2055">
    <p class='ocr_par' dir='ltr' id='par_1_44' title="bbox 73 2021 865 2055">
     <span class='ocr_line' id='line_1_44' title="bbox 73 2021 865 2055; baseline 0.001 -8"><span class='ocrx_word' id='word_1_294' title='bbox 73 2021 145 2055; x_wconf 77' lang='lat' dir='ltr'><strong>apud</strong></span> <span class='ocrx_word' id='word_1_295' title='bbox 159 2029 252 2048; x_wconf 73' lang='lat' dir='ltr'><strong>omnes</strong></span> <span class='ocrx_word' id='word_1_296' title='bbox 267 2029 319 2048; x_wconf 88' lang='lat' dir='ltr'><strong>non</strong></span> <span class='ocrx_word' id='word_1_297' title='bbox 334 2021 414 2055; x_wconf 76' lang='lat' dir='ltr'><strong>fuerit</strong></span> <span class='ocrx_word' id='word_1_298' title='bbox 426 2025 529 2055; x_wconf 78' lang='lat' dir='ltr'><strong>recepta</strong></span> <span class='ocrx_word' id='word_1_299' title='bbox 543 2021 702 2053; x_wconf 82' lang='lat' dir='ltr'><strong>auctoritas,</strong></span> <span class='ocrx_word' id='word_1_300' title='bbox 719 2025 749 2048; x_wconf 91' lang='lat' dir='ltr'><strong>ut</strong></span> <span class='ocrx_word' id='word_1_301' title='bbox 763 2029 797 2048; x_wconf 74' lang='lat' dir='ltr'><strong>ex</strong></span> <span class='ocrx_word' id='word_1_302' title='bbox 814 2021 865 2047; x_wconf 86' lang='lat' dir='ltr'><strong>ali-</strong></span> 
     </span>
    </p>
   </div>
   <div class='ocr_carea' id='block_1_45' title="bbox 71 2067 866 2102">
    <p class='ocr_par' dir='ltr' id='par_1_45' title="bbox 71 2067 866 2102">
     <span class='ocr_line' id='line_1_45' title="bbox 71 2067 866 2102; baseline -0.001 -7"><span class='ocrx_word' id='word_1_303' title='bbox 71 2072 141 2102; x_wconf 83' lang='lat' dir='ltr'><strong>quot</strong></span> <span class='ocrx_word' id='word_1_304' title='bbox 153 2067 282 2102; x_wconf 81' lang='lat' dir='ltr'><strong>epistolis</strong></span> <span class='ocrx_word' id='word_1_305' title='bbox 296 2067 365 2094; x_wconf 77' lang='grc' dir='ltr'><strong>Νονί</strong></span> <span class='ocrx_word' id='word_1_306' title='bbox 379 2067 547 2095; x_wconf 88' lang='lat' dir='ltr'><strong>Testamenti</strong></span> <span class='ocrx_word' id='word_1_307' title='bbox 559 2067 663 2102; x_wconf 89' lang='lat' dir='ltr'><strong>patet),</strong></span> <span class='ocrx_word' id='word_1_308' title='bbox 688 2075 748 2095; x_wconf 91' lang='lat' dir='ltr'><strong>eam</strong></span> <span class='ocrx_word' id='word_1_309' title='bbox 775 2072 866 2095; x_wconf 86' lang='lat' dir='ltr'><strong>tamen</strong></span> 
     </span>
    </p>
   </div>
   <div class='ocr_carea' id='block_1_46' title="bbox 70 2114 866 2149">
    <p class='ocr_par' dir='ltr' id='par_1_46' title="bbox 70 2114 866 2149">
     <span class='ocr_line' id='line_1_46' title="bbox 70 2114 866 2149; baseline 0 -8"><span class='ocrx_word' id='word_1_310' title='bbox 70 2122 170 2141; x_wconf 81' lang='lat' dir='ltr'><strong>assero</strong></span> <span class='ocrx_word' id='word_1_311' title='bbox 184 2114 268 2141; x_wconf 90' lang='lat' dir='ltr'><strong>etiam</strong></span> <span class='ocrx_word' id='word_1_312' title='bbox 284 2121 345 2142; x_wconf 87' lang='lat' dir='ltr'><strong>esse</strong></span> <span class='ocrx_word' id='word_1_313' title='bbox 360 2114 469 2147; x_wconf 78' lang='lat' dir='ltr'><strong>falsam,</strong></span> <span class='ocrx_word' id='word_1_314' title='bbox 481 2119 508 2142; x_wconf 87' lang='lat' dir='ltr'><strong>et</strong></span> <span class='ocrx_word' id='word_1_315' title='bbox 525 2115 559 2142; x_wconf 88' lang='lat' dir='ltr'><strong>ab</strong></span> <span class='ocrx_word' id='word_1_316' title='bbox 574 2114 648 2141; x_wconf 92' lang='lat' dir='ltr'><strong>omni</strong></span> <span class='ocrx_word' id='word_1_317' title='bbox 663 2114 753 2149; x_wconf 81' lang='lat' dir='ltr'><strong>specie</strong></span> <span class='ocrx_word' id='word_1_318' title='bbox 766 2115 866 2141; x_wconf 84' lang='lat' dir='ltr'><strong>verita-</strong></span> 
     </span>
    </p>
   </div>
   <div class='ocr_carea' id='block_1_47' title="bbox 69 2159 866 2196">
    <p class='ocr_par' dir='ltr' id='par_1_47' title="bbox 69 2159 866 2196">
     <span class='ocr_line' id='line_1_47' title="bbox 69 2159 866 2196; baseline -0.001 -8"><span class='ocrx_word' id='word_1_319' title='bbox 69 2161 107 2188; x_wconf 85' lang='lat' dir='ltr'><strong>tis</strong></span> <span class='ocrx_word' id='word_1_320' title='bbox 120 2161 256 2188; x_wconf 85' lang='lat' dir='ltr'><strong>alienam.</strong></span> <span class='ocrx_word' id='word_1_321' title='bbox 265 2160 423 2188; x_wconf 79' lang='lat' dir='ltr'><strong>Auctoritas</strong></span> <span class='ocrx_word' id='word_1_322' title='bbox 434 2161 507 2188; x_wconf 86' lang='lat' dir='ltr'><strong>enim</strong></span> <span class='ocrx_word' id='word_1_323' title='bbox 522 2161 604 2195; x_wconf 86' lang='lat' dir='ltr'><strong>hujus</strong></span> <span class='ocrx_word' id='word_1_324' title='bbox 619 2159 747 2196; x_wconf 69' lang='lat' dir='ltr'><strong>Epistolat</strong></span> <span class='ocrx_word' id='word_1_325' title='bbox 767 2159 796 2188; x_wconf 92' lang='lat' dir='ltr'><strong>S.</strong></span> <span class='ocrx_word' id='word_1_326' title='bbox 813 2159 866 2188; x_wconf 81' lang='lat' dir='ltr'><strong>Po-</strong></span> 
     </span>
    </p>
   </div>
   <div class='ocr_carea' id='block_1_48' title="bbox 69 2205 902 2245">
    <p class='ocr_par' dir='ltr' id='par_1_48' title="bbox 69 2205 902 2245">
     <span class='ocr_line' id='line_1_48' title="bbox 69 2205 902 2245; baseline 0.001 -12"><span class='ocrx_word' id='word_1_327' title='bbox 69 2206 179 2242; x_wconf 81' lang='lat' dir='ltr'><strong>lyearpi</strong></span> <span class='ocrx_word' id='word_1_328' title='bbox 195 2207 230 2234; x_wconf 91' lang='lat' dir='ltr'><strong>ad</strong></span> <span class='ocrx_word' id='word_1_329' title='bbox 249 2205 440 2241; x_wconf 79' lang='lat' dir='ltr'><strong>Philippenses</strong></span> <span class='ocrx_word' id='word_1_330' title='bbox 462 2207 496 2233; x_wconf 89' lang='lat' dir='ltr'><strong>ab</strong></span> <span class='ocrx_word' id='word_1_331' title='bbox 516 2207 645 2234; x_wconf 83' lang='lat' dir='ltr'><strong>omnibus</strong></span> <span class='ocrx_word' id='word_1_332' title='bbox 669 2206 721 2234; x_wconf 91' lang='lat' dir='ltr'><strong>fuit</strong></span> <span class='ocrx_word' id='word_1_333' title='bbox 744 2211 863 2242; x_wconf 87' lang='lat' dir='ltr'><strong>recepta,</strong></span> <span class='ocrx_word' id='word_1_334' title='bbox 880 2218 902 2245; x_wconf 73' lang='grc' dir='ltr'><strong>ι)</strong></span> 
     </span>
    </p>
   </div>
   <div class='ocr_carea' id='block_1_49' title="bbox 68 2253 866 2288">
    <p class='ocr_par' dir='ltr' id='par_1_49' title="bbox 68 2253 866 2288">
     <span class='ocr_line' id='line_1_49' title="bbox 68 2253 866 2288; baseline -0.001 -6"><span class='ocrx_word' id='word_1_335' title='bbox 68 2254 120 2287; x_wconf 79' lang='lat' dir='ltr'><strong>ita,</strong></span> <span class='ocrx_word' id='word_1_336' title='bbox 135 2254 255 2287; x_wconf 85' lang='lat' dir='ltr'><strong>scilicet,</strong></span> <span class='ocrx_word' id='word_1_337' title='bbox 279 2258 309 2281; x_wconf 90' lang='lat' dir='ltr'><strong>ut</strong></span> <span class='ocrx_word' id='word_1_338' title='bbox 332 2253 382 2280; x_wconf 87' lang='lat' dir='ltr'><strong>viri</strong></span> <span class='ocrx_word' id='word_1_339' title='bbox 398 2253 540 2288; x_wconf 89' lang='lat' dir='ltr'><strong>apostolici</strong></span> <span class='ocrx_word' id='word_1_340' title='bbox 555 2254 688 2288; x_wconf 88' lang='lat' dir='ltr'><strong>scriptum</strong></span> <span class='ocrx_word' id='word_1_341' title='bbox 699 2254 866 2282; x_wconf 88' lang='lat' dir='ltr'><strong>ecclesiasti-</strong></span> 
     </span>
    </p>
   </div>
   <div class='ocr_carea' id='block_1_50' title="bbox 67 2298 864 2335">
    <p class='ocr_par' dir='ltr' id='par_1_50' title="bbox 67 2298 864 2335">
     <span class='ocr_line' id='line_1_50' title="bbox 67 2298 864 2335; baseline 0.001 -9"><span class='ocrx_word' id='word_1_342' title='bbox 67 2307 137 2326; x_wconf 83' lang='lat' dir='ltr'><strong>cum</strong></span> <span class='ocrx_word' id='word_1_343' title='bbox 158 2303 189 2326; x_wconf 92' lang='lat' dir='ltr'><strong>et</strong></span> <span class='ocrx_word' id='word_1_344' title='bbox 211 2298 397 2326; x_wconf 79' lang='lat' dir='ltr'><strong>orthodoxum</strong></span> <span class='ocrx_word' id='word_1_345' title='bbox 408 2298 593 2333; x_wconf 79' lang='lat' dir='ltr'><strong>judicaretur;</strong></span> <span class='ocrx_word' id='word_1_346' title='bbox 609 2307 698 2334; x_wconf 89' lang='lat' dir='ltr'><strong>neque</strong></span> <span class='ocrx_word' id='word_1_347' title='bbox 714 2307 835 2335; x_wconf 88' lang='lat' dir='ltr'><strong>unquam</strong></span> <span class='ocrx_word' id='word_1_348' title='bbox 849 2308 864 2327; x_wconf 90' lang='lat' dir='ltr'><strong>a</strong></span> 
     </span>
    </p>
   </div>
   <div class='ocr_carea' id='block_1_51' title="bbox 66 2343 863 2380">
    <p class='ocr_par' dir='ltr' id='par_1_51' title="bbox 66 2343 863 2380">
     <span class='ocr_line' id='line_1_51' title="bbox 66 2343 863 2380; baseline 0 -8"><span class='ocrx_word' id='word_1_349' title='bbox 66 2345 204 2380; x_wconf 87' lang='lat' dir='ltr'><strong>quopiam</strong></span> <span class='ocrx_word' id='word_1_350' title='bbox 221 2352 257 2372; x_wconf 90' lang='lat' dir='ltr'><strong>an</strong></span> <span class='ocrx_word' id='word_1_351' title='bbox 273 2344 327 2372; x_wconf 88' lang='lat' dir='ltr'><strong>tale</strong></span> <span class='ocrx_word' id='word_1_352' title='bbox 341 2352 438 2372; x_wconf 88' lang='lat' dir='ltr'><strong>revera</strong></span> <span class='ocrx_word' id='word_1_353' title='bbox 461 2343 552 2377; x_wconf 89' lang='lat' dir='ltr'><strong>fuerit,</strong></span> <span class='ocrx_word' id='word_1_354' title='bbox 563 2345 717 2372; x_wconf 89' lang='lat' dir='ltr'><strong>dubitatum</strong></span> <span class='ocrx_word' id='word_1_355' title='bbox 732 2345 778 2372; x_wconf 87' lang='lat' dir='ltr'><strong>sit.</strong></span> <span class='ocrx_word' id='word_1_356' title='bbox 796 2344 863 2372; x_wconf 89' lang='lat' dir='ltr'><strong>Nam</strong></span> 
     </span>
    </p>
   </div>
   <div class='ocr_carea' id='block_1_52' title="bbox 66 2390 865 2427">
    <p class='ocr_par' dir='ltr' id='par_1_52' title="bbox 66 2390 865 2427">
     <span class='ocr_line' id='line_1_52' title="bbox 66 2390 865 2427; baseline -0.001 -8"><span class='ocrx_word' id='word_1_357' title='bbox 66 2393 163 2427; x_wconf 88' lang='lat' dir='ltr'><strong>primo</strong></span> <span class='ocrx_word' id='word_1_358' title='bbox 183 2391 317 2422; x_wconf 68' lang='lat' dir='ltr'><strong>Irenaaus,</strong></span> <span class='ocrx_word' id='word_1_359' title='bbox 331 2391 378 2426; x_wconf 91' lang='lat' dir='ltr'><strong>qui</strong></span> <span class='ocrx_word' id='word_1_360' title='bbox 392 2391 482 2425; x_wconf 90' lang='lat' dir='ltr'><strong>ipsum</strong></span> <span class='ocrx_word' id='word_1_361' title='bbox 505 2390 685 2427; x_wconf 88' lang='lat' dir='ltr'><strong>Polycarpum</strong></span> <span class='ocrx_word' id='word_1_362' title='bbox 697 2390 774 2424; x_wconf 90' lang='lat' dir='ltr'><strong>vidit,</strong></span> <span class='ocrx_word' id='word_1_363' title='bbox 788 2391 865 2419; x_wconf 90' lang='lat' dir='ltr'><strong>lucu-</strong></span> 
     </span>
    </p>
   </div>
   <div class='ocr_carea' id='block_1_53' title="bbox 66 2436 864 2472">
    <p class='ocr_par' dir='ltr' id='par_1_53' title="bbox 66 2436 864 2472">
     <span class='ocr_line' id='line_1_53' title="bbox 66 2436 864 2472; baseline -0.003 -7"><span class='ocrx_word' id='word_1_364' title='bbox 66 2438 259 2465; x_wconf 88' lang='lat' dir='ltr'><strong>lentissimum</strong></span> <span class='ocrx_word' id='word_1_365' title='bbox 272 2436 337 2464; x_wconf 89' lang='lat' dir='ltr'><strong>huic</strong></span> <span class='ocrx_word' id='word_1_366' title='bbox 347 2436 470 2471; x_wconf 74' lang='lat' dir='ltr'><strong>epistola:</strong></span> <span class='ocrx_word' id='word_1_367' title='bbox 482 2436 667 2464; x_wconf 83' lang='lat' dir='ltr'><strong>testimonium</strong></span> <span class='ocrx_word' id='word_1_368' title='bbox 678 2437 789 2472; x_wconf 78' lang='lat' dir='ltr'><strong>praebet,</strong></span> <span class='ocrx_word' id='word_1_369' title='bbox 803 2436 822 2464; x_wconf 87' lang='lat' dir='ltr'><strong>l.</strong></span> <span class='ocrx_word' id='word_1_370' title='bbox 835 2445 864 2464; x_wconf 92' lang='lat' dir='ltr'><strong>Ill</strong></span> 
     </span>
    </p>
   </div>
   <div class='ocr_carea' id='block_1_54' title="bbox 65 2483 863 2519">
    <p class='ocr_par' dir='ltr' id='par_1_54' title="bbox 65 2483 863 2519">
     <span class='ocr_line' id='line_1_54' title="bbox 65 2483 863 2519; baseline -0.001 -8"><span class='ocrx_word' id='word_1_371' title='bbox 65 2485 204 2512; x_wconf 70' lang='lat' dir='ltr'><strong>Aduersus</strong></span> <span class='ocrx_word' id='word_1_372' title='bbox 225 2484 337 2510; x_wconf 64' lang='lat' dir='ltr'><strong>haereses</strong></span> <span class='ocrx_word' id='word_1_373' title='bbox 357 2489 367 2509; x_wconf 86' lang='lat'><em>:</em></span> <span class='ocrx_word' id='word_1_374' title='bbox 386 2483 465 2509; x_wconf 73' lang='grc' dir='ltr'><strong>Ἔστι</strong></span> <span class='ocrx_word' id='word_1_375' title='bbox 487 2483 516 2509; x_wconf 80' lang='grc' dir='ltr'><strong>δὲ</strong></span> <span class='ocrx_word' id='word_1_376' title='bbox 538 2483 665 2519; x_wconf 71' lang='grc' dir='ltr'><strong>ἐπιστολὴ</strong></span> <span class='ocrx_word' id='word_1_377' title='bbox 687 2483 863 2519; x_wconf 74' lang='grc' dir='ltr'><strong>Πολυκάρπου</strong></span> 
     </span>
    </p>
   </div>
   <div class='ocr_carea' id='block_1_55' title="bbox 66 2527 864 2566">
    <p class='ocr_par' dir='ltr' id='par_1_55' title="bbox 66 2527 864 2566">
     <span class='ocr_line' id='line_1_55' title="bbox 66 2527 864 2566; baseline -0.003 -9"><span class='ocrx_word' id='word_1_378' title='bbox 66 2530 138 2566; x_wconf 74' lang='grc' dir='ltr'>πρὸς</span> <span class='ocrx_word' id='word_1_379' title='bbox 151 2528 352 2564; x_wconf 62' lang='grc' dir='ltr'><strong>θιλιππησίους</strong></span> <span class='ocrx_word' id='word_1_380' title='bbox 365 2527 545 2564; x_wconf 81' lang='grc' dir='ltr'><strong>γεγραμμένη</strong></span> <span class='ocrx_word' id='word_1_381' title='bbox 561 2528 723 2565; x_wconf 73' lang='grc' dir='ltr'><strong>ἱκανωτάτη,</strong></span> <span class='ocrx_word' id='word_1_382' title='bbox 733 2529 762 2562; x_wconf 77' lang='grc' dir='ltr'>ἐξ</span> <span class='ocrx_word' id='word_1_383' title='bbox 772 2527 806 2565; x_wconf 82' lang='grc' dir='ltr'><strong>ἧς</strong></span> <span class='ocrx_word' id='word_1_384' title='bbox 818 2529 864 2555; x_wconf 79' lang='grc' dir='ltr'>καὶ</span> 
     </span>
    </p>
   </div>
   <div class='ocr_carea' id='block_1_56' title="bbox 63 2573 863 2612">
    <p class='ocr_par' dir='ltr' id='par_1_56' title="bbox 63 2573 863 2612">
     <span class='ocr_line' id='line_1_56' title="bbox 63 2573 863 2612; baseline -0.001 -9"><span class='ocrx_word' id='word_1_385' title='bbox 63 2577 112 2603; x_wconf 71' lang='grc' dir='ltr'><strong>τὸν</strong></span> <span class='ocrx_word' id='word_1_386' title='bbox 130 2575 294 2612; x_wconf 77' lang='grc' dir='ltr'><strong>χαρακτῆρα</strong></span> <span class='ocrx_word' id='word_1_387' title='bbox 312 2574 363 2610; x_wconf 74' lang='grc' dir='ltr'><strong>τῆς</strong></span> <span class='ocrx_word' id='word_1_388' title='bbox 383 2573 501 2605; x_wconf 72' lang='grc' dir='ltr'><strong>πίστεως</strong></span> <span class='ocrx_word' id='word_1_389' title='bbox 516 2573 608 2606; x_wconf 81' lang='grc' dir='ltr'><strong>αὑτοῦ,</strong></span> <span class='ocrx_word' id='word_1_390' title='bbox 628 2574 719 2602; x_wconf 79' lang='grc' dir='ltr'><strong>καὶτὸ</strong></span> <span class='ocrx_word' id='word_1_391' title='bbox 735 2576 863 2611; x_wconf 78' lang='grc' dir='ltr'>κήρυγμα</span> 
     </span>
    </p>
   </div>
   <div class='ocr_carea' id='block_1_57' title="bbox 64 2619 864 2657">
    <p class='ocr_par' dir='ltr' id='par_1_57' title="bbox 64 2619 864 2657">
     <span class='ocr_line' id='line_1_57' title="bbox 64 2619 864 2657; baseline 0 -9"><span class='ocrx_word' id='word_1_392' title='bbox 64 2622 115 2657; x_wconf 74' lang='grc' dir='ltr'><strong>τῆς</strong></span> <span class='ocrx_word' id='word_1_393' title='bbox 129 2621 258 2657; x_wconf 77' lang='grc' dir='ltr'><strong>ἀληθείας</strong></span> <span class='ocrx_word' id='word_1_394' title='bbox 267 2620 293 2646; x_wconf 81' lang='grc' dir='ltr'>οἱ</span> <span class='ocrx_word' id='word_1_395' title='bbox 305 2619 464 2655; x_wconf 82' lang='grc' dir='ltr'><strong>βουλόμενοι</strong></span> <span class='ocrx_word' id='word_1_396' title='bbox 478 2620 525 2646; x_wconf 80' lang='grc' dir='ltr'><strong>καὶ</strong></span> <span class='ocrx_word' id='word_1_397' title='bbox 539 2619 725 2656; x_wconf 77' lang='grc' dir='ltr'><strong>φροντίζοντες</strong></span> <span class='ocrx_word' id='word_1_398' title='bbox 737 2621 787 2656; x_wconf 77' lang='grc' dir='ltr'><strong>τῆς</strong></span> <span class='ocrx_word' id='word_1_399' title='bbox 800 2621 864 2648; x_wconf 80' lang='grc' dir='ltr'><strong>ἑαυ-</strong></span> 
     </span>
    </p>
   </div>
   <div class='ocr_carea' id='block_1_58' title="bbox 64 2665 860 2703">
    <p class='ocr_par' dir='ltr' id='par_1_58' title="bbox 64 2665 860 2703">
     <span class='ocr_line' id='line_1_58' title="bbox 64 2665 860 2703; baseline 0.001 -9"><span class='ocrx_word' id='word_1_400' title='bbox 64 2668 120 2694; x_wconf 76' lang='grc' dir='ltr'><strong>τῶν</strong></span> <span class='ocrx_word' id='word_1_401' title='bbox 142 2667 281 2703; x_wconf 59' lang='lat' dir='ltr'><strong>ampla;</strong></span> <span class='ocrx_word' id='word_1_402' title='bbox 305 2666 436 2693; x_wconf 81' lang='grc' dir='ltr'><strong>δύνανται</strong></span> <span class='ocrx_word' id='word_1_403' title='bbox 461 2665 565 2700; x_wconf 82' lang='grc' dir='ltr'><strong>μαθεῖν.</strong></span> <span class='ocrx_word' id='word_1_404' title='bbox 580 2666 619 2694; x_wconf 83' lang='lat' dir='ltr'><strong>ita</strong></span> <span class='ocrx_word' id='word_1_405' title='bbox 634 2666 767 2694; x_wconf 86' lang='lat' dir='ltr'><strong>Eusebius</strong></span> <span class='ocrx_word' id='word_1_406' title='bbox 780 2667 860 2696; x_wconf 72' lang='lat' dir='ltr'><strong>.Ilist.</strong></span> 
     </span>
    </p>
   </div>
   <div class='ocr_carea' id='block_1_59' title="bbox 65 2711 862 2748">
    <p class='ocr_par' dir='ltr' id='par_1_59' title="bbox 65 2711 862 2748">
     <span class='ocr_line' id='line_1_59' title="bbox 65 2711 862 2748; baseline 0.003 -9"><span class='ocrx_word' id='word_1_407' title='bbox 65 2713 128 2741; x_wconf 71' lang='lat' dir='ltr'><strong>uel.</strong></span> <span class='ocrx_word' id='word_1_408' title='bbox 145 2713 163 2741; x_wconf 92' lang='grc' dir='ltr'><strong>Ι.</strong></span> <span class='ocrx_word' id='word_1_409' title='bbox 181 2721 218 2746; x_wconf 84' lang='lat' dir='ltr'><strong>tv,</strong></span> <span class='ocrx_word' id='word_1_410' title='bbox 234 2722 260 2741; x_wconf 92' lang='lat' dir='ltr'><strong>c.</strong></span> <span class='ocrx_word' id='word_1_411' title='bbox 282 2713 328 2745; x_wconf 72' lang='lat' dir='ltr'><strong>u,</strong></span> <span class='ocrx_word' id='word_1_412' title='bbox 349 2716 432 2739; x_wconf 85' lang='lat' dir='ltr'><strong>vetus</strong></span> <span class='ocrx_word' id='word_1_413' title='bbox 455 2711 548 2740; x_wconf 78' lang='lat' dir='ltr'><strong>lremei</strong></span> <span class='ocrx_word' id='word_1_414' title='bbox 574 2713 708 2748; x_wconf 84' lang='lat' dir='ltr'><strong>interpres</strong></span> <span class='ocrx_word' id='word_1_415' title='bbox 723 2723 729 2741; x_wconf 95' lang='lat'>:</span> <span class='ocrx_word' id='word_1_416' title='bbox 745 2713 793 2741; x_wconf 74' lang='lat' dir='ltr'><strong>Est</strong></span> <span class='ocrx_word' id='word_1_417' title='bbox 813 2723 862 2741; x_wconf 88' lang='lat' dir='ltr'><strong>au-</strong></span> 
     </span>
    </p>
   </div>
   <div class='ocr_carea' id='block_1_60' title="bbox 65 2758 861 2796">
    <p class='ocr_par' dir='ltr' id='par_1_60' title="bbox 65 2758 861 2796">
     <span class='ocr_line' id='line_1_60' title="bbox 65 2758 861 2796; baseline 0.004 -11"><span class='ocrx_word' id='word_1_418' title='bbox 65 2764 115 2786; x_wconf 85' lang='lat' dir='ltr'><strong>tem</strong></span> <span class='ocrx_word' id='word_1_419' title='bbox 138 2765 164 2786; x_wconf 86' lang='lat' dir='ltr'><strong>et</strong></span> <span class='ocrx_word' id='word_1_420' title='bbox 188 2759 305 2795; x_wconf 75' lang='lat' dir='ltr'><strong>epistola</strong></span> <span class='ocrx_word' id='word_1_421' title='bbox 319 2758 468 2792; x_wconf 80' lang='lat' dir='ltr'><strong>Polycarpi</strong></span> <span class='ocrx_word' id='word_1_422' title='bbox 497 2759 532 2785; x_wconf 84' lang='lat' dir='ltr'><strong>ad</strong></span> <span class='ocrx_word' id='word_1_423' title='bbox 560 2758 741 2794; x_wconf 79' lang='lat' dir='ltr'><strong>Philippenses</strong></span> <span class='ocrx_word' id='word_1_424' title='bbox 762 2761 861 2796; x_wconf 73' lang='lat' dir='ltr'><strong>scripta</strong></span> 
     </span>
    </p>
   </div>
   <div class='ocr_carea' id='block_1_61' title="bbox 63 2804 860 2841">
    <p class='ocr_par' dir='ltr' id='par_1_61' title="bbox 63 2804 860 2841">
     <span class='ocr_line' id='line_1_61' title="bbox 63 2804 860 2841; baseline 0.001 -9"><span class='ocrx_word' id='word_1_425' title='bbox 63 2807 268 2841; x_wconf 70' lang='lat' dir='ltr'><strong>perfectissima,</strong></span> <span class='ocrx_word' id='word_1_426' title='bbox 280 2813 315 2833; x_wconf 77' lang='lat' dir='ltr'><strong>ea;</strong></span> <span class='ocrx_word' id='word_1_427' title='bbox 333 2813 390 2839; x_wconf 84' lang='lat' dir='ltr'><strong>qua</strong></span> <span class='ocrx_word' id='word_1_428' title='bbox 414 2809 440 2831; x_wconf 90' lang='lat' dir='ltr'><strong>et</strong></span> <span class='ocrx_word' id='word_1_429' title='bbox 461 2804 638 2833; x_wconf 81' lang='lat' dir='ltr'><strong>characterem</strong></span> <span class='ocrx_word' id='word_1_430' title='bbox 658 2806 720 2840; x_wconf 79' lang='lat' dir='ltr'><strong>ﬁdei</strong></span> <span class='ocrx_word' id='word_1_431' title='bbox 743 2806 811 2841; x_wconf 80' lang='lat' dir='ltr'><strong>ejus,</strong></span> <span class='ocrx_word' id='word_1_432' title='bbox 836 2811 860 2833; x_wconf 84' lang='lat' dir='ltr'><strong>et</strong></span> 
     </span>
    </p>
   </div>
   <div class='ocr_carea' id='block_1_62' title="bbox 62 2850 860 2886">
    <p class='ocr_par' dir='ltr' id='par_1_62' title="bbox 62 2850 860 2886">
     <span class='ocr_line' id='line_1_62' title="bbox 62 2850 860 2886; baseline 0.003 -9"><span class='ocrx_word' id='word_1_433' title='bbox 62 2852 282 2885; x_wconf 66' lang='lat' dir='ltr'><strong>praedicationem</strong></span> <span class='ocrx_word' id='word_1_434' title='bbox 297 2850 433 2884; x_wconf 70' lang='lat' dir='ltr'><strong>veritatis,</strong></span> <span class='ocrx_word' id='word_1_435' title='bbox 453 2850 498 2886; x_wconf 84' lang='lat' dir='ltr'><strong>qui</strong></span> <span class='ocrx_word' id='word_1_436' title='bbox 513 2850 613 2885; x_wconf 73' lang='lat' dir='ltr'><strong>volunt,</strong></span> <span class='ocrx_word' id='word_1_437' title='bbox 624 2855 648 2878; x_wconf 88' lang='lat' dir='ltr'><strong>et</strong></span> <span class='ocrx_word' id='word_1_438' title='bbox 662 2859 751 2878; x_wconf 88' lang='lat' dir='ltr'><strong>curam</strong></span> <span class='ocrx_word' id='word_1_439' title='bbox 766 2851 860 2880; x_wconf 74' lang='lat' dir='ltr'><strong>habent</strong></span> 
     </span>
    </p>
   </div>
   <div class='ocr_carea' id='block_1_63' title="bbox 919 219 1708 254">
    <p class='ocr_par' dir='ltr' id='par_1_63' title="bbox 919 219 1708 254">
     <span class='ocr_line' id='line_1_63' title="bbox 919 219 1708 254; baseline 0 -7"><span class='ocrx_word' id='word_1_440' title='bbox 919 220 1003 247; x_wconf 87' lang='lat' dir='ltr'><strong>stanti</strong></span> <span class='ocrx_word' id='word_1_441' title='bbox 1025 225 1146 247; x_wconf 68' lang='lat' dir='ltr'><strong>cmtuum</strong></span> <span class='ocrx_word' id='word_1_442' title='bbox 1171 219 1205 246; x_wconf 87' lang='lat' dir='ltr'><strong>ab</strong></span> <span class='ocrx_word' id='word_1_443' title='bbox 1229 220 1360 254; x_wconf 85' lang='lat' dir='ltr'><strong>apostolis</strong></span> <span class='ocrx_word' id='word_1_444' title='bbox 1374 219 1546 248; x_wconf 87' lang='lat' dir='ltr'><strong>conditorum</strong></span> <span class='ocrx_word' id='word_1_445' title='bbox 1561 220 1708 248; x_wconf 87' lang='lat' dir='ltr'><strong>traditione</strong></span> 
     </span>
    </p>
   </div>
   <div class='ocr_carea' id='block_1_64' title="bbox 919 257 1707 301">
    <p class='ocr_par' dir='ltr' id='par_1_64' title="bbox 919 257 1707 301">
     <span class='ocr_line' id='line_1_64' title="bbox 919 257 1707 301; baseline 0 -7"><span class='ocrx_word' id='word_1_446' title='bbox 919 267 1079 301; x_wconf 83' lang='lat' dir='ltr'><strong>disputans;</strong></span> <span class='ocrx_word' id='word_1_447' title='bbox 1096 270 1163 292; x_wconf 84' lang='lat' dir='ltr'><strong>recte</strong></span> <span class='ocrx_word' id='word_1_448' title='bbox 1174 266 1279 300; x_wconf 84' lang='lat' dir='ltr'><strong>quidem</strong></span> <span class='ocrx_word' id='word_1_449' title='bbox 1294 257 1386 299; x_wconf 19' lang='lat' dir='ltr'><strong>ille,iet</strong></span> <span class='ocrx_word' id='word_1_450' title='bbox 1406 267 1533 300; x_wconf 64' lang='lat' dir='ltr'><strong>apposite,</strong></span> <span class='ocrx_word' id='word_1_451' title='bbox 1549 272 1578 294; x_wconf 89' lang='lat' dir='ltr'><strong>ut</strong></span> <span class='ocrx_word' id='word_1_452' title='bbox 1591 267 1707 295; x_wconf 67' lang='lat' dir='ltr'><strong>Dallmus</strong></span> 
     </span>
    </p>
   </div>
   <div class='ocr_carea' id='block_1_65' title="bbox 920 311 1705 346">
    <p class='ocr_par' dir='ltr' id='par_1_65' title="bbox 920 311 1705 346">
     <span class='ocr_line' id='line_1_65' title="bbox 920 311 1705 346; baseline 0.001 -8"><span class='ocrx_word' id='word_1_453' title='bbox 920 312 978 346; x_wconf 79' lang='lat' dir='ltr'><strong>ipse</strong></span> <span class='ocrx_word' id='word_1_454' title='bbox 997 316 1124 344; x_wconf 61' lang='lat' dir='ltr'><strong>testanur,</strong></span> <span class='ocrx_word' id='word_1_455' title='bbox 1140 311 1173 338; x_wconf 83' lang='lat' dir='ltr'><strong>de</strong></span> <span class='ocrx_word' id='word_1_456' title='bbox 1192 311 1390 346; x_wconf 79' lang='lat' dir='ltr'><strong>Areopagiticis</strong></span> <span class='ocrx_word' id='word_1_457' title='bbox 1414 312 1502 346; x_wconf 81' lang='lat' dir='ltr'><strong>capite</strong></span> <span class='ocrx_word' id='word_1_458' title='bbox 1525 311 1656 339; x_wconf 83' lang='lat' dir='ltr'><strong>secundo.</strong></span> <span class='ocrx_word' id='word_1_459' title='bbox 1673 312 1705 339; x_wconf 83' lang='lat' dir='ltr'><strong>At</strong></span> 
     </span>
    </p>
   </div>
   <div class='ocr_carea' id='block_1_66' title="bbox 920 359 1705 393">
    <p class='ocr_par' dir='ltr' id='par_1_66' title="bbox 920 359 1705 393">
     <span class='ocr_line' id='line_1_66' title="bbox 920 359 1705 393; baseline 0.001 -8"><span class='ocrx_word' id='word_1_460' title='bbox 920 366 1008 393; x_wconf 79' lang='lat' dir='ltr'><strong>neque</strong></span> <span class='ocrx_word' id='word_1_461' title='bbox 1023 363 1100 390; x_wconf 87' lang='lat' dir='ltr'><strong>recte,</strong></span> <span class='ocrx_word' id='word_1_462' title='bbox 1119 365 1207 392; x_wconf 83' lang='lat' dir='ltr'><strong>neque</strong></span> <span class='ocrx_word' id='word_1_463' title='bbox 1230 359 1348 392; x_wconf 77' lang='lat' dir='ltr'><strong>apposite</strong></span> <span class='ocrx_word' id='word_1_464' title='bbox 1369 359 1518 393; x_wconf 83' lang='lat' dir='ltr'><strong>disputarit</strong></span> <span class='ocrx_word' id='word_1_465' title='bbox 1538 359 1666 392; x_wconf 69' lang='lat' dir='ltr'><strong>Irenmus,</strong></span> <span class='ocrx_word' id='word_1_466' title='bbox 1683 360 1705 387; x_wconf 89' lang='lat' dir='ltr'><strong>si</strong></span> 
     </span>
    </p>
   </div>
   <div class='ocr_carea' id='block_1_67' title="bbox 919 404 1706 440">
    <p class='ocr_par' dir='ltr' id='par_1_67' title="bbox 919 404 1706 440">
     <span class='ocr_line' id='line_1_67' title="bbox 919 404 1706 440; baseline 0.003 -9"><span class='ocrx_word' id='word_1_467' title='bbox 919 404 977 431; x_wconf 68' lang='lat' dir='ltr'><strong>haec</strong></span> <span class='ocrx_word' id='word_1_468' title='bbox 998 405 1111 439; x_wconf 81' lang='lat' dir='ltr'><strong>epistola</strong></span> <span class='ocrx_word' id='word_1_469' title='bbox 1135 413 1149 431; x_wconf 83' lang='lat' dir='ltr'><strong>a</strong></span> <span class='ocrx_word' id='word_1_470' title='bbox 1171 404 1320 440; x_wconf 80' lang='lat' dir='ltr'><strong>Polycarpo</strong></span> <span class='ocrx_word' id='word_1_471' title='bbox 1339 405 1437 439; x_wconf 85' lang='lat' dir='ltr'><strong>scripta</strong></span> <span class='ocrx_word' id='word_1_472' title='bbox 1461 413 1514 432; x_wconf 94' lang='lat' dir='ltr'><strong>non</strong></span> <span class='ocrx_word' id='word_1_473' title='bbox 1542 407 1587 438; x_wconf 84' lang='lat' dir='ltr'><strong>sit,</strong></span> <span class='ocrx_word' id='word_1_474' title='bbox 1604 411 1651 433; x_wconf 90' lang='lat' dir='ltr'><strong>aut</strong></span> <span class='ocrx_word' id='word_1_475' title='bbox 1673 408 1706 433; x_wconf 86' lang='lat' dir='ltr'><strong>ah</strong></span> 
     </span>
    </p>
   </div>
   <div class='ocr_carea' id='block_1_68' title="bbox 918 451 1706 487">
    <p class='ocr_par' dir='ltr' id='par_1_68' title="bbox 918 451 1706 487">
     <span class='ocr_line' id='line_1_68' title="bbox 918 451 1706 487; baseline 0.004 -10"><span class='ocrx_word' id='word_1_476' title='bbox 918 451 1048 478; x_wconf 87' lang='lat' dir='ltr'><strong>omnibus</strong></span> <span class='ocrx_word' id='word_1_477' title='bbox 1065 457 1130 478; x_wconf 89' lang='lat' dir='ltr'><strong>tunc</strong></span> <span class='ocrx_word' id='word_1_478' title='bbox 1147 452 1278 486; x_wconf 84' lang='lat' dir='ltr'><strong>temporis</strong></span> <span class='ocrx_word' id='word_1_479' title='bbox 1293 459 1346 478; x_wconf 93' lang='lat' dir='ltr'><strong>non</strong></span> <span class='ocrx_word' id='word_1_480' title='bbox 1369 452 1543 487; x_wconf 86' lang='lat' dir='ltr'><strong>reciperetur.</strong></span> <span class='ocrx_word' id='word_1_481' title='bbox 1559 452 1596 480; x_wconf 85' lang='lat' dir='ltr'><strong>De</strong></span> <span class='ocrx_word' id='word_1_482' title='bbox 1610 454 1706 480; x_wconf 85' lang='lat' dir='ltr'><strong>eadem</strong></span> 
     </span>
    </p>
   </div>
   <div class='ocr_carea' id='block_1_69' title="bbox 921 497 1706 535">
    <p class='ocr_par' dir='ltr' id='par_1_69' title="bbox 921 497 1706 535">
     <span class='ocr_line' id='line_1_69' title="bbox 921 497 1706 535; baseline 0.003 -11"><span class='ocrx_word' id='word_1_483' title='bbox 921 498 1035 533; x_wconf 87' lang='lat' dir='ltr'><strong>cpistola</strong></span> <span class='ocrx_word' id='word_1_484' title='bbox 1050 497 1192 530; x_wconf 80' lang='lat' dir='ltr'><strong>Eusebius,</strong></span> <span class='ocrx_word' id='word_1_485' title='bbox 1206 497 1253 532; x_wconf 91' lang='lat' dir='ltr'><strong>qui</strong></span> <span class='ocrx_word' id='word_1_486' title='bbox 1273 498 1343 524; x_wconf 92' lang='lat' dir='ltr'><strong>intra</strong></span> <span class='ocrx_word' id='word_1_487' title='bbox 1359 503 1467 525; x_wconf 84' lang='lat' dir='ltr'><strong>centum</strong></span> <span class='ocrx_word' id='word_1_488' title='bbox 1482 503 1544 534; x_wconf 84' lang='lat' dir='ltr'><strong>post</strong></span> <span class='ocrx_word' id='word_1_489' title='bbox 1563 498 1706 535; x_wconf 81' lang='lat' dir='ltr'><strong>Polycarpi</strong></span> 
     </span>
    </p>
   </div>
   <div class='ocr_carea' id='block_1_70' title="bbox 920 542 1707 584">
    <p class='ocr_par' dir='ltr' id='par_1_70' title="bbox 920 542 1707 584">
     <span class='ocr_line' id='line_1_70' title="bbox 920 542 1707 584; baseline 0.004 -15"><span class='ocrx_word' id='word_1_490' title='bbox 920 549 1037 570; x_wconf 72' lang='lat' dir='ltr'><strong>niovtcm</strong></span> <span class='ocrx_word' id='word_1_491' title='bbox 1062 551 1149 571; x_wconf 89' lang='lat' dir='ltr'><strong>annos</strong></span> <span class='ocrx_word' id='word_1_492' title='bbox 1171 549 1250 570; x_wconf 86' lang='lat' dir='ltr'><strong>natus</strong></span> <span class='ocrx_word' id='word_1_493' title='bbox 1265 548 1316 575; x_wconf 82' lang='lat' dir='ltr'><strong>est,</strong></span> <span class='ocrx_word' id='word_1_494' title='bbox 1335 542 1406 584; x_wconf 58' lang='lat' dir='ltr'><strong>llis}.</strong></span> <span class='ocrx_word' id='word_1_495' title='bbox 1420 544 1483 571; x_wconf 76' lang='grc' dir='ltr'><strong>εει-ι.</strong></span> <span class='ocrx_word' id='word_1_496' title='bbox 1498 545 1516 571; x_wconf 94' lang='grc' dir='ltr'><strong>Ι.</strong></span> <span class='ocrx_word' id='word_1_497' title='bbox 1533 553 1569 577; x_wconf 85' lang='grc' dir='ltr'><strong>ιν,</strong></span> <span class='ocrx_word' id='word_1_498' title='bbox 1584 553 1645 580; x_wconf 82' lang='lat' dir='ltr'><strong>cap.</strong></span> <span class='ocrx_word' id='word_1_499' title='bbox 1663 546 1707 577; x_wconf 79' lang='lat' dir='ltr'><strong>it,</strong></span> 
     </span>
    </p>
   </div>
   <div class='ocr_carea' id='block_1_71' title="bbox 922 590 1708 626">
    <p class='ocr_par' dir='ltr' id='par_1_71' title="bbox 922 590 1708 626">
     <span class='ocr_line' id='line_1_71' title="bbox 922 590 1708 626; baseline 0.003 -10"><span class='ocrx_word' id='word_1_500' title='bbox 922 595 982 624; x_wconf 73' lang='lat' dir='ltr'><strong>post</strong></span> <span class='ocrx_word' id='word_1_501' title='bbox 996 590 1159 624; x_wconf 85' lang='lat' dir='ltr'><strong>productum</strong></span> <span class='ocrx_word' id='word_1_502' title='bbox 1178 591 1229 618; x_wconf 90' lang='lat' dir='ltr'><strong>hoc</strong></span> <span class='ocrx_word' id='word_1_503' title='bbox 1243 590 1335 616; x_wconf 65' lang='lat' dir='ltr'><strong>Irenwi</strong></span> <span class='ocrx_word' id='word_1_504' title='bbox 1350 591 1537 617; x_wconf 80' lang='lat' dir='ltr'><strong>testimonium</strong></span> <span class='ocrx_word' id='word_1_505' title='bbox 1553 600 1560 618; x_wconf 86' lang='lat'><strong>:</strong></span> <span class='ocrx_word' id='word_1_506' title='bbox 1579 592 1606 617; x_wconf 84' lang='grc' dir='ltr'>Ὀ</span> <span class='ocrx_word' id='word_1_507' title='bbox 1618 592 1708 626; x_wconf 83' lang='grc' dir='ltr'><strong>μέντοι</strong></span> 
     </span>
    </p>
   </div>
   <div class='ocr_carea' id='block_1_72' title="bbox 921 635 1708 672">
    <p class='ocr_par' dir='ltr' id='par_1_72' title="bbox 921 635 1708 672">
     <span class='ocr_line' id='line_1_72' title="bbox 921 635 1708 672; baseline 0.003 -10"><span class='ocrx_word' id='word_1_508' title='bbox 921 635 1097 672; x_wconf 70' lang='grc' dir='ltr'><strong>Πηλύκαρπος</strong></span> <span class='ocrx_word' id='word_1_509' title='bbox 1111 637 1139 662; x_wconf 84' lang='grc' dir='ltr'><strong>ὲν</strong></span> <span class='ocrx_word' id='word_1_510' title='bbox 1147 638 1179 671; x_wconf 85' lang='grc' dir='ltr'><strong>τῇ</strong></span> <span class='ocrx_word' id='word_1_511' title='bbox 1195 637 1345 672; x_wconf 78' lang='grc' dir='ltr'><strong>ὃηλωθείσῃ</strong></span> <span class='ocrx_word' id='word_1_512' title='bbox 1364 637 1432 672; x_wconf 75' lang='grc' dir='ltr'>πρὸς</span> <span class='ocrx_word' id='word_1_513' title='bbox 1449 637 1644 672; x_wconf 74' lang='grc' dir='ltr'><strong>Φιλιππησίους</strong></span> <span class='ocrx_word' id='word_1_514' title='bbox 1660 638 1708 664; x_wconf 71' lang='grc' dir='ltr'><strong>αὑ-</strong></span> 
     </span>
    </p>
   </div>
   <div class='ocr_carea' id='block_1_73' title="bbox 921 680 1707 718">
    <p class='ocr_par' dir='ltr' id='par_1_73' title="bbox 921 680 1707 718">
     <span class='ocr_line' id='line_1_73' title="bbox 921 680 1707 718; baseline 0.004 -11"><span class='ocrx_word' id='word_1_515' title='bbox 921 680 967 707; x_wconf 69' lang='grc' dir='ltr'>τηῦ</span> <span class='ocrx_word' id='word_1_516' title='bbox 982 683 1074 717; x_wconf 76' lang='grc' dir='ltr'>γραφῇ</span> <span class='ocrx_word' id='word_1_517' title='bbox 1087 681 1224 718; x_wconf 77' lang='grc' dir='ltr'><strong>φερομένῃ</strong></span> <span class='ocrx_word' id='word_1_518' title='bbox 1238 683 1277 714; x_wconf 79' lang='grc' dir='ltr'><strong>εἰς</strong></span> <span class='ocrx_word' id='word_1_519' title='bbox 1292 682 1380 718; x_wconf 78' lang='grc' dir='ltr'><strong>δεῦρο,</strong></span> <span class='ocrx_word' id='word_1_520' title='bbox 1391 682 1522 718; x_wconf 79' lang='grc' dir='ltr'><strong>κέχρηταί</strong></span> <span class='ocrx_word' id='word_1_521' title='bbox 1535 692 1589 709; x_wconf 79' lang='grc' dir='ltr'><strong>τισι</strong></span> <span class='ocrx_word' id='word_1_522' title='bbox 1606 692 1707 718; x_wconf 78' lang='grc' dir='ltr'>μαρτυ-</span> 
     </span>
    </p>
   </div>
   <div class='ocr_carea' id='block_1_74' title="bbox 923 725 1706 764">
    <p class='ocr_par' dir='ltr' id='par_1_74' title="bbox 923 725 1706 764">
     <span class='ocr_line' id='line_1_74' title="bbox 923 725 1706 764; baseline 0.005 -13"><span class='ocrx_word' id='word_1_523' title='bbox 923 726 994 761; x_wconf 73' lang='lat' dir='ltr'><strong>plat;</strong></span> <span class='ocrx_word' id='word_1_524' title='bbox 1009 725 1066 752; x_wconf 76' lang='grc' dir='ltr'>ἀπὸ</span> <span class='ocrx_word' id='word_1_525' title='bbox 1076 727 1124 762; x_wconf 77' lang='grc' dir='ltr'><strong>τῆς</strong></span> <span class='ocrx_word' id='word_1_526' title='bbox 1139 726 1243 762; x_wconf 80' lang='grc' dir='ltr'><strong>Πέτρου</strong></span> <span class='ocrx_word' id='word_1_527' title='bbox 1258 728 1393 763; x_wconf 78' lang='grc' dir='ltr'><strong>προτέρας</strong></span> <span class='ocrx_word' id='word_1_528' title='bbox 1409 728 1561 764; x_wconf 72' lang='grc' dir='ltr'><strong>ἐπιπολῆς.</strong></span> <span class='ocrx_word' id='word_1_529' title='bbox 1578 728 1706 763; x_wconf 82' lang='lat' dir='ltr'><strong>Palycar-</strong></span> 
     </span>
    </p>
   </div>
   <div class='ocr_carea' id='block_1_75' title="bbox 922 771 1705 807">
    <p class='ocr_par' dir='ltr' id='par_1_75' title="bbox 922 771 1705 807">
     <span class='ocr_line' id='line_1_75' title="bbox 922 771 1705 807; baseline 0.004 -10"><span class='ocrx_word' id='word_1_530' title='bbox 922 780 981 806; x_wconf 79' lang='lat' dir='ltr'><strong>pus,</strong></span> <span class='ocrx_word' id='word_1_531' title='bbox 1000 771 1110 804; x_wconf 74' lang='lat' dir='ltr'><strong>scilicet,</strong></span> <span class='ocrx_word' id='word_1_532' title='bbox 1130 780 1156 798; x_wconf 72' lang='grc' dir='ltr'><strong>ιη</strong></span> <span class='ocrx_word' id='word_1_533' title='bbox 1181 773 1315 798; x_wconf 78' lang='lat' dir='ltr'><strong>antedicta</strong></span> <span class='ocrx_word' id='word_1_534' title='bbox 1335 773 1369 798; x_wconf 79' lang='lat' dir='ltr'><strong>ad</strong></span> <span class='ocrx_word' id='word_1_535' title='bbox 1384 772 1564 807; x_wconf 66' lang='lat' dir='ltr'><strong>Philippense:</strong></span> <span class='ocrx_word' id='word_1_536' title='bbox 1583 774 1705 807; x_wconf 72' lang='lat' dir='ltr'><strong>epistola,</strong></span> 
     </span>
    </p>
   </div>
   <div class='ocr_carea' id='block_1_76' title="bbox 921 818 1706 854">
    <p class='ocr_par' dir='ltr' id='par_1_76' title="bbox 921 818 1706 854">
     <span class='ocr_line' id='line_1_76' title="bbox 921 818 1706 854; baseline 0.003 -10"><span class='ocrx_word' id='word_1_537' title='bbox 921 826 980 852; x_wconf 70' lang='lat' dir='ltr'><strong>qva:</strong></span> <span class='ocrx_word' id='word_1_538' title='bbox 1001 826 1080 852; x_wconf 81' lang='lat' dir='ltr'><strong>usque</strong></span> <span class='ocrx_word' id='word_1_539' title='bbox 1095 818 1181 844; x_wconf 82' lang='lat' dir='ltr'><strong>adhuc</strong></span> <span class='ocrx_word' id='word_1_540' title='bbox 1191 819 1387 852; x_wconf 80' lang='lat' dir='ltr'><strong>circumfertur,</strong></span> <span class='ocrx_word' id='word_1_541' title='bbox 1404 819 1488 845; x_wconf 84' lang='lat' dir='ltr'><strong>utitur</strong></span> <span class='ocrx_word' id='word_1_542' title='bbox 1499 820 1655 854; x_wconf 72' lang='lat' dir='ltr'><strong>quibusdam</strong></span> <span class='ocrx_word' id='word_1_543' title='bbox 1668 825 1706 846; x_wconf 89' lang='lat' dir='ltr'><strong>te-</strong></span> 
     </span>
    </p>
   </div>
   <div class='ocr_carea' id='block_1_77' title="bbox 885 863 1709 901">
    <p class='ocr_par' dir='ltr' id='par_1_77' title="bbox 885 863 1709 901">
     <span class='ocr_line' id='line_1_77' title="bbox 885 863 1709 901; baseline 0.004 -11"><span class='ocrx_word' id='word_1_544' title='bbox 885 865 906 892; x_wconf 84' lang='lat' dir='ltr'><strong>B</strong></span> <span class='ocrx_word' id='word_1_545' title='bbox 920 864 1052 890; x_wconf 77' lang='lat' dir='ltr'><strong>stirnoniis</strong></span> <span class='ocrx_word' id='word_1_546' title='bbox 1070 872 1101 891; x_wconf 67' lang='grc' dir='ltr'><strong>επ</strong></span> <span class='ocrx_word' id='word_1_547' title='bbox 1119 865 1202 899; x_wconf 75' lang='lat' dir='ltr'><strong>priori</strong></span> <span class='ocrx_word' id='word_1_548' title='bbox 1218 863 1291 891; x_wconf 82' lang='lat' dir='ltr'><strong>Petri</strong></span> <span class='ocrx_word' id='word_1_549' title='bbox 1305 865 1416 899; x_wconf 68' lang='lat' dir='ltr'><strong>epistola</strong></span> <span class='ocrx_word' id='word_1_550' title='bbox 1430 867 1587 900; x_wconf 73' lang='lat' dir='ltr'><strong>desumptit.</strong></span> <span class='ocrx_word' id='word_1_551' title='bbox 1605 866 1636 893; x_wconf 83' lang='lat' dir='ltr'><strong>Et</strong></span> <span class='ocrx_word' id='word_1_552' title='bbox 1650 867 1709 901; x_wconf 87' lang='lat' dir='ltr'><strong>plu-</strong></span> 
     </span>
    </p>
   </div>
   <div class='ocr_carea' id='block_1_78' title="bbox 924 910 1707 947">
    <p class='ocr_par' dir='ltr' id='par_1_78' title="bbox 924 910 1707 947">
     <span class='ocr_line' id='line_1_78' title="bbox 924 910 1707 947; baseline 0.004 -10"><span class='ocrx_word' id='word_1_553' title='bbox 924 910 993 937; x_wconf 90' lang='lat' dir='ltr'><strong>rima</strong></span> <span class='ocrx_word' id='word_1_554' title='bbox 1008 911 1116 945; x_wconf 84' lang='lat' dir='ltr'><strong>quidem</strong></span> <span class='ocrx_word' id='word_1_555' title='bbox 1132 911 1287 938; x_wconf 85' lang='lat' dir='ltr'><strong>testimonia</strong></span> <span class='ocrx_word' id='word_1_556' title='bbox 1302 919 1335 939; x_wconf 81' lang='lat' dir='ltr'><strong>ex</strong></span> <span class='ocrx_word' id='word_1_557' title='bbox 1355 912 1438 946; x_wconf 87' lang='lat' dir='ltr'><strong>priori</strong></span> <span class='ocrx_word' id='word_1_558' title='bbox 1452 912 1567 946; x_wconf 86' lang='lat' dir='ltr'><strong>cpistola</strong></span> <span class='ocrx_word' id='word_1_559' title='bbox 1582 913 1707 947; x_wconf 82' lang='lat' dir='ltr'><strong>deprom-</strong></span> 
     </span>
    </p>
   </div>
   <div class='ocr_carea' id='block_1_79' title="bbox 923 956 1706 992">
    <p class='ocr_par' dir='ltr' id='par_1_79' title="bbox 923 956 1706 992">
     <span class='ocr_line' id='line_1_79' title="bbox 923 956 1706 992; baseline 0.004 -10"><span class='ocrx_word' id='word_1_560' title='bbox 923 960 979 990; x_wconf 87' lang='lat' dir='ltr'><strong>pta,</strong></span> <span class='ocrx_word' id='word_1_561' title='bbox 993 964 1024 982; x_wconf 87' lang='lat' dir='ltr'><strong>ex</strong></span> <span class='ocrx_word' id='word_1_562' title='bbox 1042 956 1184 990; x_wconf 89' lang='lat' dir='ltr'><strong>posteriori</strong></span> <span class='ocrx_word' id='word_1_563' title='bbox 1200 956 1284 989; x_wconf 73' lang='lat' dir='ltr'><strong>nulla,</strong></span> <span class='ocrx_word' id='word_1_564' title='bbox 1300 957 1389 984; x_wconf 80' lang='lat' dir='ltr'><strong>adhuc</strong></span> <span class='ocrx_word' id='word_1_565' title='bbox 1407 956 1434 984; x_wconf 90' lang='lat' dir='ltr'><strong>in</strong></span> <span class='ocrx_word' id='word_1_566' title='bbox 1458 957 1509 984; x_wconf 91' lang='lat' dir='ltr'><strong>hac</strong></span> <span class='ocrx_word' id='word_1_567' title='bbox 1532 958 1646 992; x_wconf 64' lang='lat' dir='ltr'><strong>epistola</strong></span> <span class='ocrx_word' id='word_1_568' title='bbox 1662 965 1706 985; x_wconf 80' lang='lat' dir='ltr'><strong>re~</strong></span> 
     </span>
    </p>
   </div>
   <div class='ocr_carea' id='block_1_80' title="bbox 921 1002 1706 1039">
    <p class='ocr_par' dir='ltr' id='par_1_80' title="bbox 921 1002 1706 1039">
     <span class='ocr_line' id='line_1_80' title="bbox 921 1002 1706 1039; baseline 0.005 -12"><span class='ocrx_word' id='word_1_569' title='bbox 921 1002 1073 1036; x_wconf 76' lang='lat' dir='ltr'><strong>perimitur,</strong></span> <span class='ocrx_word' id='word_1_570' title='bbox 1085 1009 1145 1035; x_wconf 58' lang='lat' dir='ltr'><strong>qua!</strong></span> <span class='ocrx_word' id='word_1_571' title='bbox 1156 1009 1219 1029; x_wconf 90' lang='lat' dir='ltr'><strong>cum</strong></span> <span class='ocrx_word' id='word_1_572' title='bbox 1232 1002 1266 1029; x_wconf 87' lang='lat' dir='ltr'><strong>iis</strong></span> <span class='ocrx_word' id='word_1_573' title='bbox 1281 1003 1436 1038; x_wconf 86' lang='lat' dir='ltr'><strong>conjuncta,</strong></span> <span class='ocrx_word' id='word_1_574' title='bbox 1449 1011 1509 1038; x_wconf 64' lang='lat' dir='ltr'><strong>quae</strong></span> <span class='ocrx_word' id='word_1_575' title='bbox 1523 1004 1557 1030; x_wconf 88' lang='lat' dir='ltr'><strong>ad</strong></span> <span class='ocrx_word' id='word_1_576' title='bbox 1574 1005 1706 1039; x_wconf 77' lang='lat' dir='ltr'><strong>lgnatium</strong></span> 
     </span>
    </p>
   </div>
   <div class='ocr_carea' id='block_1_81' title="bbox 922 1047 1707 1084">
    <p class='ocr_par' dir='ltr' id='par_1_81' title="bbox 922 1047 1707 1084">
     <span class='ocr_line' id='line_1_81' title="bbox 922 1047 1707 1084; baseline 0.004 -10"><span class='ocrx_word' id='word_1_577' title='bbox 922 1047 1084 1083; x_wconf 83' lang='lat' dir='ltr'><strong>pertinentia</strong></span> <span class='ocrx_word' id='word_1_578' title='bbox 1101 1048 1214 1075; x_wconf 77' lang='lat' dir='ltr'><strong>totidem</strong></span> <span class='ocrx_word' id='word_1_579' title='bbox 1229 1049 1320 1076; x_wconf 88' lang='lat' dir='ltr'><strong>verbis</strong></span> <span class='ocrx_word' id='word_1_580' title='bbox 1337 1049 1485 1084; x_wconf 69' lang='lat' dir='ltr'><strong>exscripsit</strong></span> <span class='ocrx_word' id='word_1_581' title='bbox 1496 1049 1639 1082; x_wconf 87' lang='lat' dir='ltr'><strong>Eusebius,</strong></span> <span class='ocrx_word' id='word_1_582' title='bbox 1657 1051 1707 1077; x_wconf 90' lang='lat' dir='ltr'><strong>du-</strong></span> 
     </span>
    </p>
   </div>
   <div class='ocr_carea' id='block_1_82' title="bbox 922 1094 1707 1131">
    <p class='ocr_par' dir='ltr' id='par_1_82' title="bbox 922 1094 1707 1131">
     <span class='ocr_line' id='line_1_82' title="bbox 922 1094 1707 1131; baseline 0 -9"><span class='ocrx_word' id='word_1_583' title='bbox 922 1095 1009 1122; x_wconf 82' lang='lat' dir='ltr'><strong>bitare</strong></span> <span class='ocrx_word' id='word_1_584' title='bbox 1024 1103 1075 1122; x_wconf 83' lang='lat' dir='ltr'><strong>nos</strong></span> <span class='ocrx_word' id='word_1_585' title='bbox 1090 1103 1144 1121; x_wconf 92' lang='lat' dir='ltr'><strong>non</strong></span> <span class='ocrx_word' id='word_1_586' title='bbox 1161 1094 1264 1126; x_wconf 74' lang='lat' dir='ltr'><strong>sinunt,</strong></span> <span class='ocrx_word' id='word_1_587' title='bbox 1277 1095 1343 1130; x_wconf 81' lang='lat' dir='ltr'><strong>quin</strong></span> <span class='ocrx_word' id='word_1_588' title='bbox 1355 1095 1478 1122; x_wconf 86' lang='lat' dir='ltr'><strong>eamdem</strong></span> <span class='ocrx_word' id='word_1_589' title='bbox 1493 1094 1636 1131; x_wconf 83' lang='lat' dir='ltr'><strong>Polycarpi</strong></span> <span class='ocrx_word' id='word_1_590' title='bbox 1650 1097 1707 1131; x_wconf 87' lang='lat' dir='ltr'><strong>epi-</strong></span> 
     </span>
    </p>
   </div>
   <div class='ocr_carea' id='block_1_83' title="bbox 921 1141 1705 1176">
    <p class='ocr_par' dir='ltr' id='par_1_83' title="bbox 921 1141 1705 1176">
     <span class='ocr_line' id='line_1_83' title="bbox 921 1141 1705 1176; baseline 0 -8"><span class='ocrx_word' id='word_1_591' title='bbox 921 1141 1018 1168; x_wconf 88' lang='lat' dir='ltr'><strong>stolam</strong></span> <span class='ocrx_word' id='word_1_592' title='bbox 1037 1141 1198 1174; x_wconf 82' lang='lat' dir='ltr'><strong>haheamus,</strong></span> <span class='ocrx_word' id='word_1_593' title='bbox 1220 1149 1302 1176; x_wconf 85' lang='lat' dir='ltr'><strong>quam</strong></span> <span class='ocrx_word' id='word_1_594' title='bbox 1320 1141 1414 1168; x_wconf 83' lang='lat' dir='ltr'><strong>habuit</strong></span> <span class='ocrx_word' id='word_1_595' title='bbox 1433 1141 1575 1169; x_wconf 82' lang='lat' dir='ltr'><strong>Eusebius.</strong></span> <span class='ocrx_word' id='word_1_596' title='bbox 1592 1141 1705 1169; x_wconf 82' lang='lat' dir='ltr'><strong>Multum</strong></span> 
     </span>
    </p>
   </div>
   <div class='ocr_carea' id='block_1_84' title="bbox 921 1185 1707 1222">
    <p class='ocr_par' dir='ltr' id='par_1_84' title="bbox 921 1185 1707 1222">
     <span class='ocr_line' id='line_1_84' title="bbox 921 1185 1707 1222; baseline 0.003 -9"><span class='ocrx_word' id='word_1_597' title='bbox 921 1185 1032 1219; x_wconf 65' lang='lat' dir='ltr'><strong>Irenaeo,</strong></span> <span class='ocrx_word' id='word_1_598' title='bbox 1044 1187 1160 1214; x_wconf 93' lang='lat' dir='ltr'><strong>multum</strong></span> <span class='ocrx_word' id='word_1_599' title='bbox 1177 1186 1295 1214; x_wconf 77' lang='lat' dir='ltr'><strong>Eusebio</strong></span> <span class='ocrx_word' id='word_1_600' title='bbox 1309 1187 1466 1214; x_wconf 81' lang='lat' dir='ltr'><strong>tribuebant</strong></span> <span class='ocrx_word' id='word_1_601' title='bbox 1482 1193 1602 1221; x_wconf 76' lang='lat' dir='ltr'><strong>veteres;</strong></span> <span class='ocrx_word' id='word_1_602' title='bbox 1618 1196 1707 1222; x_wconf 88' lang='lat' dir='ltr'><strong>neque</strong></span> 
     </span>
    </p>
   </div>
   <div class='ocr_carea' id='block_1_85' title="bbox 919 1232 1708 1268">
    <p class='ocr_par' dir='ltr' id='par_1_85' title="bbox 919 1232 1708 1268">
     <span class='ocr_line' id='line_1_85' title="bbox 919 1232 1708 1268; baseline 0.001 -9"><span class='ocrx_word' id='word_1_603' title='bbox 919 1232 952 1259; x_wconf 87' lang='lat' dir='ltr'><strong>de</strong></span> <span class='ocrx_word' id='word_1_604' title='bbox 967 1237 1100 1267; x_wconf 75' lang='lat' dir='ltr'><strong>scriptore</strong></span> <span class='ocrx_word' id='word_1_605' title='bbox 1114 1233 1243 1268; x_wconf 86' lang='lat' dir='ltr'><strong>quopiam</strong></span> <span class='ocrx_word' id='word_1_606' title='bbox 1263 1240 1358 1260; x_wconf 90' lang='lat' dir='ltr'><strong>eorum</strong></span> <span class='ocrx_word' id='word_1_607' title='bbox 1381 1234 1547 1260; x_wconf 87' lang='lat' dir='ltr'><strong>testimoniis</strong></span> <span class='ocrx_word' id='word_1_608' title='bbox 1568 1241 1708 1261; x_wconf 82' lang='lat' dir='ltr'><strong>commen-</strong></span> 
     </span>
    </p>
   </div>
   <div class='ocr_carea' id='block_1_86' title="bbox 919 1278 1707 1314">
    <p class='ocr_par' dir='ltr' id='par_1_86' title="bbox 919 1278 1707 1314">
     <span class='ocr_line' id='line_1_86' title="bbox 919 1278 1707 1314; baseline 0 -8"><span class='ocrx_word' id='word_1_609' title='bbox 919 1278 983 1306; x_wconf 89' lang='lat' dir='ltr'><strong>dato</strong></span> <span class='ocrx_word' id='word_1_610' title='bbox 998 1286 1117 1314; x_wconf 89' lang='lat' dir='ltr'><strong>unquam</strong></span> <span class='ocrx_word' id='word_1_611' title='bbox 1133 1279 1304 1306; x_wconf 86' lang='lat' dir='ltr'><strong>dubitabant.</strong></span> <span class='ocrx_word' id='word_1_612' title='bbox 1324 1278 1357 1305; x_wconf 90' lang='lat' dir='ltr'><strong>Et</strong></span> <span class='ocrx_word' id='word_1_613' title='bbox 1371 1279 1392 1306; x_wconf 87' lang='lat' dir='ltr'><strong>si</strong></span> <span class='ocrx_word' id='word_1_614' title='bbox 1409 1279 1434 1306; x_wconf 91' lang='lat' dir='ltr'><strong>id</strong></span> <span class='ocrx_word' id='word_1_615' title='bbox 1447 1287 1542 1307; x_wconf 91' lang='lat' dir='ltr'><strong>eorum</strong></span> <span class='ocrx_word' id='word_1_616' title='bbox 1557 1281 1707 1307; x_wconf 82' lang='lat' dir='ltr'><strong>auctorita-</strong></span> 
     </span>
    </p>
   </div>
   <div class='ocr_carea' id='block_1_87' title="bbox 919 1323 1706 1361">
    <p class='ocr_par' dir='ltr' id='par_1_87' title="bbox 919 1323 1706 1361">
     <span class='ocr_line' id='line_1_87' title="bbox 919 1323 1706 1361; baseline 0.003 -11"><span class='ocrx_word' id='word_1_617' title='bbox 919 1328 972 1350; x_wconf 84' lang='lat' dir='ltr'><strong>tem</strong></span> <span class='ocrx_word' id='word_1_618' title='bbox 990 1323 1113 1352; x_wconf 75' lang='lat' dir='ltr'><strong>eﬂ&#39;ecisse</strong></span> <span class='ocrx_word' id='word_1_619' title='bbox 1128 1324 1257 1357; x_wconf 86' lang='lat' dir='ltr'><strong>nolimus,</strong></span> <span class='ocrx_word' id='word_1_620' title='bbox 1275 1329 1305 1352; x_wconf 88' lang='lat' dir='ltr'><strong>ut</strong></span> <span class='ocrx_word' id='word_1_621' title='bbox 1325 1325 1360 1352; x_wconf 83' lang='lat' dir='ltr'><strong>ab</strong></span> <span class='ocrx_word' id='word_1_622' title='bbox 1385 1326 1514 1353; x_wconf 91' lang='lat' dir='ltr'><strong>omnibus</strong></span> <span class='ocrx_word' id='word_1_623' title='bbox 1538 1327 1706 1361; x_wconf 65' lang='lat' dir='ltr'><strong>reciperetur</strong></span> 
     </span>
    </p>
   </div>
   <div class='ocr_carea' id='block_1_88' title="bbox 919 1371 1706 1406">
    <p class='ocr_par' dir='ltr' id='par_1_88' title="bbox 919 1371 1706 1406">
     <span class='ocr_line' id='line_1_88' title="bbox 919 1371 1706 1406; baseline 0 -8"><span class='ocrx_word' id='word_1_624' title='bbox 919 1371 976 1398; x_wconf 67' lang='lat' dir='ltr'><strong>lucc</strong></span> <span class='ocrx_word' id='word_1_625' title='bbox 991 1371 1124 1406; x_wconf 88' lang='lat' dir='ltr'><strong>epistola;</strong></span> <span class='ocrx_word' id='word_1_626' title='bbox 1140 1371 1210 1398; x_wconf 91' lang='lat' dir='ltr'><strong>idem</strong></span> <span class='ocrx_word' id='word_1_627' title='bbox 1223 1372 1370 1399; x_wconf 78' lang='lat' dir='ltr'><strong>extorsisse</strong></span> <span class='ocrx_word' id='word_1_628' title='bbox 1388 1371 1525 1406; x_wconf 86' lang='lat' dir='ltr'><strong>publicam</strong></span> <span class='ocrx_word' id='word_1_629' title='bbox 1539 1372 1566 1398; x_wconf 92' lang='lat' dir='ltr'><strong>in</strong></span> <span class='ocrx_word' id='word_1_630' title='bbox 1583 1372 1706 1399; x_wconf 77' lang='lat' dir='ltr'><strong>ecclesiis</strong></span> 
     </span>
    </p>
   </div>
   <div class='ocr_carea' id='block_1_89' title="bbox 918 1417 1706 1453">
    <p class='ocr_par' dir='ltr' id='par_1_89' title="bbox 918 1417 1706 1453">
     <span class='ocr_line' id='line_1_89' title="bbox 918 1417 1706 1453; baseline 0 -9"><span class='ocrx_word' id='word_1_631' title='bbox 918 1418 1047 1445; x_wconf 80' lang='lat' dir='ltr'><strong>Asiaticis</strong></span> <span class='ocrx_word' id='word_1_632' title='bbox 1069 1418 1214 1446; x_wconf 88' lang='lat' dir='ltr'><strong>lectionem</strong></span> <span class='ocrx_word' id='word_1_633' title='bbox 1239 1418 1346 1445; x_wconf 80' lang='lat' dir='ltr'><strong>dilliteri</strong></span> <span class='ocrx_word' id='word_1_634' title='bbox 1362 1426 1414 1445; x_wconf 92' lang='lat' dir='ltr'><strong>non</strong></span> <span class='ocrx_word' id='word_1_635' title='bbox 1431 1426 1588 1453; x_wconf 84' lang='lat' dir='ltr'><strong>possumus.</strong></span> <span class='ocrx_word' id='word_1_636' title='bbox 1608 1417 1706 1444; x_wconf 84' lang='lat' dir='ltr'><strong>Hiero-</strong></span> 
     </span>
    </p>
   </div>
   <div class='ocr_carea' id='block_1_90' title="bbox 918 1463 1704 1499">
    <p class='ocr_par' dir='ltr' id='par_1_90' title="bbox 918 1463 1704 1499">
     <span class='ocr_line' id='line_1_90' title="bbox 918 1463 1704 1499; baseline 0 -8"><span class='ocrx_word' id='word_1_637' title='bbox 918 1472 1016 1499; x_wconf 85' lang='lat' dir='ltr'><strong>nymus</strong></span> <span class='ocrx_word' id='word_1_638' title='bbox 1035 1464 1106 1491; x_wconf 89' lang='lat' dir='ltr'><strong>enim</strong></span> <span class='ocrx_word' id='word_1_639' title='bbox 1130 1465 1157 1490; x_wconf 90' lang='lat' dir='ltr'><strong>in</strong></span> <span class='ocrx_word' id='word_1_640' title='bbox 1172 1464 1301 1499; x_wconf 73' lang='lat' dir='ltr'><strong>Catalogo</strong></span> <span class='ocrx_word' id='word_1_641' title='bbox 1314 1464 1370 1491; x_wconf 74' lang='lat' dir='ltr'><strong>haec</strong></span> <span class='ocrx_word' id='word_1_642' title='bbox 1385 1465 1418 1491; x_wconf 90' lang='lat' dir='ltr'><strong>de</strong></span> <span class='ocrx_word' id='word_1_643' title='bbox 1439 1463 1590 1499; x_wconf 77' lang='lat' dir='ltr'><strong>Polycarpo</strong></span> <span class='ocrx_word' id='word_1_644' title='bbox 1603 1465 1683 1492; x_wconf 84' lang='lat' dir='ltr'><strong>habet</strong></span> <span class='ocrx_word' id='word_1_645' title='bbox 1697 1473 1704 1491; x_wconf 79' lang='lat' dir='ltr'><strong><em>z</em></strong></span> 
     </span>
    </p>
   </div>
   <div class='ocr_carea' id='block_1_91' title="bbox 919 1509 1705 1545">
    <p class='ocr_par' dir='ltr' id='par_1_91' title="bbox 919 1509 1705 1545">
     <span class='ocr_line' id='line_1_91' title="bbox 919 1509 1705 1545; baseline 0.001 -9"><span class='ocrx_word' id='word_1_646' title='bbox 919 1510 1031 1545; x_wconf 79' lang='lat' dir='ltr'><strong>Scripsit</strong></span> <span class='ocrx_word' id='word_1_647' title='bbox 1043 1510 1077 1536; x_wconf 81' lang='lat' dir='ltr'><strong>ad</strong></span> <span class='ocrx_word' id='word_1_648' title='bbox 1092 1509 1273 1544; x_wconf 69' lang='lat' dir='ltr'><strong>Philippense;</strong></span> <span class='ocrx_word' id='word_1_649' title='bbox 1286 1510 1362 1536; x_wconf 81' lang='lat' dir='ltr'><strong>valde</strong></span> <span class='ocrx_word' id='word_1_650' title='bbox 1374 1509 1466 1536; x_wconf 83' lang='lat' dir='ltr'><strong>utilem</strong></span> <span class='ocrx_word' id='word_1_651' title='bbox 1480 1510 1630 1545; x_wconf 78' lang='lat' dir='ltr'><strong>epistolam,</strong></span> <span class='ocrx_word' id='word_1_652' title='bbox 1646 1519 1705 1545; x_wconf 80' lang='lat' dir='ltr'><strong>qua:</strong></span> 
     </span>
    </p>
   </div>
   <div class='ocr_carea' id='block_1_92' title="bbox 920 1556 1705 1591">
    <p class='ocr_par' dir='ltr' id='par_1_92' title="bbox 920 1556 1705 1591">
     <span class='ocr_line' id='line_1_92' title="bbox 920 1556 1705 1591; baseline 0.001 -8"><span class='ocrx_word' id='word_1_653' title='bbox 920 1565 1000 1591; x_wconf 70' lang='lat' dir='ltr'><strong>usque</strong></span> <span class='ocrx_word' id='word_1_654' title='bbox 1015 1557 1092 1583; x_wconf 79' lang='lat' dir='ltr'><strong>lmtlie</strong></span> <span class='ocrx_word' id='word_1_655' title='bbox 1106 1557 1131 1583; x_wconf 84' lang='lat' dir='ltr'><strong>in</strong></span> <span class='ocrx_word' id='word_1_656' title='bbox 1148 1557 1217 1583; x_wconf 73' lang='lat' dir='ltr'><strong>Asia:</strong></span> <span class='ocrx_word' id='word_1_657' title='bbox 1228 1561 1354 1583; x_wconf 82' lang='lat' dir='ltr'><strong>conventu</strong></span> <span class='ocrx_word' id='word_1_658' title='bbox 1369 1556 1475 1591; x_wconf 77' lang='lat' dir='ltr'><strong>legitur.</strong></span> <span class='ocrx_word' id='word_1_659' title='bbox 1490 1556 1531 1583; x_wconf 89' lang='lat' dir='ltr'><strong>An</strong></span> <span class='ocrx_word' id='word_1_660' title='bbox 1549 1557 1605 1583; x_wconf 84' lang='lat' dir='ltr'><strong>lteri</strong></span> <span class='ocrx_word' id='word_1_661' title='bbox 1617 1557 1705 1591; x_wconf 86' lang='lat' dir='ltr'><strong>potuit</strong></span> 
     </span>
    </p>
   </div>
   <div class='ocr_carea' id='block_1_93' title="bbox 919 1603 1705 1639">
    <p class='ocr_par' dir='ltr' id='par_1_93' title="bbox 919 1603 1705 1639">
     <span class='ocr_line' id='line_1_93' title="bbox 919 1603 1705 1639; baseline 0 -8"><span class='ocrx_word' id='word_1_662' title='bbox 919 1609 948 1631; x_wconf 87' lang='lat' dir='ltr'><strong>ut</strong></span> <span class='ocrx_word' id='word_1_663' title='bbox 961 1604 1074 1638; x_wconf 89' lang='lat' dir='ltr'><strong>epistola</strong></span> <span class='ocrx_word' id='word_1_664' title='bbox 1089 1604 1242 1639; x_wconf 83' lang='lat' dir='ltr'><strong>Polycarpi,</strong></span> <span class='ocrx_word' id='word_1_665' title='bbox 1258 1603 1306 1638; x_wconf 90' lang='lat' dir='ltr'><strong>qui</strong></span> <span class='ocrx_word' id='word_1_666' title='bbox 1319 1603 1432 1630; x_wconf 79' lang='lat' dir='ltr'><strong>Joannis</strong></span> <span class='ocrx_word' id='word_1_667' title='bbox 1450 1603 1564 1636; x_wconf 84' lang='lat' dir='ltr'><strong>apostoli</strong></span> <span class='ocrx_word' id='word_1_668' title='bbox 1588 1603 1705 1639; x_wconf 75' lang='lat' dir='ltr'><strong>discipu-</strong></span> 
     </span>
    </p>
   </div>
   <div class='ocr_carea' id='block_1_94' title="bbox 918 1649 1705 1684">
    <p class='ocr_par' dir='ltr' id='par_1_94' title="bbox 918 1649 1705 1684">
     <span class='ocr_line' id='line_1_94' title="bbox 918 1649 1705 1684; baseline 0 -8"><span class='ocrx_word' id='word_1_669' title='bbox 918 1650 969 1682; x_wconf 73' lang='grc' dir='ltr'><strong>λιιι,</strong></span> <span class='ocrx_word' id='word_1_670' title='bbox 985 1655 1010 1676; x_wconf 87' lang='lat' dir='ltr'><strong>et</strong></span> <span class='ocrx_word' id='word_1_671' title='bbox 1028 1650 1060 1676; x_wconf 82' lang='lat' dir='ltr'><strong>ab</strong></span> <span class='ocrx_word' id='word_1_672' title='bbox 1078 1658 1107 1676; x_wconf 80' lang='lat' dir='ltr'><strong>eo</strong></span> <span class='ocrx_word' id='word_1_673' title='bbox 1123 1650 1261 1684; x_wconf 67' lang='lat' dir='ltr'><strong>episcopus</strong></span> <span class='ocrx_word' id='word_1_674' title='bbox 1285 1649 1436 1682; x_wconf 74' lang='lat' dir='ltr'><strong>ordinatus,</strong></span> <span class='ocrx_word' id='word_1_675' title='bbox 1452 1649 1533 1675; x_wconf 71' lang='lat' dir='ltr'><strong>totius</strong></span> <span class='ocrx_word' id='word_1_676' title='bbox 1548 1649 1619 1676; x_wconf 76' lang='lat' dir='ltr'><strong>Asiw</strong></span> <span class='ocrx_word' id='word_1_677' title='bbox 1631 1650 1705 1684; x_wconf 81' lang='lat' dir='ltr'><strong>prin-</strong></span> 
     </span>
    </p>
   </div>
   <div class='ocr_carea' id='block_1_95' title="bbox 918 1695 1704 1731">
    <p class='ocr_par' dir='ltr' id='par_1_95' title="bbox 918 1695 1704 1731">
     <span class='ocr_line' id='line_1_95' title="bbox 918 1695 1704 1731; baseline 0 -9"><span class='ocrx_word' id='word_1_678' title='bbox 918 1704 977 1731; x_wconf 79' lang='lat' dir='ltr'><strong>ceps</strong></span> <span class='ocrx_word' id='word_1_679' title='bbox 992 1697 1054 1731; x_wconf 72' lang='lat' dir='ltr'><strong>fuit,</strong></span> <span class='ocrx_word' id='word_1_680' title='bbox 1067 1697 1094 1723; x_wconf 92' lang='lat' dir='ltr'><strong>in</strong></span> <span class='ocrx_word' id='word_1_681' title='bbox 1109 1701 1184 1723; x_wconf 86' lang='lat' dir='ltr'><strong>tanta</strong></span> <span class='ocrx_word' id='word_1_682' title='bbox 1198 1696 1258 1723; x_wconf 88' lang='lat' dir='ltr'><strong>luce</strong></span> <span class='ocrx_word' id='word_1_683' title='bbox 1273 1695 1375 1730; x_wconf 86' lang='lat' dir='ltr'><strong>posita,</strong></span> <span class='ocrx_word' id='word_1_684' title='bbox 1388 1695 1415 1722; x_wconf 89' lang='lat' dir='ltr'><strong>in</strong></span> <span class='ocrx_word' id='word_1_685' title='bbox 1430 1700 1566 1723; x_wconf 88' lang='lat' dir='ltr'><strong>conventu</strong></span> <span class='ocrx_word' id='word_1_686' title='bbox 1582 1695 1704 1730; x_wconf 78' lang='lat' dir='ltr'><strong>ejusdem</strong></span> 
     </span>
    </p>
   </div>
   <div class='ocr_carea' id='block_1_96' title="bbox 918 1742 1705 1778">
    <p class='ocr_par' dir='ltr' id='par_1_96' title="bbox 918 1742 1705 1778">
     <span class='ocr_line' id='line_1_96' title="bbox 918 1742 1705 1778; baseline 0 -8"><span class='ocrx_word' id='word_1_687' title='bbox 918 1743 989 1770; x_wconf 69' lang='lat' dir='ltr'><strong>Asiae</strong></span> <span class='ocrx_word' id='word_1_688' title='bbox 1018 1743 1096 1775; x_wconf 87' lang='lat' dir='ltr'><strong>lecta,</strong></span> <span class='ocrx_word' id='word_1_689' title='bbox 1121 1743 1155 1769; x_wconf 90' lang='lat' dir='ltr'><strong>ab</strong></span> <span class='ocrx_word' id='word_1_690' title='bbox 1180 1743 1309 1769; x_wconf 90' lang='lat' dir='ltr'><strong>omnibus</strong></span> <span class='ocrx_word' id='word_1_691' title='bbox 1333 1750 1386 1769; x_wconf 93' lang='lat' dir='ltr'><strong>non</strong></span> <span class='ocrx_word' id='word_1_692' title='bbox 1412 1742 1603 1778; x_wconf 82' lang='lat' dir='ltr'><strong>reciperetur?</strong></span> <span class='ocrx_word' id='word_1_693' title='bbox 1625 1743 1705 1770; x_wconf 79' lang='lat' dir='ltr'><strong>Certe</strong></span> 
     </span>
    </p>
   </div>
   <div class='ocr_carea' id='block_1_97' title="bbox 917 1787 1704 1824">
    <p class='ocr_par' dir='ltr' id='par_1_97' title="bbox 917 1787 1704 1824">
     <span class='ocr_line' id='line_1_97' title="bbox 917 1787 1704 1824; baseline 0.003 -10"><span class='ocrx_word' id='word_1_694' title='bbox 917 1787 1099 1824; x_wconf 85' lang='lat' dir='ltr'><strong>Hieronymus</strong></span> <span class='ocrx_word' id='word_1_695' title='bbox 1114 1793 1140 1815; x_wconf 88' lang='lat' dir='ltr'><strong>et</strong></span> <span class='ocrx_word' id='word_1_696' title='bbox 1155 1787 1346 1814; x_wconf 82' lang='lat' dir='ltr'><strong>Theodoretus</strong></span> <span class='ocrx_word' id='word_1_697' title='bbox 1359 1787 1540 1823; x_wconf 84' lang='lat' dir='ltr'><strong>Polycarpum</strong></span> <span class='ocrx_word' id='word_1_698' title='bbox 1556 1794 1704 1816; x_wconf 87' lang='lat' dir='ltr'><strong>numerant</strong></span> 
     </span>
    </p>
   </div>
   <div class='ocr_carea' id='block_1_98' title="bbox 917 1833 1704 1870">
    <p class='ocr_par' dir='ltr' id='par_1_98' title="bbox 917 1833 1704 1870">
     <span class='ocr_line' id='line_1_98' title="bbox 917 1833 1704 1870; baseline 0.003 -10"><span class='ocrx_word' id='word_1_699' title='bbox 917 1834 987 1861; x_wconf 86' lang='lat' dir='ltr'><strong>inter</strong></span> <span class='ocrx_word' id='word_1_700' title='bbox 998 1833 1197 1861; x_wconf 75' lang='lat' dir='ltr'><strong>vetustissimos</strong></span> <span class='ocrx_word' id='word_1_701' title='bbox 1207 1833 1432 1868; x_wconf 80' lang='lat' dir='ltr'><strong>clarissimosque</strong></span> <span class='ocrx_word' id='word_1_702' title='bbox 1446 1833 1575 1862; x_wconf 83' lang='lat' dir='ltr'><strong>Ecclesiae</strong></span> <span class='ocrx_word' id='word_1_703' title='bbox 1587 1835 1704 1870; x_wconf 81' lang='lat' dir='ltr'><strong>scripto-</strong></span> 
     </span>
    </p>
   </div>
   <div class='ocr_carea' id='block_1_99' title="bbox 918 1879 1702 1916">
    <p class='ocr_par' dir='ltr' id='par_1_99' title="bbox 918 1879 1702 1916">
     <span class='ocr_line' id='line_1_99' title="bbox 918 1879 1702 1916; baseline 0.003 -10"><span class='ocrx_word' id='word_1_704' title='bbox 918 1887 970 1906; x_wconf 90' lang='lat' dir='ltr'><strong>res.</strong></span> <span class='ocrx_word' id='word_1_705' title='bbox 993 1879 1066 1906; x_wconf 85' lang='lat' dir='ltr'><strong>Inter</strong></span> <span class='ocrx_word' id='word_1_706' title='bbox 1089 1883 1180 1906; x_wconf 86' lang='lat' dir='ltr'><strong>autem</strong></span> <span class='ocrx_word' id='word_1_707' title='bbox 1202 1879 1263 1913; x_wconf 87' lang='lat' dir='ltr'><strong>ejus</strong></span> <span class='ocrx_word' id='word_1_708' title='bbox 1277 1887 1360 1913; x_wconf 84' lang='lat' dir='ltr'><strong>opera</strong></span> <span class='ocrx_word' id='word_1_709' title='bbox 1375 1880 1432 1907; x_wconf 66' lang='lat' dir='ltr'><strong>haec</strong></span> <span class='ocrx_word' id='word_1_710' title='bbox 1442 1880 1557 1914; x_wconf 78' lang='lat' dir='ltr'><strong>epistola</strong></span> <span class='ocrx_word' id='word_1_711' title='bbox 1572 1885 1702 1916; x_wconf 82' lang='lat' dir='ltr'><strong>tanquam</strong></span> 
     </span>
    </p>
   </div>
   <div class='ocr_carea' id='block_1_100' title="bbox 917 1925 1402 1960">
    <p class='ocr_par' dir='ltr' id='par_1_100' title="bbox 917 1925 1402 1960">
     <span class='ocr_line' id='line_1_100' title="bbox 917 1925 1402 1960; baseline 0.002 -8"><span class='ocrx_word' id='word_1_712' title='bbox 917 1925 1054 1960; x_wconf 85' lang='lat' dir='ltr'><strong>praecipua</strong></span> <span class='ocrx_word' id='word_1_713' title='bbox 1069 1933 1177 1960; x_wconf 89' lang='lat' dir='ltr'><strong>semper</strong></span> <span class='ocrx_word' id='word_1_714' title='bbox 1194 1929 1336 1952; x_wconf 87' lang='lat' dir='ltr'><strong>numerata</strong></span> <span class='ocrx_word' id='word_1_715' title='bbox 1351 1930 1402 1953; x_wconf 86' lang='lat' dir='ltr'><strong>est.</strong></span> 
     </span>
    </p>
   </div>
   <div class='ocr_carea' id='block_1_101' title="bbox 951 1971 1703 2008">
    <p class='ocr_par' dir='ltr' id='par_1_101' title="bbox 951 1971 1703 2008">
     <span class='ocr_line' id='line_1_101' title="bbox 951 1971 1703 2008; baseline 0.004 -10"><span class='ocrx_word' id='word_1_716' title='bbox 951 1972 1088 1999; x_wconf 82' lang='lat' dir='ltr'><strong>Adversus</strong></span> <span class='ocrx_word' id='word_1_717' title='bbox 1112 1972 1182 1998; x_wconf 87' lang='lat' dir='ltr'><strong>hanc</strong></span> <span class='ocrx_word' id='word_1_718' title='bbox 1194 1971 1318 2006; x_wconf 68' lang='lat' dir='ltr'><strong>epistola:</strong></span> <span class='ocrx_word' id='word_1_719' title='bbox 1333 1971 1538 2008; x_wconf 77' lang='lat' dir='ltr'><strong>Polycarpiame</strong></span> <span class='ocrx_word' id='word_1_720' title='bbox 1554 1974 1703 2001; x_wconf 84' lang='lat' dir='ltr'><strong>auctorita-</strong></span> 
     </span>
    </p>
   </div>
   <div class='ocr_carea' id='block_1_102' title="bbox 917 2018 1703 2055">
    <p class='ocr_par' dir='ltr' id='par_1_102' title="bbox 917 2018 1703 2055">
     <span class='ocr_line' id='line_1_102' title="bbox 917 2018 1703 2055; baseline 0.001 -9"><span class='ocrx_word' id='word_1_721' title='bbox 917 2024 982 2052; x_wconf 87' lang='lat' dir='ltr'><strong>tem,</strong></span> <span class='ocrx_word' id='word_1_722' title='bbox 995 2019 1028 2046; x_wconf 86' lang='lat' dir='ltr'><strong>ab</strong></span> <span class='ocrx_word' id='word_1_723' title='bbox 1042 2018 1170 2046; x_wconf 87' lang='lat' dir='ltr'><strong>omnibus</strong></span> <span class='ocrx_word' id='word_1_724' title='bbox 1187 2023 1332 2053; x_wconf 81' lang='lat' dir='ltr'><strong>receptam,</strong></span> <span class='ocrx_word' id='word_1_725' title='bbox 1358 2027 1374 2046; x_wconf 87' lang='lat' dir='ltr'><strong>a</strong></span> <span class='ocrx_word' id='word_1_726' title='bbox 1391 2019 1499 2046; x_wconf 87' lang='lat' dir='ltr'><strong>nemine</strong></span> <span class='ocrx_word' id='word_1_727' title='bbox 1518 2025 1600 2054; x_wconf 87' lang='lat' dir='ltr'><strong>certe,</strong></span> <span class='ocrx_word' id='word_1_728' title='bbox 1615 2028 1703 2055; x_wconf 88' lang='lat' dir='ltr'><strong>quan-</strong></span> 
     </span>
    </p>
   </div>
   <div class='ocr_carea' id='block_1_103' title="bbox 917 2065 1701 2101">
    <p class='ocr_par' dir='ltr' id='par_1_103' title="bbox 917 2065 1701 2101">
     <span class='ocr_line' id='line_1_103' title="bbox 917 2065 1701 2101; baseline -0.001 -7"><span class='ocrx_word' id='word_1_729' title='bbox 917 2071 974 2094; x_wconf 88' lang='lat' dir='ltr'><strong>tum</strong></span> <span class='ocrx_word' id='word_1_730' title='bbox 991 2066 1130 2099; x_wconf 87' lang='lat' dir='ltr'><strong>novimus,</strong></span> <span class='ocrx_word' id='word_1_731' title='bbox 1156 2066 1183 2092; x_wconf 94' lang='lat' dir='ltr'><strong>in</strong></span> <span class='ocrx_word' id='word_1_732' title='bbox 1201 2065 1315 2092; x_wconf 90' lang='lat' dir='ltr'><strong>dubium</strong></span> <span class='ocrx_word' id='word_1_733' title='bbox 1339 2070 1476 2098; x_wconf 83' lang='lat' dir='ltr'><strong>vocatam,</strong></span> <span class='ocrx_word' id='word_1_734' title='bbox 1494 2071 1571 2101; x_wconf 80' lang='lat' dir='ltr'><strong>urget</strong></span> <span class='ocrx_word' id='word_1_735' title='bbox 1588 2066 1629 2093; x_wconf 80' lang='lat' dir='ltr'><strong>vir</strong></span> <span class='ocrx_word' id='word_1_736' title='bbox 1652 2067 1701 2093; x_wconf 90' lang='lat' dir='ltr'><strong>do-</strong></span> 
     </span>
    </p>
   </div>
   <div class='ocr_carea' id='block_1_104' title="bbox 915 2112 1701 2148">
    <p class='ocr_par' dir='ltr' id='par_1_104' title="bbox 915 2112 1701 2148">
     <span class='ocr_line' id='line_1_104' title="bbox 915 2112 1701 2148; baseline -0.003 -7"><span class='ocrx_word' id='word_1_737' title='bbox 915 2114 1055 2141; x_wconf 87' lang='lat' dir='ltr'><strong>ctissimus</strong></span> <span class='ocrx_word' id='word_1_738' title='bbox 1069 2113 1228 2148; x_wconf 87' lang='lat' dir='ltr'><strong>scriptores,</strong></span> <span class='ocrx_word' id='word_1_739' title='bbox 1241 2116 1268 2139; x_wconf 92' lang='lat' dir='ltr'><strong>et</strong></span> <span class='ocrx_word' id='word_1_740' title='bbox 1278 2112 1400 2147; x_wconf 85' lang='lat' dir='ltr'><strong>quidem,</strong></span> <span class='ocrx_word' id='word_1_741' title='bbox 1414 2117 1442 2139; x_wconf 92' lang='lat' dir='ltr'><strong>ut</strong></span> <span class='ocrx_word' id='word_1_742' title='bbox 1453 2112 1501 2144; x_wconf 90' lang='lat' dir='ltr'><strong>ait,</strong></span> <span class='ocrx_word' id='word_1_743' title='bbox 1512 2113 1701 2148; x_wconf 78' lang='lat' dir='ltr'><strong>gravissimos,</strong></span> 
     </span>
    </p>
   </div>
   <div class='ocr_carea' id='block_1_105' title="bbox 915 2157 1702 2194">
    <p class='ocr_par' dir='ltr' id='par_1_105' title="bbox 915 2157 1702 2194">
     <span class='ocr_line' id='line_1_105' title="bbox 915 2157 1702 2194; baseline -0.003 -7"><span class='ocrx_word' id='word_1_744' title='bbox 915 2159 962 2194; x_wconf 91' lang='lat' dir='ltr'><strong>qui</strong></span> <span class='ocrx_word' id='word_1_745' title='bbox 984 2167 1044 2187; x_wconf 90' lang='lat' dir='ltr'><strong>eam</strong></span> <span class='ocrx_word' id='word_1_746' title='bbox 1069 2158 1251 2193; x_wconf 83' lang='lat' dir='ltr'><strong>apocrypham</strong></span> <span class='ocrx_word' id='word_1_747' title='bbox 1276 2164 1338 2184; x_wconf 90' lang='lat' dir='ltr'><strong>esse</strong></span> <span class='ocrx_word' id='word_1_748' title='bbox 1361 2157 1531 2192; x_wconf 88' lang='lat' dir='ltr'><strong>judicabant.</strong></span> <span class='ocrx_word' id='word_1_749' title='bbox 1550 2158 1702 2193; x_wconf 88' lang='lat' dir='ltr'><strong>Scriptores</strong></span> 
     </span>
    </p>
   </div>
   <div class='ocr_carea' id='block_1_106' title="bbox 917 2203 1702 2238">
    <p class='ocr_par' dir='ltr' id='par_1_106' title="bbox 917 2203 1702 2238">
     <span class='ocr_line' id='line_1_106' title="bbox 917 2203 1702 2238; baseline -0.001 -6"><span class='ocrx_word' id='word_1_750' title='bbox 917 2206 954 2232; x_wconf 93' lang='lat' dir='ltr'><strong>illi</strong></span> <span class='ocrx_word' id='word_1_751' title='bbox 977 2205 1106 2232; x_wconf 89' lang='lat' dir='ltr'><strong>dicuntur</strong></span> <span class='ocrx_word' id='word_1_752' title='bbox 1130 2203 1301 2238; x_wconf 86' lang='lat' dir='ltr'><strong>Nicephorus</strong></span> <span class='ocrx_word' id='word_1_753' title='bbox 1315 2203 1472 2237; x_wconf 83' lang='lat' dir='ltr'><strong>patriarcha</strong></span> <span class='ocrx_word' id='word_1_754' title='bbox 1498 2208 1526 2231; x_wconf 75' lang='lat' dir='ltr'><strong>et</strong></span> <span class='ocrx_word' id='word_1_755' title='bbox 1539 2204 1702 2231; x_wconf 73' lang='lat' dir='ltr'><strong>Anastasius</strong></span> 
     </span>
    </p>
   </div>
   <div class='ocr_carea' id='block_1_107' title="bbox 917 2250 1702 2283">
    <p class='ocr_par' dir='ltr' id='par_1_107' title="bbox 917 2250 1702 2283">
     <span class='ocr_line' id='line_1_107' title="bbox 917 2250 1702 2283; baseline 0 -5"><span class='ocrx_word' id='word_1_756' title='bbox 917 2250 1155 2280; x_wconf 87' lang='lat' dir='ltr'><strong>Bibliothecarius.</strong></span> <span class='ocrx_word' id='word_1_757' title='bbox 1170 2257 1289 2283; x_wconf 89' lang='lat' dir='ltr'><strong>quorum</strong></span> <span class='ocrx_word' id='word_1_758' title='bbox 1311 2255 1406 2276; x_wconf 84' lang='lat' dir='ltr'><strong>neuter</strong></span> <span class='ocrx_word' id='word_1_759' title='bbox 1420 2255 1482 2277; x_wconf 87' lang='lat' dir='ltr'><strong>ante</strong></span> <span class='ocrx_word' id='word_1_760' title='bbox 1497 2258 1599 2277; x_wconf 87' lang='lat' dir='ltr'><strong>nonum</strong></span> <span class='ocrx_word' id='word_1_761' title='bbox 1616 2258 1702 2278; x_wconf 69' lang='lat' dir='ltr'><strong>samu-</strong></span> 
     </span>
    </p>
   </div>
   <div class='ocr_carea' id='block_1_108' title="bbox 916 2295 1702 2332">
    <p class='ocr_par' dir='ltr' id='par_1_108' title="bbox 916 2295 1702 2332">
     <span class='ocr_line' id='line_1_108' title="bbox 916 2295 1702 2332; baseline -0.001 -7"><span class='ocrx_word' id='word_1_762' title='bbox 916 2298 973 2325; x_wconf 89' lang='lat' dir='ltr'><strong>lum</strong></span> <span class='ocrx_word' id='word_1_763' title='bbox 990 2297 1108 2332; x_wconf 86' lang='lat' dir='ltr'><strong>scripsit.</strong></span> <span class='ocrx_word' id='word_1_764' title='bbox 1127 2295 1180 2324; x_wconf 88' lang='lat' dir='ltr'><strong>Sed</strong></span> <span class='ocrx_word' id='word_1_765' title='bbox 1194 2297 1293 2331; x_wconf 83' lang='lat' dir='ltr'><strong>primo,</strong></span> <span class='ocrx_word' id='word_1_766' title='bbox 1312 2306 1362 2325; x_wconf 89' lang='lat' dir='ltr'><strong>nos</strong></span> <span class='ocrx_word' id='word_1_767' title='bbox 1383 2302 1445 2324; x_wconf 91' lang='lat' dir='ltr'><strong>ante</strong></span> <span class='ocrx_word' id='word_1_768' title='bbox 1465 2297 1636 2325; x_wconf 86' lang='lat' dir='ltr'><strong>ostendimus</strong></span> <span class='ocrx_word' id='word_1_769' title='bbox 1654 2296 1702 2324; x_wconf 85' lang='lat' dir='ltr'><strong>Ni-</strong></span> 
     </span>
    </p>
   </div>
   <div class='ocr_carea' id='block_1_109' title="bbox 916 2344 1700 2380">
    <p class='ocr_par' dir='ltr' id='par_1_109' title="bbox 916 2344 1700 2380">
     <span class='ocr_line' id='line_1_109' title="bbox 916 2344 1700 2380; baseline 0 -8"><span class='ocrx_word' id='word_1_770' title='bbox 916 2345 1064 2380; x_wconf 75' lang='lat' dir='ltr'><strong>cephorum</strong></span> <span class='ocrx_word' id='word_1_771' title='bbox 1087 2344 1164 2371; x_wconf 88' lang='lat' dir='ltr'><strong>illum</strong></span> <span class='ocrx_word' id='word_1_772' title='bbox 1189 2344 1290 2372; x_wconf 82' lang='lat' dir='ltr'><strong>frustra</strong></span> <span class='ocrx_word' id='word_1_773' title='bbox 1314 2350 1339 2372; x_wconf 89' lang='lat' dir='ltr'><strong>et</strong></span> <span class='ocrx_word' id='word_1_774' title='bbox 1365 2345 1424 2372; x_wconf 86' lang='lat' dir='ltr'><strong>sine</strong></span> <span class='ocrx_word' id='word_1_775' title='bbox 1444 2344 1500 2371; x_wconf 90' lang='lat' dir='ltr'><strong>ullo</strong></span> <span class='ocrx_word' id='word_1_776' title='bbox 1523 2344 1700 2372; x_wconf 87' lang='lat' dir='ltr'><strong>fundamento</strong></span> 
     </span>
    </p>
   </div>
   <div class='ocr_carea' id='block_1_110' title="bbox 917 2388 1701 2425">
    <p class='ocr_par' dir='ltr' id='par_1_110' title="bbox 917 2388 1701 2425">
     <span class='ocr_line' id='line_1_110' title="bbox 917 2388 1701 2425; baseline -0.001 -8"><span class='ocrx_word' id='word_1_777' title='bbox 917 2395 1045 2425; x_wconf 88' lang='lat' dir='ltr'><strong>tanquam</strong></span> <span class='ocrx_word' id='word_1_778' title='bbox 1071 2394 1210 2417; x_wconf 86' lang='lat' dir='ltr'><strong>auctorem</strong></span> <span class='ocrx_word' id='word_1_779' title='bbox 1238 2388 1433 2417; x_wconf 75' lang='lat' dir='ltr'><strong>Stiehometriaz</strong></span> <span class='ocrx_word' id='word_1_780' title='bbox 1448 2389 1570 2424; x_wconf 79' lang='lat' dir='ltr'><strong>allegari,</strong></span> <span class='ocrx_word' id='word_1_781' title='bbox 1587 2394 1614 2416; x_wconf 87' lang='lat' dir='ltr'><strong>et</strong></span> <span class='ocrx_word' id='word_1_782' title='bbox 1628 2389 1701 2416; x_wconf 80' lang='lat' dir='ltr'><strong>Ana-</strong></span> 
     </span>
    </p>
   </div>
   <div class='ocr_carea' id='block_1_111' title="bbox 916 2435 1700 2470">
    <p class='ocr_par' dir='ltr' id='par_1_111' title="bbox 916 2435 1700 2470">
     <span class='ocr_line' id='line_1_111' title="bbox 916 2435 1700 2470; baseline -0.001 -7"><span class='ocrx_word' id='word_1_783' title='bbox 916 2436 1030 2463; x_wconf 85' lang='lat' dir='ltr'><strong>stasium</strong></span> <span class='ocrx_word' id='word_1_784' title='bbox 1054 2435 1243 2463; x_wconf 89' lang='lat' dir='ltr'><strong>tantummodo</strong></span> <span class='ocrx_word' id='word_1_785' title='bbox 1269 2436 1343 2463; x_wconf 87' lang='lat' dir='ltr'><strong>illius</strong></span> <span class='ocrx_word' id='word_1_786' title='bbox 1358 2435 1554 2462; x_wconf 79' lang='lat' dir='ltr'><strong>Slicltometria:</strong></span> <span class='ocrx_word' id='word_1_787' title='bbox 1568 2435 1700 2470; x_wconf 89' lang='lat' dir='ltr'><strong>interpre-</strong></span> 
     </span>
    </p>
   </div>
   <div class='ocr_carea' id='block_1_112' title="bbox 916 2481 1699 2516">
    <p class='ocr_par' dir='ltr' id='par_1_112' title="bbox 916 2481 1699 2516">
     <span class='ocr_line' id='line_1_112' title="bbox 916 2481 1699 2516; baseline 0 -7"><span class='ocrx_word' id='word_1_788' title='bbox 916 2487 969 2509; x_wconf 89' lang='lat' dir='ltr'><strong>tem</strong></span> <span class='ocrx_word' id='word_1_789' title='bbox 986 2490 1055 2510; x_wconf 87' lang='lat' dir='ltr'><strong>esse.</strong></span> <span class='ocrx_word' id='word_1_790' title='bbox 1074 2481 1209 2514; x_wconf 86' lang='lat' dir='ltr'><strong>Secundo,</strong></span> <span class='ocrx_word' id='word_1_791' title='bbox 1225 2481 1248 2508; x_wconf 89' lang='lat' dir='ltr'><strong>si</strong></span> <span class='ocrx_word' id='word_1_792' title='bbox 1272 2482 1465 2509; x_wconf 88' lang='lat' dir='ltr'><strong>concederetur</strong></span> <span class='ocrx_word' id='word_1_793' title='bbox 1487 2481 1629 2516; x_wconf 84' lang='lat' dir='ltr'><strong>epistolam</strong></span> <span class='ocrx_word' id='word_1_794' title='bbox 1644 2481 1699 2509; x_wconf 90' lang='lat' dir='ltr'><strong>Po-</strong></span> 
     </span>
    </p>
   </div>
   <div class='ocr_carea' id='block_1_113' title="bbox 915 2527 1698 2564">
    <p class='ocr_par' dir='ltr' id='par_1_113' title="bbox 915 2527 1698 2564">
     <span class='ocr_line' id='line_1_113' title="bbox 915 2527 1698 2564; baseline -0.001 -8"><span class='ocrx_word' id='word_1_795' title='bbox 915 2528 1017 2564; x_wconf 86' lang='lat' dir='ltr'><strong>lycarpi</strong></span> <span class='ocrx_word' id='word_1_796' title='bbox 1033 2529 1066 2556; x_wconf 88' lang='lat' dir='ltr'><strong>ad</strong></span> <span class='ocrx_word' id='word_1_797' title='bbox 1081 2528 1268 2564; x_wconf 87' lang='lat' dir='ltr'><strong>Philippenses</strong></span> <span class='ocrx_word' id='word_1_798' title='bbox 1282 2529 1309 2555; x_wconf 93' lang='lat' dir='ltr'><strong>in</strong></span> <span class='ocrx_word' id='word_1_799' title='bbox 1325 2536 1356 2556; x_wconf 91' lang='lat' dir='ltr'><strong>ea</strong></span> <span class='ocrx_word' id='word_1_800' title='bbox 1373 2527 1561 2555; x_wconf 78' lang='lat' dir='ltr'><strong>Sticltometria</strong></span> <span class='ocrx_word' id='word_1_801' title='bbox 1585 2528 1698 2564; x_wconf 74' lang='lat' dir='ltr'><strong>intelligi</strong></span> 
     </span>
    </p>
   </div>
   <div class='ocr_carea' id='block_1_114' title="bbox 914 2574 1700 2610">
    <p class='ocr_par' dir='ltr' id='par_1_114' title="bbox 914 2574 1700 2610">
     <span class='ocr_line' id='line_1_114' title="bbox 914 2574 1700 2610; baseline 0 -8"><span class='ocrx_word' id='word_1_802' title='bbox 914 2575 1023 2608; x_wconf 77' lang='lat' dir='ltr'><strong>debere,</strong></span> <span class='ocrx_word' id='word_1_803' title='bbox 1041 2582 1075 2602; x_wconf 91' lang='lat' dir='ltr'><strong>ne</strong></span> <span class='ocrx_word' id='word_1_804' title='bbox 1090 2575 1157 2602; x_wconf 92' lang='lat' dir='ltr'><strong>illud</strong></span> <span class='ocrx_word' id='word_1_805' title='bbox 1179 2575 1288 2610; x_wconf 86' lang='lat' dir='ltr'><strong>quidem</strong></span> <span class='ocrx_word' id='word_1_806' title='bbox 1307 2574 1497 2602; x_wconf 87' lang='lat' dir='ltr'><strong>auctoritatem</strong></span> <span class='ocrx_word' id='word_1_807' title='bbox 1513 2574 1573 2610; x_wconf 79' lang='lat' dir='ltr'><strong>ejus</strong></span> <span class='ocrx_word' id='word_1_808' title='bbox 1587 2575 1700 2602; x_wconf 89' lang='lat' dir='ltr'><strong>omnino</strong></span> 
     </span>
    </p>
   </div>
   <div class='ocr_carea' id='block_1_115' title="bbox 915 2621 1698 2657">
    <p class='ocr_par' dir='ltr' id='par_1_115' title="bbox 915 2621 1698 2657">
     <span class='ocr_line' id='line_1_115' title="bbox 915 2621 1698 2657; baseline 0.001 -9"><span class='ocrx_word' id='word_1_809' title='bbox 915 2622 1064 2655; x_wconf 89' lang='lat' dir='ltr'><strong>minuerit;</strong></span> <span class='ocrx_word' id='word_1_810' title='bbox 1079 2621 1271 2649; x_wconf 86' lang='lat' dir='ltr'><strong>tantummodo</strong></span> <span class='ocrx_word' id='word_1_811' title='bbox 1286 2621 1359 2648; x_wconf 84' lang='lat' dir='ltr'><strong>enim</strong></span> <span class='ocrx_word' id='word_1_812' title='bbox 1379 2623 1448 2648; x_wconf 90' lang='lat' dir='ltr'><strong>inter</strong></span> <span class='ocrx_word' id='word_1_813' title='bbox 1462 2623 1616 2657; x_wconf 80' lang='lat' dir='ltr'><strong>apocrypha</strong></span> <span class='ocrx_word' id='word_1_814' title='bbox 1629 2621 1698 2650; x_wconf 86' lang='lat' dir='ltr'><strong>Novi</strong></span> 
     </span>
    </p>
   </div>
   <div class='ocr_carea' id='block_1_116' title="bbox 913 2665 1700 2700">
    <p class='ocr_par' dir='ltr' id='par_1_116' title="bbox 913 2665 1700 2700">
     <span class='ocr_line' id='line_1_116' title="bbox 913 2665 1700 2700; baseline 0 -7"><span class='ocrx_word' id='word_1_815' title='bbox 913 2666 1081 2694; x_wconf 84' lang='lat' dir='ltr'><strong>Testamenti</strong></span> <span class='ocrx_word' id='word_1_816' title='bbox 1095 2674 1264 2700; x_wconf 85' lang='lat' dir='ltr'><strong>numeratur,</strong></span> <span class='ocrx_word' id='word_1_817' title='bbox 1277 2667 1328 2694; x_wconf 91' lang='lat' dir='ltr'><strong>hoc</strong></span> <span class='ocrx_word' id='word_1_818' title='bbox 1343 2671 1394 2698; x_wconf 85' lang='lat' dir='ltr'><strong>est,</strong></span> <span class='ocrx_word' id='word_1_819' title='bbox 1409 2673 1423 2693; x_wconf 85' lang='lat' dir='ltr'><strong>a</strong></span> <span class='ocrx_word' id='word_1_820' title='bbox 1437 2673 1542 2693; x_wconf 84' lang='lat' dir='ltr'><strong>canone</strong></span> <span class='ocrx_word' id='word_1_821' title='bbox 1557 2666 1607 2693; x_wconf 91' lang='lat' dir='ltr'><strong>SS.</strong></span> <span class='ocrx_word' id='word_1_822' title='bbox 1626 2665 1700 2693; x_wconf 87' lang='lat' dir='ltr'><strong>Scri-</strong></span> 
     </span>
    </p>
   </div>
   <div class='ocr_carea' id='block_1_117' title="bbox 912 2712 1692 2748">
    <p class='ocr_par' dir='ltr' id='par_1_117' title="bbox 912 2712 1692 2748">
     <span class='ocr_line' id='line_1_117' title="bbox 912 2712 1692 2748; baseline 0.001 -9"><span class='ocrx_word' id='word_1_823' title='bbox 912 2717 1055 2747; x_wconf 87' lang='lat' dir='ltr'><strong>pturarum</strong></span> <span class='ocrx_word' id='word_1_824' title='bbox 1071 2718 1243 2746; x_wconf 85' lang='lat' dir='ltr'><strong>removetur;</strong></span> <span class='ocrx_word' id='word_1_825' title='bbox 1259 2720 1322 2740; x_wconf 89' lang='lat' dir='ltr'><strong>cum</strong></span> <span class='ocrx_word' id='word_1_826' title='bbox 1343 2717 1435 2740; x_wconf 87' lang='lat' dir='ltr'><strong>autem</strong></span> <span class='ocrx_word' id='word_1_827' title='bbox 1451 2713 1477 2739; x_wconf 88' lang='lat' dir='ltr'><strong>in</strong></span> <span class='ocrx_word' id='word_1_828' title='bbox 1489 2712 1619 2740; x_wconf 85' lang='lat' dir='ltr'><strong>Ecclesiis</strong></span> <span class='ocrx_word' id='word_1_829' title='bbox 1631 2713 1692 2748; x_wconf 74' lang='lat' dir='ltr'><strong>lege</strong></span> 
     </span>
    </p>
   </div>
   <div class='ocr_carea' id='block_1_118' title="bbox 912 2759 1698 2793">
    <p class='ocr_par' dir='ltr' id='par_1_118' title="bbox 912 2759 1698 2793">
     <span class='ocr_line' id='line_1_118' title="bbox 912 2759 1698 2793; baseline -0.001 -6"><span class='ocrx_word' id='word_1_830' title='bbox 912 2765 998 2793; x_wconf 88' lang='lat' dir='ltr'><strong>retur,</strong></span> <span class='ocrx_word' id='word_1_831' title='bbox 1014 2767 1030 2786; x_wconf 90' lang='lat' dir='ltr'><strong>a</strong></span> <span class='ocrx_word' id='word_1_832' title='bbox 1045 2760 1185 2788; x_wconf 87' lang='lat' dir='ltr'><strong>canonicis</strong></span> <span class='ocrx_word' id='word_1_833' title='bbox 1198 2759 1276 2788; x_wconf 91' lang='lat' dir='ltr'><strong>libris</strong></span> <span class='ocrx_word' id='word_1_834' title='bbox 1293 2759 1422 2787; x_wconf 85' lang='lat' dir='ltr'><strong>distincta</strong></span> <span class='ocrx_word' id='word_1_835' title='bbox 1437 2764 1464 2786; x_wconf 90' lang='lat' dir='ltr'><strong>ct</strong></span> <span class='ocrx_word' id='word_1_836' title='bbox 1480 2759 1551 2786; x_wconf 89' lang='lat' dir='ltr'><strong>inter</strong></span> <span class='ocrx_word' id='word_1_837' title='bbox 1572 2759 1698 2787; x_wconf 82' lang='lat' dir='ltr'><strong>ecclesia-</strong></span> 
     </span>
    </p>
   </div>
   <div class='ocr_carea' id='block_1_119' title="bbox 913 2805 1698 2841">
    <p class='ocr_par' dir='ltr' id='par_1_119' title="bbox 913 2805 1698 2841">
     <span class='ocr_line' id='line_1_119' title="bbox 913 2805 1698 2841; baseline -0.003 -7"><span class='ocrx_word' id='word_1_838' title='bbox 913 2806 997 2834; x_wconf 90' lang='lat' dir='ltr'><strong>sticos</strong></span> <span class='ocrx_word' id='word_1_839' title='bbox 1011 2810 1118 2834; x_wconf 85' lang='lat' dir='ltr'><strong>tantum</strong></span> <span class='ocrx_word' id='word_1_840' title='bbox 1132 2810 1276 2834; x_wconf 89' lang='lat' dir='ltr'><strong>numerata</strong></span> <span class='ocrx_word' id='word_1_841' title='bbox 1290 2805 1453 2838; x_wconf 90' lang='lat' dir='ltr'><strong>est.Tertio,</strong></span> <span class='ocrx_word' id='word_1_842' title='bbox 1468 2806 1609 2841; x_wconf 85' lang='lat' dir='ltr'><strong>epistolam</strong></span> <span class='ocrx_word' id='word_1_843' title='bbox 1626 2805 1698 2833; x_wconf 84' lang='lat' dir='ltr'><strong>hanc</strong></span> 
     </span>
    </p>
   </div>
   <div class='ocr_carea' id='block_1_120' title="bbox 913 2851 1696 2889">
    <p class='ocr_par' dir='ltr' id='par_1_120' title="bbox 913 2851 1696 2889">
     <span class='ocr_line' id='line_1_120' title="bbox 913 2851 1696 2889; baseline -0.001 -10"><span class='ocrx_word' id='word_1_844' title='bbox 913 2852 940 2879; x_wconf 90' lang='lat' dir='ltr'><strong>in</strong></span> <span class='ocrx_word' id='word_1_845' title='bbox 956 2851 1144 2880; x_wconf 81' lang='lat' dir='ltr'><strong>Stiehometria</strong></span> <span class='ocrx_word' id='word_1_846' title='bbox 1158 2859 1246 2889; x_wconf 89' lang='lat' dir='ltr'><strong>neque</strong></span> <span class='ocrx_word' id='word_1_847' title='bbox 1264 2852 1412 2886; x_wconf 86' lang='lat' dir='ltr'><strong>nomipari,</strong></span> <span class='ocrx_word' id='word_1_848' title='bbox 1429 2857 1476 2880; x_wconf 89' lang='lat' dir='ltr'><strong>aut</strong></span> <span class='ocrx_word' id='word_1_849' title='bbox 1491 2852 1602 2887; x_wconf 69' lang='lat' dir='ltr'><strong>intelligi</strong></span> <span class='ocrx_word' id='word_1_850' title='bbox 1617 2852 1696 2879; x_wconf 76' lang='lat' dir='ltr'><strong>debe-</strong></span> 
     </span>
    </p>
   </div>
  </div>
