1866 3073
214 159 264 187 εδδ
290 144 295 151 ’

754 155 783 182 5.
801 153 972 183 lGNATlUS.
993 169 1026 174 —-
1041 151 1307 180 PROLEGOMENA.

1804 149 1857 179 Ιῧῦ

211 228 249 252 re,
266 223 313 246 aut
329 219 385 246 ullo
400 218 481 246 modo
497 218 574 246 innui
586 218 724 251 concedo;
744 218 791 245 sed
807 221 836 244 ut
855 216 997 251 'vaa-rtou,
1015 223 1034 250 Α
1051 215 1167 250 phorum
1193 214 1238 241 hic
1258 213 1371 240 omnino
1397 219 1451 239 non
1475 211 1663 247 agnoscimus.
1689 204 1857 246 Episiolan

210 266 248 294 ita
263 271 290 294 et
303 265 481 301 Πολυκάρπου
498 265 602 292 nomini
619 264 816 299 subjiciendam
829 263 939 299 διδαχὴν
953 271 1000 290 ar-

211 313 317 345 bitror;
339 320 401 340 nam
417 312 542 347 quamvis
557 311 584 338 in
600 311 653 338 alio
666 310 787 338 lndiculo
801 309 943 345 Polycarpi
956 309 999 336 di-

211 359 329 387 dascalia
354 367 408 386 non
432 361 598 392 compareat,
621 361 651 384 ut
676 357 722 384 illa
749 356 857 392 Ignatii,
884 356 1000 390 ideoque

211 406 297 441 gratis
321 406 382 433 ﬁcta
407 413 468 432 esse
487 404 630 438 videatur;
650 408 740 431 tamen
757 411 819 431 cum
835 402 1000 430 Διδασκαλία

211 451 255 478 διὰ
275 450 431 478 Ἱππολύτου
447 451 473 478 in
491 450 566 478 nullo
581 449 703 478 lndiculo
718 449 819 484 pariter
833 449 999 481 inveniatur,

213 505 272 533 qua:
286 502 375 525 tamen
398 497 424 524 in
443 504 511 523 mss.
533 496 679 531 reperitur,
698 501 725 523 et
745 495 772 522 in
787 494 999 523 Constitutioni-

213 547 263 572 bus
277 552 346 579 quas
365 543 498 571 habemus
509 542 676 575 continetur,
689 541 734 570 vix
746 542 925 570 dubitandum
939 550 1001 570 esse

211 590 311 622 sentio,
329 589 395 624 quin
411 592 472 624 post
487 587 686 622 apostolorum,
703 587 852 614 Clementis
879 592 906 614 et
922 587 1001 622 lgna-

211 636 240 662 tii
253 634 434 666 διδασκαλίας,
450 634 531 661 etiam
543 633 595 660 alia
605 633 747 668 Polyearpi
764 633 879 668 intelligi
891 633 998 660 debeat.

212 680 274 707 Inde
291 680 336 707 illa
350 680 376 707 in
393 679 476 707 veteri
492 679 652 711 didascalia,
669 687 730 714 quae
751 686 825 706 nunc
845 679 872 706 in
887 678 1000 706 Consti-

212 726 346 754 tutionum
362 725 410 752 lib.
430 733 470 757 in,
483 732 544 759 cap.
560 727 588 758 ti,
602 725 717 759 legimus
733 734 740 752 :
754 724 913 760 Γνωριζέτω
926 722 999 760 οὖνὴ

210 772 291 808 χήρα,
307 772 348 798 ὅτι
361 771 551 806 θυσιαπήριόν
566 772 623 798 ἐστι
636 771 713 804 Θεοῦ,
729 770 803 798 Sciat
815 771 898 806 igitur
909 771 999 803 vidua,

211 818 279 853 quod
301 818 385 845 altare
407 818 455 845 Dei
473 818 520 850 sit,
535 817 568 845 ad
589 818 639 846 ista
654 817 799 853 Polycarpi
814 817 900 845 ellicta
920 827 925 844 :
945 817 1001 849 Τὰς

212 865 296 901 χήρας
312 865 500 901 σωφρονούσας
516 864 579 900 περὶ
599 864 648 900 τὴν
667 863 714 891 τοῦ
733 864 836 900 Κυρίου
852 864 999 891 πιςτιν.....

1051 259 1193 296 Polycarpi
1207 260 1234 287 in
1249 259 1437 287 Sticliometria
1452 266 1506 285 non
1524 258 1661 285 videmus.
1676 257 1709 285 Si
1723 265 1761 285 ea
1787 258 1857 285 subl

1051 306 1228 340 intelligatur,
1245 305 1317 332 inter
1332 304 1459 339 pessima:
1479 307 1554 338 nota:
1570 303 1733 339 apocrypha
1759 307 1857 330 tamen

1050 351 1175 379 eamdem
1194 358 1340 378 numerare
1361 354 1518 385 portentum
1535 354 1674 384 putamus.
1701 349 1734 376 lu
1763 349 1857 376 interi

1050 402 1126 432 prete
1145 396 1338 424 Stichometrire
1356 396 1490 431 judicium
1509 396 1701 430 requirimus:
1724 403 1796 423 eam
1825 396 1857 423 it:

1050 450 1198 478 exponere,
1218 447 1248 470 ut
1269 448 1365 470 contra
1388 448 1506 470 mentem
1529 442 1653 469 omnium
1673 442 1857 470 saeculorum

1051 489 1192 524 loquatur,
1209 489 1414 524 iniquissimum
1434 497 1496 518 esse
1509 489 1647 523 dicimus;
1665 492 1694 516 et
1719 487 1857 516 clarissi‘

1052 543 1126 563 mam
1143 535 1381 570 certissimamque
1396 536 1573 569 sententiam,
1588 543 1643 563 non
1660 533 1857 562 Hammondi.

1052 581 1098 608 sed
1116 580 1244 608 Ecclesia:
1266 580 1386 613 Asianae,
1401 581 1580 616 omniumque
1601 587 1672 616 quos
1690 580 1808 615 aliquia
1826 580 1857 606 .14

1051 627 1164 662 epistola
1180 627 1283 654 dixisse
1311 627 1439 654 novimus
1458 627 1692 659 Christianorum,
1717 625 1849 653 incertis

1052 673 1129 700 sima:
1141 672 1194 700 ﬁcti
1206 671 1353 708 Nicepliori
1367 673 1533 708 expositioni
1549 672 1762 707 anteponimus.

1088 718 1178 746 Prima
1196 718 1254 746 hinc
1267 719 1389 747 velitatio
1406 728 1413 745 :
1437 719 1485 747 sed
1498 719 1631 752 secundo,
1653 719 1698 746 vir
1712 718 1857 746 doctissi-

1053 773 1115 792 mus
1134 773 1196 792 cum
1216 768 1299 792 totam
1320 765 1464 800 epistolam
1483 765 1597 800 rejicere
1618 773 1649 792 se
1679 773 1767 800 posse
1793 773 1857 792 non

1053 815 1185 846 speraret,
1207 811 1235 837 in
1256 811 1326 838 duas
1342 816 1434 846 partes
1455 818 1516 838 eam
1539 811 1642 844 divisit,
1666 819 1744 838 novo
1768 811 1857 845 plane

1054 865 1122 885 ausu
1159 862 1186 885 et
1218 858 1352 885 hactenus
1376 858 1525 891 inaudito;
1551 858 1693 893 superiora
1720 858 1857 893 epistola:

214 910 395 945 γινωσκούσας
410 911 450 937 ὅτι
459 911 511 937 εἰσὶ
521 911 710 947 θυσιαστήριον
722 910 801 938 Θεοῦ.
818 910 903 938 Vetus
917 910 1000 937 inter-

1056 904 1166 937 omittit,
1178 908 1205 931 et
1223 905 1247 932 si
1262 905 1326 940 quis
1344 912 1375 932 ea
1392 905 1422 932 S.
1440 903 1590 940 Polycarpo
1609 905 1753 932 ascribere
1771 905 1857 936 velit,

212 965 274 992 pres
291 967 298 985 :
318 957 411 984 Vidua
435 965 494 984 vero
514 958 618 992 pudica?
642 958 713 984 circa
734 957 813 992 ﬁdem
836 956 920 984 Dei...
935 956 1000 991 quia

212 1010 272 1033 sunt
292 1006 441 1032 sacrarium
458 1005 514 1032 Dei.
532 1005 650 1040 Haecque
665 1006 765 1040 saepius
782 1009 878 1033 auctor
889 1004 1000 1032 Consti—

212 1052 347 1079 tutionum
365 1051 495 1079 inculcat.
512 1051 627 1084 Quarto,
647 1059 736 1086 neque
748 1051 931 1086 Nicephorus.
952 1059 1002 1079 ne-

212 1105 263 1132 que
286 1096 460 1130 Anastasius,
476 1104 563 1131 neque
582 1096 777 1124 Stichometria:
793 1101 898 1130 auctor,
913 1104 1002 1132 neque

211 1143 356 1178 quisquam
376 1143 441 1170 noni
459 1143 551 1170 saeculi
568 1143 685 1178 scriptor
703 1147 818 1178 receptae
840 1143 924 1178 hujus
943 1143 1001 1179 epi-

211 1189 286 1216 stola!
302 1189 458 1216 auctoritati
475 1188 582 1216 ollicere
595 1190 733 1224 putandus
744 1194 795 1222 est,
810 1197 872 1224 quae
887 1194 914 1218 et
927 1190 1002 1225 prio-

211 1236 300 1268 ribus,
314 1240 341 1263 et
352 1236 446 1263 eodem
462 1243 520 1263 aevo
534 1240 561 1263 ct
575 1236 753 1271 sequentibus
769 1236 864 1270 viguit,
883 1240 910 1264 et
924 1244 939 1263 a
954 1244 1002 1264 ne-

212 1281 286 1308 mine
299 1281 399 1315 rcjccta
410 1281 632 1316 deprehenditur.
641 1282 709 1309 Ante
722 1281 905 1316 Nicephorum
916 1282 1002 1310 Maxi-

212 1335 275 1355 mus
289 1327 394 1354 abbas:
413 1327 489 1363 Ἔχει
511 1327 541 1354 δὲ
561 1328 608 1354 καὶ
626 1327 770 1360 ἐπιστολὰς
791 1328 805 1354 ὁ
827 1328 908 1360 acet;
931 1328 1002 1361 Θεῖος

212 1373 389 1409 Πολύκαρπος
404 1373 472 1408 πρὸς
484 1373 689 1409 Φιλιππησιους.
702 1373 870 1401 Venerabilis
885 1373 957 1401 Beda
973 1375 1002 1401 in

212 1419 404 1455 Martyrologio
418 1420 451 1446 ad
465 1428 503 1447 vu
520 1420 579 1448 Kal.
595 1420 709 1448 Januar.
728 1420 882 1456 Nicephoro
900 1428 1003 1456 suppar

212 1464 348 1493 Photias:
369 1466 536 1500 Ἀνεγνώσθη
565 1466 744 1503 Πολυκάρπου
775 1467 903 1503 ἐπιστολὴ
932 1468 1002 1503 πρὸς

211 1511 405 1548 ᾧιλιππησίους
420 1513 543 1548 γέμουσα
562 1513 663 1548 πολλῆς
676 1513 816 1546 νουθεσίας
832 1514 901 1549 μετὰ
917 1523 1003 1549 σαφη-

211 1557 284 1590 νείας
310 1559 356 1585 καὶ
376 1558 535 1594 ἁπλότητης,
552 1559 623 1586 κατὰ
642 1559 688 1585 τὸν
711 1559 934 1595 ἐκκλησιαστικὸν
953 1560 1003 1596 τῆς
1016 1569 1039 1601 c

214 1604 362 1640 ἑρμηνείας
379 1604 472 1631 τύπον.
486 1604 635 1640 Legebatur
646 1609 671 1631 et
684 1604 828 1640 Polycarpi
844 1605 956 1641 epistola
970 1606 1005 1633 ad

212 1650 393 1686 Philippense;
410 1651 501 1678 multis
518 1651 614 1686 referta
627 1651 852 1679 admonitionibus
872 1661 932 1680 cum
945 1662 1004 1688 pcr-

212 1697 353 1730 apicuitate
371 1705 402 1722 ac
412 1696 594 1731 simplicitate,
609 1696 645 1723 ad
657 1696 863 1725 ecclesiasticam
880 1697 1004 1734 loquendi

213 1743 337 1778 formam.
352 1741 403 1769 Ubi
416 1742 505 1770 obiter
519 1743 733 1775 observandum,
745 1751 778 1771 eo
792 1743 851 1778 ipso
865 1752 939 1772 nono
950 1753 1003 1774 saep

213 1789 276 1817 culo
298 1789 370 1816 hanc
396 1788 537 1824 Polycarpi
552 1789 696 1824 epistolam
710 1797 772 1817 cum
794 1790 839 1818 illa
855 1790 1003 1820 Clementis

211 1835 247 1862 ad
259 1834 417 1862 Corinthios
429 1835 513 1863 fuisse
525 1836 702 1870 conjunctam
713 1836 761 1871 (ita
774 1844 869 1872 nempe
877 1837 1001 1871 Photius,

212 1882 242 1908 ὲν
253 1881 291 1916 τῷ
300 1881 371 1916 αὐτῷ
382 1881 410 1908 δὲ
422 1881 578 1917 βιϐλιδαρίῳ
590 1881 757 1918 ἀνεγνώσθη,
770 1883 798 1909 in
808 1883 898 1910 eodem
913 1884 1002 1911 libello

212 1926 378 1961 legebatur);
394 1927 489 1955 iisdem
506 1927 632 1955 laudibus
658 1935 674 1954 ει
699 1927 798 1956 Photio
815 1929 902 1957 fuisse
916 1937 1001 1958 orna-

212 1977 286 2005 tam;
304 1972 427 1999 eamdem
444 1973 517 2000 enim
535 1972 767 2008 perspicuitatem,
784 1973 988 2008 simplicitatem

213 2022 241 2045 et
254 2017 469 2045 ecclesiasticum
485 2018 672 2046 characterem
691 2019 800 2054 utrique
821 2019 935 2053 tribuit;
950 2020 1000 2048 ob-

213 2063 345 2098 iectiones
373 2064 479 2098 aliquas
503 2063 637 2092 adversus
665 2064 739 2092 illam
768 2065 917 2094 Clementis
936 2070 1001 2094 tunc

214 2108 301 2137 fuisse
315 2109 413 2140 l'actas,
426 2109 556 2137 adversus
577 2110 647 2137 hanc
669 2110 811 2147 Polycarpi
835 2111 935 2139 nullas.
948 2111 1001 2139 Eo-

212 2155 275 2183 dem
292 2163 349 2183 ωνο
364 2154 518 2188 Usuardus,
531 2160 558 2183 et
572 2156 632 2183 Αϋο
649 2156 810 2184 Viennensis
826 2157 853 2184 in
868 2156 1000 2194 Martyro-

214 2201 286 2236 logio
300 2209 333 2228 xv
357 2200 415 2228 Kal.
432 2200 544 2229 Januar.
558 2211 565 2229 :
580 2201 686 2229 Natalis
702 2203 837 2230 beatorum
852 2209 1000 2238 martyrum

1052 958 1107 977 non
1124 950 1267 984 renititur;
1284 951 1339 978 imo
1360 950 1563 985 posterioribus
1583 951 1708 985 exceptis
1724 950 1798 977 nillil
1823 951 1854 976 in

1051 996 1164 1031 epistola
1178 1004 1314 1023 orcurrere
1331 997 1466 1030 concedit,
1481 996 1551 1031 quod
1571 997 1611 1023 vel
1624 1005 1788 1032 quamquam
1804 997 1857 1031 of-

1052 1042 1173 1077 fendere,
1199 1043 1237 1070 vel
1263 1042 1415 1078 Palycarpo
1441 1042 1578 1078 indignum
1600 1044 1702 1070 censeri
1729 1042 1853 1075 debeat;

1052 1093 1218 1124 postremam
1230 1090 1392 1124 particulam
1403 1089 1540 1125 suggillat,
1553 1089 1579 1116 in
1591 1097 1644 1124 qua
1653 1089 1850 1117 testimonium

1051 1136 1086 1163 ab
1101 1135 1221 1163 Eusebio
1242 1136 1405 1171 productum
1422 1140 1523 1164 exstat.
1539 1135 1616 1163 llanc
1632 1136 1717 1172 igitur
1729 1136 1791 1163 vult
1809 1141 1852 1163 te-

1052 1191 1120 1210 mere
1135 1188 1161 1209 et
1171 1187 1268 1218 prater
1284 1183 1403 1210 auctoris
1422 1187 1543 1216 mentem,
1558 1183 1647 1210 aliena
1662 1191 1746 1210 manu
1760 1183 1851 1218 fuisse

1052 1235 1181 1256 assutam.
1196 1229 1231 1256 At
1242 1229 1354 1257 Eusebii
1369 1233 1450 1257 mtate
1462 1230 1508 1256 illa
1525 1230 1607 1257 etiam
1623 1234 1766 1264 postrema
1780 1237 1850 1264 par-

1053 1275 1136 1303 ticula
1151 1276 1304 1306 certissime
1314 1276 1456 1309 exstabat;
1470 1284 1504 1304 ex
1518 1276 1633 1311 epistola
1645 1276 1792 1312 Polycarpi
1809 1278 1849 1303 ab

1052 1321 1171 1350 Eusebio
1185 1323 1323 1357 exscripta
1339 1322 1401 1350 fuit.
1423 1321 1559 1350 Eusebius
1576 1329 1627 1349 nec
1642 1322 1700 1349 falli
1717 1330 1769 1350 nec
1793 1322 1847 1349 ial-

1052 1368 1108 1396 lere
1122 1369 1212 1404 potuit
1226 1377 1234 1395 :
1246 1373 1305 1396 erat
1323 1369 1396 1396 enim
1413 1373 1468 1396 tota
1480 1368 1595 1403 epistola
1612 1369 1744 1396 omnibus
1754 1376 1845 1403 expo-

1053 1415 1120 1449 sita;
1138 1420 1196 1443 erat
1211 1415 1238 1442 in
1256 1415 1387 1443 Ecclesiis
1398 1415 1537 1447 Asiaticis.
1550 1420 1617 1443 tunc
1628 1416 1763 1450 tempOris
1778 1423 1842 1443 cum

1053 1462 1186 1490 scriberet
1200 1461 1348 1495 Eusebius,
1366 1462 1474 1497 publice
1489 1462 1576 1493 lecta:
1596 1462 1675 1489 novit
1692 1469 1754 1489 eam
1779 1461 1842 1489 llic-

1053 1517 1196 1546 ronymus,
1211 1509 1292 1544 cujus
1311 1509 1444 1542 versioni,
1463 1509 1516 1537 nisi
1536 1509 1598 1537 aliis
1612 1513 1778 1544 occupatus,
1798 1509 1841 1535 in-

1055 1553 1205 1586 cubuisset,
1216 1557 1244 1581 et
1255 1558 1344 1581 tamen
1360 1553 1513 1581 Eusebiana
1525 1561 1666 1589 nunquam
1681 1555 1839 1581 accusavit:

1055 1599 1089 1627 de
1109 1599 1153 1627 illa
1170 1599 1252 1635 igitur
1267 1600 1409 1635 particula,
1428 1608 1511 1636 quam
1537 1601 1674 1635 excerpsit
1691 1600 1838 1632 Eusebius,

1054 1645 1173 1673 dubitari
1188 1653 1243 1672 non
1260 1650 1360 1681 potest,
1377 1646 1428 1674 nisi
1446 1646 1530 1674 etiam
1543 1647 1577 1674 de
1593 1651 1648 1674 tota
1665 1647 1782 1682 epistola
1799 1655 1838 1674 suo

1053 1691 1121 1724 mul,
1138 1691 1242 1727 absque
1257 1691 1311 1719 ulla
1327 1692 1441 1725 ratione,
1454 1692 1620 1720 dubitemus.

1089 1736 1142 1764 Sed
1153 1746 1186 1765 ex
1202 1737 1262 1772 ipsa
1281 1737 1407 1772 epistola,
1422 1745 1505 1772 quam
1528 1745 1584 1772 prae
1604 1738 1736 1765 manibus
1755 1739 1836 1766 hahe-

1053 1791 1124 1816 mus,
1139 1783 1269 1819 disputat,
1283 1788 1310 1811 et
1323 1784 1412 1818 primo
1432 1784 1459 1811 in
1472 1792 1515 1814 ea.
1530 1785 1629 1820 inquit,
1643 1793 1705 1820 quae
1721 1786 1834 1813 mtimo-

1052 1830 1125 1856 nium
1138 1834 1261 1858 nostrum
1276 1829 1437 1865 pra'ceduut,
1451 1835 1480 1857 ut
1496 1831 1524 1857 in
1539 1831 1750 1858 decentissimum
1761 1832 1835 1858 clau-

1051 1876 1138 1903 sulam
1151 1896 1159 1908 ,
1179 1876 1312 1904 desinebat
1335 1877 1446 1911 epistola
1467 1884 1476 1903 :
1500 1877 1602 1912 reliqua
1626 1882 1715 1904 autem
1732 1878 1835 1904 minime

1052 1922 1193 1954 cohaerent,
1208 1927 1285 1958 atque
1300 1922 1358 1950 ideo
1368 1923 1539 1958 expungenda
1555 1928 1627 1950 sunt.
1647 1923 1834 1952 Verumeuim-

1052 1975 1118 1994 vero
1132 1968 1204 1996 unde
1222 1968 1262 1995 illi
1276 1974 1370 1996 notum
1385 1973 1427 1996 est
1444 1967 1586 2004 Polycarpi
1602 1969 1746 2004 epistolam
1761 1970 1787 1997 in
1802 1979 1831 1998 ea

1051 2013 1134 2041 verba
1147 2014 1284 2042 desiisse?
1300 2023 1335 2042 au
1355 2023 1415 2043 eam
1432 2025 1552 2052 unquam
1576 2017 1683 2045 audivit
1704 2019 1730 2046 in
1751 2020 1833 2047 totius

1052 2057 1124 2085 Asia:
1139 2063 1274 2086 conventu
1292 2060 1411 2088 lectam?
1425 2069 1459 2088 an
1477 2070 1597 2097 unquam
1611 2062 1679 2090 vidit
1694 2063 1831 2099 Polycarpi

1051 2104 1193 2138 epistolam
1211 2105 1254 2133 vel
1278 2105 1371 2134 Graece
1387 2107 1428 2134 vel
1447 2107 1553 2141 Latine,
1577 2109 1620 2136 vel
1643 2117 1708 2143 ms.,
1722 2111 1761 2137 vel
1784 2111 1832 2137 im~

1051 2157 1185 2184 pressam,
1202 2159 1264 2186 qua:
1276 2152 1303 2179 in
1318 2160 1350 2179 ea
1366 2153 1448 2181 verba
1463 2154 1623 2181 desineret?
1639 2155 1750 2183 minime
1769 2164 1831 2192 gen-

1051 2195 1131 2223 tium.
1144 2196 1215 2229 Quid
1237 2197 1338 2232 igitur?
1357 2198 1467 2227 Judicio
1495 2199 1520 2227 ι.
1544 2199 1635 2228 Dallaei
1655 2209 1688 2229 ea
1713 2202 1829 2231 clausula

213 2246 272 2282 Ruﬁ
291 2251 315 2273 et
330 2245 445 2279 Zosimi,
466 2247 498 2273 de
520 2255 631 2282 quarunt
644 2256 726 2282 agone
739 2249 810 2283 [elici
828 2249 858 2277 S.
873 2249 1001 2285 Polycar-
1016 2248 1038 2277 D
1051 2247 1110 2269 eral
1130 2242 1339 2278 decentis-“mai
1365 2253 1451 2280 quam
1473 2254 1528 2274 9°"
1552 2247 1647 2275 debuit
1670 2247 1830 2285 Ρθιῐθπβηδ

211 2301 260 2323 pus
275 2293 388 2327 epistola
412 2293 446 2319 ad
462 2292 643 2328 Philippense:
666 2295 769 2321 scribit.
786 2294 851 2322 Post
871 2295 922 2323 hos
948 2295 1000 2331 Sy-

213 2346 292 2365 incon
309 2337 517 2372 Metapbrastes.
535 2339 664 2366 Actorum
679 2339 707 2366 S.
725 2339 821 2376 lgnatii
835 2348 999 2376 anonymus.

210 2383 409 2416 Suidas,verbo
420 2383 766 2420 Πολύκαρπος·¹Εγραψεν
780 2386 922 2422 ἐπιστολὴν
932 2386 1000 2422 πρὸς

212 2428 412 2464 Φιλιππησίους
429 2428 499 2455 πάνυ
524 2429 693 2466 θαυμαστήν.
717 2429 829 2465 Scripsit
860 2432 998 2466 epistolam

210 2474 248 2501 ad
255 2473 438 2509 Philippense;
449 2483 557 2510 prorsus
565 2475 762 2503 admirandam.
772 2475 876 2509 Quibus
884 2478 1000 2506 addendi

210 2519 347 2553 Georgius
362 2519 569 2555 Pachymerius,
583 2518 719 2547 Honorius
732 2520 998 2557 Augustodunensis.

211 2569 240 2592 et
253 2563 424 2599 Nicephorus
437 2565 575 2599 Callistus,
589 2565 634 2601 qui
656 2570 718 2601 post
732 2565 914 2601 Nicephorum
929 2567 1001 2595 Con-

211 2608 485 2643 stantinopolitanuin
512 2610 583 2637 idem
610 2610 645 2638 de
670 2610 697 2638 S.
717 2610 860 2647 Polycarpi
885 2612 998 2647 epistola

210 2661 276 2680 cum
291 2653 336 2686 iis,
350 2654 397 2689 qui
415 2659 478 2682 ante
492 2656 594 2690 vixere,
613 2657 796 2693 protulerunt.

251 2699 350 2727 Verum
364 2700 405 2727 hic
423 2700 567 2736 Nicephori
579 2703 738 2735 patriarcha:
757 2704 881 2739 primarii
898 2705 931 2733 de
947 2706 1000 2734 hac

213 2746 326 2781 epistola
350 2747 483 2782 judicium
510 2748 670 2776 Ilammondi
690 2751 826 2777 sententia:
854 2751 998 2786 praeferre,

213 2792 297 2824 nittla,
317 2793 414 2828 inquit,
434 2794 534 2822 invidia
545 2800 593 2823 est.
607 2796 641 2823 At
655 2803 709 2823 non
724 2796 768 2824 hic
780 2797 814 2824 de
825 2797 938 2831 invidia,
951 2799 997 2826 sed

212 2839 246 2866 de
260 2846 366 2875 recepta
381 2840 411 2867 S.
426 2840 568 2877 Polycarpi
580 2843 743 2870 auctoritate
756 2843 899 2878 quaeritur.
913 2843 1000 2871 Ham-

211 2885 343 2913 Iuondum
359 2893 421 2914 cum
433 2886 588 2923 Nicephoro
607 2895 661 2915 non
676 2895 868 2923 comparamus
885 2898 892 2916 :
915 2888 996 2917 Nice-

1052 2288 1130 2322 plura
1146 2289 1264 2317 addere:
1279 2291 1362 2326 igitur
1377 2291 1403 2318 iu
1418 2299 1450 2320 ea
1462 2294 1544 2320 verba
1558 2294 1702 2322 desinebat
1710 2295 1827 2330 epistola.

1051 2332 1145 2369 Neque
1156 2334 1227 2361 enim
1243 2335 1394 2370 putandum
1409 2342 1452 2365 cst
1472 2338 1652 2374 Polycarpum
1670 2341 1747 2375 plura
1762 2342 1827 2369 scri-

1052 2380 1115 2407 bere
1126 2380 1257 2414 voluisse,
1272 2389 1354 2416 quam
1377 2384 1545 2417 permitteret
1566 2384 1700 2414 Dallaeus!
1717 2386 1792 2415 Certe
1806 2388 1826 2415 si

1051 2427 1104 2454 hac
1123 2427 1181 2462 lege
1208 2428 1235 2455 in
1264 2428 1388 2463 epistolis
1407 2431 1545 2459 veteribus
1567 2433 1605 2459 uti
1629 2432 1724 2467 liceat,
1738 2441 1827 2463 omnes

1051 2479 1120 2508 pene
1133 2473 1273 2507 clausulae,
1287 2483 1348 2510 quae
1366 2484 1440 2505 nunc
1452 2483 1572 2511 exstant,
1593 2484 1675 2506 erunt
1697 2481 1772 2509 nobis
1783 2490 1826 2509 ex-

1050 2521 1212 2555 pungendar.
1233 2520 1329 2550 Nonne
1350 2531 1448 2550 versus
1474 2524 1586 2552 ultimus
1610 2526 1712 2560 capitis
1735 2527 1825 2555 decimi

1051 2565 1138 2600 quinti
1155 2566 1285 2602 Epistula:
1300 2569 1334 2596 ad
1350 2567 1490 2598 Romanos
1503 2570 1589 2598 :Deus
1605 2577 1694 2599 autem
1707 2575 1775 2608 paci:
1794 2575 1824 2601 sit

1049 2619 1110 2638 cum
1133 2613 1253 2641 omnibus
1276 2615 1358 2648 vobis,
1378 2615 1470 2649 Amen,
1493 2616 1688 2646 decentissima
1713 2620 1823 2648 clausula

1050 2663 1102 2690 est.
1117 2663 1204 2686 totum
1223 2660 1304 2695 igitur
1316 2665 1398 2696 caput
1417 2661 1554 2689 decimum
1574 2667 1681 2691 sextum
1703 2666 1752 2692 erit
1768 2674 1821 2693 era»

1050 2703 1179 2731 deudum.
1203 2704 1298 2732 Nonne
1322 2714 1418 2734 versus
1437 2707 1550 2736 ultimus
1572 2709 1644 2736 tertii
1663 2711 1757 2745 capitis
1768 2711 1818 2747 Epi-

1050 2750 1127 2777 stola:
1148 2751 1182 2778 ad
1203 2750 1337 2786 Ephesios
1354 2759 1362 2778 :
1380 2752 1438 2787 1ρεί
1458 2753 1545 2788 gloria
1566 2755 1595 2781 in
1612 2754 1742 2789 Ecclesia,
1756 2762 1779 2784 et
1798 2758 1818 2784 iu

1050 2797 1157 2824 Christo
1173 2797 1249 2831 Jesu,
1268 2798 1295 2825 in
1312 2808 1400 2827 antae;
1415 2802 1596 2835 generationes
1614 2804 1709 2830 saeculi
1722 2807 1807 2832 saeculo

1050 2851 1122 2877 rum,
1138 2844 1231 2878 Amen,
1252 2845 1447 2874 decentissima
1471 2848 1595 2876 clausula
1610 2850 1672 2877 est?
1693 2851 1731 2878 An
1749 2852 1816 2887 igitur

1052 2890 1102 2917 tria
1118 2891 1223 2926 reliqua
1240 2893 1328 2928 capita
1342 2901 1392 2928 pro
1413 2894 1514 2922 assutis
1530 2900 1594 2923 sunt
1613 2896 1756 2926 habenda?
1769 2899 1819 2927 Cie»
