1866 3073
26 173 60 200 ιςτ
392 173 419 201 «1.
441 172 622 202 PEARSONII
643 173 803 200 VlNDlCIzE

897 172 1034 201 ΠΙΛΝᾸΞ.
1056 189 1089 192 -
1107 173 1196 201 PARS
1213 173 1234 201 Ι.

1601 175 1651 202 17.x

27 240 86 260 meas
98 231 256 265 Romanus,
274 233 404 268 epistolae
419 235 453 261 ad
468 234 625 262 Corinthios
646 235 745 269 pagina
763 235 810 267 ‘29,
825 244 847 272 Α
861 236 954 270 piatis.
969 234 1109 262 Continent
1118 236 1189 261 enim
1202 235 1234 262 de
1246 235 1299 270 fids
1314 240 1338 262 rt
1351 236 1482 270 patientia
1494 236 1637 263 instructio

27 279 66 305 μιν
84 277 179 305 Iesum
201 278 361 311 Christum,
387 281 488 315 inquit,
511 281 553 307 cui
572 280 657 316 gloria
680 281 765 307 onmis
789 286 814 307 et

26 325 214 360 magniﬁcentia
233 326 265 352 in
285 327 391 354 saecula
413 326 580 354 seculorum.
603 328 696 355 Amen.
719 326 814 355 Nonne

25 372 70 398 hac
81 371 289 400 decentissima
306 373 434 400 clausula
452 373 515 400 est?
533 373 618 408 Igitur
632 373 813 408 quadraginta

25 422 114 452 septem
141 419 257 454 pagina:
286 423 355 447 sunt
375 424 487 447 assutae.
510 419 639 447 Eamdem
660 420 813 448 clausulam

21 465 148 492 labemus
167 473 234 500 pag.
253 466 304 499 ΔΙ,
324 465 370 498 50,
391 466 437 499 57,
452 466 497 498 59,
511 466 557 498 66,
575 466 628 499 75;
643 474 713 501 opus
731 466 814 502 igitur

19 511 65 537 lfil
77 510 237 539 Marcionis
249 513 400 545 machaera,
421 517 452 540 ut
473 512 529 540 haec
546 516 575 540 et
588 512 689 540 similia
708 513 813 540 rescin-

26 559 124 585 lantur.
151 557 193 585 Ea
212 558 340 593 quidem,
364 566 427 593 quas
448 562 600 593 sequuntur
623 559 811 587 testimonium

18 610 153 637 nostrum,
172 605 286 633 admitti
306 612 390 640 posse
411 606 459 638 ait,
481 606 543 634 licet
557 606 750 634 decentissima
767 607 812 636 illa

16 651 135 678 clausula
151 652 344 686 praecesserit.
356 652 390 679 At
401 652 423 679 si
432 657 495 687 post
506 652 725 681 decentissimam
738 654 813 682 clau-

15 698 97 724 sulam
115 698 230 732 aliquid
245 697 357 725 admitti
371 698 468 733 possit,
480 706 529 726 cur
539 706 593 726 non
607 699 674 727 illud
686 700 721 727 de
734 700 812 735 lgna-

16 744 118 771 tiolAn
138 745 189 772 illa
206 745 334 773 absurde
347 745 453 773 inserta
467 750 549 781 atque
566 746 664 774 infulta
680 747 735 774 dici
749 755 812 782 pos-

15 796 80 824 sunt,
99 800 168 827 qua
183 795 250 827 post
274 799 373 820 omnes
395 792 530 820 salutares
553 793 756 821 admonitiones
777 793 811 821 ad

15 838 100 871 ﬁdem,
134 839 306 874 patientiam
339 844 367 866 et
394 839 603 867 aniil'lcationem
627 840 810 876 pertinentes,

16 885 153 918 speciatim
167 885 203 912 ad
218 884 274 912 ista
288 885 465 920 respondent,
478 893 539 921 qua:
550 885 602 921 ipsi
613 886 647 913 ad
657 894 729 921 quos
742 887 811 914 scri-

866 288 922 306 nem
938 280 1081 315 perfectam
1096 281 1238 307 secundum
1259 280 1367 308 Domini
1381 287 1550 316 proruptum.
1569 281 1651 309 Eusc-

865 325 939 353 bium
964 333 998 352 cx
1024 326 1140 360 epistola
1163 325 1322 362 Polycarpi,
1349 335 1411 362 qua;
1440 332 1505 355 tunc
1527 328 1651 355 ninnium

863 373 993 400 manibus
1009 373 1166 405 tenebatur,
1188 373 1245 401 haec
1263 374 1322 409 ipsa
1342 375 1425 402 verba
1445 375 1653 410 transcripsisse

862 419 1020 452 credimus;
1043 424 1101 446 tum
1117 420 1191 454 quod
1217 420 1276 455 ipse
1298 421 1349 448 hoc
1368 425 1486 453 asserat,
1503 426 1560 448 tum
1578 421 1651 456 quod

863 465 891 492 in
905 466 989 493 veteri
1001 466 1112 500 vulgata
1126 466 1254 494 versione
1265 466 1388 502 epistolae
1399 467 1428 494 S.
1439 467 1582 503 Polycarpi
1594 468 1652 494 lucc

862 511 1013 540 etiamnum
1041 511 1164 547 legamus
1187 520 1194 538 :
1219 512 1354 547 Epistolas
1381 522 1445 540 sane
1470 513 1571 549 lgnatii
1592 522 1652 549 quc

863 559 1028 585 transmissos
1037 563 1098 585 sunt
1106 559 1178 586 vobis
1186 560 1248 594 (pro
1258 559 1344 594 nobis)
1359 559 1392 587 ab
1398 568 1438 592 eo,
1447 565 1472 587 et
1480 561 1652 596 alias,qunn-

863 609 1008 639 lucunque
1023 604 1094 639 apud
1115 613 1162 632 nos
1177 605 1329 639 habuimus,
1352 605 1550 633 transmisimus
1566 606 1650 638 nobis,

862 651 1007 679 secundum
1021 651 1090 686 quod
1112 652 1271 684 mandastis,
1288 661 1347 687 qua:
1362 657 1424 679 sunt
1445 652 1569 687 subjectae
1590 653 1652 679 huic

861 697 982 733 epistola:
1001 705 1012 725 :
1027 705 1060 725 ea:
1079 697 1174 733 quibus
1201 706 1313 733 magnus
1333 699 1405 725 vobis
1430 699 1480 726 erit
1505 699 1649 734 profectus.

863 743 1004 771 Cantium
1018 744 1089 771 enim
1108 744 1198 778 fidem,
1218 745 1387 779 patientiam,
1405 749 1431 772 et
1445 753 1545 772 onmem
1564 745 1651 779 ediﬁ-

861 789 991 816 utionem
1015 789 1051 816 ad
1074 789 1217 817 Dominum
1237 795 1357 818 nostrum
1379 792 1569 826 pertinentem;
1591 796 1649 817 tum

861 835 983 871 denique
995 835 1068 871 quod
1090 835 1217 869 Pbotius,
1233 837 1281 872 qui
1307 837 1379 865 hanc
1396 838 1483 872 ipsam
1505 837 1649 872 epistolam

862 881 937 917 legit,
948 886 975 910 et
987 886 1130 917 tantopere
1144 882 1276 914 laudavit,
1287 883 1359 910 idem
1371 891 1426 910 non
1440 883 1558 910 obscure
1569 888 1650 910 testu-

17 930 58 961 bit,
73 931 178 958 litteris
189 930 254 958 suis
265 931 495 965 postulaverant?
506 930 694 967 Pbilippenses
709 931 743 959 ad
758 931 807 959 Po-

897 936 916 962 r,
933 935 995 956 cum
1017 928 1055 956 ait
1072 937 1079 956 :
1103 928 1183 963 Λέγει
1200 928 1229 955 δὶ
1252 929 1299 956 καὶ
1319 929 1370 961 τὰς
1392 929 1536 962 ιπιστολὰς
1557 930 1649 962 αὐτοῖς

17 975 152 1011 lycarpn
167 977 346 1012 scripserant
360 977 396 1005 de
412 977 554 1005 mittendis
570 977 669 1006 litteris
682 977 741 1006 suis
754 978 811 1006 An-

18 1022 153 1055 tiochiam,
164 1027 194 1050 ct
204 1027 361 1050 oraverant
380 1023 463 1050 etiam
481 1028 511 1051 ut
519 1024 650 1058 epistolas
661 1023 690 1052 S.
703 1025 810 1060 Ignatii,

17 1076 74 1102 quas
89 1069 168 1103 apud
182 1076 215 1096 se
229 1069 358 1102 haberet,
375 1070 410 1096 ad
425 1069 500 1104 ipsos
515 1069 623 1097 mittere
638 1070 808 1106 dignaretur.

18 1114 102 1142 Nonne
114 1115 151 1142 ad
167 1116 254 1142 linem
271 1115 398 1150 epistola:
410 1116 593 1150 responsorite
607 1121 811 1152 peropportune

20 1161 111 1188 iaceret
124 1161 318 1197 Polycarpus,
334 1161 358 1189 si
379 1161 425 1188 illa
448 1167 601 1196 reponeret,
622 1170 684 1198 quae
700 1163 752 1198 ipsi
775 1163 811 1191 ab

20 1216 47 1234 eo
58 1208 251 1243 eﬂagitabant
259 1208 272 1235 3
283 1207 355 1235 Cum
371 1208 501 1243 epistolas
513 1208 609 1243 lgnatii
624 1216 682 1236 suae
696 1209 811 1244 subjun-

22 1254 107 1284 iisset,
123 1262 162 1281 an
172 1253 210 1280 de
226 1253 286 1281 illis
301 1253 369 1280 alibi
386 1253 477 1288 potius
494 1253 644 1289 quidquam
666 1255 808 1287 scriberet,

22 1308 92 1333 quam
107 1300 143 1327 ad
167 1300 254 1327 tinem
270 1299 397 1334 epistolae
412 1307 480 1333 suae,
502 1300 546 1327 cui
569 1307 666 1328 earnm
687 1309 809 1335 συναγω-

23 1346 65 1379 γὴν
78 1346 293 1381 subjunxerat?
310 1344 384 1373 Nihil
407 1345 451 1373 bis
465 1350 539 1373 certe
558 1351 606 1373 aut
624 1347 664 1374 rei
679 1347 742 1382 ipsi,
762 1351 811 1375 aut

25 1393 83 1418 mori
106 1392 255 1420 hominum
281 1392 309 1419 in
332 1391 541 1420 conscribendis
561 1393 687 1428 epistolis
709 1401 811 1422 conve-

25 1439 135 1466 nientius
147 1439 305 1474 excogitari
321 1443 422 1474 potest.

54 1484 132 1512 Levia
156 1485 245 1520 igitur
263 1486 324 1512 haec
345 1489 419 1517 sunt,
439 1484 482 1512 vel
500 1484 560 1520 ipso
582 1484 684 1512 Dallzeo
696 1484 807 1520 judice:

27 1530 98 1558 sedet
119 1531 198 1558 aliud
213 1535 267 1563 est,
292 1531 393 1566 inquit,
412 1530 496 1558 multo
517 1531 633 1566 gravius,
651 1531 722 1566 quod
742 1532 810 1558 hanc

28 1578 51 1603 te
64 1577 218 1612 [potionis
234 1577 396 1612 particulam
412 1585 464 1604 non
483 1578 611 1610 auctoris,
628 1578 674 1605 sed
694 1578 809 1613 alicujus

29 1623 126 1650 ulterius
139 1632 199 1651 esse
212 1624 315 1659 arguit.
328 1622 414 1651 Graue
426 1623 535 1659 quidem
548 1624 612 1656 hoc,
628 1624 651 1652 si
666 1632 729 1652 vera
742 1624 807 1655 sint,

29 1677 78 1702 qua
102 1670 236 1704 proximo
261 1670 352 1705 capite
376 1670 477 1697 asserit
499 1670 694 1703 adversarius,
722 1669 810 1697 locum

30 1721 124 1749 I-unpe,
133 1722 193 1750 quo
207 1714 348 1750 ignatiana
361 1715 550 1748 nominantur,
560 1715 659 1751 insigni
673 1716 810 1743 mendacio

30 1760 164 1795 deformem
180 1769 256 1794 esse,
274 1766 303 1789 et
317 1769 380 1796 qua:
400 1761 489 1796 capite
503 1761 539 1789 56
553 1762 657 1797 pariter
674 1762 809 1795 afﬁrmat,

32 1807 178 1843 Polymnii,
195 1808 313 1842 scilicet,
334 1808 405 1843 quod
425 1809 536 1843 σπανιω-
558 1808 737 1836 testimonium
755 1817 811 1836 esse

30 1854 191 1882 subditiuum
210 1854 402 1890 mendacloqu
416 1855 574 1889 iuspsrsum.
589 1854 679 1883 Grave
699 1855 810 1890 quidem

30 1899 122 1927 crimen
141 1900 331 1933 mendacium,
345 1899 499 1935 praesertim
522 1900 546 1928 si
566 1899 675 1935 insigne
689 1899 743 1934 sit,
764 1907 811 1927 ne—

30 1953 75 1980 que
90 1946 172 1973 video
187 1945 330 1981 quomodo
347 1945 475 1974 excusari
490 1946 608 1981 possint,
623 1945 671 1981 qui
687 1946 812 1974 testimo-

31 1992 69 2019 aio
81 1997 199 2020 utamur
213 1995 272 2019 tam
290 1992 368 2027 gravi
386 1991 502 2020 crimine
523 1992 659 2028 inspersu.
680 1991 741 2020 Non
765 2000 811 2020 ne-

31 2038 153 2072 gligenter
163 2038 249 2074 igitur
258 2039 436 2074 quaerendum
448 2043 492 2066 est
502 2038 560 2072 ubi,
572 2039 626 2066 hoc
636 2038 810 2066 mendaciqu

31 2085 138 2112 inveniri
153 2085 243 2120 possit
258 2094 265 2112 :
285 2092 349 2112 nam
368 2090 452 2117 certe,
470 2089 500 2112 ut
514 2092 588 2112 nunc
603 2092 634 2113 se
654 2092 698 2112 res
718 2084 810 2119 habet,

31 2135 71 2157 aut
85 2131 111 2158 in
124 2130 290 2167 Polycarpo,
310 2135 359 2158 aut
375 2131 403 2158 in
415 2130 544 2165 Eusebio,
561 2135 609 2159 aut
622 2132 652 2159 in
663 2131 813 2168 impostore

31 2175 124 2210 aliquo,
137 2181 187 2203 aut
205 2176 233 2203 in
250 2175 440 2204 testimonium
455 2175 595 2211 alerente,
612 2181 661 2205 aut
678 2176 707 2204 in
727 2184 810 2212 repu-

30 2221 111 2249 diante
124 2221 303 2250 mendacium
318 2226 371 2250 est.

866 975 998 1009 Ἰγνατίου
1017 974 1066 1002 τοῦ
1089 974 1219 1011 θεοφόρου
1236 975 1447 1009 ἀπεσταλκέναι,
1469 976 1535 1003 dicit
1560 982 1649 1003 asurm

861 1019 1052 1056 (Polycarpus)
1075 1029 1102 1047 u
1128 1020 1210 1048 etiam
1236 1019 1337 1056 lgnatii
1362 1022 1499 1056 theophori
1522 1022 1649 1056 epistolas

860 1067 925 1101 ipsis
942 1067 1132 1094 transmisisse.
1149 1066 1207 1094 Hoc
1220 1067 1333 1095 unicum
1347 1068 1535 1095 testimonium
1548 1076 1580 1096 ex
1595 1068 1650 1095 Po—

860 1113 963 1149 lycarpi
988 1113 1103 1149 epistola
1124 1113 1325 1149 depromimus,
1346 1114 1419 1149 quod
1443 1114 1648 1150 integerrinnnn

859 1167 922 1187 esse
939 1166 1079 1194 putamus,
1098 1165 1127 1187 et
1144 1160 1189 1188 cui
1212 1160 1286 1188 nulla
1306 1168 1427 1196 unquam
1444 1161 1521 1189 labes
1536 1169 1649 1196 aspersa

859 1210 912 1238 est,
928 1210 1074 1241 antequam
1090 1213 1107 1233 a
1129 1205 1234 1233 nostris
1253 1213 1302 1241 pro
1324 1205 1475 1241 lgnatiauis
1497 1207 1646 1235 adducere-

860 1258 915 1281 tur.
936 1252 1011 1281 Satis
1032 1254 1117 1289 igitur
1130 1261 1182 1282 nos
1198 1253 1274 1304 ipsos
1288 1261 1304 1281 a
1318 1254 1456 1283 mendacii
1473 1256 1589 1284 crimine
1606 1261 1648 1283 tu-

861 1299 910 1326 tati
925 1307 1033 1327 sumus.
1200 1299 1204 1304 '

897 1345 927 1373 S.
943 1345 1124 1381 Polycarpum
1141 1345 1192 1380 ipsi
1205 1346 1240 1374 ab
1255 1346 1331 1374 omni
1346 1347 1505 1382 suspicione
1519 1347 1654 1380 liberant,

860 1390 922 1419 ideo
935 1391 1009 1419 enim
1031 1392 1128 1419 volunt
1148 1392 1206 1419 haec
1220 1399 1236 1419 a
1251 1391 1401 1427 Polycarpo
1415 1393 1527 1420 minime
1547 1394 1648 1428 scripta

861 1437 959 1470 fuisse,
982 1437 1056 1472 quod
1072 1437 1108 1464 ab
1126 1437 1186 1472 ejus
1199 1437 1343 1472 prudentia
1359 1442 1442 1473 atque
1457 1439 1602 1466 sanctitate
1616 1448 1649 1467 ca

860 1484 982 1511 maxime
1006 1483 1155 1511 abhorrere
1180 1483 1360 1511 arbitrantur.
1388 1483 1458 1517 Quid
1486 1485 1592 1520 igitur?
1613 1493 1648 1512 an

861 1530 993 1558 mentitus
1007 1534 1050 1557 est
1065 1528 1211 1561 Eusebius,
1226 1534 1253 1556 et
1266 1537 1299 1556 ea
1315 1529 1395 1557 nobis
1412 1530 1534 1562 tradidit,
1545 1538 1607 1566 qua
1621 1531 1648 1557 in

860 1575 975 1611 epistola
988 1575 1131 1612 Polycsrpi
1148 1583 1199 1603 sua
1213 1581 1294 1604 aetate
1309 1576 1423 1604 minime
1435 1578 1650 1612 comparebant?

860 1621 901 1649 An
915 1622 960 1649 ille
975 1622 1092 1650 lectores
1111 1621 1205 1649 fallere
1224 1623 1344 1650 voluisse
1361 1623 1500 1658 putandus
1514 1627 1556 1651 est
1572 1624 1598 1650 in
1620 1631 1648 1650 rc

861 1671 917 1694 tam
936 1671 1030 1702 aperta
1051 1671 1079 1695 ct
1101 1668 1231 1695 omnibus
1253 1671 1318 1695 tunc
1333 1668 1465 1703 temporis
1487 1668 1650 1696 notissima?

860 1712 957 1741 Nonne
970 1713 1084 1748 epistola
1102 1713 1246 1750 Polycarpi
1261 1714 1288 1741 in
1302 1719 1437 1742 conventu
1453 1714 1526 1742 Asiae
1539 1715 1649 1750 publice

860 1758 929 1787 lecta
941 1759 1003 1792 fuit,
1015 1766 1078 1787 cum
1087 1757 1235 1787 Historiam
1250 1767 1328 1788 suam
1345 1759 1484 1788 scribebat
1495 1759 1650 1789 Eusebius?

860 1805 903 1832 An
917 1805 1081 1833 sententiam
1094 1805 1163 1833 bene
1177 1805 1286 1841 longam
1298 1805 1357 1840 ipse
1366 1806 1539 1833 comminisci
1551 1806 1648 1840 voluit,

860 1855 888 1879 et
899 1851 1024 1886 epistola:
1033 1851 1165 1884 inserere,
1180 1851 1213 1879 ad
1227 1852 1307 1879 tidem
1320 1851 1470 1887 lgnatianis
1482 1852 1648 1887 faciendam,

861 1898 920 1925 suis
938 1897 1145 1933 derogandum?
1167 1897 1225 1926 Hoc
1248 1898 1332 1926 etiam
1351 1898 1434 1926 nimis
1451 1906 1577 1927 crassum
1595 1907 1648 1935 pu-

862 1947 936 1977 tant;
953 1951 1042 1979 neque
1061 1943 1256 1980 Polycarpum,
1267 1943 1361 1979 'neque
1380 1944 1531 1972 Eusebium
1549 1946 1649 1973 menti-

861 1993 919 2017 tum
937 1990 1040 2024 voluit;
1065 1991 1112 2018 sed
1138 1990 1316 2026 impostorem
1337 1991 1433 2019 nescio
1453 1999 1547 2027 quem,
1566 2000 1648 2028 quem

861 2040 926 2064 ante
947 2036 1095 2064 Eusebium
1118 2037 1222 2065 vixisse
1243 2037 1429 2070 bariolantur,
1451 2038 1498 2066 sed
1516 2046 1597 2074 quem
1621 2040 1649 2067 in

860 2082 933 2110 vivis
947 2090 1082 2118 unquam,
1098 2091 1149 2111 nec
1164 2083 1222 2117 ille,
1239 2091 1290 2111 nec
1303 2084 1375 2112 alius
1388 2085 1539 2120 quispiam,
1562 2085 1649 2113 fuisse

861 2129 1015 2163 pmstabit.
1030 2129 1078 2157 Ille
1091 2135 1182 2158 autem
1198 2129 1268 2157 falso
1281 2134 1308 2158 et
1329 2129 1403 2158 valre
1418 2135 1506 2158 totum
1522 2136 1648 2159 nostrum

863 2174 1051 2202 testimonium
1077 2175 1161 2203 alicui
1184 2175 1307 2211 epistolae
1327 2175 1535 2212 Polycarpianat
1553 2185 1650 2204 exem-

862 2221 932 2255 plari
950 2222 1090 2249 inseruit:
1114 2227 1142 2249 et
1163 2223 1256 2250 statim
1277 2226 1326 2250 aut
1348 2223 1375 2250 in
1394 2223 1555 2258 impostoris
1570 2228 1651 2250 auto-

58 2267 146 2296 Primo
160 2269 247 2304 igitur
261 2276 313 2296 nos
322 2267 564 2303 quitestimoninm
575 2267 750 2303 proferimus,
760 2275 810 2296 nos
827 2277 850 2306 ι)
863 2268 1009 2302 graphum,
1025 2272 1073 2295 aut
1085 2267 1111 2295 in
1125 2268 1248 2295 libellum
1263 2269 1382 2304 aliquem
1404 2269 1438 2296 ab
1452 2268 1498 2296 illo
1518 2269 1654 2296 transcri-

32 2314 96 2348 ipsos
107 2315 143 2342 ab
154 2315 210 2343 hoc
219 2314 337 2342 crimine
348 2318 442 2350 aperte
456 2314 645 2343 liberabimus.
654 2313 717 2342 Haec
726 2314 810 2342 verba

31 2360 113 2388 Grece
136 2369 171 2389 ex
198 2359 320 2388 Eusebio
342 2360 403 2388 sine
423 2360 480 2387 ullo
500 2360 564 2388 dolo
589 2360 809 2393 transcriblmus,

33 2405 93 2434 Hist.
113 2407 180 2434 ccci.
201 2407 221 2434 Ι.
245 2414 289 2437 Ill.
307 2412 334 2434 c.
355 2406 391 2434 56
409 2415 416 2433 :
439 2406 495 2438 Τὰς
510 2406 657 2438 ἐπιστολὰς
681 2406 810 2441 Ἰγνατίου

31 2453 68 2484 τὰς
81 2452 259 2489 πεμφθείσας
275 2452 340 2487 ἡμῖν
353 2451 401 2479 ἀπ’
414 2452 508 2485 αὐτοῦ,
526 2453 573 2480 καὶ
594 2452 678 2485 ἄλλας
691 2453 758 2484 ὅσας
772 2452 812 2479 ετ-

31 2508 102 2535 χομεν
123 2500 193 2535 παρ’
216 2499 297 2535 ἡμῖν,
318 2498 483 2534 ﬁdissimis"
499 2499 574 2534 ὑμῖν,
599 2497 691 2530 καθὼς
710 2498 811 2525 ἐνετεί-

14 2546 113 2582 ,λισοε,
139 2548 173 2574 αἶ
194 2554 272 2577 τινες
298 2544 520 2581 amarumst
544 2545 598 2572 εισι
620 2546 655 2580 τῇ
682 2545 811 2583 ἐπιστολῇ

30 2593 111 2629 ταῦτῃ,
132 2592 166 2625 εξ
185 2588 226 2619 ὧν
247 2591 356 2627 μεγάλα
369 2590 543 2627 ὠφεληθῆναι
556 2590 717 2626 δυνήσεσθε·
732 2599 812 2626 περι-

30 2637 105 2672 flauas
115 2638 174 2673 γὰρ
188 2637 282 2664 πίστιν
291 2638 339 2665 καὶ
352 2636 501 2672 ὑπομονὴν,
511 2637 560 2664 καὶ
570 2637 661 2664 πᾶσαν
669 2637 813 2673 οἰκοδομὴν

29 2684 63 2720 τὴν
76 2686 117 2717 εις
128 2684 179 2711 τὸν
194 2683 298 2719 Κύριον
308 2683 388 2719 ἡμῶν
400 2684 567 2720 ἀνήκουσαν.
580 2682 643 2711 Haec
658 2683 741 2710 verba
752 2690 814 2718 qua;

31 2737 90 2759 nunc
114 2731 144 2758 in
167 2729 293 2757 Eusebio
318 2729 448 2765 legimus,
475 2729 510 2755 ab
528 2728 588 2764 ipso
610 2728 696 2755 fuisse
711 2728 813 2762 scripta

30 2784 70 2805 Ion
87 2777 254 2805 dubitamus
270 2786 277 2804 :
292 2777 334 2804 sic
346 2777 420 2804 enim
435 2783 469 2803 ea
483 2776 556 2803 intra
569 2783 656 2803 annos
670 2774 705 2803 85
716 2783 732 2802 a
753 2773 814 2800 Bu-

31 2823 82 2856 lno,
97 2824 163 2851 licet
179 2823 362 2859 negligenter,
376 2830 458 2850 versa
469 2822 593 2849 videmus
605 2832 612 2847 :
622 2820 730 2848 Mittam
743 2821 814 2848 vobis

31 2876 45 2896 tl
57 2871 158 2907 lguatii
172 2870 318 2905 epistolas,
330 2875 356 2896 et
372 2869 442 2896 alias
458 2869 482 2896 si
493 2876 552 2904 qua!
562 2869 627 2901 sint,
644 2875 704 2903 qua:
717 2866 752 2894 ad
767 2875 814 2895 nos

34 2918 184 2946 trust-tisse
197 2922 261 2945 sunt
273 2925 284 2949 ;
297 2924 332 2943 ex
345 2916 441 2950 quibus
454 2916 597 2943 utilitatem
612 2914 757 2942 maximam
768 2922 813 2942 ca-

155 2966 299 2997 Pnnot.
328 2964 386 2994 Gn.
404 2962 443 2992 ν,

863 2318 940 2348 ptum
962 2313 1068 2347 incidit,
1083 2321 1136 2342 no"
1151 2313 1222 2342 forte
1243 2315 1290 2342 sed
1312 2314 1475 2348 certissimo,
1496 2313 1649 2349 Eusebius;

861 2367 924 2386 cum
939 2359 1022 2395 igitur
1040 2359 1115 2387 aliud
1131 2361 1271 2395 exemplar
1286 2369 1341 2389 non
1358 2361 1472 2394 videret,
1489 2365 1517 2388 et
1535 2361 1601 2396 quid
1622 2361 1650 2389 in

862 2405 935 2432 Asiae
949 2411 1086 2437 conventu
1100 2406 1237 2442 legeretur
1252 2407 1400 2443 ignoraret,
1417 2407 1444 2434 in
1461 2406 1563 2435 foedum
1576 2415 1652 2436 erro-

862 2458 920 2479 rem
936 2452 1065 2487 delapsus
1077 2457 1121 2480 est
1139 2453 1336 2481 Ecclesiasticw
1349 2454 1469 2480 historia:
1485 2452 1576 2481 Pater.
1599 2452 1653 2481 Ne-

862 2505 917 2533 que
932 2498 1051 2531 mirum;
1075 2503 1135 2526 erat
1148 2499 1249 2535 quippe
1269 2500 1395 2536 egregius
1415 2499 1515 2527 artifex
1533 2499 1578 2527 hic
1599 2499 1653 2527 im-

863 2549 975 2579 postor;
990 2544 1062 2572 idem
1077 2545 1162 2577 enim,
1178 2553 1266 2581 neque
1277 2546 1425 2582 quisquam
1442 2545 1512 2573 alius
1528 2545 1590 2576 fuit.
1602 2545 1650 2581 qui

863 2598 912 2618 sex
924 2590 966 2618 vel
979 2594 1082 2625 septem
1098 2591 1230 2626 epistolas
1247 2599 1263 2619 a
1278 2599 1308 2619 se
1319 2592 1453 2619 confictas
1469 2591 1574 2626 lguatio
1584 2591 1651 2619 sub-

863 2636 943 2670 didit,
957 2641 982 2664 et
998 2637 1055 2665 Ita's
1065 2636 1098 2664 de
1112 2637 1271 2673 quibusdam
1290 2637 1390 2673 lgnatii
1405 2646 1423 2664 a
1441 2635 1590 2672 l’olycarpo
1601 2636 1650 2663 lit-

864 2683 928 2710 teris
941 2682 1021 2717 Itujus
1039 2682 1074 2710 ad
1089 2683 1270 2718 Philippemes
1288 2688 1412 2710 utrem
1427 2683 1548 2718 epistola:
1561 2682 1653 2710 subte-

863 2731 933 2761 xuit,
945 2734 1032 2762 ratus,
1043 2728 1113 2765 quod
1122 2728 1230 2761 accidit,
1242 2729 1349 2756 lectores
1360 2729 1415 2756 luet.
1422 2729 1455 2756 de
1465 2730 1521 2756 suis
1532 2728 1652 2764 epistolis

864 2780 1028 2810 accepturos.
1054 2775 1143 2811 Hujus
1162 2775 1282 2804 fallaciis
1296 2775 1428 2811 deceptus
1442 2780 1484 2803 est
1505 2774 1653 2806 Eusebius,

865 2826 896 2849 ut
912 2821 1032 2855 videtur,
1057 2821 1100 2848 vir
1123 2821 1237 2849 minime
1260 2821 1363 2855 malus,
1384 2826 1433 2850 aut
1455 2821 1602 2857 suspicax;
1626 2820 1653 2846 in

864 2866 992 2895 eumdem
1019 2874 1141 2894 errorem
1162 2866 1271 2895 induxit
1291 2875 1387 2895 omnes
1410 2874 1458 2895 eos
1478 2865 1583 2898 Patres,
1606 2864 1654 2900 qui

866 2913 931 2941 dum
950 2912 1065 2949 epistola
1087 2912 1230 2949 Polycarpi
1246 2913 1274 2942 in
1296 2917 1433 2942 conventu
1454 2912 1526 2940 Asia.
1545 2910 1654 2946 publice
