1866 3073
231 158 279 186 I55

752 159 780 187 S.
801 159 973 187 IGNATlUS.
992 174 1026 179 -—
1046 160 1311 189 PROLEGOMENA.
1417 176 1420 178 -
1829 160 1845 186 ί

230 225 374 257 legeretur.
391 221 492 254 vixere,
505 221 606 256 quique
624 221 766 256 epistolam
780 221 915 256 integram
932 226 957 248 et
974 221 1015 248 in-
1031 229 1054 258 Α
1067 222 1195 250 dentibus
1209 226 1311 250 etcum
1333 220 1511 256 sequentibus
1529 220 1664 255 congruit.
1682 227 1784 255 neque
1805 220 1850 247 inl

229 272 387 303 corruptam
416 268 507 294 videre
530 275 670 302 nunquam
702 272 859 302 potuerunt.
882 267 917 294 At
939 271 1016 302 post-

229 321 312 349 quam
321 321 352 340 ea
364 313 414 348 legi
423 313 511 343 desiit.
519 313 674 348 quingentis
689 317 751 347 post
764 312 910 340 Eusebium
923 313 1014 346 annis,

230 359 322 386 omnia
337 359 395 387 haec
410 359 478 386 vidit
498 358 679 393 Nicephorius,
696 359 814 394 ideoque
834 364 888 386 tam
907 359 1013 386 tristem

229 406 391 432 sententiam
407 405 440 432 de
455 404 596 440 Polycarpi
610 405 724 440 epistola
742 405 813 437 tulit,
829 410 857 432 et
873 406 943 432 inter
955 413 1015 440 pes-

229 452 306 478 sima:
332 457 401 478 notae
425 451 577 486 apocrypha
603 451 767 478 numeravit.
797 450 868 478 Proh
897 451 1014 486 lepidam

229 498 369 525 fabulam!
393 497 464 524 Proh
485 505 569 525 Suave
591 497 746 525 somnium!
766 495 828 524 llzec
846 497 939 524 omnia
961 505 1013 524 non

228 549 334 572 tantum
354 549 451 571 contra
465 548 602 575 nostrum,
620 543 667 571 sed
681 548 708 570 et
722 550 870 570 commune
888 543 1013 570 omnium

225 589 371 627 judicium.
384 591 440 618 imo
450 595 545 618 contra
561 590 648 625 ipsius
663 589 755 617 Dallzei
769 590 933 617 sententiam
947 597 1015 617 eon~

227 639 289 665 lieta
311 641 386 664 sunt.
402 636 592 670 Quisquamne
616 636 709 662 credet
735 635 872 662 hominem
895 635 941 670 qui
963 635 1015 662 sub

226 683 323 718 lgnatii
338 682 451 709 nomine
462 680 592 708 Ecclesia:
603 681 744 715 imponere
755 680 853 711 voluit,
866 685 1012 715 antequam

227 729 363 756 Eusebius
387 729 532 760 scriberet,
555 727 608 755 sub
630 728 711 754 linem
734 726 807 754 tertii
832 731 881 754 aut
904 727 1013 754 initium

225 775 316 810 quarti
342 775 447 807 smculi,
466 779 496 802 ut
517 774 543 801 id
561 773 668 801 facilius
689 772 802 805 faceret,
826 773 1014 808 maioremque

225 821 416 848 auctoritatem
432 820 505 848 lictis
520 819 578 848 suis
595 819 783 847 mercimoniis
798 819 967 853 conciliaret,
981 819 1011 847 S.

224 866 367 903 Polycarpi
393 867 537 902 epistolam
556 866 646 901 primo
668 873 846 900 corrumpere
870 866 1011 899 voluisse;

1066 276 1126 295 eam
1139 273 1166 295 et
1181 269 1264 295 ullam
1278 268 1358 295 aliam
1369 267 1493 302 epistolzc
1504 266 1668 301 particulam
1681 266 1743 293 ulla
1758 266 1850 293 diser

1066 315 1159 349 pantia
1177 318 1229 342 est.
1245 313 1335 341 Verba
1355 321 1417 348 qua:
1436 312 1612 348 producimus
1632 312 1668 339 ab
1683 311 1826 339 Eusebio

1067 360 1208 396 Polycarpi
1232 360 1346 396 epistola
1372 359 1538 394 transcripta
1559 365 1610 385 nec
1632 357 1779 394 lgnatium
1810 362 1846 384 tu

1066 407 1198 442 temporis
1214 406 1242 434 in
1257 406 1338 439 vivis,
1356 413 1406 433 nec
1419 411 1557 432 mortuum
1575 404 1662 431 fuisse
1686 403 1850 439 signiﬁcat

1067 460 1118 481 nec
1128 453 1191 480 vita
1202 456 1250 480 aut
1261 451 1338 479 necis
1349 450 1517 478 mentionem
1527 450 1610 477 ullam
1620 449 1747 477 faciunt:
1761 449 1850 483 epist

1065 499 1107 526 las
1129 503 1235 526 tantum
1257 499 1347 534 primo
1364 498 1475 533 petitas,
1499 497 1562 525 dein
1589 496 1689 523 missas
1722 495 1850 522 indicat

1065 553 1126 581 qua:
1138 545 1242 581 Ignatio
1259 545 1302 573 vel
1317 545 1426 572 vivente
1439 545 1479 572 vel
1495 547 1605 571 mortuo
1618 547 1647 570 et
1665 541 1726 577 peti
1744 547 1777 570 et
1799 542 1845 569 mi

1065 596 1223 627 potuerunt.
1243 591 1354 619 Nullum
1378 591 1463 627 igitur
1486 590 1529 618 vel
1549 589 1694 617 minimum
1721 588 1850 616 menda:

1067 638 1210 674 vestigium
1229 638 1258 665 in
1276 637 1436 665 testimonio
1450 640 1545 663 nostro
1557 639 1682 670 apparet.
1699 634 1731 661 Si
1749 635 1828 669 quid

1065 684 1190 718 sequenti
1204 683 1339 718 particula
1354 683 1445 710 minus
1459 687 1612 716 congruum
1628 680 1776 712 videatur,
1801 680 1849 707 “ll

1065 739 1119 758 non
1131 731 1220 766 magis
1232 734 1325 758 nostra
1345 729 1427 758 verba
1444 729 1531 757 inlicit
1545 736 1627 764 quam
1644 727 1752 762 priora.
1770 727 1811 753 At
1831 726 1850 753 l‘:

1065 782 1137 805 tctur
1151 777 1269 805 Dallaaus
1285 776 1352 804 nihil
1369 776 1395 803 in
1410 775 1550 811 prioribus
1566 781 1716 805 occurrere,
1734 774 1815 808 quod
1833 782 1850 799 ιι

1063 833 1221 860 quemquam
1233 823 1374 858 oﬂ'endere,
1388 823 1427 850 uel
1439 821 1589 857 Polycarpo
1601 821 1743 856 indignum
1761 828 1849 847 cense

1064 871 1168 898 debeat.
1187 870 1260 898 ldem
1282 869 1367 904 igitur
1381 869 1415 896 de
1430 868 1534 896 nostris
1556 867 1671 895 omnino
1695 866 1850 894 dicendum

224 921 287 941 0"!“
309 921 342 940 εἴ(
362 914 407 940 in“
430 921 484 940 “"3
503 920 532 940 ιθ
553 913 614 947 eius
637 912 744 940 hunc”
766 912 895 939 "mnibus
919 917 1013 946 apem!
1030 907 1051 935 Β
1064 923 1113 946 aut
1131 917 1234 952 aliquid
1251 917 1277 944 in
1294 917 1329 944 iis
1343 915 1435 943 verbis
1454 914 1666 947 ostendendum,
1679 913 1759 949 quod
1780 913 1850 948 Pol)

224 959 305 992 foret,
323 959 511 994 majorcmque
524 958 559 985 de
574 957 721 993 lgnatianis
736 957 770 984 ab
783 956 844 991 ipso
857 956 1012 991 producen-

223 1007 267 1034 dis
280 1006 466 1041 suspicionem
491 1005 624 1034 excitare,
645 1007 673 1030 ct
695 1003 816 1038 soipsum
832 1003 935 1030 certius
949 1010 1013 1037 pro-

223 1053 288 1080 dere
301 1060 354 1079 nou
371 1051 487 1087 posset?
506 1050 650 1086 Polycarpi
663 1051 735 1078 enim
752 1050 809 1078 haec
824 1049 939 1085 epistola
953 1057 1013 1077 om-

224 1099 306 1126 nibus
327 1098 379 1126 fuit
400 1098 537 1132 exposita,
558 1097 586 1124 in
607 1096 733 1123 ecclesiis
753 1096 884 1124 Asiaticis
905 1095 1013 1130 publice

223 1145 311 1179 lecta;
332 1145 376 1172 cui
397 1145 420 1172 si
443 1144 509 1178 quid
534 1151 634 1170 novum
658 1147 683 1170 et
709 1142 841 1170 hactenus
859 1142 1011 1169 inauditum

223 1193 381 1225 adderetur,
398 1192 493 1224 latere,
509 1196 536 1218 et
557 1198 611 1218 non
630 1189 755 1225 protinus
767 1189 940 1217 innotescere
958 1196 1011 1215 non

223 1239 322 1273 potuit.
337 1238 441 1265 Fatuus
456 1245 522 1265 sane
534 1236 685 1271 impostor,
701 1236 750 1271 qui
771 1236 830 1263 haec
848 1240 903 1263 tam
919 1234 1012 1270 pueri-

222 1285 285 1312 liter
298 1284 466 1319 excogitaret
482 1293 489 1310 ε
511 1282 612 1318 fungus
630 1281 777 1314 Eusebius,
798 1281 846 1316 qui
862 1286 917 1309 tam
934 1281 1013 1309 adul-

222 1329 319 1357 terinis
335 1329 473 1356 mercibus
485 1333 540 1356 tam
554 1328 634 1355 facile
647 1328 819 1363 deciperetur
839 1328 846 1355 ἑ
867 1328 932 1355 επεὶ
948 1335 1010 1356 sur-

221 1376 285 1403 dive
296 1383 393 1403 omnes
405 1374 510 1407 Patres,
524 1375 571 1409 qui
581 1374 695 1409 epistola
716 1382 764 1409 per
779 1374 870 1402 Asiam
884 1378 1010 1407 sonante,

221 1421 281 1448 lucc
304 1429 358 1448 non
380 1420 622 1456 deprehenderunt
642 1429 649 1447 :
672 1420 782 1452 unicus,
804 1423 831 1446 et
855 1419 900 1446 ille
919 1420 1010 1452 ﬂetus,

222 1467 392 1503 Nicephorus
413 1467 471 1494 lucc
489 1467 593 1499 omnia,
611 1466 727 1498 scilicet,
743 1465 856 1499 detexit,
877 1469 904 1492 et
924 1470 1010 1492 totam

222 1514 364 1550 Polycarpi
379 1514 522 1548 epistolam
535 1513 568 1540 ad
581 1513 724 1541 scombros
739 1511 941 1540 condemnavit.
957 1511 1010 1540 Sed

1064 971 1149 999 carpo
1163 963 1200 991 sit
1218 963 1360 998 indignum
1381 970 1388 989 :
1412 961 1479 989 illud
1494 965 1586 988 autem
1605 968 1657 988 nec
1672 960 1714 993 lit,
1732 967 1789 988 nec
1807 960 1850 986 lim

1064 1008 1178 1036 omnino
1192 1011 1294 1044 potest.
1306 1007 1387 1035 Certe
1399 1007 1553 1043 Polycarpo
1572 1006 1715 1042 indignum
1734 1013 1796 1033 non
1811 1014 1847 1033 es

1064 1058 1094 1082 ut
1105 1054 1235 1089 epistolas
1251 1053 1347 1089 lgnatii
1361 1054 1433 1089 apud
1447 1061 1477 1081 se
1493 1057 1679 1082 conservaret.
1696 1056 1729 1079 ut
1753 1051 1850 1086 Philip

1063 1108 1162 1136 penses
1175 1108 1222 1129 eas
1241 1101 1276 1128 ab
1297 1101 1358 1135 ipso
1378 1104 1511 1135 peterent,
1535 1105 1583 1127 aut
1603 1104 1634 1127 ut
1651 1100 1686 1127 ab
1707 1099 1744 1127 iis
1760 1099 1850 1134 petita

1063 1148 1193 1179 mitteret,
1216 1152 1243 1174 et
1268 1155 1326 1174 sua:
1342 1147 1466 1182 epistola:
1485 1146 1675 1181 subjungeret,
1701 1147 1743 1173 uti
1774 1146 1849 1172 mori

1062 1198 1135 1227 erat;
1152 1194 1193 1221 sic
1209 1194 1282 1221 enim
1307 1194 1398 1221 clerus
1413 1192 1556 1220 Romanus
1570 1193 1603 1219 ad
1619 1192 1650 1219 S.
1664 1192 1842 1228 Cyprianum

1064 1239 1162 1272 Quales
1176 1239 1281 1267 litteras
1299 1239 1325 1266 in
1346 1238 1469 1267 Siciliam
1486 1246 1588 1274 quoque
1607 1239 1775 1271 miserimus,
1795 1239 1848 1265 sub

1058 1285 1144 1320 facta:
1158 1285 1266 1312 habebis
1281 1292 1291 1312 :
1312 1285 1352 1313 sic
1367 1284 1489 1321 synodus
1508 1284 1642 1312 adversus
1661 1283 1782 1311 Paulum
1809 1283 1849 1310 Sa

1063 1336 1236 1360 mosatenum
1255 1336 1368 1363 coacta,
1386 1331 1421 1358 ad
1443 1330 1604 1366 Dionysium
1623 1329 1758 1369 Roman;
1780 1331 1850 1357 urbi

1061 1378 1233 1413 episcopum,
1250 1377 1394 1413 epistolam
1410 1376 1535 1412 Dionysii
1550 1376 1729 1404 Alexandrini
1750 1383 1850 1403 memo‘

1063 1428 1135 1457 rant,
1151 1421 1185 1459 ἧς
1207 1423 1299 1450 καὶτὸ
1313 1423 1491 1459 ἀντίγραφον,
1511 1423 1650 1457 inquiunt.
1668 1422 1847 1457 ὑπετάξαμεν

1062 1469 1137 1504 cujus
1150 1477 1230 1496 emam
1243 1468 1378 1503 exemplar
1391 1468 1563 1503 subjecimus.
1576 1467 1677 1495 Euseb.
1687 1466 1762 1495 Hist.
1777 1467 1850 1500 eccl.,

1062 1515 1080 1542 l.
1098 1523 1146 1547 vn,
1159 1523 1184 1542 c.
1197 1514 1242 1542 30.

220 1569 255 1589 an
271 1566 380 1596 propter
397 1561 469 1588 hanc
491 1559 728 1595 interpolationem
747 1557 917 1607 Nicephorus
930 1557 1012 1594 Poly-
1024 1579 1045 1607 ε
1098 1562 1167 1590 Tota
1181 1562 1265 1597 igitur
1282 1561 1407 1589 criminis
1431 1561 1550 1597 objectio
1574 1561 1608 1589 ad
1631 1561 1706 1588 illam
1732 1566 1849 1588 tantum-

220 1609 296 1643 carpi
312 1608 455 1643 epistolam
469 1607 672 1639 condemnavit,
697 1614 762 1638 cum
781 1605 808 1633 id
831 1613 926 1633 verum
949 1613 1012 1634 esse

219 1655 254 1682 de
267 1654 392 1689 epistolis
406 1653 504 1689 lgnatii
527 1660 581 1680 non
606 1660 688 1688 posse
707 1652 926 1687 pronuntiavcrit
948 1651 1012 1679 Dal-

221 1701 299 1731 laeus,
312 1700 384 1735 quod
400 1700 427 1726 in
444 1699 519 1726 nullo
532 1699 585 1726 alio
599 1706 683 1734 opere
696 1699 767 1726 idem
780 1699 933 1734 prmstitum
947 1698 983 1726 sit
994 1705 1010 1725 a

219 1742 393 1778 Nicephoro?
416 1743 456 1769 An
481 1743 526 1769 ille
548 1742 731 1778 Nicephorum
754 1743 790 1770 ob
810 1742 882 1770 hanc
896 1751 1009 1770 causam

219 1788 362 1825 Polycarpi
378 1788 521 1824 epistolam
543 1788 612 1816 adeo
635 1789 833 1821 nobilem,-tam
845 1788 890 1817 diu
901 1789 1010 1824 publice

221 1835 331 1867 lectam,
343 1839 370 1863 et
383 1836 416 1862 ab
431 1836 561 1862 omnibus
574 1835 608 1862 ad
622 1843 700 1863 suam
713 1843 800 1871 usque
811 1840 918 1862 aetatem
934 1839 1008 1863 tanta

219 1889 282 1909 cum
299 1881 476 1909 veneratione
490 1885 648 1916 susceptam
672 1889 728 1908 uno
747 1881 861 1908 verbulo
876 1881 1009 1916 'rejecisse

219 1929 288 1961 vult,
301 1928 348 1963 qui
369 1928 439 1955 idem
452 1927 483 1955 in
500 1927 606 1963 lgnatio
618 1927 678 1954 ﬁeri
692 1935 744 1955 non
758 1927 881 1962 potuisse
895 1932 1009 1955 conten-

218 1975 268 2007 dit,
285 1975 338 2002 nisi
356 1973 557 2002 Stichometriae
571 1977 670 2001 auctor
686 1973 712 2001 id
737 1973 827 2008 ipsum
843 1974 1008 2007 monuisset,

217 2023 246 2048 et
260 2020 405 2056 diligenter
423 2028 453 2048 se
476 2020 640 2055 purgasset?
655 2019 697 2046 An
715 2020 741 2047 id
762 2018 920 2055 Nicephoro
939 2020 1007 2048 sub-

217 2067 322 2096 ol'uisse
338 2071 392 2094 tam
407 2071 484 2094 certo
505 2066 613 2094 deliniri
626 2070 728 2102 potest,
743 2074 825 2102 quem
841 2066 940 2102 legisse
952 2066 1008 2093 Po-

217 2114 360 2150 l‘ycarpum
374 2113 496 2140 nondum
509 2113 624 2147 scimus,
644 2121 707 2141 cum
719 2112 860 2146 Pbotium,
873 2113 920 2149 qui
933 2121 1006 2141 eam-

216 2160 279 2189 dem
297 2160 390 2188 sedem
410 2163 473 2194 post
487 2167 590 2194 paucos
607 2167 695 2187 annos
713 2160 811 2192 tenuit,
831 2159 903 2187 idem
927 2159 1008 2194 plane

215 2206 307 2240 latuit,
323 2213 405 2242 quem
427 2209 454 2232 et
475 2205 619 2241 epistolam
639 2209 668 2233 et
690 2213 723 2233 ea
741 2205 824 2234 verba
841 2205 940 2241 legisse
955 2212 1006 2233 no~

214 2252 304 2280 vimus
315 2253 327 2279 ἰ

251 2300 306 2329 Sed
319 2300 386 2336 quid
400 2303 542 2327 auctorem
555 2298 689 2327 mendacii
701 2298 862 2334 quaerimus,
873 2298 922 2334 qui
936 2305 1005 2325 non-

215 2348 282 2376 dum
297 2346 473 2375 mendacium
496 2345 585 2379 ipsum
605 2344 855 2379 deprehendimus?
877 2343 1006 2371 Testimo-

215 2394 290 2420 nium
303 2391 458 2427 Polycarpi,
472 2390 571 2425 inquit,
584 2389 753 2417 subditiuum
763 2395 814 2422 est,
829 2394 854 2417 et
867 2389 1006 2416 mendacio

215 2441 376 2475 imperium.
404 2436 606 2465 Testimonium
636 2436 804 2469 audivimus,
832 2436 1004 2464 mendacium

215 2492 271 2513 non
288 2483 484 2519 perspicimus.
500 2481 555 2509 Sed
569 2481 703 2516 impostor
727 2481 759 2507 de
773 2480 881 2516 [gnatio
902 2482 941 2508 ita
963 2481 1004 2508 lo-

214 2530 317 2565 quitur,
334 2534 364 2556 ut
378 2536 438 2555 eum
452 2535 505 2563 quo
520 2533 636 2561 tempore
649 2526 705 2553 lucc
718 2526 819 2561 scripta
833 2530 905 2558 sunt,
917 2526 1004 2553 adhuc

215 2582 349 2610 superesse
369 2573 510 2610 signiﬁcet.
526 2572 566 2600 De
585 2572 656 2607 ipso,
673 2571 770 2606 inquit,
788 2570 904 2607 lgnatio,
923 2575 951 2598 et
971 2572 1005 2599 de

215 2622 259 2650 his
273 2621 319 2656 qui
335 2628 397 2648 cum
413 2627 446 2647 eo
466 2624 541 2652 sunt,
557 2617 631 2654 quod
649 2617 752 2645 certius
775 2616 952 2652 agnoveritis,
967 2617 1005 2645 si-

213 2667 351 2703 gnilicate.
376 2665 411 2692 At
430 2665 549 2699 epistola
575 2668 670 2691 auctor
690 2665 769 2698 plane
794 2663 849 2690 alia
873 2662 1001 2698 loquitur.

212 2713 377 2748 apertissime
391 2712 524 2747 affirmans
539 2710 748 2747 lgnatium,quo
763 2714 878 2744 tempore
897 2711 952 2745 ipse
967 2710 1002 2736 ad

213 2759 394 2794 Philippense:
403 2758 545 2790 scribebat,
553 2758 612 2793 jam
621 2758 703 2793 fuisse
713 2757 932 2792 τετελειωμένον.
942 2755 1003 2784 Huc

213 2806 323 2834 tandem
342 2810 399 2833 tota
413 2805 548 2833 mendacii
561 2804 708 2839 imputatio
723 2794 803 2831 redit.
819 2802 890 2836 Quid
909 2807 1000 2830 autem

212 2861 270 2880 meo
282 2853 315 2880 ad
327 2851 517 2880 testimonium
533 2856 670 2884 nostrum,
683 2849 755 2885 quod
773 2857 824 2876 nos
833 2857 867 2877 ex
880 2847 1000 2876 Eusebio

210 2897 567 2934 transcripsimusmptime
597 2901 670 2926 certe
686 2895 753 2924 illud
767 2899 794 2923 et
815 2903 878 2923 eum
895 2902 999 2931 praece-

1062 1609 1143 1635 modo
1161 1608 1323 1643 particulam
1340 1607 1468 1644 pertinet,
1496 1615 1615 1643 quacum
1632 1612 1757 1635 nostrum
1777 1608 1838 1634 testi

1061 1655 1184 1682 monium
1198 1654 1266 1681 nihil
1279 1662 1428 1681 commune
1448 1655 1541 1687 habet,
1555 1661 1617 1689 qua:
1631 1654 1655 1681 si
1678 1653 1847 1689 admittatur,

1061 1701 1129 1727 nihil
1142 1709 1193 1728 nos
1205 1700 1307 1736 juvat;
1332 1700 1356 1728 si
1380 1700 1532 1735 rejiciatur,
1561 1700 1629 1727 nihil
1652 1699 1732 1727 nobis
1757 1699 1846 1727 ollicit.

1060 1745 1159 1774 Nostra
1175 1751 1242 1774 tunc
1265 1747 1293 1774 in
1319 1745 1434 1781 epistola
1458 1746 1601 1782 Polycarpi
1616 1745 1685 1773 vidit
1706 1745 1845 1778 Eusebius,

1060 1799 1122 1819 cum
1139 1795 1196 1818 tota
1221 1796 1249 1818 et
1271 1791 1376 1826 integra
1403 1792 1430 1818 in
1447 1795 1586 1818 conventu
1609 1790 1684 1818 Asiae
1702 1790 1834 1826 legeretur

1059 1843 1122 1863 cum
1139 1835 1275 1863 Eusebius
1287 1843 1339 1863 nec
1349 1836 1410 1863 sine
1431 1842 1539 1863 summa
1554 1835 1721 1871 negligentia
1735 1840 1761 1863 et
1773 1836 1843 1863 osci-

1060 1881 1145 1909 tantia
1158 1881 1227 1916 l'alli,
1246 1890 1297 1910 nec
1312 1882 1373 1911 sine
1401 1882 1557 1910 incredibili
1580 1882 1697 1910 audacia
1711 1886 1738 1909 et
1758 1883 1842 1918 impu-

1059 1928 1150 1956 dentia
1166 1928 1260 1956 fallere
1273 1929 1373 1964 potuit.
1387 1928 1450 1957 llaec
1469 1928 1605 1964 particula
1618 1929 1775 1965 quingentis
1786 1933 1841 1964 [wst

1058 1974 1208 2003 Eusebium
1224 1976 1305 2003 annis
1320 1976 1348 2003 in
1359 1976 1455 2003 eadem
1470 1975 1587 2011 epistola
1599 1976 1734 2009 exstabat,
1761 1981 1789 2002 ut
1809 1982 1840 2003 ,ιι

1058 2021 1157 2048 Photio
1170 2021 1321 2055 discimus;
1347 2030 1383 2049 an
1408 2022 1523 2057 reliquis
1543 2029 1636 2050 coaeva
1662 2021 1742 2050 fuerit
1765 2022 1839 2057 plane

1059 2068 1209 2096 neseimus.
1225 2067 1278 2095 Sed
1300 2067 1323 2095 si
1349 2067 1446 2095 demus
1460 2075 1522 2094 eam
1536 2067 1620 2095 etiam
1643 2066 1728 2095 fuisse
1750 2058 1839 2094 nostra

1059 2114 1218 2141 testimonio
1241 2118 1365 2149 tempore
1389 2113 1502 2142 Eusebii
1532 2113 1697 2148 subiectam,
1723 2110 1838 2150 nondum;

1059 2163 1150 2187 tamen
1164 2159 1207 2187 vel
1221 2159 1295 2187 illam
1312 2160 1456 2188 mendacio
1469 2159 1622 2196 inspersam
1637 2166 1699 2188 esse
1718 2151 1837 2187 concedi-1

1059 2212 1131 2233 mus.
1153 2204 1211 2233 lmo
1237 2213 1302 2233 vero
1333 2205 1474 2241 quomodo
1490 2206 1549 2233 haec
1571 2205 1677 2234 verba:
1697 2205 1730 2232 Et
1742 2206 1773 2232 de
1783 2206 1836 2246 ipsa“

1022 2251 1045 2278 D
1059 2250 1184 2287 lgnatio,
1198 2256 1224 2279 et
1250 2252 1283 2279 de
1304 2252 1345 2280 his
1373 2252 1418 2285 qui
1439 2260 1500 2279 cum
1519 2260 1549 2279 eo
1571 2256 1645 2285 sunt,
1665 2254 1733 2287 quod
1744 2250 1835 2279 certi-0‘

1057 2297 1218 2332 agnoueritis
1235 2297 1396 2333 signiﬁcate,
1407 2305 1470 2333 qua:
1497 2297 1565 2324 nihil
1580 2297 1693 2324 omnino
1706 2288 1834 2336 asserturi,“

1058 2341 1126 2370 nihil
1141 2342 1278 2370 afﬁrmant
1288 2346 1336 2370 aut
1353 2345 1463 2376 negant,
1480 2341 1615 2369 mendacii
1629 2345 1658 2368 et
1678 2341 1782 2376 quidem
1794 2338 1833 2369 incl

1058 2388 1145 2423 signis
1171 2396 1217 2416 rea
1239 2395 1301 2416 esse
1324 2388 1441 2423 possint,
1471 2395 1526 2415 non
1549 2387 1679 2422 intelligo.
1708 2387 1757 2421 Qui
1773 2387 1813 2415 tali

1057 2434 1126 2462 mihi
1139 2435 1285 2467 scriberet,
1300 2441 1363 2462 eum
1380 2442 1414 2461 ne
1429 2441 1492 2461 vera
1506 2433 1616 2469 quidem
1631 2433 1741 2466 dixisse,
1753 2434 1825 2461 multo

1057 2481 1148 2509 minus
1174 2482 1319 2509 mentitum
1343 2488 1404 2509 esse
1432 2481 1562 2508 dicerem.
1590 2480 1701 2513 Verum,
1723 2480 1824 2516 inquies,

1056 2528 1184 2563 quamvis
1195 2536 1250 2556 non
1275 2533 1415 2562 asserunt,
1443 2528 1564 2556 iunuunt
1584 2532 1674 2555 tamen
1688 2528 1749 2555 illud
1762 2525 1823 2564 quod

1056 2580 1115 2602 erat
1127 2574 1237 2602 veritati
1254 2575 1437 2606 contrarium,
1453 2574 1573 2607 scilicet,
1594 2574 1726 2608 lgnatium
1739 2582 1820 2609 super“

1054 2628 1126 2654 esse,
1143 2620 1234 2648 vivere
1256 2624 1283 2648 et
1305 2620 1415 2652 valere,
1440 2628 1522 2655 quem
1544 2619 1708 2656 Polycarpus
1726 2624 1819 2648 noverat

1054 2671 1119 2694 ante
1131 2666 1292 2694 defunctum
1314 2674 1385 2694 esse.
1415 2666 1469 2694 Sed
1495 2674 1529 2694 ne
1550 2666 1601 2694 hoc
1616 2666 1721 2701 quidem
1741 2673 1826 2705 verum

1053 2716 1111 2746 est;
1128 2712 1270 2748 particulae
1284 2712 1359 2740 illius
1374 2716 1471 2739 auctor
1485 2719 1540 2739 non
1561 2711 1712 2746 signiﬁcat.
1723 2717 1765 2739 aut
1774 2712 1825 2750 ultoi

1054 2758 1136 2785 modo
1152 2758 1242 2785 innuit
1261 2757 1396 2793 lgnatium
1412 2762 1478 2785 tunc
1504 2758 1531 2784 in
1548 2757 1618 2785 vivis
1633 2757 1724 2786 fuisse.
1746 2757 1812 2784 Verba

1052 2802 1195 2837 particula:
1218 2802 1246 2830 in
1274 2803 1360 2830 veteri
1389 2801 1486 2829 Latina
1514 2802 1663 2830 versione:
1685 2802 1717 2830 Et
1734 2804 1812 2837 deipn

1052 2849 1183 2884 Ignatio,
1213 2854 1237 2876 et
1274 2849 1306 2876 de
1332 2849 1366 2876 iis
1394 2849 1438 2884 qui
1461 2857 1521 2876 cum
1545 2857 1575 2876 eo
1601 2854 1663 2876 sunt
1686 2849 1776 2885 (Grato:
1790 2853 1811 2876 ut

1051 2894 1171 2931 opinor,
1197 2894 1244 2922 καὶ
1275 2895 1341 2931 περὶ
1372 2893 1503 2928 Ὶγνατίου
1532 2895 1579 2922 καὶ
1609 2895 1672 2931 περὶ
1703 2895 1750 2922 τῶν
1769 2892 1809 2930 im‘
