1866 3073
22 86 24 131 Ι

22 135 24 155 ν
56 167 86 194 ill

381 165 409 193 J.
427 165 610 194 PEARSONII
630 165 790 195 VINDICIE
811 165 1022 195 lCNATIANtE.
1042 182 1076 187 —
1092 165 1184 194 PARS
1204 165 1224 192 Ι.

1587 164 1638 191 ΗΞ

22 210 23 215 η
53 227 189 263 strauit)un
217 227 310 253 tertius
344 228 506 262 agnoueritis
526 227 692 262 signiﬁcate;
716 229 798 255 verba
814 232 837 261 Α
887 229 975 263 Atque
992 228 1049 255 hth
1065 227 1097 254 de
1110 228 1175 260 lhlc;
1203 233 1275 253 nunc
1289 226 1323 253 de
1347 225 1373 253 vi
1393 225 1540 253 testimonii
1555 232 1638 261 agen-

52 272 197 302 Pbotiisuut:
217 272 335 298 Αὶτεῖται
353 272 560 308 ἀναδιδαχθῆναι
585 275 650 308 παρ’
666 273 758 300 αὐτῶν
774 273 801 300 εῐ

51 327 67 344 τι
78 319 127 354 περὶ
141 318 235 345 ἐκείνου
246 317 431 350 διακούσαιεν,
447 319 513 353 petit
525 323 554 346 ut
571 319 604 346 ab
622 320 686 354 ipsis
703 321 800 347 certior

49 367 90 398 ﬁat,
101 365 120 392 si
131 364 187 399 quid
198 364 229 391 de
250 363 297 391 illo
315 365 507 392 inaudiuerint.
533 365 628 392 Primo
643 369 732 392 autem
750 373 800 393 au-

49 412 89 438 dire
100 415 208 445 poterant
218 409 412 445 Philippenses
426 411 528 446 aliquid
544 411 578 439 de
601 410 706 446 lgnatio
725 411 798 445 vivo,

47 457 99 491 quod
110 456 260 492 Polyearpus
273 456 309 483 ab
325 457 382 485 illis
397 457 468 485 scire
477 464 588 493 cuperet
599 459 646 485 illo
658 457 797 486 defuncto.

48 502 189 537 lgnatius,ut
211 500 335 529 referunt
364 502 439 530 illius
451 507 522 535 acta.
545 511 592 538 per
615 503 798 539 Philippenses

47 549 180 583 prrtransicit
203 548 392 576 Macedoniam
412 550 507 584 pedes;
532 556 548 577 a
576 549 799 585 Philippensibus

47 595 102 622 missi
112 599 168 621 sunt
180 594 259 629 aliqui
271 595 318 629 qui
337 603 415 627 eum,
436 595 549 623 honoris
561 601 588 623 et
611 595 799 631 refrigeratio-

46 640 76 666 nis
88 646 166 671 caiisa,
180 639 204 666 in
217 639 315 667 itinere
327 640 509 673 deducerent,
524 641 595 675 quod
613 641 679 668 mihi
691 641 799 668 videtur

46 685 177 720 Polyearpus
188 686 214 712 in
229 685 309 712 initio
334 685 460 720 epistolas
481 686 613 719 immisse,
632 687 676 714 his
688 687 797 714 verbis:

45 731 171 766 Δεξαμένοις
184 731 216 758 τὰ
233 732 386 767 μιμήματα
401 732 451 767 τῆς
470 731 587 767 ἀληθοῦς
612 733 734 768 ἀγάπης,
752 733 799 759 καὶ

46 778 213 812 προπέμψασα,
223 779 261 810 ὡς
275 778 414 806 ἐπέϐαλεν
438 779 512 814 ὑμῖν,
527 780 591 811 tab;
610 778 799 814 ὲνειλημένους

45 824 84 855 mi;
95 824 258 860 ἁγιοπρεπέσι
279 825 406 860 δεσμοῖς,
429 833 490 859 quae
504 825 614 860 quidem
634 826 717 852 verba
735 833 798 852 cum

46 879 81 898 nec
90 876 149 899 recte
162 872 271 907 legeret,
289 880 343 899 nec
361 873 476 900 omnino
489 872 651 907 intelligeret
661 876 741 900 vetus
756 873 798 900 in-

45 920 131 951 terpres,
144 916 175 944 ita
189 916 330 944 transtulit
356 926 364 944 :
388 916 540 951 Suscipiens
555 917 700 944 imitabilia
721 917 798 944 verba

45 962 170 994 dilectionis,
179 970 255 997 quam
285 963 448 990 ostendistis
472 963 500 990 in
515 963 581 996 illis,
604 964 650 998 qui
666 965 799 999 prwmissi

46 1013 89 1035 sunt
102 1009 155 1035 ciris
175 1009 271 1036 sanctis
298 1009 440 1036 (iecorosis
465 1010 577 1038 vinculis
596 1011 732 1038 connexis.
759 1010 798 1038 Ita

47 1054 85 1085 ille.
101 1055 229 1090 δεξάμενος
246 1063 297 1090 pro
314 1055 485 1096 δεξαμένοις.
500 1055 604 1091 legens,
630 1060 713 1092 atque
737 1056 799 1084 ideo

47 1099 123 1135 reliqua
145 1102 228 1128 omnia
252 1101 392 1128 aliorsum
413 1101 539 1134 trahens;
556 1106 585 1129 tu
600 1102 798 1131 vertas:Con-

46 1147 128 1179 enisus
137 1154 190 1174 sum
205 1147 295 1180 vobis,
320 1148 372 1184 qui
399 1156 466 1175 verte
479 1148 621 1175 charitatis
634 1148 799 1183 exemplaria

46 1191 159 1225 recepistis.
169 1196 191 1218 et
202 1192 368 1225 deduxistis,
379 1198 409 1219 ut
425 1197 508 1219 uestro
521 1192 604 1226 ofﬁcio
619 1191 797 1225 conveniebat,

47 1236 145 1263 inrolutas
169 1237 295 1269 rinculis,
322 1246 386 1273 qua:
419 1238 518 1265 sanctis
543 1242 697 1264 ornamento
723 1243 796 1265 sunt.

46 1279 208 1314 Halloitiusdtc
223 1283 364 1310 ἐπέϐαλεν
382 1284 455 1319 ὑμῖν,
473 1284 600 1316 reddidit,
617 1289 647 1310 ut
661 1284 732 1311 vobis
745 1284 799 1310 Do-

46 1327 109 1353 minus
120 1329 263 1362 inspiravit;
280 1337 334 1365 ego
347 1329 452 1364 potius,
470 1334 498 1356 ut
512 1334 596 1356 vestro
611 1329 694 1364 ofﬁcio
707 1337 798 1356 com-c-

46 1371 119 1402 aiebat,
132 1373 189 1407 quia
215 1375 271 1401 lucc
294 1374 386 1401 multo
400 1374 566 1409 simpliciora
591 1379 666 1406 sunt,
689 1379 717 1402 et
746 1374 798 1402 hoc

46 1425 106 1444 sensu
117 1418 176 1446 bene
186 1419 290 1448 Graeca.
306 1419 486 1447 Deducehant
502 1420 583 1455 igitur
599 1427 632 1446 ex
644 1419 799 1455 Philippen-

46 1463 101 1490 sibus
111 1465 182 1499 aliqui
195 1465 331 1500 lgnatium
345 1465 517 1501 comitesque
531 1473 578 1500 per
598 1465 797 1499 Macedoniam,

46 1507 95 1536 forte
104 1510 173 1537 etiam
188 1519 274 1546 usque
299 1511 485 1547 Epidamum;
510 1512 581 1539 unde
602 1511 797 1548 pseudo-lgna-

45 1554 91 1585 tius.
103 1556 137 1583 vel
153 1557 238 1591 potius
264 1557 372 1593 aliquis
393 1557 474 1590 alius,
487 1557 533 1593 qui
550 1557 658 1585 titulum
675 1557 797 1593 epistola:

45 1600 67 1626 ad
77 1600 241 1637 Philippenses
263 1604 396 1639 prmlixit.
423 1603 552 1638 scriptam
566 1611 626 1630 eam
651 1603 737 1630 voluit
762 1593 833 1631 abc

45 1644 172 1680 Epidamno.
198 1648 230 1676 Hi
252 1650 340 1685 igitur
364 1649 507 1684 Philippos
520 1649 554 1676 ab
566 1648 670 1684 lgnatio
695 1650 798 1677 reversi

45 1692 106 1719 multa
119 1694 170 1722 sine
183 1695 265 1723 dubio
277 1696 311 1723 de
332 1696 395 1730 ipso
410 1696 573 1728 narrabant,
593 1696 678 1723 multa
695 1696 728 1723 de
752 1703 798 1723 co-

45 1738 207 1775 milibus,qua:
227 1740 256 1768 S.
280 1741 467 1777 Polycarpum
493 1741 528 1768 ab
552 1741 619 1776 ipsis
642 1742 737 1769 audire
749 1749 798 1769 vo—

45 1781 115 1816 luisse,
131 1786 206 1813 etiam
232 1792 293 1824 post
314 1787 479 1822 martyrium
507 1786 537 1814 S.
563 1787 670 1822 lgnatii,
685 1795 733 1823 par
757 1792 799 1815 est

45 1830 137 1858 cratere.
151 1831 272 1860 Secundo
290 1833 391 1861 audire
405 1838 527 1868 poterant
538 1833 727 1869 Philippenses
745 1833 797 1861 ali—

44 1875 92 1907 quid
103 1876 130 1903 de
142 1877 239 1913 lgnatio
250 1883 375 1911 mortuo,
392 1886 447 1906 non
462 1879 552 1906 minus
564 1887 647 1914 quam
673 1879 736 1906 vivo
749 1888 756 1906 :
770 1882 798 1906 et

45 1917 179 1957 Polycarpns
195 1924 253 1952 siue
272 1925 362 1952 dubio
373 1925 444 1952 scire
464 1925 551 1960 magis
579 1925 676 1952 avebat
688 1932 749 1959 qua:
762 1924 798 1951 ad

45 1972 143 2000 mortem,
154 1977 230 2003 quam
249 1977 313 2005 quae
330 1970 365 1997 ad
381 1969 490 1997 vincula
503 1969 599 2004 lgnatii
613 1969 796 2005 pertinebant;

44 2018 104 2044 quam
113 2016 229 2048 praeclare
252 2024 282 2044 se
297 2017 328 2043 iu
345 2016 404 2051 ipso
418 2016 549 2051 martyrio
575 2015 699 2051 gesserit,
713 2023 798 2050 quan-

44 2062 85 2087 lum
95 2062 210 2091 honorem
231 2064 401 2092 Christiana
424 2064 549 2100 religioni
573 2064 705 2096 attulerit,
731 2062 798 2099 quid

44 2107 133 2136 comites
143 2110 164 2137 ei
177 2110 203 2137 iu
227 2116 282 2139 tam
304 2111 437 2146 praecipiti
460 2111 581 2146 periculo
606 2110 796 2145 praestiterint.

43 2153 92 2186 Quid
104 2156 166 2190 passi
188 2157 251 2190 sint,
277 2162 331 2185 aut
354 2157 480 2190 fecerint,
494 2165 528 2185 an
543 2157 576 2185 de
589 2157 713 2192 reliquiis
729 2156 797 2184 tanti

44 2201 144 2235 martyris
154 2203 249 2239 aliquid
261 2204 500 2232 conservaverint.
526 2202 585 2231 Non
600 2203 674 2231 enim
689 2207 795 2231 tantum

43 2242 171 2281 ἀεικηθιῑο,
191 2249 236 2277 sed
265 2250 351 2278 etiam
376 2249 411 2277 de
433 2248 549 2277 Philone
572 2253 601 2276 et
617 2249 797 2284 Agathopode

43 2292 158 2321 comitibus
168 2295 224 2330 ejus
238 2299 350 2331 qumrtt.
363 2294 458 2323 Potuit
473 2295 554 2330 igitur
570 2294 737 2331 Polycarpus
752 2295 796 2322 in-

43 2339 104 2367 condi
118 2343 198 2370 studio
212 2343 340 2372 audiendi
354 2343 459 2379 aliquid
471 2343 505 2371 de
521 2342 626 2379 Ignatio
638 2343 710 2375 vivo,
722 2342 797 2378 quod

44 2386 138 2414 nondum
152 2389 299 2423 audiverat,
315 2390 379 2418 licet
393 2397 456 2417 eum
473 2389 530 2425 jam
553 2388 712 2417 defunctum
736 2395 798 2415 esse

43 2437 84 2457 non
94 2431 228 2469 dubitaret;
243 2437 332 2471 potuit
344 2435 462 2463 aviditas
474 2443 536 2463 eum
553 2439 644 2463 tenere
656 2435 747 2470 aliqua
763 2434 797 2461 de

44 2475 90 2509 ῑιιίο
101 2485 195 2508 mortuo
209 2483 332 2518 vivisque
359 2482 507 2510 comitibus
531 2481 711 2518 intelligendi,
735 2488 797 2516 quat

43 2523 102 2555 illius
123 2526 153 2554 ad
180 2528 364 2565 Pbilippenses
393 2529 420 2556 in
448 2529 627 2562 Macedonia,
652 2536 736 2564 quam
762 2527 796 2555 ad

44 2567 192 2605 Smyrnenses
202 2575 228 2602 in
251 2575 316 2603 Asia
344 2575 489 2610 pervenire
502 2579 624 2610 possent.
650 2573 711 2602 Non
731 2577 797 2602 sunt

43 2613 168 2649 iEum-hau:
183 2621 214 2649 de
225 2623 318 2650 eadem
346 2630 377 2650 re
398 2621 583 2654 dissentanea,
606 2621 681 2648 nulla
700 2620 728 2648 in
752 2620 796 2647 his

44 2662 115 2691 verbis
133 2668 298 2697 contrarietas
322 2673 373 2696 aut
398 2667 588 2703 repugnantia.
611 2666 702 2701 Quare
727 2665 796 2694 satis

44 2709 160 2739 manifesto
186 2722 233 2742 nos
255 2720 408 2743 extremam
435 2714 597 2749 particulam
618 2722 633 2741 a
656 2712 794 2741 mendacii

45 2754 134 2784 crimine
145 2758 326 2794 liberavimus;
347 2769 411 2789 eum
442 2765 544 2794 autem,
556 2760 604 2795 qui
621 2765 676 2787 tam
691 2759 796 2787 diserte

45 2800 191 2830 testiinonium
205 2805 344 2842 Polyearpi
367 2806 505 2834 mendacia
528 2806 690 2840 insperatum,
715 2810 738 2832 et
753 2805 793 2831 la-

46 2851 90 2871 :s-
98 2847 179 2884 insigni
188 2854 475 2889 mendacia'dcformem
485 2852 566 2887 dixit,
579 2852 626 2881 alii
638 2852 684 2888 qui
696 2852 792 2880 volunt

45 2895 64 2916 εί
75 2899 178 2931 Possunt.
193 2898 312 2929 liberem.

850 275 915 302 dum
928 279 980 302 est.
997 274 1101 302 Asserit
1114 273 1249 301 Eusebius
1262 273 1311 300 has
1325 273 1400 307 ipsas
1415 272 1556 306 epistolas,
1568 279 1639 307 quas

849 320 1035 352 defendimus,
1052 320 1136 348 fuisse
1150 328 1165 347 a
1184 319 1335 355 Polycarpo
1356 323 1532 346 memoratas.
1553 318 1608 345 Καὶ
1623 319 1639 346 ό

848 364 1028 402 Πολύκαρπος
1038 365 1066 392 δὲ
1084 365 1187 392 τούτων
1209 364 1297 391 αὐτῶν
1313 364 1448 399 μέμνηται
1465 365 1494 390 ἐν
1510 365 1543 400 τῇ
1557 371 1638 399 φερο-

851 412 919 447 μένῃ
935 410 1018 438 αὑτοῦ
1032 411 1099 447 πρὸς
1111 411 1308 446 Φιλιππησίους
1324 410 1462 446 ἐπιστολῇ.
1477 409 1528 437 Sed
1543 415 1568 437 et
1584 409 1638 436 Po-

849 456 973 491 lycarpus
989 457 1018 483 in
1045 465 1096 483 sua
1110 457 1144 483 ad
1162 456 1342 491 Philippenses
1358 456 1470 491 epistola
1484 457 1637 483 earumdem

849 503 968 530 meminit
993 503 1176 537 epistularum.
1205 502 1283 535 Quod
1305 502 1438 530 Eusebius
1460 502 1569 534 asserit,
1586 509 1636 529 nn-

849 548 900 576 stri
924 549 1028 583 pariter
1041 548 1194 582 allirmant;
1209 548 1326 576 Dallteus
1342 553 1433 583 negat.
1453 547 1565 575 Fatetur
1578 548 1636 582 qui-

849 594 910 622 dem
932 595 1026 622 tcstari
1053 603 1134 630 posse
1159 594 1349 631 Polycarpum,
1365 595 1472 630 aliquas
1493 595 1637 629 scripsisse

849 640 979 675 epistolas
994 640 1140 676 lgnatiutn,
1155 641 1205 669 has
1219 647 1309 668 autem
1322 648 1369 669 eas
1382 641 1468 668 fuisse
1484 645 1580 676 negat;
1598 641 1636 668 si-

849 686 928 714 miles
941 687 1031 721 aliqua
1047 695 1076 715 re
1090 687 1174 714 fuisse
1197 687 1322 722 largitur.
1346 687 1456 714 easdem
1472 686 1558 714 fuisse
1575 695 1637 722 per-

849 739 938 767 negat.
956 732 1102 761 Rationem
1115 734 1268 770 negationis
1283 734 1391 761 unicam
1405 733 1494 765 affert,
1514 733 1587 768 quod
1608 733 1634 761 id

849 779 996 807 clarissime
1007 784 1032 807 et
1046 780 1223 815 multifariam
1234 789 1250 807 a
1263 788 1288 807 se
1306 781 1386 816 fuerit
1406 780 1634 812 demonstratum,

849 825 884 853 ob
901 833 998 860 nempe
1018 825 1264 853 Valentinianorum
1290 827 1380 863 σιγὴν,
1398 832 1423 854 et
1448 826 1635 861 Patripassia-

849 879 943 898 norum
955 871 1078 903 Ita'resin,
1094 871 1251 907 similiaque
1266 880 1325 907 qua:
1346 872 1405 906 ﬁeri
1422 880 1472 898 non
1493 877 1578 906 potest
1606 877 1635 899 ut

848 917 966 950 epistola:
982 925 1039 944 uere
1061 917 1093 943 ab
1108 917 1216 952 [gnatio
1229 918 1335 952 scriptte
1358 917 1508 946 habuerint.
1539 917 1576 946 Ita
1601 920 1635 946 alt

850 967 1012 998 argumento
1036 971 1051 990 a
1068 963 1231 990 testimoniis
1252 963 1348 999 petito,
1372 963 1404 991 ad
1420 964 1486 991 illud
1509 964 1581 1000 quod
1601 970 1634 992 ex

850 1007 964 1034 materia
978 1007 1068 1043 operis
1081 1007 1234 1040 deducitur,
1248 1008 1396 1036 desultorie
1409 1009 1518 1042 transit,
1529 1014 1556 1036 et
1571 1017 1633 1037 cum

849 1057 963 1080 externo
977 1058 1140 1088 argumento
1159 1054 1303 1089 premitur,
1330 1054 1362 1081 ad
1381 1055 1518 1081 internum
1536 1054 1634 1082 confu-

849 1098 895 1133 git.
909 1098 1009 1126 Dicunt
1022 1100 1109 1127 nostri
1125 1099 1305 1136 Polycarpum
1333 1100 1426 1127 testari
1453 1099 1482 1127 S.
1499 1101 1633 1136 lgnatium

851 1144 900 1171 has
913 1144 1043 1179 epistolas
1058 1145 1219 1180 scripsisse;
1238 1145 1394 1180 respondet.
1418 1146 1483 1181 ipsa:
1511 1146 1633 1174 luculen-

850 1190 950 1217 tissime
961 1196 1067 1225 negant.
1084 1189 1198 1218 Frustra
1213 1192 1327 1218 omnino
1347 1195 1374 1218 et
1387 1192 1469 1220 dictis
1495 1200 1578 1220 causa
1592 1201 1635 1220 re-

848 1234 972 1263 fellendis
990 1241 1147 1263 nostrorum
1164 1237 1332 1271 argumentis
1351 1244 1366 1264 a
1381 1241 1503 1264 veterum
1515 1238 1635 1265 auctori-

849 1285 903 1308 tate
915 1282 1030 1317 sumptis
1042 1282 1190 1314 insudavit,
1206 1282 1229 1310 si
1252 1283 1360 1318 quoties
1374 1291 1405 1310 ea
1417 1283 1583 1316 atteruntur,
1600 1285 1634 1311 :ul

848 1327 916 1355 tales
942 1328 1192 1355 demonstrationes
1216 1333 1357 1361 recurrat;
1380 1337 1442 1356 cum
1469 1337 1522 1356 una
1551 1338 1633 1365 opera

847 1374 939 1408 potius
950 1374 1042 1401 omnia
1066 1374 1209 1408 repudiare
1233 1374 1366 1402 debuerit.
1385 1374 1438 1402 Sed
1457 1382 1509 1402 nos
1522 1376 1634 1403 demon-

849 1420 996 1447 strationes
1018 1419 1079 1455 ejus
1104 1427 1199 1447 omnes
1210 1427 1280 1454 quas
1293 1421 1395 1455 ubique
1416 1421 1556 1455 praedicat,
1571 1429 1635 1456 pro-

849 1467 921 1492 xima
929 1465 1133 1497 dissertatione,
1149 1465 1201 1492 hoc
1213 1469 1264 1498 est,
1275 1473 1326 1493 suo
1337 1465 1408 1498 loco,
1418 1467 1635 1501 objectiunculas

848 1516 954 1539 tantum
980 1511 1113 1544 infirmas,
1141 1511 1350 1546 levissimasque
1375 1512 1549 1547 conjecturas
1574 1520 1636 1540 esse

849 1557 1110 1590 demonstrabimus,
1136 1562 1218 1593 atque
1239 1558 1347 1585 interim
1363 1557 1415 1586 hoc
1442 1557 1532 1592 ipsum
1555 1557 1636 1595 Poly-

848 1604 922 1638 carpi
936 1603 1122 1631 testimonium
1150 1603 1341 1637 defendemus,
1367 1608 1395 1631 et
1418 1608 1495 1631 extra
1525 1612 1634 1632 omnem

848 1650 1074 1677 contradictionis
1090 1650 1176 1678 aleam
1190 1657 1334 1685 ponemus.

885 1695 954 1729 Has,
980 1696 1080 1731 inquit,
1095 1697 1233 1731 scripsisse
1252 1695 1384 1732 lgnatium
1399 1703 1451 1722 non
1471 1695 1535 1722 dicit
1562 1695 1635 1723 locus

849 1743 974 1778 objectus.
992 1743 1061 1776 Quid
1077 1743 1176 1778 igitur?
1188 1751 1223 1771 an
1241 1743 1331 1770 minus
1350 1742 1478 1770 idoneum
1495 1746 1537 1769 est
1557 1743 1636 1770 testi-

848 1790 984 1823 monium,
999 1794 1047 1816 aut
1065 1797 1099 1817 eo
1115 1789 1225 1816 nomine
1243 1789 1334 1816 statim
1352 1788 1552 1824 rejieiendum?
1568 1788 1637 1822 Quis

848 1842 969 1869 unquam
986 1841 1109 1862 veterum
1133 1835 1202 1862 dixit
1225 1841 1274 1862 eos
1288 1834 1386 1870 libros,
1399 1842 1469 1869 quos
1495 1842 1570 1861 nunc
1585 1835 1636 1862 ha-

848 1880 956 1914 bemus,
984 1879 1070 1908 fuisse
1094 1881 1129 1908 ab
1159 1880 1213 1908 illis
1235 1880 1365 1915 scriptos,
1383 1881 1484 1915 quibus
1504 1880 1561 1915 jam
1586 1880 1637 1907 tri-

848 1926 1042 1954 buuntur?An
1054 1934 1149 1954 eorum
1167 1926 1312 1962 quisquam
1330 1926 1399 1953 vidit
1423 1932 1516 1953 nostra
1544 1934 1637 1954 exem-

848 1972 953 2008 plaria?
980 1979 1014 1999 an
1039 1972 1110 1999 scire
1137 1972 1193 1999 ullo
1210 1971 1293 1999 modo
1308 1973 1413 2007 potuit,
1441 1972 1507 2007 quid
1521 1979 1571 1999 nos
1585 1972 1637 1999 hac

848 2022 926 2045 astate
938 2018 1109 2053 legeremus?
1132 2016 1160 2044 Si
1187 2018 1227 2045 sic
1240 2017 1353 2045 criticen
1379 2025 1506 2045 exercere
1520 2018 1636 2053 placeat,

848 2063 975 2091 universa
988 2069 1109 2090 veterum
1123 2063 1278 2090 testimonia
1289 2063 1427 2091 incassum
1441 2063 1519 2091 libris
1535 2064 1636 2091 nostris

848 2109 991 2137 doctorum
1011 2109 1133 2137 virorum
1160 2109 1295 2137 industria
1309 2109 1444 2144 praeﬁxit:
1470 2117 1532 2144 qua:
1546 2110 1636 2144 potius

848 2155 875 2182 in
889 2160 1029 2190 posterum
1057 2156 1194 2184 eradenda
1221 2156 1368 2189 videntur;
1384 2155 1408 2183 si
1421 2155 1495 2183 enim
1517 2156 1573 2182 haec
1587 2155 1636 2182 ob-

848 2202 967 2229 servatio
989 2202 1131 2235 obtineat,
1160 2202 1236 2229 nihtli
1255 2207 1319 2229 sunt
1335 2201 1438 2228 omnia.
1467 2200 1554 2228 Verba
1572 2204 1637 2228 sunt

850 2246 964 2274 Dallaai:
991 2247 1067 2280 Quod
1082 2247 1152 2274 enim
1164 2248 1254 2279 aiunt,
1275 2246 1422 2282 lgnatiana
1445 2246 1516 2281 apud
1539 2251 1636 2272 veteres

848 2292 882 2319 ab
895 2292 971 2320 omni
985 2299 1044 2320 sevo
1058 2291 1154 2319 Patres
1173 2292 1232 2327 pari
1259 2299 1319 2318 cum
1343 2291 1486 2319 Clementis
1504 2296 1529 2318 et
1553 2290 1636 2326 Poly-

849 2340 922 2375 carpi
944 2339 1064 2375 epistolis
1091 2339 1244 2366 reverentia
1268 2346 1376 2374 semper
1395 2338 1488 2373 fuisse,
1511 2337 1538 2364 id
1553 2337 1637 2364 miror

847 2388 882 2414 iis
899 2387 1028 2414 excidisse
1045 2387 1090 2421 qui
1117 2386 1196 2422 probe
1215 2386 1320 2417 sciunt,
1341 2390 1481 2419 utramque
1501 2384 1569 2411 hanc
1582 2384 1637 2418 epi-

847 2435 943 2462 stolam
958 2433 990 2461 ab
1004 2433 1106 2460 Irenwo
1118 2433 1221 2468 magnis
1231 2432 1355 2459 laudibus
1371 2431 1530 2458 celebratam
1542 2431 1635 2466 fuisse,

847 2487 873 2508 et
898 2480 1090 2509 Clementinam
1106 2479 1210 2515 proprie
1235 2487 1251 2505 a
1277 2478 1406 2512 Dionysio
1423 2476 1563 2504 Corinthio
1576 2476 1637 2503 tau-

847 2527 950 2554 datam.
977 2525 1030 2553 Sed
1056 2533 1141 2560 quare
1157 2525 1272 2552 miretur
1295 2531 1349 2550 non
1362 2523 1453 2555 video,
1473 2529 1536 2549 cum
1552 2522 1636 2557 probe

847 2573 928 2605 sciat,
943 2579 993 2599 nec
1005 2571 1035 2598 S.
1049 2571 1180 2597 [remeum
1198 2569 1269 2596 hanc
1278 2567 1434 2603 Polyearpi,
1452 2572 1499 2594 aut
1514 2566 1638 2594 Clemen-

847 2618 892 2649 tis,
907 2625 958 2645 nec
973 2615 1132 2651 Dionysium
1149 2615 1219 2642 hanc
1242 2614 1271 2640 S.
1295 2613 1446 2641 Clementis
1456 2613 1566 2647 proprie
1576 2612 1637 2639 lau-

846 2663 935 2691 dasse.
968 2662 998 2689 S.
1022 2661 1117 2689 lrenazi
1143 2661 1224 2688 verba
1240 2663 1325 2687 sunt:
1342 2657 1396 2686 Sub
1414 2658 1462 2685 hoc
1479 2659 1563 2694 igitur
1577 2657 1636 2686 ϐίον

848 2715 941 2743 mente,
949 2709 1113 2737 dissensione
1126 2716 1178 2734 non
1189 2707 1295 2734 modica
1311 2706 1381 2733 inter
1395 2714 1442 2733 eos
1456 2706 1500 2741 qui
1513 2705 1636 2733 Corinthi

846 2761 929 2784 essent
947 2756 1043 2791 fratres
1057 2755 1141 2790 facta,
1156 2754 1264 2788 scripsit
1278 2761 1337 2787 quia
1353 2757 1392 2780 est
1409 2751 1501 2779 Rome
1517 2750 1636 2778 Ecclesia

845 2803 1041 2838 potentissimas
1071 2802 1174 2829 litteras
1204 2801 1363 2828 Corinthiis.
1392 2799 1453 2835 Non
1479 2797 1547 2825 dicit
1566 2798 1637 2825 hanc

845 2850 998 2885 epistolam,
1031 2857 1114 2885 quam
1142 2855 1216 2876 nunc
1247 2848 1391 2880 habemus,
1416 2846 1450 2873 ad
1478 2844 1636 2872 Corinthios

847 2901 911 2924 tunc
925 2895 1010 2924 fuisse
1026 2895 1173 2931 scriptam;
1198 2902 1251 2921 non
1274 2892 1394 2920 afﬁrmat
1407 2892 1488 2923 hanc,
1503 2898 1537 2917 ne
1553 2889 1635 2916 ullam
