1866 3073
211 165 263 194 ηδ

733 162 762 190 8.
779 161 954 190 IGNATIUS.
975 175 1010 180 —
1028 159 1295 188 PBOLEGOMENA.

1793 158 1855 185 1H

210 227 320 263 quidem
333 233 348 253 a
374 225 513 253 Clemente
529 223 614 252 fuisse
629 228 781 252 exaratam.
799 224 836 250 De
854 221 995 259 Polycarpi
1011 224 1033 251 Α
1049 221 1180 256 probatus
1202 222 1248 255 sit,
1264 226 1293 248 ut
1318 219 1511 253 Antiochcnze,
1529 219 1555 247 id
1569 225 1612 247 cst
1625 219 1752 247 omnium
1777 227 1855 254 ψη·

209 270 325 307 epistola
342 270 400 298 haec
414 270 514 298 habet:
543 269 592 297 Est
620 275 709 297 autem
731 274 755 296 et
779 269 891 305 epistola
913 269 997 303 Poly-

209 318 284 354 carpi
297 317 331 344 ad
346 316 526 352 Philippense:
552 317 654 352 scripta
679 316 882 351 perfectissima,
898 323 931 342 ea:
944 323 998 350 qua

210 364 391 390 characterem
414 363 476 398 fidei
504 361 576 397 eius,
590 367 615 389 et
630 361 847 397 prwdicatianem
866 361 997 393 veritatis,

209 409 256 442 qui
271 408 372 441 uolunt,
391 413 415 435 et
436 415 528 434 curam
553 406 650 434 habent
664 415 720 434 sua:
745 407 862 439 salutis,
889 412 998 440 possunt

209 457 322 485 discere.
338 455 396 483 Non
413 455 530 482 afﬁrmat
543 455 666 483 eamdem
678 454 821 491 epistolam
833 461 893 482 eam
913 453 999 482 fuisse

208 511 272 539 quze
286 510 359 530 nunc
381 505 483 533 exstat,
500 501 557 528 imo
582 501 687 529 nullum
715 501 901 529 characterem
916 500 999 529 tradit

211 549 277 577 huic
293 548 469 584 peculiarem.
485 547 523 575 De
537 547 686 575 Clementis
707 547 824 583 epistola
850 546 997 583 Dionysius

209 595 417 622 Corinthiorum
429 594 586 629 episcopus,
600 594 634 621 ad
650 593 773 621 Son-rem
788 593 881 620 Roma:
891 593 999 628 episco-

210 649 274 676 pum
293 641 351 668 hac
371 640 486 667 scribit:
505 639 594 667 Hodie
618 648 725 667 sacrum
736 639 806 667 diem
831 639 999 666 Dominicum

210 687 407 722 transegimus,
434 686 462 712 in
487 694 538 721 quo
569 686 709 721 epistolam
735 691 850 713 vestram
874 686 997 720 legimus,

208 741 289 769 quam
302 732 409 768 quidem
435 737 558 769 perpetuo
570 732 692 766 deinceps
707 731 820 767 legentes
839 731 947 766 perinde
967 739 998 758 ac

208 788 325 814 priorem
348 779 424 807 illam
447 780 520 806 nobis
550 787 566 805 ιι
591 778 723 806 Clemente
749 778 878 809 scriptam
902 777 1000 812 episto-

209 826 282 858 lam,
303 826 410 860 optimis
433 825 572 861 prmeeptit
599 833 630 852 ac
662 824 828 851 documentis
850 822 999 850 abundabi-

209 880 280 900 Μαι.
295 871 393 899 Tradit
414 872 525 907 quidem
540 875 568 899 et
584 871 629 899 ille
655 870 801 906 epistolam
819 869 966 905 quamdam
982 877 997 897 a

1050 267 1121 302 apud
1134 272 1227 303 gentes
1251 271 1331 294 erant
1358 266 1544 294 Ecclesiarum
1567 265 1782 301 antiquissimae,
1817 262 1855 291 ad

1050 314 1118 347 haec,
1132 314 1169 342 ob
1196 313 1316 341 civitatis
1343 314 1370 340 iu
1395 313 1499 341 saeculo
1525 312 1733 348 amplitudinem
1760 316 1855 346 atque

1049 360 1248 396 praestantiam,
1263 359 1451 393 nobilissimae,
1474 358 1574 395 praefici
1601 359 1744 386 tueruerit.
1769 356 1855 391 Quid

1048 406 1110 441 ejus
1127 410 1271 441 postremo
1293 406 1455 441 martyrium
1483 405 1585 438 dicam,
1598 412 1652 440 quo
1674 412 1761 440 opere
1774 403 1855 431 nihil

1050 459 1171 487 unquam
1186 451 1259 486 apud
1287 456 1397 479 nostros
1411 451 1591 479 excellentius
1608 454 1656 478 aut
1677 450 1855 486 praeclarius

1050 498 1174 526 habitum
1202 497 1287 525 fuisse
1312 497 1434 525 scimus?
1460 496 1547 533 Hujus
1557 504 1623 532 ergo
1636 496 1704 524 tanti
1731 504 1768 524 ac
1784 493 1855 523 talin

1049 544 1113 577 viri,
1127 543 1153 571 in
1166 551 1221 579 quo
1233 551 1341 571 summa
1362 543 1455 571 omnia
1470 547 1561 576 erant,
1585 542 1609 571 si
1634 543 1695 570 alia:
1709 541 1855 577 fuissent,

1049 599 1132 627 quam
1150 599 1212 627 quae
1226 599 1300 618 nunc
1321 591 1555 619 circumferuntur
1578 590 1711 626 epistolae,
1723 598 1777 618 eas
1789 591 1855 625 jam

1049 637 1084 664 ab
1095 636 1150 663 illis
1163 635 1343 671 temporibus,
1357 635 1520 671 sieculisque
1529 635 1650 670 proxime
1660 635 1855 670 sequentibus

1049 683 1242 711 celeberrimas
1254 682 1340 711 fuisse
1355 690 1468 710 necesse
1492 686 1547 713 est,
1569 686 1598 709 et
1622 686 1685 718 post
1700 682 1855 717 apostolo-

1049 737 1111 757 rum
1127 729 1248 764 ipsorum
1269 734 1296 757 et
1322 729 1473 757 Clementis
1503 728 1527 757 si
1551 728 1620 757 forte
1643 729 1748 764 scripta
1764 729 1855 762 longe

1049 775 1249 804 nobilissimas.
1275 776 1329 804 Sed
1352 784 1400 804 eas
1429 780 1528 811 praeter
1558 775 1680 804 auctoris
1699 776 1855 807 meritum,

1049 822 1139 858 ipsum
1168 822 1282 858 insuper
1306 827 1426 857 tempus,
1452 830 1508 858 quo
1522 822 1593 850 data-
1616 830 1676 850 esse
1698 822 1853 853 dicuntur,

1049 875 1132 904 supra
1147 869 1260 896 modum
1277 868 1423 896 nobilitare.
1434 868 1538 896 debuit.
1556 868 1646 896 Innuit
1659 869 1734 896 enim
1760 868 1853 903 Puly-

208 917 349 945 Clemente
362 917 396 945 ad
407 917 568 945 Corinthios
587 917 718 952 scriptam
743 915 840 949 fuisse,
856 916 924 943 etin
946 915 993 944 Ec-
1012 914 1034 944 Β
1048 922 1148 950 corpus
1158 907 1193 942 ab
1205 914 1311 950 lguatio
1326 915 1353 942 in
1371 915 1518 950 supremis.
1546 915 1573 942 in
1591 915 1711 950 martyrii
1724 915 1853 942 malit:-

208 963 291 992 elesia
307 964 403 991 lectam
418 971 426 990 :
449 971 505 990 non
518 963 583 991 dicit
596 963 676 993 bane.
689 970 772 998 quam
790 961 889 990 Junius
902 970 935 990 ex
953 970 999 990 co-

208 1010 270 1038 dice
282 1009 367 1046 Regio
382 1011 545 1046 descripsit,
561 1018 621 1037 eam
651 1009 755 1037 fuisse:
777 1010 832 1037 imo
844 1009 935 1044 qualis
954 1008 999 1036 illa

209 1057 293 1085 fuerit
309 1065 392 1092 quant
419 1056 555 1084 Corinthii
584 1055 719 1091 legebant,
740 1055 816 1082 nullo
846 1055 930 1084 modo
950 1055 999 1082 de-

208 1102 308 1138 pingit,
320 1106 351 1129 ut
366 1106 488 1129 uestram
504 1101 536 1128 ad
550 1101 626 1128 illius
640 1101 827 1128 characterem
842 1099 1000 1128 examinare

209 1155 364 1183 possemus.
381 1147 415 1174 Et
433 1151 523 1174 tamen
540 1147 598 1174 lucc
619 1146 713 1174 lrenmi
731 1151 758 1174 et
787 1145 910 1182 Dionysii
924 1145 1001 1174 testi-

209 1193 302 1220 monia
315 1192 349 1220 ad
367 1192 568 1220 Clementinam
598 1191 744 1227 epistolam
764 1191 999 1219 statuminandam

209 1246 339 1274 magnam
355 1239 411 1266 vim
426 1237 528 1266 habere
540 1237 648 1270 volunt,
675 1236 819 1274 Polycarpi
835 1241 926 1265 autem
943 1236 1001 1266 suf-

210 1283 329 1320 fragium
354 1287 384 1311 et
413 1283 501 1310 multo
531 1283 673 1318 antiquius
701 1287 784 1318 atque
811 1282 942 1311 disertius
967 1283 1000 1312 ad

210 1329 308 1365 lgnatii
320 1328 452 1364 epistolas
463 1329 668 1357 confirmandae.
682 1330 762 1366 plane
777 1330 893 1359 nullam.

246 1374 309 1404 llaec
325 1383 388 1403 cum
404 1375 484 1403 unica
511 1375 548 1404 sit
572 1375 701 1411 olnjectio,
722 1383 783 1412 quae
806 1376 916 1412 proprio
945 1377 1000 1405 vim

209 1422 361 1451 testimonii
376 1426 491 1457 spectat,
506 1426 606 1458 praeter
628 1422 766 1451 silentium
792 1423 897 1458 lrenaei,
927 1424 1002 1459 quod

210 1467 338 1504 proxinfo
361 1468 452 1504 capite
482 1468 696 1497 examinandum
726 1473 789 1503 est;
821 1477 939 1505 cumque
969 1477 1000 1497 ea

211 1519 267 1543 tam
286 1515 379 1550 iniqua
401 1522 434 1542 ac
449 1514 516 1543 levis
531 1515 584 1548 sit,
598 1519 628 1542 ut
642 1522 738 1542 omnes
750 1515 857 1549 vident;
877 1521 1000 1551 superest

211 1566 242 1589 nt
258 1561 449 1598 Polycarpiani
473 1560 595 1596 sull'ragii
622 1560 708 1589 robur
733 1561 815 1589 latius
838 1561 999 1596 explicetur,

211 1608 392 1643 omniumque
406 1607 496 1636 oculis
520 1607 623 1636 clarius
637 1612 801 1642 exponatur.
819 1607 913 1635 Primo
926 1608 1000 1636 enim

211 1654 379 1691 Polycarpus
395 1661 450 1682 non
467 1658 574 1682 tantum
589 1659 707 1682 testatur
732 1654 878 1690 scripsisse
895 1655 1002 1690 aliquas

211 1701 341 1737 epistolas
364 1699 515 1736 lgnatium,
530 1700 578 1728 sed
603 1700 741 1736 significat
763 1700 926 1737 συναγωγὴν
941 1701 1002 1736 epi-

212 1748 345 1776 stolarum
360 1746 421 1782 ejus
436 1751 502 1774 tunc
518 1746 650 1782 temporis
666 1745 790 1782 Smyrna:
798 1754 828 1774 se
842 1755 898 1782 prie
912 1747 1002 1774 mani-

213 1794 265 1822 bus
277 1793 430 1826 habuisse;
452 1792 610 1820 earumdem
631 1792 772 1828 exemplar
798 1792 920 1827 epistola
944 1800 1002 1820 suae

212 1841 309 1875 (quam
325 1838 435 1866 aliunde
450 1839 477 1866 in
492 1837 618 1866 ecclesiis
633 1837 764 1865 Asiaticis
775 1837 886 1873 publice
900 1838 999 1866 lectam

212 1884 327 1921 scimus)
342 1893 371 1913 se
386 1883 538 1920 subiecisse
557 1883 654 1917 tradit,
667 1887 696 1911 et
714 1882 938 1919 Pliilippcnsibus
951 1883 1003 1911 mi-

213 1931 294 1966 sisse,
310 1932 392 1967 idque
405 1931 528 1967 ipsorum
544 1935 658 1966 rogatu;
673 1930 769 1966 quanti
784 1938 832 1958 eas
854 1931 910 1965 ipse
929 1930 1003 1958 aesti-

214 1983 302 2006 maret
314 1978 435 2014 optimus
456 1978 540 2013 judex
554 1977 693 2010 ostendit,
706 1984 809 2012 easque
822 1976 1003 2012 Philippensi-

214 2025 266 2052 bus
279 2024 443 2052 utilissimas
468 2023 528 2052 fore
555 2023 710 2059 profitetur,
734 2027 762 2051 et
784 2023 875 2057 fidem,
897 2023 1004 2059 patien-

214 2070 295 2104 tiam,
307 2077 472 2106 omnemque
498 2068 708 2098 aediﬁcationem
731 2069 764 2097 ad
781 2069 927 2097 Dominum
941 2077 1005 2105 per-

215 2116 348 2144 tinentem
360 2116 503 2144 continere
519 2116 646 2144 alllrmat.
672 2112 736 2143 Haec
748 2115 781 2143 de
792 2110 918 2150 epistolis
932 2122 1003 2150 quas

215 2162 274 2198 ipse
288 2162 398 2198 collegit
411 2166 439 2189 et
454 2161 526 2197 apud
551 2169 582 2189 se
597 2161 693 2189 habuit
716 2168 779 2189 cum
795 2164 910 2188 testetur
922 2158 1004 2196 Poly-

214 2217 326 2245 carpus,
337 2208 448 2237 easdem
463 2208 577 2236 omnino
590 2216 653 2236 eum
669 2207 847 2239 intellexisse,
863 2213 933 2242 quas
954 2214 1003 2235 nos

1050 961 1253 997 tione,eoipso
1280 966 1402 996 tempore
1429 962 1545 998 scriptas
1560 962 1664 993 fuisse.
1687 969 1746 997 quo
1771 962 1851 989 alita

1050 1009 1204 1037 Antiochia:
1233 1009 1304 1044 apud
1329 1008 1351 1035 Τ
1355 1009 1479 1044 rajauum
1504 1009 1714 1044 praeclarissima
1737 1008 1794 1036 Chi
1804 1009 1851 1035 isti

1050 1055 1236 1088 confessione,
1263 1054 1395 1090 principis
1420 1063 1468 1083 ore
1492 1056 1524 1082 ad
1557 1055 1660 1083 bestias
1680 1056 1850 1087 damnatus,

1051 1099 1166 1127 Romam
1181 1100 1215 1128 ad
1228 1104 1343 1128 mortem
1368 1107 1419 1135 pro
1450 1099 1565 1128 Domino
1589 1100 1773 1136 oppetendam
1798 1101 1851 1128 ab-

1051 1145 1213 1172 ducebatur.
1228 1144 1297 1173 Cum
1322 1145 1406 1181 igitur
1431 1146 1580 1174 cliarorum
1605 1146 1708 1181 pietate
1725 1154 1849 1181 μηδετ-

1051 1191 1099 1218 tim
1116 1199 1148 1219 ac
1169 1191 1270 1219 virtute
1286 1191 1475 1226 praestantium
1500 1192 1623 1220 virorum
1653 1193 1680 1220 in
1704 1193 1851 1228 supremis

1052 1237 1140 1266 editas
1154 1246 1236 1266 voces
1250 1245 1348 1274 magna
1378 1246 1445 1266 cura
1471 1238 1607 1274 excipere,
1630 1247 1753 1273 servare,
1774 1239 1849 1267 cele-

1050 1286 1133 1316 brare
1147 1286 1342 1321 memoriaeque
1355 1290 1530 1321 posterorum
1545 1286 1675 1314 mandare
1689 1287 1847 1319 soleamus,

1052 1339 1108 1366 quo
1123 1331 1216 1359 studio
1237 1339 1253 1358 a
1274 1331 1342 1358 viris
1368 1331 1424 1358 illis
1440 1335 1489 1358 aut
1501 1331 1626 1359 ecclesiis
1637 1336 1767 1367 exceptas
1782 1339 1847 1359 esse

1051 1385 1101 1413 par
1114 1382 1155 1406 est
1170 1377 1336 1406 sanctissimi
1364 1377 1494 1413 martyris
1520 1377 1554 1405 ad
1578 1385 1609 1406 se
1630 1379 1657 1405 in
1673 1377 1742 1413 ipsa,
1757 1383 1790 1406 ut
1804 1379 1848 1406 sic

1052 1424 1154 1458 dicam,
1170 1432 1254 1452 arena
1269 1424 1385 1459 scriptas
1398 1424 1513 1458 litteras,
1525 1432 1582 1460 quo
1593 1425 1749 1452 animorum
1766 1429 1844 1452 mutu

1052 1470 1194 1504 recitatas,
1205 1478 1260 1506 qua
1275 1470 1409 1499 cbaritate
1421 1478 1485 1498 cum
1500 1471 1569 1504 suis.
1580 1478 1746 1506 quacunque
1761 1470 1843 1499 Chri-

1051 1518 1087 1545 sti
1113 1526 1213 1546 nomen
1243 1519 1407 1552 colebatnr,
1437 1519 1570 1548 fratribus
1602 1520 1845 1553 communicata}

1052 1563 1198 1592 Summum
1222 1566 1402 1593 ecclesiarum
1426 1565 1454 1594 in
1479 1566 1546 1594 istas
1560 1566 1691 1601 epistolas
1706 1574 1843 1598 amorem.

1052 1618 1189 1638 summam
1207 1611 1423 1646 eolligeudarum
1447 1616 1475 1639 et
1502 1612 1699 1640 servandarum
1719 1616 1745 1639 et
1768 1612 1841 1647 apud

1051 1655 1151 1684 fratres
1161 1656 1431 1685 disseminandarum
1447 1665 1541 1685 curam
1552 1677 1560 1690 ,
1577 1664 1773 1693 summumque
1783 1663 1839 1685 stu-

1052 1703 1129 1731 dium
1145 1701 1233 1731 fuisse
1246 1703 1313 1731 satis
1329 1707 1445 1731 testatur
1458 1703 1488 1732 S.
1501 1703 1680 1740 Polycarpus,
1699 1703 1729 1731 S.
1754 1703 1840 1731 Joan-

1053 1749 1096 1777 nis
1107 1749 1222 1785 apostoli
1240 1749 1343 1785 pariter
1367 1749 1532 1784 discipulus,
1551 1750 1599 1784 qui
1614 1750 1649 1777 ab
1665 1757 1698 1777 eo
1717 1749 1841 1785 Smyrna:

1052 1795 1200 1830 episcopus
1225 1794 1381 1828 ordinatus,
1405 1795 1491 1823 totius
1518 1795 1591 1823 Asia:
1619 1795 1759 1830 princeps,
1789 1795 1839 1830 ipsi

1053 1839 1158 1876 lgnatio
1177 1841 1321 1869 familiaris
1338 1841 1400 1874 fuit,
1415 1841 1462 1876 qui
1479 1841 1558 1869 docet
1583 1849 1614 1870 se
1628 1849 1645 1868 a
1657 1841 1839 1877 Philippansio

1052 1886 1104 1914 bus
1124 1891 1249 1922 rogatum
1263 1894 1360 1915 omnes
1378 1885 1476 1922 lgnatii
1499 1887 1640 1922 epistolas,
1662 1895 1841 1923 quascunque

1052 1933 1124 1969 apud
1139 1941 1169 1962 se
1186 1933 1308 1968 haberet,
1316 1933 1470 1969 collegisse,
1482 1941 1584 1969 easque
1595 1934 1630 1962 ad
1643 1934 1718 1969 ipsos
1728 1934 1772 1962 bis
1784 1934 1840 1962 suis

1051 1979 1151 2008 litteris
1171 1979 1311 2016 subiectas
1336 1980 1454 2009 mittere.
1480 1979 1519 2008 Ex
1535 1980 1579 2008 his
1607 1979 1676 2009 satis
1689 1987 1764 2008 nunc
1776 1988 1841 2008 con-

1053 2030 1110 2054 stat
1127 2025 1191 2054 illas
1208 2025 1339 2061 epistolas
1353 2033 1423 2062 quas
1434 2026 1546 2062 scripsit
1562 2026 1692 2062 Ignatius,
1705 2034 1777 2061 quas
1786 2026 1839 2054 col-

1054 2072 1120 2108 legit
1131 2077 1160 2100 et
1171 2072 1257 2100 edidit
1273 2071 1453 2108 Polycarpus,
1483 2080 1537 2100 non
1562 2073 1686 2108 potuisse
1709 2081 1765 2100 non
1781 2079 1840 2100 esse

1054 2118 1139 2152 illius,
1151 2122 1178 2146 et
1200 2117 1333 2153 proximae
1357 2119 1486 2154 deinceps
1501 2119 1640 2147 memoria:
1663 2119 1838 2149 Christianis,

1054 2165 1206 2201 praesertim
1221 2173 1287 2194 vero
1306 2166 1433 2194 litteratis
1445 2170 1472 2194 et
1491 2166 1626 2199 eruditis,
1640 2166 1663 2194 si
1678 2166 1727 2201 qui
1738 2171 1839 2197 essent,

1054 2211 1226 2238 notissimas.
1240 2210 1311 2244 Quid
1325 2211 1400 2246 quod
1427 2211 1485 2239 haec
1500 2211 1559 2246 ipsa
1573 2210 1602 2238 S.
1624 2210 1768 2246 Polycarpi
1786 2210 1838 2245 epi-

215 2255 362 2287 habemus,
388 2262 458 2289 quas
482 2258 546 2281 ante
566 2261 617 2281 nos
646 2252 793 2286 Eusebius,
821 2252 1001 2284 Athanasius,

1060 2256 1138 2290 stola,
1151 2265 1205 2292 qua
1217 2256 1356 2292 lgnatiaua
1380 2261 1522 2292 tantopere
1544 2256 1777 2292 pradicabantur,
1797 2263 1839 2291 per

215 2300 417 2331 Theodoretus.
441 2299 544 2334 aliique
568 2298 742 2331 habuerunt,
766 2302 794 2326 et
816 2297 1004 2331 contendo,et

216 2352 310 2384 aperte
324 2347 494 2382 tlrmiterque
512 2346 610 2381 probo.
639 2346 693 2373 Aut
706 2345 781 2373 enim
809 2343 863 2372 illa:
882 2344 1005 2379 epistolae

216 2401 287 2429 quas
297 2392 446 2429 publicavit
460 2391 640 2428 Polycarpns,
651 2391 695 2418 hie
706 2391 771 2426 ipsa:
784 2394 858 2421 sunt.
871 2397 941 2426 quas
953 2397 1004 2418 no-

217 2439 268 2467 stri
284 2438 444 2471 defendunt,
458 2442 506 2465 aut
516 2437 628 2464 fuerunt
642 2436 703 2464 alia:
721 2440 749 2464 et
765 2436 801 2464 ab
820 2435 863 2463 his
879 2435 1004 2463 diversae.

217 2483 272 2512 Sed
291 2483 363 2517 alite,
376 2487 404 2511 et
415 2483 451 2511 ab
461 2483 505 2510 bis
512 2482 632 2510 diversae
647 2489 701 2509 non
723 2481 844 2510 fuerunt.
858 2480 1004 2516 Reliquum

217 2530 302 2566 igitur
312 2536 355 2558 est
373 2534 404 2557 ut
419 2529 461 2557 ba:
473 2529 539 2565 ipsa:
554 2527 666 2560 fuerint.
679 2527 816 2564 Epistolas
833 2532 923 2556 autent
936 2535 1006 2563 quas

217 2575 368 2612 publicavit
378 2575 558 2612 Polycarpus,
573 2582 628 2602 non
652 2574 737 2603 fuisse
751 2574 831 2608 alias,
853 2579 880 2602 et
900 2574 935 2602 ab
951 2574 1005 2608 his,

217 2630 289 2658 quas
304 2629 378 2649 nunc
392 2622 536 2654 habemus,
550 2621 687 2653 diversas,
702 2621 743 2648 sic
761 2619 876 2648 ostendo
890 2629 895 2647 :

256 2667 287 2696 S.
305 2667 450 2703 lgnatium,
467 2667 515 2704 qui
530 2667 628 2704 paucis
641 2672 704 2702 post
713 2665 742 2694 S.
755 2665 870 2695 Joannis
889 2666 1006 2702 apostoli

220 2719 336 2742 mortem
351 2714 433 2742 annis
453 2714 614 2750 martyrium
639 2713 734 2741 Romae
761 2712 845 2745 fecit,
867 2713 1007 2748 apostolos

220 2761 310 2796 ipsum
325 2760 474 2794 audivisse,
486 2766 514 2789 et
527 2768 560 2789 ex
578 2761 621 2788 bis
635 2760 792 2796 purissimis
802 2759 1007 2788 Christianismi

221 2806 344 2836 fontibus
365 2807 519 2835 doctrinam
547 2814 626 2834 suam
647 2807 773 2834 hausisse
797 2811 916 2834 constat.
948 2805 1008 2834 Huc

219 2853 325 2881 accedit
337 2852 438 2881 eximia
455 2853 505 2881 viri
521 2852 651 2888 dignitas,
668 2853 716 2887 qui
730 2859 784 2879 non
802 2852 884 2880 modo
896 2859 1008 2888 aposto-

221 2898 309 2928 lorum
330 2899 492 2936 discipulus,
521 2899 568 2928 sed
583 2906 678 2927 eorum
705 2899 817 2935 insuper
835 2899 939 2934 judicio
967 2899 1008 2928 sic

1056 2303 1110 2330 tria
1125 2303 1237 2338 integra
1248 2303 1350 2331 saecula
1364 2303 1391 2330 in
1405 2307 1540 2330 conventu
1553 2302 1626 2330 Asiae
1651 2302 1760 2338 publice
1773 2303 1838 2338 lege-

1055 2354 1142 2383 retur,
1172 2356 1227 2384 qua
1252 2356 1361 2377 summa
1386 2356 1482 2377 eorum
1510 2348 1614 2376 utilitas
1642 2348 1838 2379 inculcabatur.

1055 2394 1198 2429 animique
1211 2394 1355 2422 hominum
1370 2394 1535 2429 scriptorum
1554 2394 1634 2422 tidem
1650 2393 1803 2429 antiquam,
1815 2398 1837 2420 et

1053 2441 1226 2476 patientiam,
1242 2445 1270 2468 et
1284 2441 1492 2468 aedificationem
1519 2440 1718 2468 continentium
1739 2438 1836 2475 cupidi-

1054 2490 1112 2514 tate
1126 2492 1259 2522 perpetuo
1285 2487 1516 2515 accendebantur.
1543 2486 1572 2514 Si
1600 2486 1684 2521 igitur
1709 2485 1763 2513 alia
1787 2489 1836 2513 et!

1057 2539 1153 2561 nostra
1180 2534 1291 2561 diversa
1320 2533 1374 2561 fuit
1392 2532 1535 2569 Polycarpi
1565 2532 1724 2568 συναγωγὴ,
1738 2532 1763 2560 si
1785 2531 1837 2559 alia

1055 2579 1178 2615 epistola:
1192 2579 1291 2615 lgnatil
1320 2578 1423 2607 fuerint
1436 2587 1506 2614 quas
1532 2578 1578 2606 ille
1601 2578 1723 2613 collegit,
1744 2582 1773 2606 et
1788 2577 1836 2606 suis

1057 2626 1154 2653 litteris
1174 2625 1390 2658 commendavit,
1406 2631 1433 2654 et
1449 2625 1670 2660 Pbilippensibus
1686 2623 1834 2652 communi-

1057 2672 1139 2703 cavit,
1155 2679 1238 2706 quam
1252 2678 1302 2703 eae,
1318 2679 1389 2706 quas
1400 2680 1451 2700 nos
1467 2672 1601 2699 habemus
1611 2675 1640 2699 et
1651 2675 1717 2698 ante
1727 2678 1781 2699 nos
1795 2670 1835 2698 lia-

1058 2716 1117 2745 buit
1129 2717 1285 2751 Eusebius;
1301 2717 1355 2748 illas
1370 2723 1443 2746 certe
1468 2722 1499 2746 ut
1521 2717 1588 2746 viris
1601 2717 1730 2745 litteratis
1751 2714 1835 2751 praci-

1058 2771 1112 2798 pue
1128 2769 1210 2799 atque
1231 2764 1347 2792 eruditis
1374 2764 1537 2796 notissima.
1561 2771 1610 2799 per
1624 2763 1719 2791 omnia
1736 2763 1836 2791 illas:-

1058 2807 1130 2840 cula,
1145 2809 1297 2843 prasertim
1311 2809 1413 2844 quibus
1434 2809 1577 2845 Polycarpi
1597 2809 1712 2844 epistola
1726 2809 1757 2836 in
1771 2806 1835 2836 Asis-

1059 2854 1122 2882 ticis
1137 2855 1262 2883 ecclesiis
1290 2863 1357 2884 sane
1373 2856 1556 2884 nobilissimis
1573 2855 1754 2892 personabat,
1770 2856 1834 2883 inno'

1060 2905 1193 2930 lcscercnl
1205 2906 1286 2934 atque
1295 2906 1509 2937 agnoscerentur
1523 2910 1635 2932 necesse
1645 2902 1708 2931 fuit.
1730 2901 1761 2930 In
1774 2903 1832 2930 tanta
