1866 3073
29 184 76 213 185

446 191 470 216 ι.
490 187 670 216 PEARSONII
691 186 849 215 VINDICIJE
869 186 1080 215 IGNATIANAE.
1101 202 1135 208 —
1153 186 1242 214 PARS
1256 186 1277 214 I.

1645 182 1697 212 uti

26 245 255 274 existimatione
288 254 365 275 cum
399 248 488 283 primo
506 248 616 282 fuerint,
642 253 715 276 tanta
738 257 803 277 cura
820 253 860 276 at-
875 252 897 279 Α
912 248 1109 282 Theodorctus,
1122 249 1192 276 duas
1217 247 1342 276 Gelasius
1367 245 1514 275 sententias
1540 244 1697 277 laudarunt.

26 300 76 326 que
86 292 199 320 studio
230 293 275 320 ab
311 295 439 322 ecclesia
468 295 501 322 ad
522 295 665 322 ecclesiam
681 295 859 327 transmisstc,

26 344 78 365 tam
94 338 243 373 publica,
259 343 391 376 tamque
401 346 530 376 perpetua
542 341 802 368 commemoratione
814 349 861 368 or~

24 390 93 413 nata:
108 390 212 421 atque
226 387 407 422 pesteritati
423 387 630 420 commendata,
645 395 699 415 non
713 393 862 423 potuerunt

24 431 145 459 omnino
161 431 282 465 latere,
298 437 332 461 et
346 433 418 461 viris
438 433 536 466 doctis,
564 438 591 460 et
607 434 764 469 apostolica:
776 434 862 462 tradi-

25 478 110 506 tionis
129 479 280 507 maxime
309 479 439 507 curiosis
453 480 550 515 ignotae
565 487 635 508 esse.
649 479 685 508 At
698 480 721 508 si
737 480 860 508 omnium

24 523 279 552 Christianorum
298 533 355 560 per
384 527 438 553 tria
461 526 570 556 sarcula.
588 534 643 553 non
670 530 775 554 tantum
799 531 862 562 post

26 570 139 605 ζωαὶ.
158 571 218 598 sed
238 576 272 599 et
298 571 454 608 Polycarpi
479 576 605 605 mortem,
628 572 714 600 libros
734 573 861 601 consula-

26 624 99 649 mus,
114 616 245 644 nullam
280 617 424 649 aliarum,
451 625 534 652 quam
555 625 624 653 quas
638 625 689 645 nos
716 618 859 652 habemus,

25 660 127 696 lgnatii
162 663 379 697 epistularum
413 663 578 691 mentionem
604 671 725 698 unquam
761 663 859 691 factam

24 708 235 736 inveniemus.
260 708 351 737 Alias
375 709 457 744 igitur
491 717 631 744 nunquam
659 709 745 738 fuisse
771 710 860 737 mani-

24 753 129 781 festum
147 759 213 783 est.
223 754 361 788 Clarus,
378 755 406 782 ni
423 754 513 789 fallor,
529 763 620 783 rerum
637 763 735 790 nexus,
748 756 820 784 clara
833 760 861 785 et

25 799 242 828 indubitabilis
258 800 447 828 consecutio.

59 845 116 879 Qui
133 846 287 881 quinque
301 847 350 873 vel
373 853 422 874 sex
446 846 577 881 epistolas
596 855 686 882 nuper
697 846 801 883 lgnatio
817 852 861 876 at—

25 891 148 919 u-ibutaa
165 895 331 926 tanquam
346 891 457 926 spuria:
470 897 498 919 et
510 892 588 920 llctas
600 893 768 927 rejiciehant,
784 893 811 921 id
830 901 860 922 se

26 935 90 963 ideo
103 935 223 964 fecisse
240 922 474 971 proﬁtebantur,
499 937 572 971 quod
594 922 702 964 Eusebii
718 942 746 966 et
761 922 858 966 lliero-
874 922 896 951 Β

26 983 101 1018 nymi
123 987 278 1017 tempore
300 989 363 1010 non
389 987 549 1011 exstarent:
565 991 598 1011 eo
621 989 713 1011 autem
739 988 860 1020 tempore

27 1036 81 1055 non
93 1029 266 1056 exstitisse
279 1028 352 1055 inde
363 1028 538 1064 colligebant,
562 1030 636 1064 quod
650 1037 699 1057 nec
714 1029 858 1065 Eusebius,

28 1082 77 1102 nec
90 1074 314 1110 Hieronymus
338 1082 435 1102 earum
461 1075 625 1108 meminerit,
647 1083 710 1103 cum
728 1077 797 1104 alias
811 1085 859 1104 sex

27 1125 194 1155 septemve,
209 1128 296 1156 quas
317 1120 407 1148 nostri
423 1120 580 1154 defendunt,
597 1122 742 1157 diligenter
756 1130 861 1150 mento-

28 1172 154 1200 usserat,
186 1171 290 1202 atque
307 1166 532 1202 descripsissent.
547 1167 623 1195 Hanc
636 1175 732 1195 eorum
746 1172 860 1196 senten-

29 1214 96 1240 tiam
124 1218 227 1248 atque
262 1212 406 1240 rationem
422 1217 449 1240 et
463 1213 556 1241 laudat
569 1217 596 1242 et
606 1213 780 1249 amplectitur
795 1214 859 1242 Dal-

29 1260 110 1288 lzeus.
129 1260 214 1288 Nam
234 1260 277 1288 de
297 1260 414 1289 Usserio
424 1261 550 1296 loquens,
566 1261 624 1289 haec
638 1262 727 1297 capite
739 1262 861 1291 secundo

28 1305 131 1333 scribit
142 1315 152 1334 τ
174 1306 323 1333 Primum
339 1315 402 1342 ergo
414 1314 461 1334 sea:
476 1307 537 1335 illas
554 1308 679 1343 epistolas
693 1309 728 1335 ad
745 1308 861 1337 Mariam

28 1350 267 1385 Cmbolitans,
283 1352 325 1379 ad
338 1351 524 1388 Polycorpum,
542 1354 576 1380 ad
594 1353 745 1388 Tarsenses,
762 1355 797 1382 ad
810 1355 862 1382 An-

35 1398 202 1431 tiocheam,
223 1398 268 1425 ad
280 1397 429 1432 Heronem,
445 1403 470 1426 et
486 1399 521 1426 ad
537 1399 729 1435 Philippeos“,
747 1400 806 1434 has,
820 1401 862 1428 in-

30 1451 127 1477 quam,
149 1444 291 1471 nudum
311 1443 420 1472 Eusebii
432 1450 457 1472 et
475 1445 630 1481 Hieronymi
644 1446 803 1481 temporibus
816 1455 861 1474 ea:-

30 1490 141 1517 uitisse
155 1490 232 1517 inde
250 1489 424 1517 validissime
433 1491 537 1525 probat,
563 1492 633 1527 quod
651 1492 685 1519 de
701 1493 735 1520 iis
752 1497 861 1528 uterque

31 1535 83 1564 itte
97 1537 241 1570 scriptor
259 1535 371 1562 nultum
389 1535 496 1563 uerbum
513 1536 588 1571 facit,
606 1537 653 1572 qui
668 1545 715 1564 ses:
729 1537 799 1564 alia:
812 1545 861 1564 su-

911 302 1007 322 omnes
1020 302 1054 322 ex
1067 294 1190 329 epistolis
1206 293 1317 325 nostris,
1329 301 1361 320 ex
1379 292 1432 319 alia
1456 292 1547 326 aliqua
1563 299 1596 319 nc
1615 298 1697 318 unum

911 341 1032 376 quidem.
1047 340 1114 368 Alia:
1127 340 1209 375 igitur
1224 347 1306 375 quam
1335 343 1434 366 nostrae
1459 337 1555 373 lgnatii
1576 337 1696 372 epistola

911 394 1052 422 nunquam
1072 387 1183 414 fuerunt
1195 394 1211 414 a
1227 386 1378 422 Polycarpo
1393 385 1545 421 posteritati
1555 392 1697 412 commen—

911 433 990 461 datae.
1015 431 1105 466 Quare
1132 439 1194 459 cum
1212 431 1247 459 ab
1270 431 1317 459 illo
1341 431 1438 466 aliquae
1456 430 1557 458 fuerint
1577 430 1698 458 collecta:

911 478 1119 513 publicamque,
1137 482 1168 505 ut
1183 485 1216 505 ex
1241 477 1328 512 ipsius
1353 476 1513 504 testimonio
1531 480 1623 511 patet;
1638 475 1699 503 alia:

911 527 1002 552 autem
1017 527 1069 551 eta
1083 523 1184 551 nostris
1208 522 1325 550 diversa,
1340 530 1394 550 non
1421 521 1533 556 fuerint,
1551 526 1580 549 ut
1592 529 1625 549 ex
1643 521 1699 549 alto

911 573 952 597 tot
966 569 1129 597 saeculorum
1144 568 1254 597 silentio
1267 567 1441 595 manifestum
1451 572 1508 600 est;
1525 571 1608 594 restat
1618 571 1647 594 ut
1656 567 1699 594 bat

911 615 977 649 ipsa:
988 614 1100 648 fuerint,
1114 622 1184 650 quas
1199 614 1286 641 nostri
1301 612 1463 648 defendunt,
1480 621 1550 648 quas
1565 612 1698 641 Eusebius

911 661 989 693 vidit,
1007 661 1162 696 descripsit,
1178 660 1331 689 delloravit.

946 717 1077 750 Quaenam
1101 717 1186 749 enim.
1212 724 1317 752 quaeso,
1331 717 1385 745 illa:
1394 716 1517 752 epistolae
1531 721 1605 749 sunt,
1622 717 1644 744 si
1657 717 1699 746 lue

912 771 965 791 non
977 763 1031 791 sint
1042 764 1053 791 τ
1066 763 1132 797 Quis
1147 771 1194 792 eas
1207 771 1328 799 unquam
1342 763 1428 799 legit?
1443 763 1506 798 quis
1519 763 1606 791 oculis
1619 771 1700 790 usur-

910 810 1007 845 pavit?
1020 810 1083 845 quis
1101 809 1142 836 vel
1168 809 1251 837 faodo
1266 810 1300 837 de
1319 809 1380 837 aliis
1405 808 1530 844 epistolis
1546 808 1581 836 ab
1595 808 1699 844 lgnatio

911 855 1033 890 scriptis,
1047 862 1063 882 a
1074 854 1225 891 Polycarpo
1235 855 1359 883 collectis
1369 854 1472 889 aliquid
1487 854 1591 881 audivit
1602 854 1614 880 ?
1624 853 1698 885 aliis,

912 902 1034 936 inquam,
1049 909 1133 936 quam
1151 909 1221 936 quas
1238 900 1393 929 habemus?
1406 900 1447 927 An
1467 900 1522 927 ullo
1535 900 1617 927 modo
1629 900 1700 927 veri-

910 947 1000 975 simile
1015 951 1068 984 est,
1089 947 1220 982 epistolas
1235 954 1250 974 a
1275 951 1352 975 tanto
1382 950 1502 982 martyre
1529 949 1668 978 exaratas,
1683 953 1699 973 a

909 996 987 1020 tanto
999 993 1086 1020 editas
1097 997 1179 1027 atque
1193 991 1329 1024 laudatas,
1341 991 1464 1026 epistolae
1478 991 1560 1019 etiam
1574 991 1611 1018 illi
1632 991 1700 1018 sub-

907 1037 1006 1073 iectas,
1022 1045 1083 1074 quae
1093 1046 1141 1074 per
1156 1042 1196 1065 tot
1211 1037 1312 1066 saecula
1327 1037 1434 1073 publice
1448 1037 1517 1065 lecta
1530 1044 1624 1065 earum
1640 1045 1701 1065 me-

910 1084 1025 1112 moriam
1043 1089 1176 1120 perpetuo
1188 1083 1403 1119 redintegrabat,
1425 1084 1518 1111 statim
1533 1083 1659 1118 periisse,
1672 1089 1700 1111 et

910 1130 945 1158 ab
964 1130 1087 1158 omnium
1111 1130 1198 1158 oculis
1224 1134 1332 1166 ereptas
1355 1130 1463 1157 fuisse?
1479 1130 1520 1157 An
1543 1129 1700 1164 putabimus

910 1174 1006 1208 lgnatii
1020 1175 1124 1203 ossium
1149 1175 1279 1210 reliquias
1302 1174 1389 1202 ltoma
1415 1174 1589 1202 Antiochiam
1607 1178 1699 1201 trans-

909 1225 1042 1256 portatas,
1064 1225 1195 1256 tantaque
1213 1220 1388 1248 veneratione
1406 1227 1454 1255 per
1471 1223 1510 1247 tot
1536 1227 1625 1247 annos
1651 1220 1700 1247 ba-

910 1267 984 1295 bitas
997 1276 1004 1301 ;
1017 1267 1149 1302 epistolas
1163 1272 1254 1295 autem
1268 1267 1294 1294 in
1312 1266 1372 1301 ipso
1387 1267 1483 1294 itinere
1497 1266 1624 1301 scriptas,
1637 1272 1700 1300 pro-

910 1313 1017 1349 pediem
1034 1313 1061 1340 in
1073 1317 1172 1342 ventos
1191 1312 1314 1340 abiisse?
1328 1312 1370 1339 An
1392 1312 1585 1347 conjicicmus,
1611 1312 1700 1346 impe~

912 1364 990 1387 rante
1003 1359 1151 1392 Antonino,
1165 1363 1213 1386 aut
1223 1358 1344 1390 Aurelio,
1359 1358 1410 1385 hoc
1421 1363 1463 1385 cst
1477 1378 1484 1391 ,
1496 1359 1559 1386 vivo
1571 1358 1660 1385 adhuc
1672 1362 1700 1386 ct

911 1405 1018 1433 valente
1038 1403 1067 1432 S.
1082 1404 1243 1440 Polycarpo,
1265 1403 1344 1432 fictas
1361 1404 1458 1438 fuisse,
1472 1404 1522 1432 has
1534 1412 1604 1439 quas
1617 1404 1701 1431 hahe-

911 1459 974 1480 nius
1001 1451 1142 1486 epistolas,
1165 1458 1228 1478 cum
1258 1449 1393 1478 Salmasio
1420 1454 1447 1478 et
1470 1450 1630 1483 Albertino;
1653 1455 1701 1477 aut

911 1497 1008 1525 saltem
1020 1497 1112 1524 statim
1126 1502 1188 1532 post
1200 1496 1350 1524 Clementis
1373 1496 1551 1524 Alexandrini
1568 1500 1696 1528 mortem,

911 1551 973 1571 cum
987 1542 1138 1576 Blondello,
1152 1550 1271 1578 quorum
1290 1543 1380 1577 ipsum
1399 1542 1528 1570 Dallaenm
1542 1543 1644 1577 pudet?
1658 1542 1700 1571 An

31 1585 162 1618 perieres
181 1582 276 1609 ambo
297 1587 457 1609 memorant.
470 1582 526 1610 Cur
540 1583 610 1609 enim
626 1583 674 1610 ltus
686 1584 768 1618 potiit:

961 1597 1003 1616 em
1029 1588 1108 1616 tertio
1132 1589 1234 1616 saeculo
1259 1592 1387 1622 exeunte,
1401 1592 1449 1615 aut
1464 1587 1575 1615 ineunte
1588 1592 1698 1623 quarto,

31 1631 108 1663 illa,
129 1631 160 1658 si
191 1629 280 1661 illas,
300 1628 326 1655 si
349 1633 474 1664 utrasque
501 1633 609 1661 norunt,
627 1629 782 1657 dixissent!
804 1629 861 1657 Cur

32 1684 93 1703 sero
104 1685 161 1704 αι
178 1674 375 1702 eruditissimi
388 1682 420 1701 ac
435 1674 634 1710 diligentissimi
654 1675 772 1703 homines
786 1676 862 1712 igno-

33 1728 143 1754 rarent,
162 1722 192 1749 ai
209 1724 310 1752 erant,
329 1725 359 1747 ut
376 1725 471 1748 narrat
493 1721 636 1754 Baronius,
651 1730 669 1748 α
682 1721 861 1756 Philippensi-

33 1769 80 1796 ιιι
96 1777 172 1796 cum
187 1774 246 1794 sea;
261 1766 432 1800 superiorum
455 1766 489 1793 ad
509 1775 553 1794 eos
578 1767 661 1795 missa
678 1776 694 1794 ιι
711 1767 860 1803 Polycarpo

32 1815 208 1842 collectione
238 1811 414 1846 conjunctcc.’
433 1812 494 1839 Non
522 1813 613 1847 fuisse,
631 1813 746 1849 adeoque
768 1822 851 1850 neque

35 1868 94 1889 tam
112 1856 276 1889 eistitisse
300 1859 364 1886 inde
388 1863 504 1891 constat,
521 1860 592 1893 quod
607 1868 653 1887 eas
669 1859 798 1888 Eusebius
814 1869 860 1889 ne-

34 1908 136 1936 scierit
150 1914 163 1934 .'
182 1905 339 1933 mcirisse
351 1903 436 1931 altum
446 1904 502 1939 ejus
511 1904 544 1932 de
558 1905 598 1932 his
609 1905 744 1933 silentium
758 1907 858 1942 arguit.

81 1957 189 1979 autem
202 1950 270 1977 haec
286 1949 454 1977 validissime
466 1950 580 1984 probent
596 1950 653 1978 sive
667 1952 788 1986 quinque
803 1952 861 1980 sive

35 2007 86 2026 sex
98 1999 172 2026 illas
184 1996 329 2032 epistolas
343 2001 464 2031 tempore
477 1996 586 2025 Eusebii
597 2002 624 2025 et
635 1997 789 2035 Hieronymi
804 2007 860 2027 non

35 2045 208 2076 exstitisse,
232 2042 363 2077 adeoque
377 2047 469 2077 postea
482 2043 651 2078 excogitatas
663 2049 690 2072 et
704 2044 780 2073 fictas
796 2045 861 2075 fuis-

37 2099 88 2124 se;
106 2094 255 2117 nostrum
279 2092 356 2116 certe
382 2094 572 2121 argumentum
590 2089 757 2118 validissime
775 2091 859 2119 etiam

38 2138 162 2171 prohat.
180 2136 259 2162 alias
271 2142 357 2169 quam
377 2139 485 2162 nostras
500 2134 595 2170 lgnatii
606 2136 737 2171 epistolas
751 2144 802 2164 nec
815 2144 861 2165 eo-

37 2184 108 2211 dem
125 2189 184 2209 nec
197 2181 260 2208 ulto
271 2180 328 2207 alio
337 2180 514 2209 antecedente
523 2189 581 2209 :cvo
588 2182 764 2217 apparuisse;
782 2186 813 2211 ut
824 2183 859 2211 de

37 2229 109 2255 aliis
122 2236 141 2255 a
162 2226 326 2260 Polycarpo
352 2225 484 2259 collectis,
512 2226 538 2253 in
555 2234 639 2254 unum
653 2235 754 2263 corpus
779 2228 873 2255 reda-'

911 1644 974 1664 cun
989 1635 1114 1662 homines
1129 1635 1251 1669 undique
1265 1634 1420 1662 doctissimi
1434 1634 1461 1661 in
1477 1633 1598 1661 Ecclesia
1620 1633 1700 1661 ﬂore-

912 1685 982 1713 rent,
997 1685 1024 1708 et
1048 1680 1223 1708 bibliotheca
1247 1681 1330 1708 varia:
1342 1680 1375 1707 ad
1389 1685 1511 1709 veterum
1527 1680 1700 1708 Christiano-

911 1735 972 1755 rum
991 1726 1093 1762 scripta
1119 1726 1306 1754 conservanda
1331 1726 1524 1758 coriderentur,
1542 1725 1699 1761 putabirnns

911 1773 980 1801 alias
992 1772 1122 1808 epistolas
1134 1779 1229 1800 earum
1244 1771 1306 1799 loco
1318 1771 1476 1807 suppositas
1486 1770 1582 1804 fuisse,
1595 1775 1622 1799 et
1634 1771 1698 1804 illis,

911 1819 1014 1854 quibus
1030 1818 1182 1846 Christiani
1205 1825 1253 1853 per
1268 1821 1309 1845 tot
1323 1818 1411 1844 annos
1425 1821 1634 1849 consueverant,
1650 1825 1699 1852 pe-

910 1865 984 1893 nitus
999 1864 1116 1892 sublatis
1130 1862 1316 1892 successisse?
1332 1863 1401 1890 Ecce
1415 1862 1488 1890 enim
1509 1862 1636 1895 Dallaeus,
1652 1863 1699 1898 qui

911 1910 993 1938 modo
1008 1910 1183 1945 impostorem
1200 1917 1282 1937 suum
1303 1908 1446 1945 Polycarpi
1474 1909 1597 1944 epistola:
1622 1910 1699 1937 testi-

909 1956 1034 1984 monium
1058 1960 1185 1984 nostrum
1202 1954 1364 1987 inseruisse.
1384 1959 1412 1982 et
1432 1955 1476 1982 ubi
1487 1960 1567 1982 antea
1582 1963 1635 1982 non
1650 1962 1699 1982 cx-

910 2005 1007 2035 staret,
1023 1999 1163 2029 infulsisse
1186 2000 1290 2028 diserte
1301 2000 1462 2034 afﬁrmabat,
1475 2007 1537 2027 cum
1553 2000 1587 2028 de
1602 2004 1699 2028 aucto-

910 2047 991 2075 ritate
1017 2047 1139 2082 epistola
1161 2045 1367 2082 Polycarpiana:
1381 2050 1526 2081 ageretur:
1543 2053 1617 2074 nunc
1635 2053 1699 2074 cum

909 2093 944 2122 de
962 2094 988 2120 vi
1002 2092 1150 2121 testimonii
1169 2092 1269 2127 agitur,
1292 2091 1432 2118 conversis
1443 2091 1510 2119 velis
1519 2092 1658 2127 retnisque
1670 2091 1698 2119 in

910 2138 1004 2166 omnia
1028 2138 1082 2165 alia
1108 2137 1206 2170 fertur,
1233 2144 1287 2164 non
1311 2135 1407 2163 eodem
1424 2136 1534 2170 quidem
1559 2137 1630 2170 loco,
1650 2137 1698 2164 sed

911 2189 990 2213 caute
1001 2183 1168 2219 provideque
1190 2182 1280 2218 capite
1293 2181 1339 2215 26,
1356 2181 1402 2208 ubi
1416 2185 1504 2209 totum
1528 2180 1627 2208 fabulae
1642 2189 1700 2209 suae

911 2234 1102 2265 argumentum
1118 2229 1252 2263 contexit,
1269 2227 1351 2255 aliam
1370 2227 1451 2255 nobis
1469 2235 1580 2255 scenam
1600 2229 1697 2262 aperit.

38 2275 110 2305 ais.
127 2273 168 2301 ad
187 2271 334 2300 Ecclesias
349 2273 529 2307 transmissis,
545 2277 572 2301 et
586 2273 687 2309 insigni
703 2274 792 2310 elogio
809 2282 856 2303 or-
873 2267 896 2296 n
913 2276 975 2303 Vult
989 2276 1062 2304 enim
1078 2275 1247 2310 impostorem
1267 2281 1360 2307 suum,
1375 2281 1434 2300 cum
1447 2274 1560 2308 scriptas
1578 2274 1638 2300 hinc
1656 2273 1699 2300 di-

40 2322 123 2349 ιριῖι
138 2319 240 2355 loqui,
263 2319 344 2354 plane
361 2324 546 2347 commentum
563 2320 660 2355 sapiat.
683 2319 769 2349 Nemo
782 2321 857 2350 enim

39 2372 112 2395 ante
128 2365 307 2397 Eusebium,
328 2365 372 2392 vel
385 2363 590 2401 Hieronymum,
616 2366 657 2393 vel
672 2367 755 2394 etiam
769 2366 858 2396 Theo-

39 2416 200 2444 doretum,
214 2415 267 2438 aut
278 2410 430 2444 Gelasium,
446 2418 528 2438 nemo
539 2415 601 2438 ante
612 2411 701 2446 quinti
715 2413 808 2440 saeculi
823 2414 857 2441 li-

41 2467 126 2490 nem,
156 2465 219 2492 quo
238 2459 345 2484 veteres
366 2464 463 2484 omnes
487 2457 666 2486 ecclesiastici
690 2463 717 2487 et
730 2458 858 2488 catholici

40 2506 229 2541 scriptores.
247 2510 282 2530 ac
301 2503 329 2530 in
343 2502 441 2537 primis
460 2502 490 2531 S.
513 2502 645 2538 lgnatius,
661 2504 689 2531 in
702 2509 860 2533 controver-

42 2553 100 2580 siis
115 2550 187 2579 fidei
203 2555 265 2577 tum
277 2556 293 2576 a
305 2549 460 2582 catholicis,
471 2553 528 2576 tum
542 2557 557 2576 a
570 2550 711 2579 modernis
724 2551 859 2580 haereticis

43 2603 192 2633 tanquam
208 2594 309 2622 arbitri
327 2595 553 2628 admittebantur,
569 2595 612 2623 vel
627 2596 729 2630 virum,
752 2597 796 2624 vel
810 2605 857 2625 ec-

44 2644 173 2672 clesiam
189 2642 276 2669 aliam
292 2641 456 2673 notninavit,
468 2641 503 2667 ad
521 2649 605 2674 quam
622 2641 741 2676 lgnatius
751 2643 858 2671 litteras

45 2691 195 2722 dederat;
215 2695 299 2715 nemo
321 2687 405 2714 ullam
420 2687 586 2715 sententiam
602 2695 636 2715 ex
655 2687 710 2716 ulla
732 2688 786 2716 alia
800 2689 859 2724 epi-

49 2736 125 2765 stola
153 2734 306 2770 excerpsit.
323 2733 363 2761 Ex
383 2733 489 2762 nostris
516 2741 600 2761 unam
623 2734 751 2768 Irenaeus,
773 2743 857 2762 unam

50 2781 243 2818 Theophilus,
257 2785 308 2808 aut
323 2781 459 2816 antiquus
482 2779 575 2807 Basilii
601 2785 709 2813 auctor,
734 2780 858 2815 ejusdem

52 2836 118 2856 cum
134 2827 241 2856 lrenaao
255 2827 318 2860 svi,
332 2826 402 2853 duas
418 2825 563 2861 Origenes.
578 2833 663 2852 unam
673 2826 858 2861 pseudo-Dio-

53 2875 163 2910 nysius.
183 2873 345 2908 complures
379 2872 529 2904 Eusebius,
565 2879 647 2899 unam
681 2871 857 2904 Athanasius,

56 2923 125 2949 duas
146 2920 378 2956 Chrysostomus,
393 2919 488 2954 plures
511 2917 703 2954 Hieronymus.
723 2918 856 2954 plurimas

909 2322 1017 2349 dicisset
1029 2321 1094 2348 olim
1106 2321 1189 2356 fuisse
1201 2319 1233 2346 ab
1249 2319 1357 2355 Ignatio
1372 2320 1477 2354 aliquas
1492 2319 1698 2354 epistolaa,ens-

909 2375 959 2403 que
976 2367 1035 2402 jam
1060 2365 1208 2394 desiderari
1231 2365 1464 2398 animaduerteret,
1483 2365 1624 2393 consilium
1638 2366 1698 2393 inde

909 2411 1007 2446 cepisse
1026 2419 1090 2439 suas
1105 2410 1154 2438 sub
1172 2409 1263 2437 eodem
1285 2411 1388 2438 nurnine
1407 2410 1524 2446 ﬁngendi
1547 2416 1572 2437 et
1592 2410 1697 2438 edendi.

908 2457 1041 2490 Quamvis
1052 2455 1143 2484 Dalla'i
1159 2457 1293 2491 llnpostor
1306 2457 1392 2484 mirus
1407 2456 1504 2484 artifex
1518 2456 1564 2490 sit,
1579 2464 1629 2484 nec
1647 2457 1698 2484 Ini-

909 2505 970 2532 nori
985 2503 1085 2539 ingenii
1102 2504 1229 2531 acuntinc
1243 2504 1382 2538 praeditus,
1394 2511 1478 2538 quam
1501 2503 1569 2538 ipse,
1584 2510 1637 2530 non
1654 2507 1698 2529 ta-

909 2559 971 2578 men
991 2551 1051 2578 haec
1064 2551 1119 2578 duo
1134 2550 1204 2577 idem
1224 2554 1353 2584 praestare
1372 2549 1477 2584 potuit;
1494 2557 1547 2576 non
1559 2549 1646 2584 potuit
1663 2557 1696 2576 ex
1731 2578 1734 2581 ,

908 2596 1050 2633 Polycarpi
1074 2596 1189 2631 epistola
1212 2596 1329 2626 discere,
1348 2595 1466 2629 scriptas
1487 2594 1572 2622 fuisse
1583 2595 1648 2622 olim
1661 2595 1696 2622 ab

909 2644 1013 2679 lgnatio
1031 2643 1138 2678 aliquas
1161 2643 1303 2679 epistolas,
1327 2647 1354 2669 et
1375 2641 1447 2669 idcm
1469 2649 1501 2669 ea
1525 2642 1618 2673 verba,
1634 2649 1696 2676 qua

909 2689 961 2716 hoc
972 2689 1060 2723 ipsum
1076 2689 1208 2721 indicant,
1225 2688 1357 2716 inserere.
1377 2687 1405 2714 Si
1418 2687 1476 2722 ipse
1490 2687 1595 2722 primus
1608 2696 1640 2714 ra
1654 2687 1696 2714 in-

908 2734 1005 2766 seruit,
1031 2742 1085 2761 non
1104 2734 1187 2770 igitur
1201 2735 1228 2762 in
1250 2733 1393 2770 Polycarpi
1408 2733 1525 2768 epistola
1538 2733 1614 2768 prius
1635 2732 1696 2759 fuc-

907 2783 989 2814 runt;
1002 2787 1088 2815 quare
1099 2779 1161 2808 inde
1177 2780 1282 2808 discere
1296 2787 1349 2806 non
1372 2780 1471 2814 potuit.
1485 2779 1526 2806 An
1538 2779 1598 2806 ideo
1611 2779 1697 2806 insul-

908 2827 955 2860 sit,
965 2831 997 2854 ut
1012 2834 1068 2854 non
1091 2831 1196 2854 tantum
1225 2827 1305 2860 ali05,
1331 2826 1378 2854 sed
1391 2830 1417 2854 ct
1431 2827 1551 2859 seipsnm
1568 2824 1697 2853 lalleretl

909 2881 942 2901 an
966 2873 1012 2900 illa
1030 2873 1240 2908 intcrpolatione
1255 2881 1308 2901 non
1329 2878 1434 2901 tantum
1451 2873 1523 2903 aliis.
1540 2874 1586 2900 sed
1601 2877 1628 2899 et
1643 2872 1694 2899 sibi

909 2918 1046 2954 persuasit
1065 2919 1181 2954 scriptas
1197 2917 1282 2947 fuisse
1299 2918 1404 2953 aliquas
1429 2918 1463 2946 ab
1478 2918 1579 2952 lgnano
1592 2917 1696 2948 evisto-
