  <div class='ocr_page' id='page_1' title='image "/cluster/home/n/w/nwhite01/storage/ocr_20150623/5/njp.32101077772372/1001.png"; bbox 0 0 1873 3065; ppageno 0'>
   <div class='ocr_carea' id='block_1_1' title="bbox 216 159 286 187">
    <p class='ocr_par' dir='ltr' id='par_1_1' title="bbox 216 159 286 187">
     <span class='ocr_line' id='line_1_1' title="bbox 216 159 286 187; baseline 0.014 -1"><span class='ocrx_word' id='word_1_1' title='bbox 216 159 286 187; x_wconf 64' lang='lat'><strong>1:105</strong></span> 
     </span>
    </p>
   </div>
   <div class='ocr_carea' id='block_1_2' title="bbox 688 155 1380 186">
    <p class='ocr_par' dir='ltr' id='par_1_2' title="bbox 688 155 1380 186">
     <span class='ocr_line' id='line_1_2' title="bbox 688 155 1380 186; baseline -0.004 0"><span class='ocrx_word' id='word_1_2' title='bbox 688 158 932 186; x_wconf 80' lang='lat' dir='ltr'><strong>ECCLESIARUM</strong></span> <span class='ocrx_word' id='word_1_3' title='bbox 952 156 1155 185; x_wconf 77' lang='lat' dir='ltr'><strong>VIENNENSIS</strong></span> <span class='ocrx_word' id='word_1_4' title='bbox 1170 156 1214 184; x_wconf 84' lang='lat' dir='ltr'><strong>ET</strong></span> <span class='ocrx_word' id='word_1_5' title='bbox 1231 155 1380 185; x_wconf 84' lang='lat' dir='ltr'><strong>LUGDUN.</strong></span> 
     </span>
    </p>
   </div>
   <div class='ocr_carea' id='block_1_3' title="bbox 1761 154 1807 183">
    <p class='ocr_par' dir='ltr' id='par_1_3' title="bbox 1761 154 1807 183">
     <span class='ocr_line' id='line_1_3' title="bbox 1761 154 1807 183; baseline 0.043 -2"><span class='ocrx_word' id='word_1_6' title='bbox 1761 154 1807 183; x_wconf 66' lang='lat'><strong>1101</strong></span> 
     </span>
    </p>
   </div>
   <div class='ocr_carea' id='block_1_4' title="bbox 251 209 1807 252">
    <p class='ocr_par' dir='ltr' id='par_1_4' title="bbox 251 209 1807 252">
     <span class='ocr_line' id='line_1_4' title="bbox 251 209 1807 252; baseline -0.004 -8"><span class='ocrx_word' id='word_1_7' title='bbox 251 216 283 244; x_wconf 90' lang='lat' dir='ltr'><strong>ll.</strong></span> <span class='ocrx_word' id='word_1_8' title='bbox 301 215 362 244; x_wconf 84' lang='lat' dir='ltr'><strong>Jam</strong></span> <span class='ocrx_word' id='word_1_9' title='bbox 379 224 443 244; x_wconf 87' lang='lat' dir='ltr'><strong>vero</strong></span> <span class='ocrx_word' id='word_1_10' title='bbox 455 224 516 252; x_wconf 73' lang='lat' dir='ltr'><strong>quae</strong></span> <span class='ocrx_word' id='word_1_11' title='bbox 527 216 561 244; x_wconf 87' lang='lat' dir='ltr'><strong>ad</strong></span> <span class='ocrx_word' id='word_1_12' title='bbox 576 217 649 245; x_wconf 85' lang='lat' dir='ltr'><strong>hanc</strong></span> <span class='ocrx_word' id='word_1_13' title='bbox 667 217 812 252; x_wconf 74' lang='lat' dir='ltr'><strong>epistolam</strong></span> <span class='ocrx_word' id='word_1_14' title='bbox 824 221 948 252; x_wconf 87' lang='lat' dir='ltr'><strong>spectant</strong></span> <span class='ocrx_word' id='word_1_15' title='bbox 963 225 1008 244; x_wconf 92' lang='lat' dir='ltr'><strong>re-</strong></span> <span class='ocrx_word' id='word_1_16' title='bbox 1023 221 1045 247; x_wconf 74' lang='grc' dir='ltr'>Α</span> <span class='ocrx_word' id='word_1_17' title='bbox 1061 216 1156 243; x_wconf 88' lang='lat' dir='ltr'><strong>saltem</strong></span> <span class='ocrx_word' id='word_1_18' title='bbox 1174 219 1235 250; x_wconf 91' lang='lat' dir='ltr'><strong>post</strong></span> <span class='ocrx_word' id='word_1_19' title='bbox 1247 214 1356 250; x_wconf 83' lang='lat' dir='ltr'><strong>aliquod</strong></span> <span class='ocrx_word' id='word_1_20' title='bbox 1369 218 1477 248; x_wconf 87' lang='lat' dir='ltr'><strong>tempus</strong></span> <span class='ocrx_word' id='word_1_21' title='bbox 1494 215 1655 240; x_wconf 82' lang='lat' dir='ltr'><strong>renovatam</strong></span> <span class='ocrx_word' id='word_1_22' title='bbox 1665 209 1752 244; x_wconf 83' lang='lat' dir='ltr'><strong>fuisse;</strong></span> <span class='ocrx_word' id='word_1_23' title='bbox 1765 219 1807 239; x_wconf 87' lang='lat' dir='ltr'><strong>cum</strong></span> 
     </span>
    </p>
   </div>
   <div class='ocr_carea' id='block_1_5' title="bbox 215 261 1001 298">
    <p class='ocr_par' dir='ltr' id='par_1_5' title="bbox 215 261 1001 298">
     <span class='ocr_line' id='line_1_5' title="bbox 215 261 1001 298; baseline 0.003 -10"><span class='ocrx_word' id='word_1_24' title='bbox 215 262 300 297; x_wconf 85' lang='lat' dir='ltr'><strong>liqua,</strong></span> <span class='ocrx_word' id='word_1_25' title='bbox 312 270 344 290; x_wconf 89' lang='lat' dir='ltr'><strong>ea</strong></span> <span class='ocrx_word' id='word_1_26' title='bbox 360 262 531 297; x_wconf 89' lang='lat' dir='ltr'><strong>potissimum</strong></span> <span class='ocrx_word' id='word_1_27' title='bbox 544 270 577 290; x_wconf 74' lang='lat' dir='ltr'><strong>ex</strong></span> <span class='ocrx_word' id='word_1_28' title='bbox 595 261 742 290; x_wconf 83' lang='lat' dir='ltr'><strong>Ruinartio</strong></span> <span class='ocrx_word' id='word_1_29' title='bbox 758 267 879 298; x_wconf 77' lang='lat' dir='ltr'><strong>repetere</strong></span> <span class='ocrx_word' id='word_1_30' title='bbox 891 263 1001 298; x_wconf 91' lang='lat' dir='ltr'><strong>juverit.</strong></span> 
     </span>
    </p>
   </div>
   <div class='ocr_carea' id='block_1_6' title="bbox 215 304 1003 343">
    <p class='ocr_par' dir='ltr' id='par_1_6' title="bbox 215 304 1003 343">
     <span class='ocr_line' id='line_1_6' title="bbox 215 304 1003 343; baseline 0.001 -9"><span class='ocrx_word' id='word_1_31' title='bbox 215 308 261 336; x_wconf 91' lang='lat' dir='ltr'><strong>Sic</strong></span> <span class='ocrx_word' id='word_1_32' title='bbox 278 308 360 343; x_wconf 86' lang='lat' dir='ltr'><strong>igitur</strong></span> <span class='ocrx_word' id='word_1_33' title='bbox 375 304 416 335; x_wconf 86' lang='lat' dir='ltr'><strong>vir</strong></span> <span class='ocrx_word' id='word_1_34' title='bbox 437 308 488 335; x_wconf 89' lang='lat' dir='ltr'><strong>iste</strong></span> <span class='ocrx_word' id='word_1_35' title='bbox 502 308 601 335; x_wconf 92' lang='lat' dir='ltr'><strong>doctus</strong></span> <span class='ocrx_word' id='word_1_36' title='bbox 615 308 654 343; x_wconf 75' lang='grc' dir='ltr'>(Ξ)</span> <span class='ocrx_word' id='word_1_37' title='bbox 672 317 679 335; x_wconf 87' lang='lat'>:</span> <span class='ocrx_word' id='word_1_38' title='bbox 698 318 707 334; x_wconf 81' lang='grc' dir='ltr'>ι</span> <span class='ocrx_word' id='word_1_39' title='bbox 727 308 796 335; x_wconf 83' lang='lat' dir='ltr'><strong>Cum</strong></span> <span class='ocrx_word' id='word_1_40' title='bbox 817 309 884 336; x_wconf 89' lang='lat' dir='ltr'><strong>Acta</strong></span> <span class='ocrx_word' id='word_1_41' title='bbox 902 313 1003 343; x_wconf 85' lang='lat' dir='ltr'><strong>marty-</strong></span> 
     </span>
    </p>
   </div>
   <div class='ocr_carea' id='block_1_7' title="bbox 214 353 1003 389">
    <p class='ocr_par' dir='ltr' id='par_1_7' title="bbox 214 353 1003 389">
     <span class='ocr_line' id='line_1_7' title="bbox 214 353 1003 389; baseline 0.001 -9"><span class='ocrx_word' id='word_1_42' title='bbox 214 361 276 380; x_wconf 92' lang='lat' dir='ltr'><strong>rum</strong></span> <span class='ocrx_word' id='word_1_43' title='bbox 291 354 514 388; x_wconf 63' lang='lat' dir='ltr'><strong>Lugdunensium</strong></span> <span class='ocrx_word' id='word_1_44' title='bbox 532 354 567 380; x_wconf 91' lang='lat' dir='ltr'><strong>ab</strong></span> <span class='ocrx_word' id='word_1_45' title='bbox 581 354 615 381; x_wconf 91' lang='lat' dir='ltr'><strong>iis</strong></span> <span class='ocrx_word' id='word_1_46' title='bbox 633 354 700 388; x_wconf 88' lang='lat' dir='ltr'><strong>ipsis</strong></span> <span class='ocrx_word' id='word_1_47' title='bbox 718 355 874 389; x_wconf 89' lang='lat' dir='ltr'><strong>conscripta</strong></span> <span class='ocrx_word' id='word_1_48' title='bbox 887 355 942 382; x_wconf 90' lang='lat' dir='ltr'><strong>sint</strong></span> <span class='ocrx_word' id='word_1_49' title='bbox 956 353 1003 388; x_wconf 85' lang='lat' dir='ltr'><strong>qui</strong></span> 
     </span>
    </p>
   </div>
   <div class='ocr_carea' id='block_1_8' title="bbox 213 399 1004 435">
    <p class='ocr_par' dir='ltr' id='par_1_8' title="bbox 213 399 1004 435">
     <span class='ocr_line' id='line_1_8' title="bbox 213 399 1004 435; baseline 0.003 -9"><span class='ocrx_word' id='word_1_50' title='bbox 213 399 297 426; x_wconf 87' lang='lat' dir='ltr'><strong>rebus</strong></span> <span class='ocrx_word' id='word_1_51' title='bbox 316 399 399 435; x_wconf 80' lang='lat' dir='ltr'><strong>gestis</strong></span> <span class='ocrx_word' id='word_1_52' title='bbox 412 404 559 434; x_wconf 65' lang='lat' dir='ltr'><strong>praesentes</strong></span> <span class='ocrx_word' id='word_1_53' title='bbox 573 399 739 431; x_wconf 84' lang='lat' dir='ltr'><strong>adfuerunt,</strong></span> <span class='ocrx_word' id='word_1_54' title='bbox 755 400 799 428; x_wconf 89' lang='lat' dir='ltr'><strong>his</strong></span> <span class='ocrx_word' id='word_1_55' title='bbox 814 401 882 427; x_wconf 90' lang='lat' dir='ltr'><strong>nihil</strong></span> <span class='ocrx_word' id='word_1_56' title='bbox 901 400 1004 428; x_wconf 77' lang='lat' dir='ltr'><strong>certius</strong></span> 
     </span>
    </p>
   </div>
   <div class='ocr_carea' id='block_1_9' title="bbox 214 445 1004 482">
    <p class='ocr_par' dir='ltr' id='par_1_9' title="bbox 214 445 1004 482">
     <span class='ocr_line' id='line_1_9' title="bbox 214 445 1004 482; baseline 0.003 -10"><span class='ocrx_word' id='word_1_57' title='bbox 214 450 260 472; x_wconf 85' lang='lat' dir='ltr'><strong>aut</strong></span> <span class='ocrx_word' id='word_1_58' title='bbox 276 445 442 473; x_wconf 83' lang='lat' dir='ltr'><strong>luculentius</strong></span> <span class='ocrx_word' id='word_1_59' title='bbox 457 446 550 473; x_wconf 89' lang='lat' dir='ltr'><strong>haberi</strong></span> <span class='ocrx_word' id='word_1_60' title='bbox 568 451 668 481; x_wconf 84' lang='lat' dir='ltr'><strong>potest.</strong></span> <span class='ocrx_word' id='word_1_61' title='bbox 686 446 753 474; x_wconf 88' lang='lat' dir='ltr'><strong>Tam</strong></span> <span class='ocrx_word' id='word_1_62' title='bbox 769 447 917 482; x_wconf 90' lang='lat' dir='ltr'><strong>pretiosum</strong></span> <span class='ocrx_word' id='word_1_63' title='bbox 933 447 1004 474; x_wconf 87' lang='lat' dir='ltr'><strong>anti-</strong></span> 
     </span>
    </p>
   </div>
   <div class='ocr_carea' id='block_1_10' title="bbox 213 490 1004 524">
    <p class='ocr_par' dir='ltr' id='par_1_10' title="bbox 213 490 1004 524">
     <span class='ocr_line' id='line_1_10' title="bbox 213 490 1004 524; baseline 0.005 -8"><span class='ocrx_word' id='word_1_64' title='bbox 213 490 326 524; x_wconf 84' lang='lat' dir='ltr'><strong>quitatis</strong></span> <span class='ocrx_word' id='word_1_65' title='bbox 345 491 540 518; x_wconf 70' lang='lat' dir='ltr'><strong>ecclesiasticae</strong></span> <span class='ocrx_word' id='word_1_66' title='bbox 557 495 767 519; x_wconf 75' lang='lat' dir='ltr'><strong>monumentum</strong></span> <span class='ocrx_word' id='word_1_67' title='bbox 789 492 869 519; x_wconf 90' lang='lat' dir='ltr'><strong>nobis</strong></span> <span class='ocrx_word' id='word_1_68' title='bbox 887 493 1004 520; x_wconf 83' lang='lat' dir='ltr'><strong>servavit</strong></span> 
     </span>
    </p>
   </div>
   <div class='ocr_carea' id='block_1_11' title="bbox 213 536 1003 573">
    <p class='ocr_par' dir='ltr' id='par_1_11' title="bbox 213 536 1003 573">
     <span class='ocr_line' id='line_1_11' title="bbox 213 536 1003 573; baseline 0.004 -11"><span class='ocrx_word' id='word_1_69' title='bbox 213 536 358 568; x_wconf 84' lang='lat' dir='ltr'><strong>Eusebius,</strong></span> <span class='ocrx_word' id='word_1_70' title='bbox 374 537 421 571; x_wconf 89' lang='lat' dir='ltr'><strong>qui</strong></span> <span class='ocrx_word' id='word_1_71' title='bbox 436 541 466 563; x_wconf 90' lang='lat' dir='ltr'><strong>ut</strong></span> <span class='ocrx_word' id='word_1_72' title='bbox 483 536 594 571; x_wconf 81' lang='lat' dir='ltr'><strong>aliquod</strong></span> <span class='ocrx_word' id='word_1_73' title='bbox 609 537 746 572; x_wconf 86' lang='lat' dir='ltr'><strong>specimen</strong></span> <span class='ocrx_word' id='word_1_74' title='bbox 759 538 929 573; x_wconf 67' lang='lat' dir='ltr'><strong>gravissimae</strong></span> <span class='ocrx_word' id='word_1_75' title='bbox 939 546 1003 572; x_wconf 89' lang='lat' dir='ltr'><strong>per-</strong></span> 
     </span>
    </p>
   </div>
   <div class='ocr_carea' id='block_1_12' title="bbox 213 582 1003 618">
    <p class='ocr_par' dir='ltr' id='par_1_12' title="bbox 213 582 1003 618">
     <span class='ocr_line' id='line_1_12' title="bbox 213 582 1003 618; baseline 0.001 -9"><span class='ocrx_word' id='word_1_76' title='bbox 213 582 366 609; x_wconf 84' lang='lat' dir='ltr'><strong>secutionis</strong></span> <span class='ocrx_word' id='word_1_77' title='bbox 381 590 434 616; x_wconf 91' lang='lat' dir='ltr'><strong>qua</strong></span> <span class='ocrx_word' id='word_1_78' title='bbox 449 583 501 609; x_wconf 89' lang='lat' dir='ltr'><strong>sub</strong></span> <span class='ocrx_word' id='word_1_79' title='bbox 521 582 557 609; x_wconf 84' lang='lat' dir='ltr'><strong>M.</strong></span> <span class='ocrx_word' id='word_1_80' title='bbox 579 583 691 610; x_wconf 87' lang='lat' dir='ltr'><strong>Aurelio</strong></span> <span class='ocrx_word' id='word_1_81' title='bbox 715 583 880 617; x_wconf 74' lang='lat' dir='ltr'><strong>imperatore</strong></span> <span class='ocrx_word' id='word_1_82' title='bbox 902 583 1003 618; x_wconf 87' lang='lat' dir='ltr'><strong>agitata</strong></span> 
     </span>
    </p>
   </div>
   <div class='ocr_carea' id='block_1_13' title="bbox 213 626 1004 663">
    <p class='ocr_par' dir='ltr' id='par_1_13' title="bbox 213 626 1004 663">
     <span class='ocr_line' id='line_1_13' title="bbox 213 626 1004 663; baseline 0.004 -10"><span class='ocrx_word' id='word_1_83' title='bbox 213 631 256 653; x_wconf 83' lang='lat' dir='ltr'><strong>est</strong></span> <span class='ocrx_word' id='word_1_84' title='bbox 275 626 407 661; x_wconf 83' lang='lat' dir='ltr'><strong>Ecclesia,</strong></span> <span class='ocrx_word' id='word_1_85' title='bbox 422 628 539 662; x_wconf 85' lang='lat' dir='ltr'><strong>posteris</strong></span> <span class='ocrx_word' id='word_1_86' title='bbox 559 628 735 663; x_wconf 85' lang='lat' dir='ltr'><strong>relinqueret.</strong></span> <span class='ocrx_word' id='word_1_87' title='bbox 750 628 900 663; x_wconf 75' lang='lat' dir='ltr'><strong>Epistulam</strong></span> <span class='ocrx_word' id='word_1_88' title='bbox 916 629 1004 657; x_wconf 86' lang='lat' dir='ltr'><strong>eccle-</strong></span> 
     </span>
    </p>
   </div>
   <div class='ocr_carea' id='block_1_14' title="bbox 214 671 1002 709">
    <p class='ocr_par' dir='ltr' id='par_1_14' title="bbox 214 671 1002 709">
     <span class='ocr_line' id='line_1_14' title="bbox 214 671 1002 709; baseline 0.005 -11"><span class='ocrx_word' id='word_1_89' title='bbox 214 672 317 699; x_wconf 85' lang='lat' dir='ltr'><strong>siarum</strong></span> <span class='ocrx_word' id='word_1_90' title='bbox 332 671 494 701; x_wconf 82' lang='lat' dir='ltr'><strong>Viennensis</strong></span> <span class='ocrx_word' id='word_1_91' title='bbox 505 678 532 700; x_wconf 85' lang='lat' dir='ltr'><strong>et</strong></span> <span class='ocrx_word' id='word_1_92' title='bbox 545 673 736 708; x_wconf 76' lang='lat' dir='ltr'><strong>Lugdunensis</strong></span> <span class='ocrx_word' id='word_1_93' title='bbox 749 675 776 701; x_wconf 89' lang='lat' dir='ltr'><strong>in</strong></span> <span class='ocrx_word' id='word_1_94' title='bbox 794 682 847 709; x_wconf 91' lang='lat' dir='ltr'><strong>qua</strong></span> <span class='ocrx_word' id='word_1_95' title='bbox 861 675 918 702; x_wconf 69' lang='lat' dir='ltr'><strong>haec</strong></span> <span class='ocrx_word' id='word_1_96' title='bbox 936 675 1002 702; x_wconf 83' lang='lat' dir='ltr'><strong>Acta</strong></span> 
     </span>
    </p>
   </div>
   <div class='ocr_carea' id='block_1_15' title="bbox 213 719 1001 756">
    <p class='ocr_par' dir='ltr' id='par_1_15' title="bbox 213 719 1001 756">
     <span class='ocr_line' id='line_1_15' title="bbox 213 719 1001 756; baseline 0.004 -11"><span class='ocrx_word' id='word_1_97' title='bbox 213 719 398 751; x_wconf 84' lang='lat' dir='ltr'><strong>continentur,</strong></span> <span class='ocrx_word' id='word_1_98' title='bbox 412 719 541 747; x_wconf 68' lang='lat' dir='ltr'><strong>Historiae</strong></span> <span class='ocrx_word' id='word_1_99' title='bbox 554 728 609 747; x_wconf 72' lang='lat' dir='ltr'><strong>suae</strong></span> <span class='ocrx_word' id='word_1_100' title='bbox 620 721 806 748; x_wconf 70' lang='lat' dir='ltr'><strong>ecclesiastica:</strong></span> <span class='ocrx_word' id='word_1_101' title='bbox 822 721 939 748; x_wconf 89' lang='lat' dir='ltr'><strong>inseruit</strong></span> <span class='ocrx_word' id='word_1_102' title='bbox 950 721 1001 756; x_wconf 81' lang='grc'>(5),</span> 
     </span>
    </p>
   </div>
   <div class='ocr_carea' id='block_1_16' title="bbox 212 765 1003 802">
    <p class='ocr_par' dir='ltr' id='par_1_16' title="bbox 212 765 1003 802">
     <span class='ocr_line' id='line_1_16' title="bbox 212 765 1003 802; baseline 0.006 -12"><span class='ocrx_word' id='word_1_103' title='bbox 212 771 340 792; x_wconf 81' lang='lat' dir='ltr'><strong>asserens</strong></span> <span class='ocrx_word' id='word_1_104' title='bbox 354 765 382 792; x_wconf 91' lang='lat' dir='ltr'><strong>in</strong></span> <span class='ocrx_word' id='word_1_105' title='bbox 392 773 449 793; x_wconf 66' lang='lat' dir='ltr'><strong>suae</strong></span> <span class='ocrx_word' id='word_1_106' title='bbox 463 767 629 794; x_wconf 82' lang='lat' dir='ltr'><strong>narrationis</strong></span> <span class='ocrx_word' id='word_1_107' title='bbox 644 767 790 802; x_wconf 84' lang='lat' dir='ltr'><strong>prooemio,</strong></span> <span class='ocrx_word' id='word_1_108' title='bbox 799 769 1003 796; x_wconf 80' lang='lat' dir='ltr'><strong>innumerabiles</strong></span> 
     </span>
    </p>
   </div>
   <div class='ocr_carea' id='block_1_17' title="bbox 211 814 1002 849">
    <p class='ocr_par' dir='ltr' id='par_1_17' title="bbox 211 814 1002 849">
     <span class='ocr_line' id='line_1_17' title="bbox 211 814 1002 849; baseline 0.01 -14"><span class='ocrx_word' id='word_1_109' title='bbox 211 817 291 844; x_wconf 80' lang='lat' dir='ltr'><strong>prope</strong></span> <span class='ocrx_word' id='word_1_110' title='bbox 304 817 434 846; x_wconf 74' lang='lat' dir='ltr'><strong>martyres</strong></span> <span class='ocrx_word' id='word_1_111' title='bbox 451 816 516 840; x_wconf 88' lang='lat' dir='ltr'><strong>tunc</strong></span> <span class='ocrx_word' id='word_1_112' title='bbox 527 821 573 847; x_wconf 82' lang='lat' dir='ltr'><strong>per</strong></span> <span class='ocrx_word' id='word_1_113' title='bbox 586 814 739 841; x_wconf 75' lang='lat' dir='ltr'><strong>universum</strong></span> <span class='ocrx_word' id='word_1_114' title='bbox 760 815 848 842; x_wconf 79' lang='lat' dir='ltr'><strong>orbem</strong></span> <span class='ocrx_word' id='word_1_115' title='bbox 864 816 1002 849; x_wconf 70' lang='lat' dir='ltr'><strong>enituisse,</strong></span> 
     </span>
    </p>
   </div>
   <div class='ocr_carea' id='block_1_18' title="bbox 211 858 1001 896">
    <p class='ocr_par' dir='ltr' id='par_1_18' title="bbox 211 858 1001 896">
     <span class='ocr_line' id='line_1_18' title="bbox 211 858 1001 896; baseline 0.01 -14"><span class='ocrx_word' id='word_1_116' title='bbox 211 863 273 882; x_wconf 90' lang='lat' dir='ltr'><strong>cum</strong></span> <span class='ocrx_word' id='word_1_117' title='bbox 291 864 343 883; x_wconf 88' lang='lat' dir='ltr'><strong>non</strong></span> <span class='ocrx_word' id='word_1_118' title='bbox 360 858 451 886; x_wconf 91' lang='lat' dir='ltr'><strong>minus</strong></span> <span class='ocrx_word' id='word_1_119' title='bbox 467 858 494 885; x_wconf 92' lang='lat' dir='ltr'><strong>in</strong></span> <span class='ocrx_word' id='word_1_120' title='bbox 508 859 569 886; x_wconf 87' lang='lat' dir='ltr'><strong>aliis</strong></span> <span class='ocrx_word' id='word_1_121' title='bbox 593 859 742 894; x_wconf 88' lang='lat' dir='ltr'><strong>provinciis</strong></span> <span class='ocrx_word' id='word_1_122' title='bbox 760 869 842 896; x_wconf 88' lang='lat' dir='ltr'><strong>quam</strong></span> <span class='ocrx_word' id='word_1_123' title='bbox 861 862 889 889; x_wconf 89' lang='lat' dir='ltr'><strong>in</strong></span> <span class='ocrx_word' id='word_1_124' title='bbox 915 862 1001 890; x_wconf 89' lang='lat' dir='ltr'><strong>Gallia</strong></span> 
     </span>
    </p>
   </div>
   <div class='ocr_carea' id='block_1_19' title="bbox 211 903 516 936">
    <p class='ocr_par' dir='ltr' id='par_1_19' title="bbox 211 903 516 936">
     <span class='ocr_line' id='line_1_19' title="bbox 211 903 516 936; baseline 0.01 -8"><span class='ocrx_word' id='word_1_125' title='bbox 211 903 364 936; x_wconf 88' lang='lat' dir='ltr'><strong>persecutio</strong></span> <span class='ocrx_word' id='word_1_126' title='bbox 375 903 488 931; x_wconf 80' lang='lat' dir='ltr'><strong>fureret.</strong></span> <span class='ocrx_word' id='word_1_127' title='bbox 507 914 516 931; x_wconf 70' lang='grc' dir='ltr'><strong><em>ι</em></strong></span> 
     </span>
    </p>
   </div>
   <div class='ocr_carea' id='block_1_20' title="bbox 247 946 1000 986">
    <p class='ocr_par' dir='ltr' id='par_1_20' title="bbox 247 946 1000 986">
     <span class='ocr_line' id='line_1_20' title="bbox 247 946 1000 986; baseline 0.012 -13"><span class='ocrx_word' id='word_1_128' title='bbox 247 946 333 975; x_wconf 85' lang='lat' dir='ltr'><strong>Porro</strong></span> <span class='ocrx_word' id='word_1_129' title='bbox 348 949 380 976; x_wconf 89' lang='lat' dir='ltr'><strong>de</strong></span> <span class='ocrx_word' id='word_1_130' title='bbox 397 949 479 984; x_wconf 87' lang='lat' dir='ltr'><strong>hujus</strong></span> <span class='ocrx_word' id='word_1_131' title='bbox 503 950 632 986; x_wconf 63' lang='lat' dir='ltr'><strong>Epistolaz</strong></span> <span class='ocrx_word' id='word_1_132' title='bbox 655 958 767 980; x_wconf 91' lang='lat' dir='ltr'><strong>auctore</strong></span> <span class='ocrx_word' id='word_1_133' title='bbox 797 953 860 982; x_wconf 87' lang='lat' dir='ltr'><strong>silet</strong></span> <span class='ocrx_word' id='word_1_134' title='bbox 883 954 1000 982; x_wconf 82' lang='lat' dir='ltr'><strong>Ruinar-</strong></span> 
     </span>
    </p>
   </div>
   <div class='ocr_carea' id='block_1_21' title="bbox 211 992 1001 1035">
    <p class='ocr_par' dir='ltr' id='par_1_21' title="bbox 211 992 1001 1035">
     <span class='ocr_line' id='line_1_21' title="bbox 211 992 1001 1035; baseline 0.011 -16"><span class='ocrx_word' id='word_1_135' title='bbox 211 992 276 1026; x_wconf 91' lang='lat' dir='ltr'><strong>tius,</strong></span> <span class='ocrx_word' id='word_1_136' title='bbox 289 1001 370 1028; x_wconf 89' lang='lat' dir='ltr'><strong>quem</strong></span> <span class='ocrx_word' id='word_1_137' title='bbox 392 999 482 1022; x_wconf 88' lang='lat' dir='ltr'><strong>tamen</strong></span> <span class='ocrx_word' id='word_1_138' title='bbox 504 996 549 1023; x_wconf 82' lang='lat' dir='ltr'><strong>alii</strong></span> <span class='ocrx_word' id='word_1_139' title='bbox 571 996 658 1025; x_wconf 89' lang='lat' dir='ltr'><strong>fuisse</strong></span> <span class='ocrx_word' id='word_1_140' title='bbox 678 997 809 1026; x_wconf 53' lang='lat' dir='ltr'><strong>Irenaeum</strong></span> <span class='ocrx_word' id='word_1_141' title='bbox 824 1007 857 1027; x_wconf 91' lang='lat' dir='ltr'><strong>eo</strong></span> <span class='ocrx_word' id='word_1_142' title='bbox 878 1004 1001 1035; x_wconf 86' lang='lat' dir='ltr'><strong>tempore</strong></span> 
     </span>
    </p>
   </div>
   <div class='ocr_carea' id='block_1_22' title="bbox 211 1039 1000 1079">
    <p class='ocr_par' dir='ltr' id='par_1_22' title="bbox 211 1039 1000 1079">
     <span class='ocr_line' id='line_1_22' title="bbox 211 1039 1000 1079; baseline 0.009 -12"><span class='ocrx_word' id='word_1_143' title='bbox 211 1039 402 1076; x_wconf 77' lang='lat' dir='ltr'><strong>Lugdunensis</strong></span> <span class='ocrx_word' id='word_1_144' title='bbox 419 1041 548 1070; x_wconf 67' lang='lat' dir='ltr'><strong>Ecclesia:</strong></span> <span class='ocrx_word' id='word_1_145' title='bbox 561 1044 761 1079; x_wconf 83' lang='lat' dir='ltr'><strong>presbyterum,</strong></span> <span class='ocrx_word' id='word_1_146' title='bbox 776 1045 850 1073; x_wconf 86' lang='lat' dir='ltr'><strong>haud</strong></span> <span class='ocrx_word' id='word_1_147' title='bbox 863 1046 1000 1074; x_wconf 88' lang='lat' dir='ltr'><strong>immerito</strong></span> 
     </span>
    </p>
   </div>
   <div class='ocr_carea' id='block_1_23' title="bbox 210 1087 1000 1127">
    <p class='ocr_par' dir='ltr' id='par_1_23' title="bbox 210 1087 1000 1127">
     <span class='ocr_line' id='line_1_23' title="bbox 210 1087 1000 1127; baseline 0.005 -13"><span class='ocrx_word' id='word_1_148' title='bbox 210 1087 378 1114; x_wconf 78' lang='lat' dir='ltr'><strong>existimant.</strong></span> <span class='ocrx_word' id='word_1_149' title='bbox 396 1087 474 1120; x_wconf 87' lang='lat' dir='ltr'><strong>Quod</strong></span> <span class='ocrx_word' id='word_1_150' title='bbox 487 1089 596 1123; x_wconf 89' lang='lat' dir='ltr'><strong>quidem</strong></span> <span class='ocrx_word' id='word_1_151' title='bbox 613 1090 718 1124; x_wconf 88' lang='lat' dir='ltr'><strong>primus</strong></span> <span class='ocrx_word' id='word_1_152' title='bbox 733 1091 856 1118; x_wconf 91' lang='lat' dir='ltr'><strong>omnium</strong></span> <span class='ocrx_word' id='word_1_153' title='bbox 875 1093 1000 1127; x_wconf 89' lang='lat' dir='ltr'><strong>suspica-</strong></span> 
     </span>
    </p>
   </div>
   <div class='ocr_carea' id='block_1_24' title="bbox 211 1133 1000 1171">
    <p class='ocr_par' dir='ltr' id='par_1_24' title="bbox 211 1133 1000 1171">
     <span class='ocr_line' id='line_1_24' title="bbox 211 1133 1000 1171; baseline 0.008 -12"><span class='ocrx_word' id='word_1_154' title='bbox 211 1137 256 1160; x_wconf 87' lang='lat' dir='ltr'><strong>tus</strong></span> <span class='ocrx_word' id='word_1_155' title='bbox 284 1138 326 1160; x_wconf 87' lang='lat' dir='ltr'><strong>est</strong></span> <span class='ocrx_word' id='word_1_156' title='bbox 350 1133 476 1161; x_wconf 82' lang='lat' dir='ltr'><strong>Valesius</strong></span> <span class='ocrx_word' id='word_1_157' title='bbox 499 1134 551 1170; x_wconf 72' lang='grc'>(4),</span> <span class='ocrx_word' id='word_1_158' title='bbox 578 1143 660 1169; x_wconf 90' lang='lat' dir='ltr'><strong>quem</strong></span> <span class='ocrx_word' id='word_1_159' title='bbox 686 1136 815 1171; x_wconf 87' lang='lat' dir='ltr'><strong>deinceps</strong></span> <span class='ocrx_word' id='word_1_160' title='bbox 834 1138 920 1165; x_wconf 86' lang='lat' dir='ltr'><strong>secuti</strong></span> <span class='ocrx_word' id='word_1_161' title='bbox 937 1143 1000 1166; x_wconf 86' lang='lat' dir='ltr'><strong>sunt</strong></span> 
     </span>
    </p>
   </div>
   <div class='ocr_carea' id='block_1_25' title="bbox 211 1178 997 1220">
    <p class='ocr_par' dir='ltr' id='par_1_25' title="bbox 211 1178 997 1220">
     <span class='ocr_line' id='line_1_25' title="bbox 211 1178 997 1220; baseline 0.006 -15"><span class='ocrx_word' id='word_1_162' title='bbox 211 1178 403 1207; x_wconf 87' lang='lat' dir='ltr'><strong>Tillemontius</strong></span> <span class='ocrx_word' id='word_1_163' title='bbox 421 1180 473 1215; x_wconf 84' lang='lat'><strong>(5),</strong></span> <span class='ocrx_word' id='word_1_164' title='bbox 494 1180 648 1209; x_wconf 88' lang='lat' dir='ltr'><strong>Dodwellus</strong></span> <span class='ocrx_word' id='word_1_165' title='bbox 670 1182 707 1216; x_wconf 80' lang='grc'><strong>(6)</strong></span> <span class='ocrx_word' id='word_1_166' title='bbox 730 1190 762 1210; x_wconf 83' lang='lat' dir='ltr'><strong>ac</strong></span> <span class='ocrx_word' id='word_1_167' title='bbox 780 1183 933 1212; x_wconf 88' lang='lat' dir='ltr'><strong>Massuetus</strong></span> <span class='ocrx_word' id='word_1_168' title='bbox 949 1184 997 1220; x_wconf 84' lang='grc'>(7),</span> 
     </span>
    </p>
   </div>
   <div class='ocr_carea' id='block_1_26' title="bbox 210 1225 998 1260">
    <p class='ocr_par' dir='ltr' id='par_1_26' title="bbox 210 1225 998 1260">
     <span class='ocr_line' id='line_1_26' title="bbox 210 1225 998 1260; baseline 0.008 -8"><span class='ocrx_word' id='word_1_169' title='bbox 210 1229 242 1252; x_wconf 93' lang='lat' dir='ltr'><strong>ut</strong></span> <span class='ocrx_word' id='word_1_170' title='bbox 254 1225 322 1253; x_wconf 89' lang='lat' dir='ltr'><strong>alios</strong></span> <span class='ocrx_word' id='word_1_171' title='bbox 343 1230 548 1260; x_wconf 62' lang='lat' dir='ltr'><strong>praetereamus.</strong></span> <span class='ocrx_word' id='word_1_172' title='bbox 566 1226 749 1256; x_wconf 79' lang='lat' dir='ltr'><strong>(Ecumenius</strong></span> <span class='ocrx_word' id='word_1_173' title='bbox 769 1229 909 1258; x_wconf 90' lang='lat' dir='ltr'><strong>enimvero</strong></span> <span class='ocrx_word' id='word_1_174' title='bbox 927 1238 998 1258; x_wconf 86' lang='lat' dir='ltr'><strong>non-</strong></span> 
     </span>
    </p>
   </div>
   <div class='ocr_carea' id='block_1_27' title="bbox 211 1271 999 1310">
    <p class='ocr_par' dir='ltr' id='par_1_27' title="bbox 211 1271 999 1310">
     <span class='ocr_line' id='line_1_27' title="bbox 211 1271 999 1310; baseline 0.008 -12"><span class='ocrx_word' id='word_1_175' title='bbox 211 1272 285 1299; x_wconf 90' lang='lat' dir='ltr'><strong>nulla</strong></span> <span class='ocrx_word' id='word_1_176' title='bbox 301 1271 384 1300; x_wconf 88' lang='lat' dir='ltr'><strong>refert</strong></span> <span class='ocrx_word' id='word_1_177' title='bbox 401 1273 434 1301; x_wconf 91' lang='lat' dir='ltr'><strong>de</strong></span> <span class='ocrx_word' id='word_1_178' title='bbox 455 1274 623 1310; x_wconf 86' lang='lat' dir='ltr'><strong>martyribus</strong></span> <span class='ocrx_word' id='word_1_179' title='bbox 649 1274 890 1309; x_wconf 85' lang='lat' dir='ltr'><strong>Lugdunensibus,</strong></span> <span class='ocrx_word' id='word_1_180' title='bbox 914 1284 947 1304; x_wconf 80' lang='lat' dir='ltr'><strong>ex</strong></span> <span class='ocrx_word' id='word_1_181' title='bbox 966 1277 999 1305; x_wconf 91' lang='lat' dir='ltr'><strong>iis</strong></span> 
     </span>
    </p>
   </div>
   <div class='ocr_carea' id='block_1_28' title="bbox 210 1316 999 1357">
    <p class='ocr_par' dir='ltr' id='par_1_28' title="bbox 210 1316 999 1357">
     <span class='ocr_line' id='line_1_28' title="bbox 210 1316 999 1357; baseline 0.008 -13"><span class='ocrx_word' id='word_1_182' title='bbox 210 1316 364 1352; x_wconf 84' lang='lat' dir='ltr'><strong>desumpta,</strong></span> <span class='ocrx_word' id='word_1_183' title='bbox 377 1323 407 1346; x_wconf 92' lang='lat' dir='ltr'><strong>ut</strong></span> <span class='ocrx_word' id='word_1_184' title='bbox 420 1319 534 1354; x_wconf 88' lang='lat' dir='ltr'><strong>ipsemet</strong></span> <span class='ocrx_word' id='word_1_185' title='bbox 552 1325 668 1347; x_wconf 83' lang='lat' dir='ltr'><strong>testatur</strong></span> <span class='ocrx_word' id='word_1_186' title='bbox 681 1320 732 1356; x_wconf 87' lang='lat'><strong>(8),</strong></span> <span class='ocrx_word' id='word_1_187' title='bbox 747 1329 808 1356; x_wconf 64' lang='lat' dir='ltr'><strong>quae</strong></span> <span class='ocrx_word' id='word_1_188' title='bbox 823 1323 933 1357; x_wconf 87' lang='lat' dir='ltr'><strong>scripsit</strong></span> <span class='ocrx_word' id='word_1_189' title='bbox 945 1322 999 1351; x_wconf 85' lang='lat' dir='ltr'><strong>Ire-</strong></span> 
     </span>
    </p>
   </div>
   <div class='ocr_carea' id='block_1_29' title="bbox 211 1365 997 1403">
    <p class='ocr_par' dir='ltr' id='par_1_29' title="bbox 211 1365 997 1403">
     <span class='ocr_line' id='line_1_29' title="bbox 211 1365 997 1403; baseline 0.006 -12"><span class='ocrx_word' id='word_1_190' title='bbox 211 1371 287 1392; x_wconf 68' lang='lat' dir='ltr'><strong>natus</strong></span> <span class='ocrx_word' id='word_1_191' title='bbox 300 1366 367 1399; x_wconf 83' lang='grc' dir='ltr'><strong>Περὶ</strong></span> <span class='ocrx_word' id='word_1_192' title='bbox 383 1365 516 1400; x_wconf 78' lang='grc' dir='ltr'><strong>Σάγκτου</strong></span> <span class='ocrx_word' id='word_1_193' title='bbox 525 1367 572 1393; x_wconf 76' lang='grc' dir='ltr'><strong>καὶ</strong></span> <span class='ocrx_word' id='word_1_194' title='bbox 584 1367 753 1401; x_wconf 77' lang='grc' dir='ltr'><em>Βλανδίνης</em></span> <span class='ocrx_word' id='word_1_195' title='bbox 765 1367 823 1395; x_wconf 78' lang='grc' dir='ltr'><em>τῶν</em></span> <span class='ocrx_word' id='word_1_196' title='bbox 831 1370 997 1403; x_wconf 72' lang='grc' dir='ltr'><strong>μαρτύρων,</strong></span> 
     </span>
    </p>
   </div>
   <div class='ocr_carea' id='block_1_30' title="bbox 209 1409 999 1448">
    <p class='ocr_par' dir='ltr' id='par_1_30' title="bbox 209 1409 999 1448">
     <span class='ocr_line' id='line_1_30' title="bbox 209 1409 999 1448; baseline 0.006 -11"><span class='ocrx_word' id='word_1_197' title='bbox 209 1409 250 1437; x_wconf 85' lang='lat' dir='ltr'><strong>De</strong></span> <span class='ocrx_word' id='word_1_198' title='bbox 265 1409 362 1438; x_wconf 81' lang='lat' dir='ltr'><strong>Sancto</strong></span> <span class='ocrx_word' id='word_1_199' title='bbox 380 1416 405 1438; x_wconf 86' lang='lat' dir='ltr'><strong>et</strong></span> <span class='ocrx_word' id='word_1_200' title='bbox 422 1412 556 1439; x_wconf 86' lang='lat' dir='ltr'><strong>Blandina</strong></span> <span class='ocrx_word' id='word_1_201' title='bbox 575 1413 748 1448; x_wconf 75' lang='lat' dir='ltr'><strong>martyribus.</strong></span> <span class='ocrx_word' id='word_1_202' title='bbox 767 1413 845 1441; x_wconf 83' lang='lat' dir='ltr'><strong>Haud</strong></span> <span class='ocrx_word' id='word_1_203' title='bbox 862 1415 999 1448; x_wconf 77' lang='grc' dir='ltr'><strong>αὑτολεξεὶ</strong></span> 
     </span>
    </p>
   </div>
   <div class='ocr_carea' id='block_1_31' title="bbox 209 1457 997 1495">
    <p class='ocr_par' dir='ltr' id='par_1_31' title="bbox 209 1457 997 1495">
     <span class='ocr_line' id='line_1_31' title="bbox 209 1457 997 1495; baseline 0.008 -12"><span class='ocrx_word' id='word_1_204' title='bbox 209 1457 319 1492; x_wconf 88' lang='lat' dir='ltr'><strong>quidem</strong></span> <span class='ocrx_word' id='word_1_205' title='bbox 346 1465 378 1485; x_wconf 89' lang='lat' dir='ltr'><strong>ea</strong></span> <span class='ocrx_word' id='word_1_206' title='bbox 401 1459 497 1486; x_wconf 90' lang='lat' dir='ltr'><strong>recitat</strong></span> <span class='ocrx_word' id='word_1_207' title='bbox 517 1458 713 1493; x_wconf 76' lang='lat' dir='ltr'><strong>(Ecumenius,</strong></span> <span class='ocrx_word' id='word_1_208' title='bbox 732 1461 894 1495; x_wconf 87' lang='lat' dir='ltr'><strong>compendio</strong></span> <span class='ocrx_word' id='word_1_209' title='bbox 908 1469 974 1489; x_wconf 83' lang='lat' dir='ltr'><strong>usus</strong></span> <span class='ocrx_word' id='word_1_210' title='bbox 990 1471 997 1489; x_wconf 88' lang='lat'><strong>:</strong></span> 
     </span>
    </p>
   </div>
   <div class='ocr_carea' id='block_1_32' title="bbox 210 1503 997 1542">
    <p class='ocr_par' dir='ltr' id='par_1_32' title="bbox 210 1503 997 1542">
     <span class='ocr_line' id='line_1_32' title="bbox 210 1503 997 1542; baseline 0.008 -13"><span class='ocrx_word' id='word_1_211' title='bbox 210 1503 248 1535; x_wconf 83' lang='grc' dir='ltr'>ὡς</span> <span class='ocrx_word' id='word_1_212' title='bbox 259 1503 287 1530; x_wconf 83' lang='grc' dir='ltr'><strong>δὲ</strong></span> <span class='ocrx_word' id='word_1_213' title='bbox 299 1504 342 1531; x_wconf 78' lang='grc' dir='ltr'>διὰ</span> <span class='ocrx_word' id='word_1_214' title='bbox 357 1504 480 1540; x_wconf 79' lang='grc' dir='ltr'><strong>βραχέων</strong></span> <span class='ocrx_word' id='word_1_215' title='bbox 499 1504 685 1542; x_wconf 80' lang='grc' dir='ltr'><strong>παραθέσθαι-</strong></span> <span class='ocrx_word' id='word_1_216' title='bbox 705 1514 766 1541; x_wconf 71' lang='lat' dir='ltr'><strong>quae</strong></span> <span class='ocrx_word' id='word_1_217' title='bbox 785 1511 876 1534; x_wconf 88' lang='lat' dir='ltr'><strong>tamen</strong></span> <span class='ocrx_word' id='word_1_218' title='bbox 896 1508 923 1534; x_wconf 91' lang='lat' dir='ltr'><strong>in</strong></span> <span class='ocrx_word' id='word_1_219' title='bbox 939 1515 997 1535; x_wconf 91' lang='lat' dir='ltr'><strong>me-</strong></span> 
     </span>
    </p>
   </div>
   <div class='ocr_carea' id='block_1_33' title="bbox 209 1549 1034 1596">
    <p class='ocr_par' dir='ltr' id='par_1_33' title="bbox 209 1549 1034 1596">
     <span class='ocr_line' id='line_1_33' title="bbox 209 1549 1034 1596; baseline 0.008 -20"><span class='ocrx_word' id='word_1_220' title='bbox 209 1549 285 1576; x_wconf 90' lang='lat' dir='ltr'><strong>dium</strong></span> <span class='ocrx_word' id='word_1_221' title='bbox 304 1550 407 1584; x_wconf 83' lang='lat' dir='ltr'><strong>profert</strong></span> <span class='ocrx_word' id='word_1_222' title='bbox 433 1551 501 1586; x_wconf 86' lang='lat' dir='ltr'><strong>ipse,</strong></span> <span class='ocrx_word' id='word_1_223' title='bbox 527 1559 582 1579; x_wconf 93' lang='lat' dir='ltr'><strong>non</strong></span> <span class='ocrx_word' id='word_1_224' title='bbox 605 1552 716 1580; x_wconf 89' lang='lat' dir='ltr'><strong>aliunde</strong></span> <span class='ocrx_word' id='word_1_225' title='bbox 736 1561 817 1588; x_wconf 87' lang='lat' dir='ltr'><strong>quam</strong></span> <span class='ocrx_word' id='word_1_226' title='bbox 845 1562 879 1582; x_wconf 82' lang='lat' dir='ltr'><strong>ex</strong></span> <span class='ocrx_word' id='word_1_227' title='bbox 905 1559 998 1582; x_wconf 84' lang='lat' dir='ltr'><strong>nostra</strong></span> <span class='ocrx_word' id='word_1_228' title='bbox 1013 1567 1034 1596; x_wconf 72' lang='grc' dir='ltr'><strong>ρ</strong></span> 
     </span>
    </p>
   </div>
   <div class='ocr_carea' id='block_1_34' title="bbox 211 1595 660 1633">
    <p class='ocr_par' dir='ltr' id='par_1_34' title="bbox 211 1595 660 1633">
     <span class='ocr_line' id='line_1_34' title="bbox 211 1595 660 1633; baseline 0.009 -10"><span class='ocrx_word' id='word_1_229' title='bbox 211 1595 332 1632; x_wconf 88' lang='lat' dir='ltr'><strong>Epistola</strong></span> <span class='ocrx_word' id='word_1_230' title='bbox 347 1598 527 1633; x_wconf 78' lang='lat' dir='ltr'><strong>cxscripsisse</strong></span> <span class='ocrx_word' id='word_1_231' title='bbox 541 1599 660 1627; x_wconf 90' lang='lat' dir='ltr'><strong>videtur.</strong></span> 
     </span>
    </p>
   </div>
   <div class='ocr_carea' id='block_1_35' title="bbox 246 1652 997 1693">
    <p class='ocr_par' dir='ltr' id='par_1_35' title="bbox 246 1652 997 1693">
     <span class='ocr_line' id='line_1_35' title="bbox 246 1652 997 1693; baseline 0.007 -13"><span class='ocrx_word' id='word_1_232' title='bbox 246 1652 288 1681; x_wconf 90' lang='lat' dir='ltr'><strong>lll.</strong></span> <span class='ocrx_word' id='word_1_233' title='bbox 310 1653 400 1690; x_wconf 84' lang='lat' dir='ltr'><strong>Pergit</strong></span> <span class='ocrx_word' id='word_1_234' title='bbox 413 1662 497 1690; x_wconf 92' lang='lat' dir='ltr'><strong>porro</strong></span> <span class='ocrx_word' id='word_1_235' title='bbox 514 1655 547 1682; x_wconf 82' lang='lat' dir='ltr'><strong>V.</strong></span> <span class='ocrx_word' id='word_1_236' title='bbox 560 1656 591 1686; x_wconf 83' lang='lat' dir='ltr'><strong>C.</strong></span> <span class='ocrx_word' id='word_1_237' title='bbox 609 1656 642 1684; x_wconf 88' lang='lat' dir='ltr'><strong>ad</strong></span> <span class='ocrx_word' id='word_1_238' title='bbox 664 1661 772 1692; x_wconf 88' lang='lat' dir='ltr'><strong>tempus</strong></span> <span class='ocrx_word' id='word_1_239' title='bbox 795 1657 997 1693; x_wconf 84' lang='lat' dir='ltr'><strong>inquirendum,</strong></span> 
     </span>
    </p>
   </div>
   <div class='ocr_carea' id='block_1_36' title="bbox 210 1700 997 1738">
    <p class='ocr_par' dir='ltr' id='par_1_36' title="bbox 210 1700 997 1738">
     <span class='ocr_line' id='line_1_36' title="bbox 210 1700 997 1738; baseline 0.005 -11"><span class='ocrx_word' id='word_1_240' title='bbox 210 1708 266 1734; x_wconf 89' lang='lat' dir='ltr'><strong>quo</strong></span> <span class='ocrx_word' id='word_1_241' title='bbox 294 1700 322 1728; x_wconf 94' lang='lat' dir='ltr'><strong>hi</strong></span> <span class='ocrx_word' id='word_1_242' title='bbox 347 1706 481 1737; x_wconf 85' lang='lat' dir='ltr'><strong>martyres</strong></span> <span class='ocrx_word' id='word_1_243' title='bbox 507 1701 633 1729; x_wconf 88' lang='lat' dir='ltr'><strong>feruntur</strong></span> <span class='ocrx_word' id='word_1_244' title='bbox 658 1703 748 1738; x_wconf 84' lang='lat' dir='ltr'><strong>passi;</strong></span> <span class='ocrx_word' id='word_1_245' title='bbox 765 1711 818 1738; x_wconf 90' lang='lat' dir='ltr'><strong>qua</strong></span> <span class='ocrx_word' id='word_1_246' title='bbox 834 1704 867 1731; x_wconf 93' lang='lat' dir='ltr'><strong>de</strong></span> <span class='ocrx_word' id='word_1_247' title='bbox 885 1711 914 1731; x_wconf 91' lang='lat' dir='ltr'><strong>re</strong></span> <span class='ocrx_word' id='word_1_248' title='bbox 933 1704 997 1731; x_wconf 91' lang='lat' dir='ltr'><strong>alibi</strong></span> 
     </span>
    </p>
   </div>
   <div class='ocr_carea' id='block_1_37' title="bbox 211 1747 998 1785">
    <p class='ocr_par' dir='ltr' id='par_1_37' title="bbox 211 1747 998 1785">
     <span class='ocr_line' id='line_1_37' title="bbox 211 1747 998 1785; baseline 0.005 -12"><span class='ocrx_word' id='word_1_249' title='bbox 211 1754 321 1782; x_wconf 91' lang='lat' dir='ltr'><strong>quoque</strong></span> <span class='ocrx_word' id='word_1_250' title='bbox 339 1747 412 1782; x_wconf 83' lang='lat' dir='ltr'><strong>agit,-</strong></span> <span class='ocrx_word' id='word_1_251' title='bbox 442 1747 609 1776; x_wconf 79' lang='lat' dir='ltr'><strong>Dodwellum</strong></span> <span class='ocrx_word' id='word_1_252' title='bbox 633 1749 819 1784; x_wconf 78' lang='lat' dir='ltr'><strong>perstringens</strong></span> <span class='ocrx_word' id='word_1_253' title='bbox 847 1749 897 1785; x_wconf 83' lang='lat'><strong>(9).</strong></span> <span class='ocrx_word' id='word_1_254' title='bbox 931 1759 941 1776; x_wconf 82' lang='grc'><strong><em>‹</em></strong></span> <span class='ocrx_word' id='word_1_255' title='bbox 970 1749 998 1777; x_wconf 85' lang='lat' dir='ltr'><strong>id</strong></span> 
     </span>
    </p>
   </div>
   <div class='ocr_carea' id='block_1_38' title="bbox 210 1793 999 1832">
    <p class='ocr_par' dir='ltr' id='par_1_38' title="bbox 210 1793 999 1832">
     <span class='ocr_line' id='line_1_38' title="bbox 210 1793 999 1832; baseline 0.005 -12"><span class='ocrx_word' id='word_1_256' title='bbox 210 1801 286 1826; x_wconf 86' lang='lat' dir='ltr'><strong>vero,</strong></span> <span class='ocrx_word' id='word_1_257' title='bbox 299 1793 347 1825; x_wconf 88' lang='lat' dir='ltr'><strong>ait,</strong></span> <span class='ocrx_word' id='word_1_258' title='bbox 363 1801 436 1821; x_wconf 91' lang='lat' dir='ltr'><strong>anno</strong></span> <span class='ocrx_word' id='word_1_259' title='bbox 452 1794 485 1821; x_wconf 88' lang='lat'><strong>17</strong></span> <span class='ocrx_word' id='word_1_260' title='bbox 505 1794 540 1821; x_wconf 81' lang='grc' dir='ltr'><strong>Μ.</strong></span> <span class='ocrx_word' id='word_1_261' title='bbox 552 1795 653 1822; x_wconf 86' lang='lat' dir='ltr'><strong>Aurelii</strong></span> <span class='ocrx_word' id='word_1_262' title='bbox 668 1795 840 1830; x_wconf 89' lang='lat' dir='ltr'><strong>imperatoris</strong></span> <span class='ocrx_word' id='word_1_263' title='bbox 852 1797 999 1832; x_wconf 78' lang='lat' dir='ltr'><strong>contigisse</strong></span> 
     </span>
    </p>
   </div>
   <div class='ocr_carea' id='block_1_39' title="bbox 209 1839 998 1877">
    <p class='ocr_par' dir='ltr' id='par_1_39' title="bbox 209 1839 998 1877">
     <span class='ocr_line' id='line_1_39' title="bbox 209 1839 998 1877; baseline 0.005 -11"><span class='ocrx_word' id='word_1_264' title='bbox 209 1840 293 1867; x_wconf 88' lang='lat' dir='ltr'><strong>tradit</strong></span> <span class='ocrx_word' id='word_1_265' title='bbox 319 1839 456 1868; x_wconf 89' lang='lat' dir='ltr'><strong>Eusebius</strong></span> <span class='ocrx_word' id='word_1_266' title='bbox 474 1840 584 1869; x_wconf 87' lang='lat' dir='ltr'><strong>disertis</strong></span> <span class='ocrx_word' id='word_1_267' title='bbox 607 1842 698 1868; x_wconf 85' lang='lat' dir='ltr'><strong>verbis</strong></span> <span class='ocrx_word' id='word_1_268' title='bbox 725 1842 752 1869; x_wconf 92' lang='lat' dir='ltr'><strong>in</strong></span> <span class='ocrx_word' id='word_1_269' title='bbox 782 1842 917 1876; x_wconf 64' lang='lat' dir='ltr'><strong>prooemio</strong></span> <span class='ocrx_word' id='word_1_270' title='bbox 941 1842 998 1877; x_wconf 89' lang='lat' dir='ltr'><strong>jam</strong></span> 
     </span>
    </p>
   </div>
   <div class='ocr_carea' id='block_1_40' title="bbox 209 1885 999 1919">
    <p class='ocr_par' dir='ltr' id='par_1_40' title="bbox 209 1885 999 1919">
     <span class='ocr_line' id='line_1_40' title="bbox 209 1885 999 1919; baseline 0.003 -6"><span class='ocrx_word' id='word_1_271' title='bbox 209 1885 332 1919; x_wconf 85' lang='lat' dir='ltr'><strong>laudato,</strong></span> <span class='ocrx_word' id='word_1_272' title='bbox 359 1887 405 1914; x_wconf 93' lang='lat' dir='ltr'><strong>ubi</strong></span> <span class='ocrx_word' id='word_1_273' title='bbox 426 1887 523 1914; x_wconf 90' lang='lat' dir='ltr'><strong>eodem</strong></span> <span class='ocrx_word' id='word_1_274' title='bbox 548 1895 621 1914; x_wconf 86' lang='lat' dir='ltr'><strong>anno</strong></span> <span class='ocrx_word' id='word_1_275' title='bbox 645 1887 821 1915; x_wconf 87' lang='lat' dir='ltr'><strong>Eleutherum</strong></span> <span class='ocrx_word' id='word_1_276' title='bbox 844 1887 999 1915; x_wconf 75' lang='lat' dir='ltr'><strong>Romanum</strong></span> 
     </span>
    </p>
   </div>
   <div class='ocr_carea' id='block_1_41' title="bbox 210 1930 1001 1964">
    <p class='ocr_par' dir='ltr' id='par_1_41' title="bbox 210 1930 1001 1964">
     <span class='ocr_line' id='line_1_41' title="bbox 210 1930 1001 1964; baseline 0.006 -8"><span class='ocrx_word' id='word_1_277' title='bbox 210 1930 366 1964; x_wconf 83' lang='lat' dir='ltr'><strong>pontificem</strong></span> <span class='ocrx_word' id='word_1_278' title='bbox 378 1932 405 1958; x_wconf 94' lang='lat' dir='ltr'><strong>in</strong></span> <span class='ocrx_word' id='word_1_279' title='bbox 422 1931 524 1959; x_wconf 88' lang='lat' dir='ltr'><strong>Soteris</strong></span> <span class='ocrx_word' id='word_1_280' title='bbox 547 1932 648 1959; x_wconf 87' lang='lat' dir='ltr'><strong>mortui</strong></span> <span class='ocrx_word' id='word_1_281' title='bbox 670 1932 760 1960; x_wconf 92' lang='lat' dir='ltr'><strong>locum</strong></span> <span class='ocrx_word' id='word_1_282' title='bbox 779 1934 895 1960; x_wconf 85' lang='lat' dir='ltr'><strong>electum</strong></span> <span class='ocrx_word' id='word_1_283' title='bbox 916 1933 1001 1962; x_wconf 77' lang='lat' dir='ltr'><strong>fuisse</strong></span> 
     </span>
    </p>
   </div>
   <div class='ocr_carea' id='block_1_42' title="bbox 211 1975 997 2012">
    <p class='ocr_par' dir='ltr' id='par_1_42' title="bbox 211 1975 997 2012">
     <span class='ocr_line' id='line_1_42' title="bbox 211 1975 997 2012; baseline 0.004 -10"><span class='ocrx_word' id='word_1_284' title='bbox 211 1975 335 2004; x_wconf 80' lang='lat' dir='ltr'><strong>aﬂlrmat.</strong></span> <span class='ocrx_word' id='word_1_285' title='bbox 351 1976 375 2005; x_wconf 90' lang='lat' dir='ltr'><strong>ls</strong></span> <span class='ocrx_word' id='word_1_286' title='bbox 394 1981 437 2005; x_wconf 89' lang='lat' dir='ltr'><strong>est</strong></span> <span class='ocrx_word' id='word_1_287' title='bbox 451 1986 540 2006; x_wconf 91' lang='lat' dir='ltr'><strong>annus</strong></span> <span class='ocrx_word' id='word_1_288' title='bbox 555 1977 656 2006; x_wconf 83' lang='lat' dir='ltr'><strong>Christi</strong></span> <span class='ocrx_word' id='word_1_289' title='bbox 673 1978 734 2012; x_wconf 89' lang='lat'><strong>177,</strong></span> <span class='ocrx_word' id='word_1_290' title='bbox 754 1986 836 2012; x_wconf 85' lang='lat' dir='ltr'><strong>quem</strong></span> <span class='ocrx_word' id='word_1_291' title='bbox 857 1977 928 2005; x_wconf 87' lang='lat' dir='ltr'><strong>idern</strong></span> <span class='ocrx_word' id='word_1_292' title='bbox 945 1978 997 2005; x_wconf 85' lang='lat' dir='ltr'><strong>Eu-</strong></span> 
     </span>
    </p>
   </div>
   <div class='ocr_carea' id='block_1_43' title="bbox 210 2023 999 2059">
    <p class='ocr_par' dir='ltr' id='par_1_43' title="bbox 210 2023 999 2059">
     <span class='ocr_line' id='line_1_43' title="bbox 210 2023 999 2059; baseline 0.001 -9"><span class='ocrx_word' id='word_1_293' title='bbox 210 2023 302 2051; x_wconf 78' lang='lat' dir='ltr'><strong>sebius</strong></span> <span class='ocrx_word' id='word_1_294' title='bbox 313 2023 341 2050; x_wconf 91' lang='lat' dir='ltr'><strong>in</strong></span> <span class='ocrx_word' id='word_1_295' title='bbox 355 2023 484 2051; x_wconf 81' lang='lat' dir='ltr'><strong>Chronico</strong></span> <span class='ocrx_word' id='word_1_296' title='bbox 498 2033 559 2052; x_wconf 90' lang='lat' dir='ltr'><strong>cum</strong></span> <span class='ocrx_word' id='word_1_297' title='bbox 574 2025 609 2051; x_wconf 80' lang='grc' dir='ltr'><strong>Μ.</strong></span> <span class='ocrx_word' id='word_1_298' title='bbox 627 2025 731 2052; x_wconf 83' lang='lat' dir='ltr'><strong>Aurelii</strong></span> <span class='ocrx_word' id='word_1_299' title='bbox 745 2032 817 2051; x_wconf 90' lang='lat' dir='ltr'><strong>anno</strong></span> <span class='ocrx_word' id='word_1_300' title='bbox 834 2024 866 2051; x_wconf 84' lang='lat'><strong>16</strong></span> <span class='ocrx_word' id='word_1_301' title='bbox 883 2025 999 2059; x_wconf 89' lang='lat' dir='ltr'><strong>conjun-</strong></span> 
     </span>
    </p>
   </div>
   <div class='ocr_carea' id='block_1_44' title="bbox 210 2068 999 2104">
    <p class='ocr_par' dir='ltr' id='par_1_44' title="bbox 210 2068 999 2104">
     <span class='ocr_line' id='line_1_44' title="bbox 210 2068 999 2104; baseline 0.001 -9"><span class='ocrx_word' id='word_1_302' title='bbox 210 2069 258 2103; x_wconf 78' lang='lat' dir='ltr'><strong>git.</strong></span> <span class='ocrx_word' id='word_1_303' title='bbox 276 2068 355 2096; x_wconf 86' lang='lat' dir='ltr'><strong>Hunc</strong></span> <span class='ocrx_word' id='word_1_304' title='bbox 369 2070 530 2098; x_wconf 85' lang='lat' dir='ltr'><strong>numerandi</strong></span> <span class='ocrx_word' id='word_1_305' title='bbox 560 2070 671 2097; x_wconf 92' lang='lat' dir='ltr'><strong>modum</strong></span> <span class='ocrx_word' id='word_1_306' title='bbox 692 2070 834 2104; x_wconf 82' lang='lat' dir='ltr'><strong>amplexus</strong></span> <span class='ocrx_word' id='word_1_307' title='bbox 854 2076 895 2097; x_wconf 90' lang='lat' dir='ltr'><strong>est</strong></span> <span class='ocrx_word' id='word_1_308' title='bbox 918 2068 999 2096; x_wconf 85' lang='lat' dir='ltr'><strong>Chro—</strong></span> 
     </span>
    </p>
   </div>
   <div class='ocr_carea' id='block_1_45' title="bbox 211 2114 998 2150">
    <p class='ocr_par' dir='ltr' id='par_1_45' title="bbox 211 2114 998 2150">
     <span class='ocr_line' id='line_1_45' title="bbox 211 2114 998 2150; baseline 0.003 -10"><span class='ocrx_word' id='word_1_309' title='bbox 211 2115 263 2141; x_wconf 83' lang='lat' dir='ltr'><strong>nici</strong></span> <span class='ocrx_word' id='word_1_310' title='bbox 280 2114 454 2142; x_wconf 78' lang='lat' dir='ltr'><strong>Alexandrini</strong></span> <span class='ocrx_word' id='word_1_311' title='bbox 477 2119 585 2148; x_wconf 87' lang='lat' dir='ltr'><strong>auctor,</strong></span> <span class='ocrx_word' id='word_1_312' title='bbox 601 2115 648 2150; x_wconf 90' lang='lat' dir='ltr'><strong>qui</strong></span> <span class='ocrx_word' id='word_1_313' title='bbox 670 2116 703 2142; x_wconf 91' lang='lat' dir='ltr'><strong>ad</strong></span> <span class='ocrx_word' id='word_1_314' title='bbox 719 2116 847 2142; x_wconf 88' lang='lat' dir='ltr'><strong>eumdem</strong></span> <span class='ocrx_word' id='word_1_315' title='bbox 867 2115 899 2142; x_wconf 83' lang='lat'><strong>16</strong></span> <span class='ocrx_word' id='word_1_316' title='bbox 915 2115 998 2143; x_wconf 82' lang='lat' dir='ltr'><strong>Marci</strong></span> 
     </span>
    </p>
   </div>
   <div class='ocr_carea' id='block_1_46' title="bbox 211 2158 998 2196">
    <p class='ocr_par' dir='ltr' id='par_1_46' title="bbox 211 2158 998 2196">
     <span class='ocr_line' id='line_1_46' title="bbox 211 2158 998 2196; baseline 0.005 -12"><span class='ocrx_word' id='word_1_317' title='bbox 211 2165 325 2191; x_wconf 89' lang='lat' dir='ltr'><strong>annum,</strong></span> <span class='ocrx_word' id='word_1_318' title='bbox 346 2158 455 2186; x_wconf 85' lang='lat' dir='ltr'><strong>Pothini</strong></span> <span class='ocrx_word' id='word_1_319' title='bbox 475 2165 692 2195; x_wconf 67' lang='lat' dir='ltr'><strong>caeterorumque</strong></span> <span class='ocrx_word' id='word_1_320' title='bbox 713 2165 863 2196; x_wconf 87' lang='lat' dir='ltr'><strong>martyrum</strong></span> <span class='ocrx_word' id='word_1_321' title='bbox 887 2161 998 2196; x_wconf 79' lang='lat' dir='ltr'><strong>Lugdu-</strong></span> 
     </span>
    </p>
   </div>
   <div class='ocr_carea' id='block_1_47' title="bbox 210 2205 999 2240">
    <p class='ocr_par' dir='ltr' id='par_1_47' title="bbox 210 2205 999 2240">
     <span class='ocr_line' id='line_1_47' title="bbox 210 2205 999 2240; baseline 0.005 -10"><span class='ocrx_word' id='word_1_322' title='bbox 210 2205 336 2232; x_wconf 89' lang='lat' dir='ltr'><strong>nensiutn</strong></span> <span class='ocrx_word' id='word_1_323' title='bbox 352 2206 509 2240; x_wconf 89' lang='lat' dir='ltr'><strong>passionem</strong></span> <span class='ocrx_word' id='word_1_324' title='bbox 528 2207 622 2234; x_wconf 84' lang='lat' dir='ltr'><strong>refert.</strong></span> <span class='ocrx_word' id='word_1_325' title='bbox 637 2207 724 2234; x_wconf 87' lang='lat' dir='ltr'><strong>Aliam</strong></span> <span class='ocrx_word' id='word_1_326' title='bbox 742 2212 831 2234; x_wconf 92' lang='lat' dir='ltr'><strong>tamen</strong></span> <span class='ocrx_word' id='word_1_327' title='bbox 848 2207 917 2235; x_wconf 90' lang='lat' dir='ltr'><strong>viam</strong></span> <span class='ocrx_word' id='word_1_328' title='bbox 938 2208 999 2235; x_wconf 88' lang='lat' dir='ltr'><strong>iniit</strong></span> 
     </span>
    </p>
   </div>
   <div class='ocr_carea' id='block_1_48' title="bbox 1056 257 1806 294">
    <p class='ocr_par' dir='ltr' id='par_1_48' title="bbox 1056 257 1806 294">
     <span class='ocr_line' id='line_1_48' title="bbox 1056 257 1806 294; baseline -0.005 -6"><span class='ocrx_word' id='word_1_329' title='bbox 1056 261 1170 288; x_wconf 87' lang='lat' dir='ltr'><strong>inticiari</strong></span> <span class='ocrx_word' id='word_1_330' title='bbox 1185 268 1237 288; x_wconf 90' lang='lat' dir='ltr'><strong>non</strong></span> <span class='ocrx_word' id='word_1_331' title='bbox 1252 260 1373 292; x_wconf 85' lang='lat' dir='ltr'><strong>auderet,</strong></span> <span class='ocrx_word' id='word_1_332' title='bbox 1387 258 1608 294; x_wconf 84' lang='lat' dir='ltr'><strong>persecutionem</strong></span> <span class='ocrx_word' id='word_1_333' title='bbox 1623 257 1673 285; x_wconf 83' lang='lat' dir='ltr'><strong>sub</strong></span> <span class='ocrx_word' id='word_1_334' title='bbox 1683 257 1735 292; x_wconf 79' lang='lat' dir='ltr'><strong>eius</strong></span> <span class='ocrx_word' id='word_1_335' title='bbox 1749 258 1806 292; x_wconf 79' lang='lat' dir='ltr'><strong>impc-</strong></span> 
     </span>
    </p>
   </div>
   <div class='ocr_carea' id='block_1_49' title="bbox 1056 303 1806 338">
    <p class='ocr_par' dir='ltr' id='par_1_49' title="bbox 1056 303 1806 338">
     <span class='ocr_line' id='line_1_49' title="bbox 1056 303 1806 338; baseline -0.004 -4"><span class='ocrx_word' id='word_1_336' title='bbox 1056 307 1157 334; x_wconf 84' lang='lat' dir='ltr'><strong>ratoris</strong></span> <span class='ocrx_word' id='word_1_337' title='bbox 1188 306 1290 338; x_wconf 86' lang='lat' dir='ltr'><strong>initiis,</strong></span> <span class='ocrx_word' id='word_1_338' title='bbox 1317 306 1345 333; x_wconf 93' lang='lat' dir='ltr'><strong>in</strong></span> <span class='ocrx_word' id='word_1_339' title='bbox 1369 304 1552 333; x_wconf 82' lang='lat' dir='ltr'><strong>orientalibus</strong></span> <span class='ocrx_word' id='word_1_340' title='bbox 1580 303 1677 331; x_wconf 83' lang='lat' dir='ltr'><strong>saltem</strong></span> <span class='ocrx_word' id='word_1_341' title='bbox 1698 303 1806 338; x_wconf 86' lang='lat' dir='ltr'><strong>provinciis</strong></span> 
     </span>
    </p>
   </div>
   <div class='ocr_carea' id='block_1_50' title="bbox 1055 352 1335 380">
    <p class='ocr_par' dir='ltr' id='par_1_50' title="bbox 1055 352 1335 380">
     <span class='ocr_line' id='line_1_50' title="bbox 1055 352 1335 380; baseline -0.004 -1"><span class='ocrx_word' id='word_1_342' title='bbox 1055 352 1142 380; x_wconf 83' lang='lat' dir='ltr'><strong>fuisse</strong></span> <span class='ocrx_word' id='word_1_343' title='bbox 1157 356 1335 380; x_wconf 89' lang='lat' dir='ltr'><strong>commotam.</strong></span> 
     </span>
    </p>
   </div>
   <div class='ocr_carea' id='block_1_51' title="bbox 1094 394 1805 432">
    <p class='ocr_par' dir='ltr' id='par_1_51' title="bbox 1094 394 1805 432">
     <span class='ocr_line' id='line_1_51' title="bbox 1094 394 1805 432; baseline -0.006 -7"><span class='ocrx_word' id='word_1_344' title='bbox 1094 407 1103 424; x_wconf 85' lang='grc'><em>‹</em></span> <span class='ocrx_word' id='word_1_345' title='bbox 1122 397 1178 425; x_wconf 84' lang='lat' dir='ltr'><strong>Nec</strong></span> <span class='ocrx_word' id='word_1_346' title='bbox 1196 397 1381 432; x_wconf 86' lang='lat' dir='ltr'><strong>objiciendum</strong></span> <span class='ocrx_word' id='word_1_347' title='bbox 1402 400 1454 429; x_wconf 86' lang='lat' dir='ltr'><strong>est,</strong></span> <span class='ocrx_word' id='word_1_348' title='bbox 1474 396 1549 430; x_wconf 89' lang='lat' dir='ltr'><strong>quod</strong></span> <span class='ocrx_word' id='word_1_349' title='bbox 1567 394 1699 422; x_wconf 84' lang='lat' dir='ltr'><strong>Eusebius</strong></span> <span class='ocrx_word' id='word_1_350' title='bbox 1712 395 1734 421; x_wconf 89' lang='lat' dir='ltr'><strong>in</strong></span> <span class='ocrx_word' id='word_1_351' title='bbox 1747 395 1805 422; x_wconf 76' lang='lat' dir='ltr'><strong>Clim-</strong></span> 
     </span>
    </p>
   </div>
   <div class='ocr_carea' id='block_1_52' title="bbox 1055 440 1805 479">
    <p class='ocr_par' dir='ltr' id='par_1_52' title="bbox 1055 440 1805 479">
     <span class='ocr_line' id='line_1_52' title="bbox 1055 440 1805 479; baseline -0.005 -8"><span class='ocrx_word' id='word_1_352' title='bbox 1055 444 1115 471; x_wconf 84' lang='lat' dir='ltr'><strong>nico</strong></span> <span class='ocrx_word' id='word_1_353' title='bbox 1135 448 1286 479; x_wconf 87' lang='lat' dir='ltr'><strong>martyrum</strong></span> <span class='ocrx_word' id='word_1_354' title='bbox 1308 442 1511 470; x_wconf 73' lang='lat' dir='ltr'><strong>Gallicanorum</strong></span> <span class='ocrx_word' id='word_1_355' title='bbox 1532 448 1630 468; x_wconf 86' lang='lat' dir='ltr'><strong>necem</strong></span> <span class='ocrx_word' id='word_1_356' title='bbox 1643 441 1674 468; x_wconf 91' lang='lat' dir='ltr'><strong>ad</strong></span> <span class='ocrx_word' id='word_1_357' title='bbox 1690 440 1720 467; x_wconf 85' lang='lat' dir='ltr'><strong>M.</strong></span> <span class='ocrx_word' id='word_1_358' title='bbox 1733 441 1805 470; x_wconf 70' lang='lat' dir='ltr'><strong>Aurelii</strong></span> 
     </span>
    </p>
   </div>
   <div class='ocr_carea' id='block_1_53' title="bbox 1055 485 1804 519">
    <p class='ocr_par' dir='ltr' id='par_1_53' title="bbox 1055 485 1804 519">
     <span class='ocr_line' id='line_1_53' title="bbox 1055 485 1804 519; baseline -0.005 -1"><span class='ocrx_word' id='word_1_359' title='bbox 1055 498 1157 518; x_wconf 87' lang='lat' dir='ltr'><strong>annum</strong></span> <span class='ocrx_word' id='word_1_360' title='bbox 1171 490 1186 515; x_wconf 93' lang='lat'><strong>7</strong></span> <span class='ocrx_word' id='word_1_361' title='bbox 1204 490 1327 517; x_wconf 86' lang='lat' dir='ltr'><strong>videatur</strong></span> <span class='ocrx_word' id='word_1_362' title='bbox 1342 488 1453 516; x_wconf 84' lang='lat' dir='ltr'><strong>referre.</strong></span> <span class='ocrx_word' id='word_1_363' title='bbox 1469 487 1589 514; x_wconf 86' lang='lat' dir='ltr'><strong>Certum</strong></span> <span class='ocrx_word' id='word_1_364' title='bbox 1604 491 1645 514; x_wconf 89' lang='lat' dir='ltr'><strong>est</strong></span> <span class='ocrx_word' id='word_1_365' title='bbox 1659 487 1732 519; x_wconf 89' lang='lat' dir='ltr'><strong>enim,</strong></span> <span class='ocrx_word' id='word_1_366' title='bbox 1746 485 1804 514; x_wconf 69' lang='lat' dir='ltr'><strong>Euse-</strong></span> 
     </span>
    </p>
   </div>
   <div class='ocr_carea' id='block_1_54' title="bbox 1055 533 1804 569">
    <p class='ocr_par' dir='ltr' id='par_1_54' title="bbox 1055 533 1804 569">
     <span class='ocr_line' id='line_1_54' title="bbox 1055 533 1804 569; baseline -0.005 -6"><span class='ocrx_word' id='word_1_367' title='bbox 1055 536 1129 563; x_wconf 89' lang='lat' dir='ltr'><strong>bium</strong></span> <span class='ocrx_word' id='word_1_368' title='bbox 1144 536 1170 562; x_wconf 94' lang='lat' dir='ltr'><strong>in</strong></span> <span class='ocrx_word' id='word_1_369' title='bbox 1195 535 1323 562; x_wconf 83' lang='lat' dir='ltr'><strong>Chronico</strong></span> <span class='ocrx_word' id='word_1_370' title='bbox 1341 534 1441 569; x_wconf 56' lang='lat' dir='ltr'><strong>saepius</strong></span> <span class='ocrx_word' id='word_1_371' title='bbox 1464 537 1623 568; x_wconf 83' lang='lat' dir='ltr'><strong>temporum</strong></span> <span class='ocrx_word' id='word_1_372' title='bbox 1648 533 1733 559; x_wconf 81' lang='lat' dir='ltr'><strong>seriem</strong></span> <span class='ocrx_word' id='word_1_373' title='bbox 1749 541 1804 560; x_wconf 78' lang='lat' dir='ltr'><strong>aecu-</strong></span> 
     </span>
    </p>
   </div>
   <div class='ocr_carea' id='block_1_55' title="bbox 1054 578 1804 614">
    <p class='ocr_par' dir='ltr' id='par_1_55' title="bbox 1054 578 1804 614">
     <span class='ocr_line' id='line_1_55' title="bbox 1054 578 1804 614; baseline -0.003 -6"><span class='ocrx_word' id='word_1_374' title='bbox 1054 586 1113 609; x_wconf 90' lang='lat' dir='ltr'><strong>rate</strong></span> <span class='ocrx_word' id='word_1_375' title='bbox 1127 589 1179 608; x_wconf 91' lang='lat' dir='ltr'><strong>non</strong></span> <span class='ocrx_word' id='word_1_376' title='bbox 1196 581 1365 613; x_wconf 85' lang='lat' dir='ltr'><strong>observasse,</strong></span> <span class='ocrx_word' id='word_1_377' title='bbox 1381 579 1534 614; x_wconf 66' lang='lat' dir='ltr'><strong>pmsertim</strong></span> <span class='ocrx_word' id='word_1_378' title='bbox 1550 586 1615 606; x_wconf 90' lang='lat' dir='ltr'><strong>cum</strong></span> <span class='ocrx_word' id='word_1_379' title='bbox 1628 578 1660 605; x_wconf 91' lang='lat' dir='ltr'><strong>de</strong></span> <span class='ocrx_word' id='word_1_380' title='bbox 1678 579 1804 614; x_wconf 80' lang='lat' dir='ltr'><strong>martyribus</strong></span> 
     </span>
    </p>
   </div>
   <div class='ocr_carea' id='block_1_56' title="bbox 1053 625 1803 662">
    <p class='ocr_par' dir='ltr' id='par_1_56' title="bbox 1053 625 1803 662">
     <span class='ocr_line' id='line_1_56' title="bbox 1053 625 1803 662; baseline -0.001 -9"><span class='ocrx_word' id='word_1_381' title='bbox 1053 627 1119 662; x_wconf 84' lang='lat' dir='ltr'><strong>egit,</strong></span> <span class='ocrx_word' id='word_1_382' title='bbox 1143 634 1215 662; x_wconf 90' lang='lat' dir='ltr'><strong>quos</strong></span> <span class='ocrx_word' id='word_1_383' title='bbox 1242 626 1332 662; x_wconf 88' lang='lat' dir='ltr'><strong>potius</strong></span> <span class='ocrx_word' id='word_1_384' title='bbox 1358 626 1392 653; x_wconf 87' lang='lat' dir='ltr'><strong>ad</strong></span> <span class='ocrx_word' id='word_1_385' title='bbox 1418 625 1541 660; x_wconf 84' lang='lat' dir='ltr'><strong>aliquam</strong></span> <span class='ocrx_word' id='word_1_386' title='bbox 1571 632 1587 651; x_wconf 89' lang='lat' dir='ltr'><strong>e</strong></span> <span class='ocrx_word' id='word_1_387' title='bbox 1608 625 1803 660; x_wconf 83' lang='lat' dir='ltr'><strong>persecutionibus</strong></span> 
     </span>
    </p>
   </div>
   <div class='ocr_carea' id='block_1_57' title="bbox 1054 670 1803 706">
    <p class='ocr_par' dir='ltr' id='par_1_57' title="bbox 1054 670 1803 706">
     <span class='ocr_line' id='line_1_57' title="bbox 1054 670 1803 706; baseline -0.004 -8"><span class='ocrx_word' id='word_1_388' title='bbox 1054 679 1124 706; x_wconf 89' lang='lat' dir='ltr'><strong>quas</strong></span> <span class='ocrx_word' id='word_1_389' title='bbox 1139 671 1232 699; x_wconf 84' lang='lat' dir='ltr'><strong>decem</strong></span> <span class='ocrx_word' id='word_1_390' title='bbox 1247 675 1400 703; x_wconf 87' lang='lat' dir='ltr'><strong>enumerat,</strong></span> <span class='ocrx_word' id='word_1_391' title='bbox 1421 677 1504 705; x_wconf 90' lang='lat' dir='ltr'><strong>quam</strong></span> <span class='ocrx_word' id='word_1_392' title='bbox 1526 670 1562 696; x_wconf 90' lang='lat' dir='ltr'><strong>ad</strong></span> <span class='ocrx_word' id='word_1_393' title='bbox 1580 677 1680 696; x_wconf 89' lang='lat' dir='ltr'><strong>annum</strong></span> <span class='ocrx_word' id='word_1_394' title='bbox 1693 677 1739 704; x_wconf 91' lang='lat' dir='ltr'><strong>quo</strong></span> <span class='ocrx_word' id='word_1_395' title='bbox 1754 671 1803 703; x_wconf 79' lang='lat' dir='ltr'><strong>passi</strong></span> 
     </span>
    </p>
   </div>
   <div class='ocr_carea' id='block_1_58' title="bbox 1055 714 1803 749">
    <p class='ocr_par' dir='ltr' id='par_1_58' title="bbox 1055 714 1803 749">
     <span class='ocr_line' id='line_1_58' title="bbox 1055 714 1803 749; baseline -0.003 -6"><span class='ocrx_word' id='word_1_396' title='bbox 1055 715 1166 743; x_wconf 89' lang='lat' dir='ltr'><strong>fuerunt</strong></span> <span class='ocrx_word' id='word_1_397' title='bbox 1195 715 1296 742; x_wconf 88' lang='lat' dir='ltr'><strong>referre</strong></span> <span class='ocrx_word' id='word_1_398' title='bbox 1317 716 1434 743; x_wconf 87' lang='lat' dir='ltr'><strong>curavit.</strong></span> <span class='ocrx_word' id='word_1_399' title='bbox 1457 714 1537 742; x_wconf 86' lang='lat' dir='ltr'><strong>Unde</strong></span> <span class='ocrx_word' id='word_1_400' title='bbox 1557 714 1610 741; x_wconf 90' lang='lat' dir='ltr'><strong>sub</strong></span> <span class='ocrx_word' id='word_1_401' title='bbox 1622 714 1701 741; x_wconf 69' lang='lat' dir='ltr'><strong>tertiae</strong></span> <span class='ocrx_word' id='word_1_402' title='bbox 1711 723 1803 749; x_wconf 82' lang='lat' dir='ltr'><strong>persecu-</strong></span> 
     </span>
    </p>
   </div>
   <div class='ocr_carea' id='block_1_59' title="bbox 1054 760 1802 796">
    <p class='ocr_par' dir='ltr' id='par_1_59' title="bbox 1054 760 1802 796">
     <span class='ocr_line' id='line_1_59' title="bbox 1054 760 1802 796; baseline -0.005 -7"><span class='ocrx_word' id='word_1_403' title='bbox 1054 761 1139 789; x_wconf 88' lang='lat' dir='ltr'><strong>tionis</strong></span> <span class='ocrx_word' id='word_1_404' title='bbox 1155 761 1245 794; x_wconf 84' lang='lat' dir='ltr'><strong>titulo,</strong></span> <span class='ocrx_word' id='word_1_405' title='bbox 1263 760 1425 796; x_wconf 89' lang='lat' dir='ltr'><strong>Symeonem</strong></span> <span class='ocrx_word' id='word_1_406' title='bbox 1448 760 1559 795; x_wconf 76' lang='lat' dir='ltr'><strong>Cleopze</strong></span> <span class='ocrx_word' id='word_1_407' title='bbox 1582 760 1666 786; x_wconf 88' lang='lat' dir='ltr'><strong>filium</strong></span> <span class='ocrx_word' id='word_1_408' title='bbox 1681 760 1748 786; x_wconf 87' lang='lat' dir='ltr'><strong>simul</strong></span> <span class='ocrx_word' id='word_1_409' title='bbox 1761 767 1802 786; x_wconf 89' lang='lat' dir='ltr'><strong>cu</strong></span> 
     </span>
    </p>
   </div>
   <div class='ocr_carea' id='block_1_60' title="bbox 1053 804 1802 842">
    <p class='ocr_par' dir='ltr' id='par_1_60' title="bbox 1053 804 1802 842">
     <span class='ocr_line' id='line_1_60' title="bbox 1053 804 1802 842; baseline -0.004 -8"><span class='ocrx_word' id='word_1_410' title='bbox 1053 812 1149 834; x_wconf 76' lang='lat' dir='ltr'><strong>sant-to</strong></span> <span class='ocrx_word' id='word_1_411' title='bbox 1165 807 1267 842; x_wconf 80' lang='lat' dir='ltr'><strong>Ignatio</strong></span> <span class='ocrx_word' id='word_1_412' title='bbox 1277 810 1304 833; x_wconf 89' lang='lat' dir='ltr'><strong>et</strong></span> <span class='ocrx_word' id='word_1_413' title='bbox 1319 806 1353 833; x_wconf 88' lang='lat' dir='ltr'><strong>iis</strong></span> <span class='ocrx_word' id='word_1_414' title='bbox 1371 806 1417 840; x_wconf 92' lang='lat' dir='ltr'><strong>qui</strong></span> <span class='ocrx_word' id='word_1_415' title='bbox 1431 812 1446 831; x_wconf 91' lang='lat' dir='ltr'><strong>a</strong></span> <span class='ocrx_word' id='word_1_416' title='bbox 1457 804 1550 832; x_wconf 88' lang='lat' dir='ltr'><strong>Plinio</strong></span> <span class='ocrx_word' id='word_1_417' title='bbox 1566 804 1688 832; x_wconf 87' lang='lat' dir='ltr'><strong>Secundo</strong></span> <span class='ocrx_word' id='word_1_418' title='bbox 1702 804 1802 832; x_wconf 74' lang='lat' dir='ltr'><strong>interfecti</strong></span> 
     </span>
    </p>
   </div>
   <div class='ocr_carea' id='block_1_61' title="bbox 1054 848 1803 884">
    <p class='ocr_par' dir='ltr' id='par_1_61' title="bbox 1054 848 1803 884">
     <span class='ocr_line' id='line_1_61' title="bbox 1054 848 1803 884; baseline -0.001 -8"><span class='ocrx_word' id='word_1_419' title='bbox 1054 853 1128 882; x_wconf 80' lang='lat' dir='ltr'><strong>sunt,</strong></span> <span class='ocrx_word' id='word_1_420' title='bbox 1155 850 1309 884; x_wconf 78' lang='lat' dir='ltr'><strong>conjungit.</strong></span> <span class='ocrx_word' id='word_1_421' title='bbox 1335 848 1472 876; x_wconf 57' lang='lat' dir='ltr'><strong>Caeterum</strong></span> <span class='ocrx_word' id='word_1_422' title='bbox 1498 848 1574 876; x_wconf 83' lang='lat' dir='ltr'><strong>favet</strong></span> <span class='ocrx_word' id='word_1_423' title='bbox 1605 849 1681 876; x_wconf 88' lang='lat' dir='ltr'><strong>nobis</strong></span> <span class='ocrx_word' id='word_1_424' title='bbox 1706 848 1803 875; x_wconf 75' lang='lat' dir='ltr'><strong>Eusebius</strong></span> 
     </span>
    </p>
   </div>
   <div class='ocr_carea' id='block_1_62' title="bbox 1016 889 1802 928">
    <p class='ocr_par' dir='ltr' id='par_1_62' title="bbox 1016 889 1802 928">
     <span class='ocr_line' id='line_1_62' title="bbox 1016 889 1802 928; baseline 0 -8"><span class='ocrx_word' id='word_1_425' title='bbox 1016 889 1039 918; x_wconf 87' lang='grc' dir='ltr'><strong>Β</strong></span> <span class='ocrx_word' id='word_1_426' title='bbox 1053 894 1135 920; x_wconf 86' lang='lat' dir='ltr'><strong>etiam</strong></span> <span class='ocrx_word' id='word_1_427' title='bbox 1152 894 1179 920; x_wconf 93' lang='lat' dir='ltr'><strong>in</strong></span> <span class='ocrx_word' id='word_1_428' title='bbox 1195 893 1336 926; x_wconf 82' lang='lat' dir='ltr'><strong>Chronica,</strong></span> <span class='ocrx_word' id='word_1_429' title='bbox 1359 894 1407 928; x_wconf 90' lang='lat' dir='ltr'><strong>qui</strong></span> <span class='ocrx_word' id='word_1_430' title='bbox 1430 893 1571 920; x_wconf 85' lang='lat' dir='ltr'><strong>Eleutheri</strong></span> <span class='ocrx_word' id='word_1_431' title='bbox 1597 901 1670 928; x_wconf 70' lang='lat' dir='ltr'><strong>papa:</strong></span> <span class='ocrx_word' id='word_1_432' title='bbox 1685 893 1770 920; x_wconf 87' lang='lat' dir='ltr'><strong>initium</strong></span> <span class='ocrx_word' id='word_1_433' title='bbox 1781 894 1802 923; x_wconf 77' lang='lat' dir='ltr'><strong>ad</strong></span> 
     </span>
    </p>
   </div>
   <div class='ocr_carea' id='block_1_63' title="bbox 1051 937 1802 973">
    <p class='ocr_par' dir='ltr' id='par_1_63' title="bbox 1051 937 1802 973">
     <span class='ocr_line' id='line_1_63' title="bbox 1051 937 1802 973; baseline 0 -9"><span class='ocrx_word' id='word_1_434' title='bbox 1051 945 1154 964; x_wconf 90' lang='lat' dir='ltr'><strong>annum</strong></span> <span class='ocrx_word' id='word_1_435' title='bbox 1184 937 1234 964; x_wconf 91' lang='lat'><strong>177</strong></span> <span class='ocrx_word' id='word_1_436' title='bbox 1262 937 1354 971; x_wconf 82' lang='lat' dir='ltr'><strong>refert,</strong></span> <span class='ocrx_word' id='word_1_437' title='bbox 1385 937 1438 965; x_wconf 84' lang='lat' dir='ltr'><strong>sub</strong></span> <span class='ocrx_word' id='word_1_438' title='bbox 1460 938 1542 973; x_wconf 87' lang='lat' dir='ltr'><strong>cujus</strong></span> <span class='ocrx_word' id='word_1_439' title='bbox 1568 939 1730 972; x_wconf 86' lang='lat' dir='ltr'><strong>pontificatus</strong></span> <span class='ocrx_word' id='word_1_440' title='bbox 1749 939 1802 965; x_wconf 87' lang='lat' dir='ltr'><strong>initio</strong></span> 
     </span>
    </p>
   </div>
   <div class='ocr_carea' id='block_1_64' title="bbox 1052 983 1800 1019">
    <p class='ocr_par' dir='ltr' id='par_1_64' title="bbox 1052 983 1800 1019">
     <span class='ocr_line' id='line_1_64' title="bbox 1052 983 1800 1019; baseline 0 -9"><span class='ocrx_word' id='word_1_441' title='bbox 1052 988 1185 1019; x_wconf 80' lang='lat' dir='ltr'><strong>martyres</strong></span> <span class='ocrx_word' id='word_1_442' title='bbox 1210 983 1406 1018; x_wconf 79' lang='lat' dir='ltr'><strong>Lugdunenses</strong></span> <span class='ocrx_word' id='word_1_443' title='bbox 1436 991 1535 1018; x_wconf 89' lang='lat' dir='ltr'><strong>passos</strong></span> <span class='ocrx_word' id='word_1_444' title='bbox 1564 983 1650 1011; x_wconf 86' lang='lat' dir='ltr'><strong>fuisse</strong></span> <span class='ocrx_word' id='word_1_445' title='bbox 1666 988 1752 1011; x_wconf 86' lang='lat' dir='ltr'><strong>certum</strong></span> <span class='ocrx_word' id='word_1_446' title='bbox 1766 990 1800 1016; x_wconf 75' lang='lat' dir='ltr'><strong>est,</strong></span> 
     </span>
    </p>
   </div>
   <div class='ocr_carea' id='block_1_65' title="bbox 1051 1029 1801 1064">
    <p class='ocr_par' dir='ltr' id='par_1_65' title="bbox 1051 1029 1801 1064">
     <span class='ocr_line' id='line_1_65' title="bbox 1051 1029 1801 1064; baseline 0.001 -8"><span class='ocrx_word' id='word_1_447' title='bbox 1051 1037 1106 1056; x_wconf 90' lang='lat' dir='ltr'><strong>non</strong></span> <span class='ocrx_word' id='word_1_448' title='bbox 1127 1037 1160 1056; x_wconf 83' lang='lat' dir='ltr'><strong>ex</strong></span> <span class='ocrx_word' id='word_1_449' title='bbox 1184 1029 1293 1056; x_wconf 84' lang='lat' dir='ltr'><strong>Eusebii</strong></span> <span class='ocrx_word' id='word_1_450' title='bbox 1314 1029 1403 1056; x_wconf 90' lang='lat' dir='ltr'><strong>solum</strong></span> <span class='ocrx_word' id='word_1_451' title='bbox 1417 1030 1520 1063; x_wconf 87' lang='lat' dir='ltr'><strong>verbis,</strong></span> <span class='ocrx_word' id='word_1_452' title='bbox 1548 1030 1596 1057; x_wconf 82' lang='lat' dir='ltr'><strong>sed</strong></span> <span class='ocrx_word' id='word_1_453' title='bbox 1613 1037 1645 1056; x_wconf 82' lang='lat' dir='ltr'><strong>ex</strong></span> <span class='ocrx_word' id='word_1_454' title='bbox 1663 1030 1801 1064; x_wconf 79' lang='lat' dir='ltr'><strong>ipsorummet</strong></span> 
     </span>
    </p>
   </div>
   <div class='ocr_carea' id='block_1_66' title="bbox 1051 1073 1801 1109">
    <p class='ocr_par' dir='ltr' id='par_1_66' title="bbox 1051 1073 1801 1109">
     <span class='ocr_line' id='line_1_66' title="bbox 1051 1073 1801 1109; baseline 0.001 -9"><span class='ocrx_word' id='word_1_455' title='bbox 1051 1079 1202 1109; x_wconf 89' lang='lat' dir='ltr'><strong>martyrum</strong></span> <span class='ocrx_word' id='word_1_456' title='bbox 1220 1073 1444 1109; x_wconf 76' lang='lat' dir='ltr'><strong>Lugdunensium</strong></span> <span class='ocrx_word' id='word_1_457' title='bbox 1464 1074 1593 1109; x_wconf 81' lang='lat' dir='ltr'><strong>epistola,</strong></span> <span class='ocrx_word' id='word_1_458' title='bbox 1615 1083 1692 1109; x_wconf 89' lang='lat' dir='ltr'><strong>quam</strong></span> <span class='ocrx_word' id='word_1_459' title='bbox 1709 1082 1748 1109; x_wconf 85' lang='lat' dir='ltr'><strong>per</strong></span> <span class='ocrx_word' id='word_1_460' title='bbox 1758 1083 1801 1101; x_wconf 85' lang='lat' dir='ltr'><strong>san-</strong></span> 
     </span>
    </p>
   </div>
   <div class='ocr_carea' id='block_1_67' title="bbox 1050 1117 1800 1154">
    <p class='ocr_par' dir='ltr' id='par_1_67' title="bbox 1050 1117 1800 1154">
     <span class='ocr_line' id='line_1_67' title="bbox 1050 1117 1800 1154; baseline 0.001 -9"><span class='ocrx_word' id='word_1_461' title='bbox 1050 1123 1124 1146; x_wconf 89' lang='lat' dir='ltr'><strong>ctum</strong></span> <span class='ocrx_word' id='word_1_462' title='bbox 1145 1117 1276 1146; x_wconf 59' lang='lat' dir='ltr'><strong>Irenaeum</strong></span> <span class='ocrx_word' id='word_1_463' title='bbox 1299 1119 1333 1146; x_wconf 91' lang='lat' dir='ltr'><strong>ad</strong></span> <span class='ocrx_word' id='word_1_464' title='bbox 1351 1127 1413 1146; x_wconf 90' lang='lat' dir='ltr'><strong>eum</strong></span> <span class='ocrx_word' id='word_1_465' title='bbox 1432 1119 1590 1154; x_wconf 84' lang='lat' dir='ltr'><strong>pontificem</strong></span> <span class='ocrx_word' id='word_1_466' title='bbox 1617 1120 1761 1147; x_wconf 77' lang='lat' dir='ltr'><strong>direxerant.</strong></span> <span class='ocrx_word' id='word_1_467' title='bbox 1779 1119 1800 1146; x_wconf 77' lang='lat' dir='ltr'><strong>Te</strong></span> 
     </span>
    </p>
   </div>
   <div class='ocr_carea' id='block_1_68' title="bbox 1050 1164 1800 1201">
    <p class='ocr_par' dir='ltr' id='par_1_68' title="bbox 1050 1164 1800 1201">
     <span class='ocr_line' id='line_1_68' title="bbox 1050 1164 1800 1201; baseline 0.003 -11"><span class='ocrx_word' id='word_1_468' title='bbox 1050 1172 1096 1199; x_wconf 83' lang='lat' dir='ltr'><strong>per</strong></span> <span class='ocrx_word' id='word_1_469' title='bbox 1107 1164 1207 1198; x_wconf 82' lang='lat' dir='ltr'><strong>omnia,</strong></span> <span class='ocrx_word' id='word_1_470' title='bbox 1233 1164 1371 1199; x_wconf 90' lang='lat' dir='ltr'><strong>inquiunt,</strong></span> <span class='ocrx_word' id='word_1_471' title='bbox 1393 1173 1424 1191; x_wconf 84' lang='lat' dir='ltr'><strong>ac</strong></span> <span class='ocrx_word' id='word_1_472' title='bbox 1445 1172 1573 1201; x_wconf 85' lang='lat' dir='ltr'><strong>perpetuo</strong></span> <span class='ocrx_word' id='word_1_473' title='bbox 1596 1170 1708 1200; x_wconf 69' lang='lat' dir='ltr'><strong>optamus</strong></span> <span class='ocrx_word' id='word_1_474' title='bbox 1725 1165 1745 1192; x_wconf 80' lang='lat' dir='ltr'><strong>in</strong></span> <span class='ocrx_word' id='word_1_475' title='bbox 1764 1165 1800 1192; x_wconf 69' lang='lat' dir='ltr'><strong>Deo</strong></span> 
     </span>
    </p>
   </div>
   <div class='ocr_carea' id='block_1_69' title="bbox 1050 1209 1426 1244">
    <p class='ocr_par' dir='ltr' id='par_1_69' title="bbox 1050 1209 1426 1244">
     <span class='ocr_line' id='line_1_69' title="bbox 1050 1209 1426 1244; baseline 0 -7"><span class='ocrx_word' id='word_1_476' title='bbox 1050 1211 1146 1244; x_wconf 82' lang='lat' dir='ltr'><strong>valere,</strong></span> <span class='ocrx_word' id='word_1_477' title='bbox 1160 1217 1236 1244; x_wconf 83' lang='lat' dir='ltr'><strong>pater</strong></span> <span class='ocrx_word' id='word_1_478' title='bbox 1251 1209 1400 1238; x_wconf 85' lang='lat' dir='ltr'><strong>Eleuthere.</strong></span> <span class='ocrx_word' id='word_1_479' title='bbox 1416 1220 1426 1237; x_wconf 75' lang='grc' dir='ltr'><strong><em>ι</em></strong></span> 
     </span>
    </p>
   </div>
   <div class='ocr_carea' id='block_1_70' title="bbox 1085 1254 1797 1290">
    <p class='ocr_par' dir='ltr' id='par_1_70' title="bbox 1085 1254 1797 1290">
     <span class='ocr_line' id='line_1_70' title="bbox 1085 1254 1797 1290; baseline 0 -9"><span class='ocrx_word' id='word_1_480' title='bbox 1085 1254 1130 1282; x_wconf 87' lang='lat' dir='ltr'><strong>IV.</strong></span> <span class='ocrx_word' id='word_1_481' title='bbox 1149 1255 1189 1282; x_wconf 87' lang='lat' dir='ltr'><strong>Ad</strong></span> <span class='ocrx_word' id='word_1_482' title='bbox 1202 1254 1260 1281; x_wconf 71' lang='lat' dir='ltr'><strong>ltaec</strong></span> <span class='ocrx_word' id='word_1_483' title='bbox 1269 1263 1413 1282; x_wconf 87' lang='lat' dir='ltr'><strong>numerum</strong></span> <span class='ocrx_word' id='word_1_484' title='bbox 1436 1255 1552 1290; x_wconf 89' lang='lat' dir='ltr'><strong>inquirit</strong></span> <span class='ocrx_word' id='word_1_485' title='bbox 1573 1260 1599 1282; x_wconf 89' lang='lat' dir='ltr'><strong>et</strong></span> <span class='ocrx_word' id='word_1_486' title='bbox 1619 1255 1719 1282; x_wconf 85' lang='lat' dir='ltr'><strong>nomina</strong></span> <span class='ocrx_word' id='word_1_487' title='bbox 1730 1262 1797 1282; x_wconf 80' lang='lat' dir='ltr'><strong>eorum</strong></span> 
     </span>
    </p>
   </div>
   <div class='ocr_carea' id='block_1_71' title="bbox 1050 1301 1797 1336">
    <p class='ocr_par' dir='ltr' id='par_1_71' title="bbox 1050 1301 1797 1336">
     <span class='ocr_line' id='line_1_71' title="bbox 1050 1301 1797 1336; baseline -0.001 -9"><span class='ocrx_word' id='word_1_488' title='bbox 1050 1305 1201 1336; x_wconf 86' lang='lat' dir='ltr'><strong>martyrum</strong></span> <span class='ocrx_word' id='word_1_489' title='bbox 1214 1301 1255 1327; x_wconf 88' lang='lat' dir='ltr'><strong>vir</strong></span> <span class='ocrx_word' id='word_1_490' title='bbox 1267 1301 1401 1333; x_wconf 88' lang='lat' dir='ltr'><strong>eruditus,</strong></span> <span class='ocrx_word' id='word_1_491' title='bbox 1414 1301 1454 1328; x_wconf 88' lang='lat' dir='ltr'><strong>sic</strong></span> <span class='ocrx_word' id='word_1_492' title='bbox 1465 1301 1596 1335; x_wconf 87' lang='lat' dir='ltr'><strong>inquiens</strong></span> <span class='ocrx_word' id='word_1_493' title='bbox 1607 1311 1614 1328; x_wconf 89' lang='lat'><strong><em>:</em></strong></span> <span class='ocrx_word' id='word_1_494' title='bbox 1633 1311 1641 1327; x_wconf 88' lang='lat'><strong>(</strong></span> <span class='ocrx_word' id='word_1_495' title='bbox 1658 1301 1744 1327; x_wconf 81' lang='lat' dir='ltr'><strong>[iurum</strong></span> <span class='ocrx_word' id='word_1_496' title='bbox 1757 1308 1797 1327; x_wconf 89' lang='lat' dir='ltr'><strong>0m-</strong></span> 
     </span>
    </p>
   </div>
   <div class='ocr_carea' id='block_1_72' title="bbox 1050 1346 1798 1382">
    <p class='ocr_par' dir='ltr' id='par_1_72' title="bbox 1050 1346 1798 1382">
     <span class='ocr_line' id='line_1_72' title="bbox 1050 1346 1798 1382; baseline -0.001 -9"><span class='ocrx_word' id='word_1_497' title='bbox 1050 1347 1124 1373; x_wconf 90' lang='lat' dir='ltr'><strong>nium</strong></span> <span class='ocrx_word' id='word_1_498' title='bbox 1142 1350 1292 1382; x_wconf 79' lang='lat' dir='ltr'><strong>martyrum</strong></span> <span class='ocrx_word' id='word_1_499' title='bbox 1316 1347 1427 1373; x_wconf 87' lang='lat' dir='ltr'><strong>nomina</strong></span> <span class='ocrx_word' id='word_1_500' title='bbox 1455 1346 1481 1373; x_wconf 91' lang='lat' dir='ltr'><strong>in</strong></span> <span class='ocrx_word' id='word_1_501' title='bbox 1498 1346 1596 1373; x_wconf 87' lang='lat' dir='ltr'><strong>eadem</strong></span> <span class='ocrx_word' id='word_1_502' title='bbox 1612 1346 1721 1380; x_wconf 77' lang='lat' dir='ltr'><strong>Epistula</strong></span> <span class='ocrx_word' id='word_1_503' title='bbox 1733 1352 1798 1372; x_wconf 76' lang='lat' dir='ltr'><strong>recen-</strong></span> 
     </span>
    </p>
   </div>
   <div class='ocr_carea' id='block_1_73' title="bbox 1050 1390 1797 1427">
    <p class='ocr_par' dir='ltr' id='par_1_73' title="bbox 1050 1390 1797 1427">
     <span class='ocr_line' id='line_1_73' title="bbox 1050 1390 1797 1427; baseline -0.005 -8"><span class='ocrx_word' id='word_1_504' title='bbox 1050 1392 1102 1419; x_wconf 84' lang='lat' dir='ltr'><strong>sita</strong></span> <span class='ocrx_word' id='word_1_505' title='bbox 1118 1397 1207 1420; x_wconf 91' lang='lat' dir='ltr'><strong>erant.</strong></span> <span class='ocrx_word' id='word_1_506' title='bbox 1225 1391 1277 1419; x_wconf 90' lang='lat' dir='ltr'><strong>Sed</strong></span> <span class='ocrx_word' id='word_1_507' title='bbox 1301 1391 1403 1419; x_wconf 74' lang='lat' dir='ltr'><strong>excidit</strong></span> <span class='ocrx_word' id='word_1_508' title='bbox 1425 1393 1577 1427; x_wconf 89' lang='lat' dir='ltr'><strong>pretiosum</strong></span> <span class='ocrx_word' id='word_1_509' title='bbox 1602 1392 1665 1419; x_wconf 92' lang='lat' dir='ltr'><strong>illud</strong></span> <span class='ocrx_word' id='word_1_510' title='bbox 1689 1390 1797 1425; x_wconf 75' lang='lat' dir='ltr'><strong>antiquita-</strong></span> 
     </span>
    </p>
   </div>
   <div class='ocr_carea' id='block_1_74' title="bbox 1050 1436 1796 1473">
    <p class='ocr_par' dir='ltr' id='par_1_74' title="bbox 1050 1436 1796 1473">
     <span class='ocr_line' id='line_1_74' title="bbox 1050 1436 1796 1473; baseline -0.007 -7"><span class='ocrx_word' id='word_1_511' title='bbox 1050 1439 1084 1466; x_wconf 89' lang='lat' dir='ltr'><strong>tis</strong></span> <span class='ocrx_word' id='word_1_512' title='bbox 1095 1443 1314 1471; x_wconf 85' lang='lat' dir='ltr'><strong>monumentum,</strong></span> <span class='ocrx_word' id='word_1_513' title='bbox 1331 1443 1428 1473; x_wconf 71' lang='lat' dir='ltr'><strong>przeter</strong></span> <span class='ocrx_word' id='word_1_514' title='bbox 1449 1446 1535 1465; x_wconf 90' lang='lat' dir='ltr'><strong>unum</strong></span> <span class='ocrx_word' id='word_1_515' title='bbox 1556 1439 1637 1466; x_wconf 83' lang='lat' dir='ltr'><strong>breve</strong></span> <span class='ocrx_word' id='word_1_516' title='bbox 1658 1436 1796 1472; x_wconf 77' lang='lat' dir='ltr'><strong>fragmentum</strong></span> 
     </span>
    </p>
   </div>
   <div class='ocr_carea' id='block_1_75' title="bbox 1049 1481 1795 1519">
    <p class='ocr_par' dir='ltr' id='par_1_75' title="bbox 1049 1481 1795 1519">
     <span class='ocr_line' id='line_1_75' title="bbox 1049 1481 1795 1519; baseline -0.007 -7"><span class='ocrx_word' id='word_1_517' title='bbox 1049 1484 1122 1519; x_wconf 84' lang='lat' dir='ltr'><strong>quod</strong></span> <span class='ocrx_word' id='word_1_518' title='bbox 1135 1483 1220 1512; x_wconf 85' lang='lat' dir='ltr'><strong>refert</strong></span> <span class='ocrx_word' id='word_1_519' title='bbox 1239 1483 1373 1512; x_wconf 85' lang='lat' dir='ltr'><strong>Eusebius</strong></span> <span class='ocrx_word' id='word_1_520' title='bbox 1395 1483 1471 1519; x_wconf 82' lang='lat'><strong>(11);</strong></span> <span class='ocrx_word' id='word_1_521' title='bbox 1486 1484 1530 1511; x_wconf 93' lang='lat' dir='ltr'><strong>cui</strong></span> <span class='ocrx_word' id='word_1_522' title='bbox 1553 1484 1610 1511; x_wconf 59' lang='lat' dir='ltr'><strong>hac</strong></span> <span class='ocrx_word' id='word_1_523' title='bbox 1622 1483 1663 1510; x_wconf 88' lang='lat' dir='ltr'><strong>ille</strong></span> <span class='ocrx_word' id='word_1_524' title='bbox 1675 1481 1795 1516; x_wconf 71' lang='lat' dir='ltr'><strong>subiungit:</strong></span> 
     </span>
    </p>
   </div>
   <div class='ocr_carea' id='block_1_76' title="bbox 1049 1527 1795 1565">
    <p class='ocr_par' dir='ltr' id='par_1_76' title="bbox 1049 1527 1795 1565">
     <span class='ocr_line' id='line_1_76' title="bbox 1049 1527 1795 1565; baseline -0.008 -7"><span class='ocrx_word' id='word_1_525' title='bbox 1049 1531 1120 1564; x_wconf 81' lang='lat' dir='ltr'><strong>Quid</strong></span> <span class='ocrx_word' id='word_1_526' title='bbox 1139 1539 1203 1565; x_wconf 80' lang='lat' dir='ltr'><strong>opus</strong></span> <span class='ocrx_word' id='word_1_527' title='bbox 1220 1536 1257 1558; x_wconf 76' lang='lat' dir='ltr'><strong>est</strong></span> <span class='ocrx_word' id='word_1_528' title='bbox 1277 1538 1429 1565; x_wconf 71' lang='lat' dir='ltr'><strong>expressum</strong></span> <span class='ocrx_word' id='word_1_529' title='bbox 1451 1530 1477 1556; x_wconf 88' lang='lat' dir='ltr'><strong>in</strong></span> <span class='ocrx_word' id='word_1_530' title='bbox 1490 1529 1645 1563; x_wconf 82' lang='lat' dir='ltr'><strong>supradicta</strong></span> <span class='ocrx_word' id='word_1_531' title='bbox 1662 1527 1752 1562; x_wconf 71' lang='lat' dir='ltr'><strong>epistola</strong></span> <span class='ocrx_word' id='word_1_532' title='bbox 1764 1533 1795 1551; x_wconf 73' lang='lat' dir='ltr'><strong>ca-</strong></span> 
     </span>
    </p>
   </div>
   <div class='ocr_carea' id='block_1_77' title="bbox 1052 1570 1793 1613">
    <p class='ocr_par' dir='ltr' id='par_1_77' title="bbox 1052 1570 1793 1613">
     <span class='ocr_line' id='line_1_77' title="bbox 1052 1570 1793 1613; baseline -0.008 -9"><span class='ocrx_word' id='word_1_533' title='bbox 1052 1578 1169 1613; x_wconf 85' lang='lat' dir='ltr'><strong>talogum</strong></span> <span class='ocrx_word' id='word_1_534' title='bbox 1183 1581 1330 1612; x_wconf 79' lang='lat' dir='ltr'><strong>martyrum</strong></span> <span class='ocrx_word' id='word_1_535' title='bbox 1344 1575 1386 1602; x_wconf 87' lang='lat' dir='ltr'><strong>hic</strong></span> <span class='ocrx_word' id='word_1_536' title='bbox 1400 1584 1544 1609; x_wconf 73' lang='lat' dir='ltr'><strong>recensere,</strong></span> <span class='ocrx_word' id='word_1_537' title='bbox 1559 1583 1667 1610; x_wconf 83' lang='lat' dir='ltr'><strong>quorum</strong></span> <span class='ocrx_word' id='word_1_538' title='bbox 1683 1573 1722 1600; x_wconf 85' lang='lat' dir='ltr'><strong>alii</strong></span> <span class='ocrx_word' id='word_1_539' title='bbox 1735 1570 1793 1599; x_wconf 65' lang='lat' dir='ltr'><strong>teriri</strong></span> 
     </span>
    </p>
   </div>
   <div class='ocr_carea' id='block_1_78' title="bbox 1048 1616 1795 1658">
    <p class='ocr_par' dir='ltr' id='par_1_78' title="bbox 1048 1616 1795 1658">
     <span class='ocr_line' id='line_1_78' title="bbox 1048 1616 1795 1658; baseline -0.012 -8"><span class='ocrx_word' id='word_1_540' title='bbox 1048 1624 1175 1658; x_wconf 78' lang='lat' dir='ltr'><strong>percussi,</strong></span> <span class='ocrx_word' id='word_1_541' title='bbox 1193 1623 1241 1649; x_wconf 83' lang='lat' dir='ltr'><strong>alii</strong></span> <span class='ocrx_word' id='word_1_542' title='bbox 1260 1623 1323 1657; x_wconf 77' lang='lat' dir='ltr'><strong>feris</strong></span> <span class='ocrx_word' id='word_1_543' title='bbox 1337 1622 1443 1656; x_wconf 82' lang='lat' dir='ltr'><strong>objecti,</strong></span> <span class='ocrx_word' id='word_1_544' title='bbox 1467 1622 1516 1648; x_wconf 80' lang='lat' dir='ltr'><strong>alii</strong></span> <span class='ocrx_word' id='word_1_545' title='bbox 1539 1622 1566 1648; x_wconf 84' lang='lat' dir='ltr'><strong>in</strong></span> <span class='ocrx_word' id='word_1_546' title='bbox 1581 1629 1678 1648; x_wconf 83' lang='lat' dir='ltr'><strong>carcere</strong></span> <span class='ocrx_word' id='word_1_547' title='bbox 1690 1616 1795 1646; x_wconf 71' lang='lat' dir='ltr'><strong>exanimati</strong></span> 
     </span>
    </p>
   </div>
   <div class='ocr_carea' id='block_1_79' title="bbox 1049 1663 1794 1703">
    <p class='ocr_par' dir='ltr' id='par_1_79' title="bbox 1049 1663 1794 1703">
     <span class='ocr_line' id='line_1_79' title="bbox 1049 1663 1794 1703; baseline -0.009 -8"><span class='ocrx_word' id='word_1_548' title='bbox 1049 1669 1129 1696; x_wconf 79' lang='lat' dir='ltr'><strong>sunt?</strong></span> <span class='ocrx_word' id='word_1_549' title='bbox 1148 1667 1203 1695; x_wconf 90' lang='lat' dir='ltr'><strong>llos</strong></span> <span class='ocrx_word' id='word_1_550' title='bbox 1226 1672 1359 1703; x_wconf 82' lang='lat' dir='ltr'><strong>martyres</strong></span> <span class='ocrx_word' id='word_1_551' title='bbox 1376 1667 1403 1693; x_wconf 92' lang='lat' dir='ltr'><strong>in</strong></span> <span class='ocrx_word' id='word_1_552' title='bbox 1426 1667 1540 1693; x_wconf 89' lang='lat' dir='ltr'><strong>totidem</strong></span> <span class='ocrx_word' id='word_1_553' title='bbox 1558 1666 1657 1693; x_wconf 86' lang='lat' dir='ltr'><strong>classes</strong></span> <span class='ocrx_word' id='word_1_554' title='bbox 1668 1663 1794 1691; x_wconf 85' lang='lat' dir='ltr'><strong>distribuunt</strong></span> 
     </span>
    </p>
   </div>
   <div class='ocr_carea' id='block_1_80' title="bbox 1049 1707 1793 1749">
    <p class='ocr_par' dir='ltr' id='par_1_80' title="bbox 1049 1707 1793 1749">
     <span class='ocr_line' id='line_1_80' title="bbox 1049 1707 1793 1749; baseline -0.009 -8"><span class='ocrx_word' id='word_1_555' title='bbox 1049 1713 1198 1749; x_wconf 81' lang='lat' dir='ltr'><strong>Gregorius</strong></span> <span class='ocrx_word' id='word_1_556' title='bbox 1214 1712 1387 1740; x_wconf 87' lang='lat' dir='ltr'><strong>Turonensis</strong></span> <span class='ocrx_word' id='word_1_557' title='bbox 1403 1712 1471 1747; x_wconf 73' lang='lat'><strong>(12),</strong></span> <span class='ocrx_word' id='word_1_558' title='bbox 1497 1711 1557 1738; x_wconf 82' lang='lat' dir='ltr'><strong>Ado</strong></span> <span class='ocrx_word' id='word_1_559' title='bbox 1575 1715 1602 1738; x_wconf 89' lang='lat' dir='ltr'><strong>et</strong></span> <span class='ocrx_word' id='word_1_560' title='bbox 1616 1709 1732 1737; x_wconf 77' lang='lat' dir='ltr'><strong>Notkerus</strong></span> <span class='ocrx_word' id='word_1_561' title='bbox 1744 1707 1793 1742; x_wconf 66' lang='lat' dir='ltr'><strong>(IS);</strong></span> 
     </span>
    </p>
   </div>
   <div class='ocr_carea' id='block_1_81' title="bbox 1048 1755 1794 1793">
    <p class='ocr_par' dir='ltr' id='par_1_81' title="bbox 1048 1755 1794 1793">
     <span class='ocr_line' id='line_1_81' title="bbox 1048 1755 1794 1793; baseline -0.009 -8"><span class='ocrx_word' id='word_1_562' title='bbox 1048 1765 1118 1793; x_wconf 89' lang='lat' dir='ltr'><strong>quos</strong></span> <span class='ocrx_word' id='word_1_563' title='bbox 1138 1758 1318 1793; x_wconf 78' lang='lat' dir='ltr'><strong>quadraginta</strong></span> <span class='ocrx_word' id='word_1_564' title='bbox 1346 1761 1373 1785; x_wconf 90' lang='lat' dir='ltr'><strong>et</strong></span> <span class='ocrx_word' id='word_1_565' title='bbox 1393 1761 1456 1784; x_wconf 90' lang='lat' dir='ltr'><strong>octo</strong></span> <span class='ocrx_word' id='word_1_566' title='bbox 1481 1756 1568 1783; x_wconf 89' lang='lat' dir='ltr'><strong>fuisse</strong></span> <span class='ocrx_word' id='word_1_567' title='bbox 1585 1755 1667 1788; x_wconf 88' lang='lat' dir='ltr'><strong>aiunt,</strong></span> <span class='ocrx_word' id='word_1_568' title='bbox 1684 1758 1794 1786; x_wconf 83' lang='lat' dir='ltr'><strong>eorumque</strong></span> 
     </span>
    </p>
   </div>
   <div class='ocr_carea' id='block_1_82' title="bbox 1049 1798 1793 1838">
    <p class='ocr_par' dir='ltr' id='par_1_82' title="bbox 1049 1798 1793 1838">
     <span class='ocr_line' id='line_1_82' title="bbox 1049 1798 1793 1838; baseline -0.011 -7"><span class='ocrx_word' id='word_1_569' title='bbox 1049 1804 1160 1831; x_wconf 90' lang='lat' dir='ltr'><strong>nomina</strong></span> <span class='ocrx_word' id='word_1_570' title='bbox 1182 1809 1337 1835; x_wconf 85' lang='lat' dir='ltr'><strong>recensent,</strong></span> <span class='ocrx_word' id='word_1_571' title='bbox 1367 1810 1428 1838; x_wconf 59' lang='lat' dir='ltr'><strong>quae</strong></span> <span class='ocrx_word' id='word_1_572' title='bbox 1450 1810 1483 1829; x_wconf 79' lang='lat' dir='ltr'><strong>cx</strong></span> <span class='ocrx_word' id='word_1_573' title='bbox 1506 1802 1568 1829; x_wconf 91' lang='lat' dir='ltr'><strong>istis</strong></span> <span class='ocrx_word' id='word_1_574' title='bbox 1597 1800 1736 1828; x_wconf 88' lang='lat' dir='ltr'><strong>auctoribus</strong></span> <span class='ocrx_word' id='word_1_575' title='bbox 1757 1798 1793 1824; x_wconf 85' lang='lat' dir='ltr'><strong>huc</strong></span> 
     </span>
    </p>
   </div>
   <div class='ocr_carea' id='block_1_83' title="bbox 1049 1845 1794 1885">
    <p class='ocr_par' dir='ltr' id='par_1_83' title="bbox 1049 1845 1794 1885">
     <span class='ocr_line' id='line_1_83' title="bbox 1049 1845 1794 1885; baseline -0.005 -9"><span class='ocrx_word' id='word_1_576' title='bbox 1049 1849 1171 1885; x_wconf 88' lang='lat' dir='ltr'><strong>proferre</strong></span> <span class='ocrx_word' id='word_1_577' title='bbox 1182 1849 1271 1876; x_wconf 78' lang='lat' dir='ltr'><strong>visunt</strong></span> <span class='ocrx_word' id='word_1_578' title='bbox 1284 1853 1337 1883; x_wconf 89' lang='lat' dir='ltr'><strong>est,</strong></span> <span class='ocrx_word' id='word_1_579' title='bbox 1350 1856 1437 1884; x_wconf 87' lang='lat' dir='ltr'><strong>usque</strong></span> <span class='ocrx_word' id='word_1_580' title='bbox 1448 1849 1513 1876; x_wconf 88' lang='lat' dir='ltr'><strong>dum</strong></span> <span class='ocrx_word' id='word_1_581' title='bbox 1528 1848 1676 1884; x_wconf 89' lang='lat' dir='ltr'><strong>antiquiora</strong></span> <span class='ocrx_word' id='word_1_582' title='bbox 1690 1845 1794 1873; x_wconf 78' lang='lat' dir='ltr'><strong>invenian-</strong></span> 
     </span>
    </p>
   </div>
   <div class='ocr_carea' id='block_1_84' title="bbox 1050 1900 1299 1924">
    <p class='ocr_par' dir='ltr' id='par_1_84' title="bbox 1050 1900 1299 1924">
     <span class='ocr_line' id='line_1_84' title="bbox 1050 1900 1299 1924; baseline -0.008 0"><span class='ocrx_word' id='word_1_583' title='bbox 1050 1901 1094 1924; x_wconf 84' lang='lat' dir='ltr'><strong>tur</strong></span> <span class='ocrx_word' id='word_1_584' title='bbox 1110 1900 1299 1923; x_wconf 82' lang='lat' dir='ltr'><strong>monumenta.</strong></span> 
     </span>
    </p>
   </div>
   <div class='ocr_carea' id='block_1_85' title="bbox 1088 1935 1792 1975">
    <p class='ocr_par' dir='ltr' id='par_1_85' title="bbox 1088 1935 1792 1975">
     <span class='ocr_line' id='line_1_85' title="bbox 1088 1935 1792 1975; baseline -0.009 -8"><span class='ocrx_word' id='word_1_585' title='bbox 1088 1950 1097 1967; x_wconf 76' lang='lat' dir='ltr'><strong>t</strong></span> <span class='ocrx_word' id='word_1_586' title='bbox 1110 1941 1167 1969; x_wconf 80' lang='lat' dir='ltr'><strong>Hoc</strong></span> <span class='ocrx_word' id='word_1_587' title='bbox 1178 1941 1268 1975; x_wconf 90' lang='lat' dir='ltr'><strong>itaque</strong></span> <span class='ocrx_word' id='word_1_588' title='bbox 1283 1939 1379 1968; x_wconf 84' lang='lat' dir='ltr'><strong>ordine</strong></span> <span class='ocrx_word' id='word_1_589' title='bbox 1393 1947 1407 1967; x_wconf 90' lang='lat' dir='ltr'><strong>a</strong></span> <span class='ocrx_word' id='word_1_590' title='bbox 1429 1939 1564 1975; x_wconf 79' lang='lat' dir='ltr'><strong>Gregorio</strong></span> <span class='ocrx_word' id='word_1_591' title='bbox 1593 1937 1727 1966; x_wconf 88' lang='lat' dir='ltr'><strong>Turonensi</strong></span> <span class='ocrx_word' id='word_1_592' title='bbox 1744 1935 1792 1963; x_wconf 80' lang='lat' dir='ltr'><strong>refe-</strong></span> 
     </span>
    </p>
   </div>
   <div class='ocr_carea' id='block_1_86' title="bbox 1051 1981 1792 2020">
    <p class='ocr_par' dir='ltr' id='par_1_86' title="bbox 1051 1981 1792 2020">
     <span class='ocr_line' id='line_1_86' title="bbox 1051 1981 1792 2020; baseline -0.011 -7"><span class='ocrx_word' id='word_1_593' title='bbox 1051 1989 1149 2013; x_wconf 80' lang='lat' dir='ltr'><strong>runtur</strong></span> <span class='ocrx_word' id='word_1_594' title='bbox 1166 1985 1238 2020; x_wconf 64' lang='lat'><strong>(11):</strong></span> <span class='ocrx_word' id='word_1_595' title='bbox 1275 1985 1376 2013; x_wconf 76' lang='lat' dir='ltr'><strong>Vettius</strong></span> <span class='ocrx_word' id='word_1_596' title='bbox 1405 1983 1574 2020; x_wconf 76' lang='lat' dir='ltr'><strong>Epagatlms,</strong></span> <span class='ocrx_word' id='word_1_597' title='bbox 1594 1983 1730 2014; x_wconf 75' lang='lat' dir='ltr'><strong>Zacharias,</strong></span> <span class='ocrx_word' id='word_1_598' title='bbox 1743 1981 1792 2007; x_wconf 81' lang='lat' dir='ltr'><strong>hunc</strong></span> 
     </span>
    </p>
   </div>
   <div class='ocr_carea' id='block_1_87' title="bbox 1050 2026 1790 2067">
    <p class='ocr_par' dir='ltr' id='par_1_87' title="bbox 1050 2026 1790 2067">
     <span class='ocr_line' id='line_1_87' title="bbox 1050 2026 1790 2067; baseline -0.001 -9"><span class='ocrx_word' id='word_1_599' title='bbox 1050 2032 1236 2067; x_wconf 84' lang='lat' dir='ltr'><strong>presbyterum</strong></span> <span class='ocrx_word' id='word_1_600' title='bbox 1264 2030 1349 2058; x_wconf 89' lang='lat' dir='ltr'><strong>fuisse</strong></span> <span class='ocrx_word' id='word_1_601' title='bbox 1378 2031 1472 2058; x_wconf 57' lang='lat' dir='ltr'><strong>ceteri</strong></span> <span class='ocrx_word' id='word_1_602' title='bbox 1500 2031 1643 2063; x_wconf 85' lang='lat' dir='ltr'><strong>referunt;</strong></span> <span class='ocrx_word' id='word_1_603' title='bbox 1683 2026 1790 2056; x_wconf 65' lang='lat' dir='ltr'><strong>Hauriat.</strong></span> 
     </span>
    </p>
   </div>
   <div class='ocr_carea' id='block_1_88' title="bbox 1049 2069 1791 2111">
    <p class='ocr_par' dir='ltr' id='par_1_88' title="bbox 1049 2069 1791 2111">
     <span class='ocr_line' id='line_1_88' title="bbox 1049 2069 1791 2111; baseline -0.008 -7"><span class='ocrx_word' id='word_1_604' title='bbox 1049 2077 1221 2105; x_wconf 78' lang='lat' dir='ltr'><strong>Alcibiades:</strong></span> <span class='ocrx_word' id='word_1_605' title='bbox 1243 2076 1326 2104; x_wconf 87' lang='lat' dir='ltr'><strong>istum</strong></span> <span class='ocrx_word' id='word_1_606' title='bbox 1341 2076 1395 2103; x_wconf 90' lang='lat' dir='ltr'><strong>alio</strong></span> <span class='ocrx_word' id='word_1_607' title='bbox 1411 2078 1534 2110; x_wconf 89' lang='lat' dir='ltr'><strong>nomine,</strong></span> <span class='ocrx_word' id='word_1_608' title='bbox 1550 2075 1715 2111; x_wconf 70' lang='lat' dir='ltr'><strong>Asclepiade»:</strong></span> <span class='ocrx_word' id='word_1_609' title='bbox 1727 2069 1791 2099; x_wconf 72' lang='lat' dir='ltr'><strong>vocari</strong></span> 
     </span>
    </p>
   </div>
   <div class='ocr_carea' id='block_1_89' title="bbox 1050 2115 1789 2156">
    <p class='ocr_par' dir='ltr' id='par_1_89' title="bbox 1050 2115 1789 2156">
     <span class='ocr_line' id='line_1_89' title="bbox 1050 2115 1789 2156; baseline -0.009 -7"><span class='ocrx_word' id='word_1_610' title='bbox 1050 2121 1177 2149; x_wconf 85' lang='lat' dir='ltr'><strong>observat</strong></span> <span class='ocrx_word' id='word_1_611' title='bbox 1192 2120 1342 2154; x_wconf 81' lang='lat' dir='ltr'><strong>Notkerus;</strong></span> <span class='ocrx_word' id='word_1_612' title='bbox 1372 2125 1400 2148; x_wconf 89' lang='lat' dir='ltr'><strong>et</strong></span> <span class='ocrx_word' id='word_1_613' title='bbox 1422 2129 1451 2148; x_wconf 90' lang='lat' dir='ltr'><strong>re</strong></span> <span class='ocrx_word' id='word_1_614' title='bbox 1480 2122 1539 2156; x_wconf 87' lang='lat' dir='ltr'><strong>ipsa</strong></span> <span class='ocrx_word' id='word_1_615' title='bbox 1563 2121 1602 2149; x_wconf 89' lang='lat' dir='ltr'><strong>sic</strong></span> <span class='ocrx_word' id='word_1_616' title='bbox 1628 2120 1756 2148; x_wconf 83' lang='lat' dir='ltr'><strong>nominatur</strong></span> <span class='ocrx_word' id='word_1_617' title='bbox 1771 2115 1789 2142; x_wconf 76' lang='lat' dir='ltr'><strong>in</strong></span> 
     </span>
    </p>
   </div>
   <div class='ocr_carea' id='block_1_90' title="bbox 1050 2163 1788 2202">
    <p class='ocr_par' dir='ltr' id='par_1_90' title="bbox 1050 2163 1788 2202">
     <span class='ocr_line' id='line_1_90' title="bbox 1050 2163 1788 2202; baseline -0.001 -10"><span class='ocrx_word' id='word_1_618' title='bbox 1050 2166 1243 2202; x_wconf 80' lang='lat' dir='ltr'><strong>Martyrologio</strong></span> <span class='ocrx_word' id='word_1_619' title='bbox 1266 2167 1338 2202; x_wconf 90' lang='lat' dir='ltr'><strong>quod</strong></span> <span class='ocrx_word' id='word_1_620' title='bbox 1364 2171 1461 2194; x_wconf 83' lang='lat' dir='ltr'><strong>sancto</strong></span> <span class='ocrx_word' id='word_1_621' title='bbox 1497 2166 1658 2202; x_wconf 79' lang='lat' dir='ltr'><strong>Hieronymo</strong></span> <span class='ocrx_word' id='word_1_622' title='bbox 1676 2163 1788 2191; x_wconf 81' lang='lat' dir='ltr'><strong>tribuitur;</strong></span> 
     </span>
    </p>
   </div>
   <div class='ocr_carea' id='block_1_91' title="bbox 1051 2208 1787 2247">
    <p class='ocr_par' dir='ltr' id='par_1_91' title="bbox 1051 2208 1787 2247">
     <span class='ocr_line' id='line_1_91' title="bbox 1051 2208 1787 2247; baseline -0.008 -9"><span class='ocrx_word' id='word_1_623' title='bbox 1051 2209 1162 2244; x_wconf 80' lang='lat' dir='ltr'><strong>Silvius,</strong></span> <span class='ocrx_word' id='word_1_624' title='bbox 1190 2210 1308 2244; x_wconf 83' lang='lat' dir='ltr'><strong>Primus,</strong></span> <span class='ocrx_word' id='word_1_625' title='bbox 1333 2210 1425 2247; x_wconf 74' lang='lat' dir='ltr'><strong>Ulpius</strong></span> <span class='ocrx_word' id='word_1_626' title='bbox 1447 2212 1515 2246; x_wconf 79' lang='lat'><strong>(15),</strong></span> <span class='ocrx_word' id='word_1_627' title='bbox 1547 2211 1646 2244; x_wconf 70' lang='lat' dir='ltr'><strong>Vitatis,</strong></span> <span class='ocrx_word' id='word_1_628' title='bbox 1657 2208 1787 2238; x_wconf 64' lang='lat' dir='ltr'><strong>Commmini,</strong></span> 
     </span>
    </p>
   </div>
   <div class='ocr_carea' id='block_1_92' title="bbox 210 2249 1786 2291">
    <p class='ocr_par' dir='ltr' id='par_1_92' title="bbox 210 2249 1786 2291">
     <span class='ocr_line' id='line_1_92' title="bbox 210 2249 1786 2291; baseline 0 -14"><span class='ocrx_word' id='word_1_629' title='bbox 210 2249 344 2279; x_wconf 83' lang='lat' dir='ltr'><strong>Henricus</strong></span> <span class='ocrx_word' id='word_1_630' title='bbox 358 2251 511 2280; x_wconf 87' lang='lat' dir='ltr'><strong>Dodwellus</strong></span> <span class='ocrx_word' id='word_1_631' title='bbox 520 2253 595 2288; x_wconf 81' lang='lat'><strong>(10);</strong></span> <span class='ocrx_word' id='word_1_632' title='bbox 611 2253 682 2280; x_wconf 89' lang='lat' dir='ltr'><strong>hanc</strong></span> <span class='ocrx_word' id='word_1_633' title='bbox 694 2253 766 2280; x_wconf 90' lang='lat' dir='ltr'><strong>cnim</strong></span> <span class='ocrx_word' id='word_1_634' title='bbox 779 2255 995 2288; x_wconf 86' lang='lat' dir='ltr'><strong>persecutionem</strong></span> <span class='ocrx_word' id='word_1_635' title='bbox 1011 2251 1035 2280; x_wconf 83' lang='grc' dir='ltr'><strong>ι’)</strong></span> <span class='ocrx_word' id='word_1_636' title='bbox 1049 2257 1170 2289; x_wconf 61' lang='lat' dir='ltr'><strong>october,</strong></span> <span class='ocrx_word' id='word_1_637' title='bbox 1187 2257 1365 2289; x_wconf 70' lang='grc' dir='ltr'><strong>Ρὴίιοηιίηυε,</strong></span> <span class='ocrx_word' id='word_1_638' title='bbox 1375 2257 1509 2291; x_wconf 61' lang='lat' dir='ltr'><strong>Geminus,</strong></span> <span class='ocrx_word' id='word_1_639' title='bbox 1521 2258 1606 2290; x_wconf 69' lang='lat' dir='ltr'><strong>Julia,</strong></span> <span class='ocrx_word' id='word_1_640' title='bbox 1618 2257 1710 2287; x_wconf 76' lang='lat' dir='ltr'><strong>Albino,</strong></span> <span class='ocrx_word' id='word_1_641' title='bbox 1721 2254 1786 2283; x_wconf 76' lang='lat' dir='ltr'><strong>Grata,</strong></span> 
     </span>
    </p>
   </div>
   <div class='ocr_carea' id='block_1_93' title="bbox 210 2296 997 2333">
    <p class='ocr_par' dir='ltr' id='par_1_93' title="bbox 210 2296 997 2333">
     <span class='ocr_line' id='line_1_93' title="bbox 210 2296 997 2333; baseline 0.005 -10"><span class='ocrx_word' id='word_1_642' title='bbox 210 2296 243 2323; x_wconf 89' lang='lat' dir='ltr'><strong>ad</strong></span> <span class='ocrx_word' id='word_1_643' title='bbox 261 2296 277 2322; x_wconf 93' lang='lat'><strong>7</strong></span> <span class='ocrx_word' id='word_1_644' title='bbox 299 2296 335 2324; x_wconf 82' lang='grc' dir='ltr'><strong>Μ.</strong></span> <span class='ocrx_word' id='word_1_645' title='bbox 351 2297 454 2324; x_wconf 80' lang='lat' dir='ltr'><strong>Aurelii</strong></span> <span class='ocrx_word' id='word_1_646' title='bbox 471 2306 584 2331; x_wconf 89' lang='lat' dir='ltr'><strong>annutn,</strong></span> <span class='ocrx_word' id='word_1_647' title='bbox 602 2298 704 2326; x_wconf 84' lang='lat' dir='ltr'><strong>Christi</strong></span> <span class='ocrx_word' id='word_1_648' title='bbox 724 2299 775 2326; x_wconf 90' lang='lat'><strong>167</strong></span> <span class='ocrx_word' id='word_1_649' title='bbox 791 2299 891 2333; x_wconf 87' lang='lat' dir='ltr'><strong>refert;</strong></span> <span class='ocrx_word' id='word_1_650' title='bbox 911 2308 955 2333; x_wconf 88' lang='lat' dir='ltr'><strong>ne,</strong></span> <span class='ocrx_word' id='word_1_651' title='bbox 974 2301 997 2327; x_wconf 91' lang='lat' dir='ltr'><strong>si</strong></span> 
     </span>
    </p>
   </div>
   <div class='ocr_carea' id='block_1_94' title="bbox 209 2344 998 2381">
    <p class='ocr_par' dir='ltr' id='par_1_94' title="bbox 209 2344 998 2381">
     <span class='ocr_line' id='line_1_94' title="bbox 209 2344 998 2381; baseline 0.004 -11"><span class='ocrx_word' id='word_1_652' title='bbox 209 2350 269 2370; x_wconf 88' lang='lat' dir='ltr'><strong>eam</strong></span> <span class='ocrx_word' id='word_1_653' title='bbox 286 2351 348 2371; x_wconf 94' lang='lat' dir='ltr'><strong>cum</strong></span> <span class='ocrx_word' id='word_1_654' title='bbox 371 2344 432 2372; x_wconf 88' lang='lat' dir='ltr'><strong>aliis</strong></span> <span class='ocrx_word' id='word_1_655' title='bbox 450 2345 589 2373; x_wconf 89' lang='lat' dir='ltr'><strong>veteribus</strong></span> <span class='ocrx_word' id='word_1_656' title='bbox 601 2349 628 2372; x_wconf 92' lang='lat' dir='ltr'><strong>et</strong></span> <span class='ocrx_word' id='word_1_657' title='bbox 641 2346 841 2373; x_wconf 88' lang='lat' dir='ltr'><strong>recentioribus</strong></span> <span class='ocrx_word' id='word_1_658' title='bbox 859 2346 998 2381; x_wconf 67' lang='lat' dir='ltr'><strong>set-iptori-</strong></span> 
     </span>
    </p>
   </div>
   <div class='ocr_carea' id='block_1_95' title="bbox 212 2388 998 2426">
    <p class='ocr_par' dir='ltr' id='par_1_95' title="bbox 212 2388 998 2426">
     <span class='ocr_line' id='line_1_95' title="bbox 212 2388 998 2426; baseline 0.006 -12"><span class='ocrx_word' id='word_1_659' title='bbox 212 2389 262 2415; x_wconf 88' lang='lat' dir='ltr'><strong>bus</strong></span> <span class='ocrx_word' id='word_1_660' title='bbox 286 2388 319 2415; x_wconf 90' lang='lat' dir='ltr'><strong>ad</strong></span> <span class='ocrx_word' id='word_1_661' title='bbox 335 2396 436 2416; x_wconf 93' lang='lat' dir='ltr'><strong>annum</strong></span> <span class='ocrx_word' id='word_1_662' title='bbox 454 2390 514 2424; x_wconf 86' lang='lat' dir='ltr'><strong>ejus</strong></span> <span class='ocrx_word' id='word_1_663' title='bbox 535 2390 709 2424; x_wconf 87' lang='lat' dir='ltr'><strong>imperatoris</strong></span> <span class='ocrx_word' id='word_1_664' title='bbox 728 2390 771 2422; x_wconf 88' lang='lat'><strong>16,</strong></span> <span class='ocrx_word' id='word_1_665' title='bbox 787 2395 835 2418; x_wconf 85' lang='lat' dir='ltr'><strong>aut</strong></span> <span class='ocrx_word' id='word_1_666' title='bbox 852 2391 886 2417; x_wconf 89' lang='lat'><strong>17</strong></span> <span class='ocrx_word' id='word_1_667' title='bbox 902 2399 998 2426; x_wconf 85' lang='lat' dir='ltr'><strong>proro-</strong></span> 
     </span>
    </p>
   </div>
   <div class='ocr_carea' id='block_1_96' title="bbox 210 2433 999 2471">
    <p class='ocr_par' dir='ltr' id='par_1_96' title="bbox 210 2433 999 2471">
     <span class='ocr_line' id='line_1_96' title="bbox 210 2433 999 2471; baseline 0.005 -11"><span class='ocrx_word' id='word_1_668' title='bbox 210 2438 301 2468; x_wconf 83' lang='lat' dir='ltr'><strong>garet,</strong></span> <span class='ocrx_word' id='word_1_669' title='bbox 332 2433 411 2462; x_wconf 82' lang='lat' dir='ltr'><strong>fateri</strong></span> <span class='ocrx_word' id='word_1_670' title='bbox 437 2440 579 2469; x_wconf 76' lang='lat' dir='ltr'><strong>cogeretur</strong></span> <span class='ocrx_word' id='word_1_671' title='bbox 609 2437 826 2471; x_wconf 86' lang='lat' dir='ltr'><strong>persecutionem</strong></span> <span class='ocrx_word' id='word_1_672' title='bbox 857 2445 919 2471; x_wconf 71' lang='lat' dir='ltr'><strong>qua:</strong></span> <span class='ocrx_word' id='word_1_673' title='bbox 947 2437 999 2464; x_wconf 87' lang='lat' dir='ltr'><strong>sub</strong></span> 
     </span>
    </p>
   </div>
   <div class='ocr_carea' id='block_1_97' title="bbox 211 2479 999 2515">
    <p class='ocr_par' dir='ltr' id='par_1_97' title="bbox 211 2479 999 2515">
     <span class='ocr_line' id='line_1_97' title="bbox 211 2479 999 2515; baseline 0.004 -9"><span class='ocrx_word' id='word_1_674' title='bbox 211 2479 245 2506; x_wconf 79' lang='grc' dir='ltr'><strong>Μ.</strong></span> <span class='ocrx_word' id='word_1_675' title='bbox 260 2479 362 2507; x_wconf 89' lang='lat' dir='ltr'><strong>Aurelii</strong></span> <span class='ocrx_word' id='word_1_676' title='bbox 383 2481 536 2515; x_wconf 89' lang='lat' dir='ltr'><strong>principatu</strong></span> <span class='ocrx_word' id='word_1_677' title='bbox 560 2483 655 2514; x_wconf 66' lang='lat' dir='ltr'><strong>saeviit,</strong></span> <span class='ocrx_word' id='word_1_678' title='bbox 673 2482 714 2509; x_wconf 89' lang='lat' dir='ltr'><strong>vel</strong></span> <span class='ocrx_word' id='word_1_679' title='bbox 727 2482 939 2515; x_wconf 88' lang='lat' dir='ltr'><strong>diuturniorem,</strong></span> <span class='ocrx_word' id='word_1_680' title='bbox 956 2483 999 2509; x_wconf 89' lang='lat' dir='ltr'><strong>vel</strong></span> 
     </span>
    </p>
   </div>
   <div class='ocr_carea' id='block_1_98' title="bbox 246 2536 997 2598">
    <p class='ocr_par' dir='ltr' id='par_1_98' title="bbox 246 2536 997 2598">
     <span class='ocr_line' id='line_1_98' title="bbox 246 2536 997 2598; baseline 0.003 -35"><span class='ocrx_word' id='word_1_681' title='bbox 246 2537 288 2598; x_wconf 42' lang='lat'><strong>(52‘),</strong></span> <span class='ocrx_word' id='word_1_682' title='bbox 304 2536 429 2565; x_wconf 77' lang='lat' dir='ltr'><strong>Ruiuart.</strong></span> <span class='ocrx_word' id='word_1_683' title='bbox 442 2537 577 2566; x_wconf 76' lang='lat' dir='ltr'><strong>Admonit.</strong></span> <span class='ocrx_word' id='word_1_684' title='bbox 593 2539 620 2566; x_wconf 81' lang='lat' dir='ltr'><strong>in</strong></span> <span class='ocrx_word' id='word_1_685' title='bbox 634 2539 694 2566; x_wconf 83' lang='lat' dir='ltr'><strong>Act.</strong></span> <span class='ocrx_word' id='word_1_686' title='bbox 710 2537 760 2566; x_wconf 91' lang='lat' dir='ltr'><strong>SS.</strong></span> <span class='ocrx_word' id='word_1_687' title='bbox 776 2543 885 2573; x_wconf 85' lang='lat' dir='ltr'><strong>martyr.</strong></span> <span class='ocrx_word' id='word_1_688' title='bbox 901 2538 997 2574; x_wconf 86' lang='lat' dir='ltr'><strong>Lugd.,</strong></span> 
     </span>
    </p>
   </div>
   <div class='ocr_carea' id='block_1_99' title="bbox 210 2578 860 2644">
    <p class='ocr_par' dir='ltr' id='par_1_99' title="bbox 210 2578 860 2644">
     <span class='ocr_line' id='line_1_99' title="bbox 210 2578 860 2644; baseline 0.003 -12"><span class='ocrx_word' id='word_1_689' title='bbox 210 2578 405 2644; x_wconf 36' lang='grc' dir='ltr'><strong>θ’(ἷῖἷᾟυβρι).</strong></span> <span class='ocrx_word' id='word_1_690' title='bbox 422 2607 497 2644; x_wconf 47' lang='lat' dir='ltr'><strong>Hist:</strong></span> <span class='ocrx_word' id='word_1_691' title='bbox 510 2609 586 2642; x_wconf 62' lang='grc' dir='ltr'><strong>εστι,</strong></span> <span class='ocrx_word' id='word_1_692' title='bbox 600 2609 647 2637; x_wconf 91' lang='lat' dir='ltr'><strong>lib.</strong></span> <span class='ocrx_word' id='word_1_693' title='bbox 662 2617 689 2642; x_wconf 88' lang='lat' dir='ltr'><strong>v,</strong></span> <span class='ocrx_word' id='word_1_694' title='bbox 704 2617 783 2644; x_wconf 85' lang='lat' dir='ltr'><strong>capp.</strong></span> <span class='ocrx_word' id='word_1_695' title='bbox 801 2609 860 2636; x_wconf 78' lang='lat'><strong>1-3.</strong></span> 
     </span>
    </p>
   </div>
   <div class='ocr_carea' id='block_1_100' title="bbox 246 2639 998 2702">
    <p class='ocr_par' dir='ltr' id='par_1_100' title="bbox 246 2639 998 2702">
     <span class='ocr_line' id='line_1_100' title="bbox 246 2639 998 2702; baseline 0.003 -34"><span class='ocrx_word' id='word_1_696' title='bbox 246 2639 396 2702; x_wconf 43' lang='lat' dir='ltr'><strong>(inii/ales.</strong></span> <span class='ocrx_word' id='word_1_697' title='bbox 416 2643 451 2670; x_wconf 90' lang='lat' dir='ltr'><strong>ad</strong></span> <span class='ocrx_word' id='word_1_698' title='bbox 478 2639 584 2672; x_wconf 34' lang='lat' dir='ltr'><strong>Euseb;</strong></span> <span class='ocrx_word' id='word_1_699' title='bbox 601 2639 763 2672; x_wconf 38' lang='lat' dir='ltr'><strong>Ilisl.&#39;eccl.&#39;</strong></span> <span class='ocrx_word' id='word_1_700' title='bbox 785 2645 832 2671; x_wconf 89' lang='lat' dir='ltr'><strong>lib.</strong></span> <span class='ocrx_word' id='word_1_701' title='bbox 852 2651 879 2675; x_wconf 90' lang='lat' dir='ltr'><strong>v,</strong></span> <span class='ocrx_word' id='word_1_702' title='bbox 896 2651 956 2678; x_wconf 88' lang='lat' dir='ltr'><strong>cap.</strong></span> <span class='ocrx_word' id='word_1_703' title='bbox 972 2643 998 2677; x_wconf 89' lang='lat'><strong>1,</strong></span> 
     </span>
    </p>
   </div>
   <div class='ocr_carea' id='block_1_101' title="bbox 211 2680 310 2703">
    <p class='ocr_par' dir='ltr' id='par_1_101' title="bbox 211 2680 310 2703">
     <span class='ocr_line' id='line_1_101' title="bbox 211 2680 310 2703; baseline 0 0"><span class='ocrx_word' id='word_1_704' title='bbox 211 2680 270 2703; x_wconf 91' lang='lat' dir='ltr'><strong>not.</strong></span> <span class='ocrx_word' id='word_1_705' title='bbox 283 2680 310 2703; x_wconf 69' lang='grc'><strong>2.</strong></span> 
     </span>
    </p>
   </div>
   <div class='ocr_carea' id='block_1_102' title="bbox 245 2710 809 2748">
    <p class='ocr_par' dir='ltr' id='par_1_102' title="bbox 245 2710 809 2748">
     <span class='ocr_line' id='line_1_102' title="bbox 245 2710 809 2748; baseline 0.004 -10"><span class='ocrx_word' id='word_1_706' title='bbox 245 2712 284 2747; x_wconf 79' lang='lat' dir='ltr'><strong>l5)</strong></span> <span class='ocrx_word' id='word_1_707' title='bbox 303 2710 411 2748; x_wconf 62' lang='lat' dir='ltr'><strong>Tillem.</strong></span> <span class='ocrx_word' id='word_1_708' title='bbox 428 2713 507 2740; x_wconf 81' lang='lat' dir='ltr'><strong>Me’m.</strong></span> <span class='ocrx_word' id='word_1_709' title='bbox 522 2714 585 2740; x_wconf 87' lang='lat' dir='ltr'><strong>eccl.</strong></span> <span class='ocrx_word' id='word_1_710' title='bbox 601 2717 667 2741; x_wconf 92' lang='lat' dir='ltr'><strong>tom.</strong></span> <span class='ocrx_word' id='word_1_711' title='bbox 685 2713 727 2745; x_wconf 91' lang='lat' dir='ltr'><strong>Ill,</strong></span> <span class='ocrx_word' id='word_1_712' title='bbox 744 2723 770 2748; x_wconf 91' lang='lat' dir='ltr'><strong>p.</strong></span> <span class='ocrx_word' id='word_1_713' title='bbox 782 2715 809 2741; x_wconf 77' lang='lat'><strong>&#39;2.</strong></span> 
     </span>
    </p>
   </div>
   <div class='ocr_carea' id='block_1_103' title="bbox 248 2747 998 2786">
    <p class='ocr_par' dir='ltr' id='par_1_103' title="bbox 248 2747 998 2786">
     <span class='ocr_line' id='line_1_103' title="bbox 248 2747 998 2786; baseline 0.005 -13"><span class='ocrx_word' id='word_1_714' title='bbox 248 2747 397 2786; x_wconf 44' lang='lat' dir='ltr'><strong>‘15)!)A0dw.</strong></span> <span class='ocrx_word' id='word_1_715' title='bbox 414 2747 527 2786; x_wconf 68' lang='lat' dir='ltr'><strong>Dissgrt.</strong></span> <span class='ocrx_word' id='word_1_716' title='bbox 542 2750 624 2783; x_wconf 76' lang='lat' dir='ltr'><strong>sing.,</strong></span> <span class='ocrx_word' id='word_1_717' title='bbox 643 2758 703 2784; x_wconf 85' lang='lat' dir='ltr'><strong>cap.</strong></span> <span class='ocrx_word' id='word_1_718' title='bbox 726 2747 768 2783; x_wconf 88' lang='lat'><strong>10,</strong></span> <span class='ocrx_word' id='word_1_719' title='bbox 793 2750 807 2786; x_wconf 61' lang='grc' dir='ltr'>ἐ</span> <span class='ocrx_word' id='word_1_720' title='bbox 831 2750 859 2784; x_wconf 73' lang='lat'><strong>2,</strong></span> <span class='ocrx_word' id='word_1_721' title='bbox 881 2758 906 2785; x_wconf 94' lang='lat' dir='ltr'><strong>p.</strong></span> <span class='ocrx_word' id='word_1_722' title='bbox 938 2750 998 2782; x_wconf 64' lang='lat'><strong>15.1,</strong></span> 
     </span>
    </p>
   </div>
   <div class='ocr_carea' id='block_1_104' title="bbox 212 2781 569 2817">
    <p class='ocr_par' dir='ltr' id='par_1_104' title="bbox 212 2781 569 2817">
     <span class='ocr_line' id='line_1_104' title="bbox 212 2781 569 2817; baseline 0.017 -11"><span class='ocrx_word' id='word_1_723' title='bbox 212 2781 296 2817; x_wconf 81' lang='lat' dir='ltr'><strong>addit.</strong></span> <span class='ocrx_word' id='word_1_724' title='bbox 311 2781 378 2817; x_wconf 79' lang='lat' dir='ltr'><strong>Opp.</strong></span> <span class='ocrx_word' id='word_1_725' title='bbox 393 2788 460 2817; x_wconf 82' lang='lat' dir='ltr'><strong>post.</strong></span> <span class='ocrx_word' id='word_1_726' title='bbox 476 2783 569 2812; x_wconf 79' lang='lat' dir='ltr'><strong>Pcars.</strong></span> 
     </span>
    </p>
   </div>
   <div class='ocr_carea' id='block_1_105' title="bbox 248 2816 870 2855">
    <p class='ocr_par' dir='ltr' id='par_1_105' title="bbox 248 2816 870 2855">
     <span class='ocr_line' id='line_1_105' title="bbox 248 2816 870 2855; baseline 0.005 -11"><span class='ocrx_word' id='word_1_727' title='bbox 308 2816 564 2855; x_wconf 56' lang='lat' dir='ltr'><strong>M3851101..tiissel&#39;l.</strong></span> <span class='ocrx_word' id='word_1_728' title='bbox 584 2828 613 2850; x_wconf 86' lang='lat' dir='ltr'><strong>Il,</strong></span> <span class='ocrx_word' id='word_1_729' title='bbox 631 2821 704 2855; x_wconf 68' lang='lat' dir='ltr'><strong>[rem</strong></span> <span class='ocrx_word' id='word_1_730' title='bbox 720 2819 752 2855; x_wconf 81' lang='lat'><strong>§§</strong></span> <span class='ocrx_word' id='word_1_731' title='bbox 770 2821 812 2851; x_wconf 89' lang='lat'><strong>11,</strong></span> <span class='ocrx_word' id='word_1_732' title='bbox 827 2820 870 2848; x_wconf 86' lang='lat'><strong>60.</strong></span> 
     </span>
    </p>
   </div>
   <div class='ocr_carea' id='block_1_106' title="bbox 249 2851 996 2895">
    <p class='ocr_par' dir='ltr' id='par_1_106' title="bbox 249 2851 996 2895">
     <span class='ocr_line' id='line_1_106' title="bbox 249 2851 996 2895; baseline 0.011 -17"><span class='ocrx_word' id='word_1_733' title='bbox 249 2851 431 2895; x_wconf 46' lang='grc' dir='ltr'><strong>(ἐὴ-ςερυῃλλ</strong></span> <span class='ocrx_word' id='word_1_734' title='bbox 445 2853 590 2883; x_wconf 80' lang='lat' dir='ltr'><strong>Comment.</strong></span> <span class='ocrx_word' id='word_1_735' title='bbox 614 2856 641 2882; x_wconf 79' lang='lat' dir='ltr'><strong>iit</strong></span> <span class='ocrx_word' id='word_1_736' title='bbox 663 2854 677 2882; x_wconf 85' lang='grc'>1</span> <span class='ocrx_word' id='word_1_737' title='bbox 692 2851 767 2884; x_wconf 66' lang='grc' dir='ltr'><strong>Ρέὺ.</strong></span> <span class='ocrx_word' id='word_1_738' title='bbox 787 2857 876 2893; x_wconf 80' lang='grc' dir='ltr'><strong>ερὶδι.,</strong></span> <span class='ocrx_word' id='word_1_739' title='bbox 893 2866 952 2895; x_wconf 84' lang='lat' dir='ltr'><strong>cap.</strong></span> <span class='ocrx_word' id='word_1_740' title='bbox 971 2859 996 2892; x_wconf 82' lang='lat'><strong>5,</strong></span> 
     </span>
    </p>
   </div>
   <div class='ocr_carea' id='block_1_107' title="bbox 213 2886 441 2920">
    <p class='ocr_par' dir='ltr' id='par_1_107' title="bbox 213 2886 441 2920">
     <span class='ocr_line' id='line_1_107' title="bbox 213 2886 441 2920; baseline 0.018 -10"><span class='ocrx_word' id='word_1_741' title='bbox 213 2889 282 2911; x_wconf 67' lang='lat' dir='ltr'><strong>tum.</strong></span> <span class='ocrx_word' id='word_1_742' title='bbox 294 2886 324 2919; x_wconf 93' lang='lat' dir='ltr'><strong>ll,</strong></span> <span class='ocrx_word' id='word_1_743' title='bbox 337 2894 363 2920; x_wconf 90' lang='lat' dir='ltr'><strong>p.</strong></span> <span class='ocrx_word' id='word_1_744' title='bbox 379 2887 441 2914; x_wconf 71' lang='lat'><strong>198.</strong></span> 
     </span>
    </p>
   </div>
   <div class='ocr_carea' id='block_1_108' title="bbox 1048 2300 1785 2339">
    <p class='ocr_par' dir='ltr' id='par_1_108' title="bbox 1048 2300 1785 2339">
     <span class='ocr_line' id='line_1_108' title="bbox 1048 2300 1785 2339; baseline -0.009 -7"><span class='ocrx_word' id='word_1_745' title='bbox 1048 2305 1152 2339; x_wconf 85' lang='lat' dir='ltr'><strong>Rogata</strong></span> <span class='ocrx_word' id='word_1_746' title='bbox 1167 2310 1176 2330; x_wconf 89' lang='lat'><em>:</em></span> <span class='ocrx_word' id='word_1_747' title='bbox 1194 2305 1264 2331; x_wconf 87' lang='lat' dir='ltr'><strong>hanc</strong></span> <span class='ocrx_word' id='word_1_748' title='bbox 1275 2303 1424 2338; x_wconf 83' lang='lat' dir='ltr'><strong>Gregorius</strong></span> <span class='ocrx_word' id='word_1_749' title='bbox 1438 2303 1606 2332; x_wconf 86' lang='lat' dir='ltr'><strong>Turonensis</strong></span> <span class='ocrx_word' id='word_1_750' title='bbox 1619 2311 1673 2331; x_wconf 85' lang='lat' dir='ltr'><strong>cum</strong></span> <span class='ocrx_word' id='word_1_751' title='bbox 1687 2300 1785 2334; x_wconf 71' lang='lat' dir='ltr'><strong>Martyro-</strong></span> 
     </span>
    </p>
   </div>
   <div class='ocr_carea' id='block_1_109' title="bbox 1048 2347 1784 2386">
    <p class='ocr_par' dir='ltr' id='par_1_109' title="bbox 1048 2347 1784 2386">
     <span class='ocr_line' id='line_1_109' title="bbox 1048 2347 1784 2386; baseline -0.01 -9"><span class='ocrx_word' id='word_1_752' title='bbox 1048 2351 1118 2386; x_wconf 79' lang='lat' dir='ltr'><strong>logio</strong></span> <span class='ocrx_word' id='word_1_753' title='bbox 1130 2350 1342 2385; x_wconf 87' lang='lat' dir='ltr'><strong>Hieronymiano</strong></span> <span class='ocrx_word' id='word_1_754' title='bbox 1353 2350 1460 2384; x_wconf 87' lang='lat' dir='ltr'><strong>omisit;</strong></span> <span class='ocrx_word' id='word_1_755' title='bbox 1478 2350 1601 2381; x_wconf 64' lang='lat' dir='ltr'><strong>Emilia,</strong></span> <span class='ocrx_word' id='word_1_756' title='bbox 1614 2347 1767 2376; x_wconf 75' lang='lat' dir='ltr'><strong>Posthumim</strong></span> <span class='ocrx_word' id='word_1_757' title='bbox 1778 2350 1784 2368; x_wconf 91' lang='lat'><strong><em>:</em></strong></span> 
     </span>
    </p>
   </div>
   <div class='ocr_carea' id='block_1_110' title="bbox 1050 2390 1782 2431">
    <p class='ocr_par' dir='ltr' id='par_1_110' title="bbox 1050 2390 1782 2431">
     <span class='ocr_line' id='line_1_110' title="bbox 1050 2390 1782 2431; baseline -0.004 -7"><span class='ocrx_word' id='word_1_758' title='bbox 1050 2397 1090 2425; x_wconf 86' lang='lat' dir='ltr'><strong>sic</strong></span> <span class='ocrx_word' id='word_1_759' title='bbox 1105 2396 1263 2431; x_wconf 83' lang='lat' dir='ltr'><strong>Gregorius,</strong></span> <span class='ocrx_word' id='word_1_760' title='bbox 1279 2396 1325 2423; x_wconf 90' lang='lat' dir='ltr'><strong>alii</strong></span> <span class='ocrx_word' id='word_1_761' title='bbox 1345 2396 1496 2423; x_wconf 86' lang='lat' dir='ltr'><strong>Potamiam</strong></span> <span class='ocrx_word' id='word_1_762' title='bbox 1518 2396 1662 2431; x_wconf 84' lang='lat' dir='ltr'><strong>appellant;</strong></span> <span class='ocrx_word' id='word_1_763' title='bbox 1682 2390 1782 2425; x_wconf 49' lang='lat' dir='ltr'><strong>Pomptini</strong></span> 
     </span>
    </p>
   </div>
   <div class='ocr_carea' id='block_1_111' title="bbox 1048 2434 1782 2476">
    <p class='ocr_par' dir='ltr' id='par_1_111' title="bbox 1048 2434 1782 2476">
     <span class='ocr_line' id='line_1_111' title="bbox 1048 2434 1782 2476; baseline -0.005 -7"><span class='ocrx_word' id='word_1_764' title='bbox 1048 2443 1155 2470; x_wconf 83' lang='lat' dir='ltr'><strong>Rodone</strong></span> <span class='ocrx_word' id='word_1_765' title='bbox 1169 2450 1216 2469; x_wconf 88' lang='lat' dir='ltr'><strong>seu</strong></span> <span class='ocrx_word' id='word_1_766' title='bbox 1232 2441 1371 2474; x_wconf 82' lang='lat' dir='ltr'><strong>thadana,</strong></span> <span class='ocrx_word' id='word_1_767' title='bbox 1382 2442 1479 2476; x_wconf 81' lang='lat' dir='ltr'><strong>Biblis,</strong></span> <span class='ocrx_word' id='word_1_768' title='bbox 1493 2442 1604 2475; x_wconf 80' lang='lat' dir='ltr'><strong>Quarta,</strong></span> <span class='ocrx_word' id='word_1_769' title='bbox 1626 2440 1733 2468; x_wconf 75' lang='lat' dir='ltr'><strong>Matcma,</strong></span> <span class='ocrx_word' id='word_1_770' title='bbox 1751 2434 1782 2462; x_wconf 75' lang='grc' dir='ltr'><strong>ΕΙ·</strong></span> 
     </span>
    </p>
   </div>
   <div class='ocr_carea' id='block_1_112' title="bbox 1049 2483 1782 2521">
    <p class='ocr_par' dir='ltr' id='par_1_112' title="bbox 1049 2483 1782 2521">
     <span class='ocr_line' id='line_1_112' title="bbox 1049 2483 1782 2521; baseline -0.005 -9"><span class='ocrx_word' id='word_1_771' title='bbox 1049 2487 1167 2521; x_wconf 75' lang='lat' dir='ltr'><strong>penipsa,</strong></span> <span class='ocrx_word' id='word_1_772' title='bbox 1189 2486 1296 2513; x_wconf 67' lang='lat' dir='ltr'><strong>Stamax</strong></span> <span class='ocrx_word' id='word_1_773' title='bbox 1316 2493 1325 2512; x_wconf 91' lang='lat'><strong><em>:</em></strong></span> <span class='ocrx_word' id='word_1_774' title='bbox 1349 2486 1391 2514; x_wconf 90' lang='lat' dir='ltr'><strong>sic</strong></span> <span class='ocrx_word' id='word_1_775' title='bbox 1420 2486 1581 2521; x_wconf 85' lang='lat' dir='ltr'><strong>Gregorius;</strong></span> <span class='ocrx_word' id='word_1_776' title='bbox 1608 2485 1660 2513; x_wconf 77' lang='lat' dir='ltr'><strong>Ade</strong></span> <span class='ocrx_word' id='word_1_777' title='bbox 1682 2488 1750 2510; x_wconf 79' lang='lat' dir='ltr'><strong>autem</strong></span> <span class='ocrx_word' id='word_1_778' title='bbox 1765 2483 1782 2505; x_wconf 72' lang='lat' dir='ltr'><strong>fl</strong></span> 
     </span>
    </p>
   </div>
   <div class='ocr_carea' id='block_1_113' title="bbox 1085 2533 1780 2578">
    <p class='ocr_par' dir='ltr' id='par_1_113' title="bbox 1085 2533 1780 2578">
     <span class='ocr_line' id='line_1_113' title="bbox 1085 2533 1780 2578; baseline -0.009 -7"><span class='ocrx_word' id='word_1_779' title='bbox 1085 2541 1267 2578; x_wconf 7' lang='lat' dir='ltr'><strong>(Slgﬂuinart.</strong></span> <span class='ocrx_word' id='word_1_780' title='bbox 1276 2539 1384 2578; x_wconf 59' lang='lat' dir='ltr'><strong>Emiat.</strong></span> <span class='ocrx_word' id='word_1_781' title='bbox 1399 2542 1425 2568; x_wconf 92' lang='lat' dir='ltr'><strong>in</strong></span> <span class='ocrx_word' id='word_1_782' title='bbox 1435 2542 1500 2578; x_wconf 69' lang='lat' dir='ltr'><strong>Act.</strong></span> <span class='ocrx_word' id='word_1_783' title='bbox 1518 2539 1661 2578; x_wconf 50' lang='grc' dir='ltr'><strong>Ματέρωιῇ</strong></span> <span class='ocrx_word' id='word_1_784' title='bbox 1674 2533 1780 2578; x_wconf 32' lang='lat'><strong>5853;51-</strong></span> 
     </span>
    </p>
   </div>
   <div class='ocr_carea' id='block_1_114' title="bbox 1086 2571 1780 2612">
    <p class='ocr_par' dir='ltr' id='par_1_114' title="bbox 1086 2571 1780 2612">
     <span class='ocr_line' id='line_1_114' title="bbox 1086 2571 1780 2612; baseline -0.007 -9"><span class='ocrx_word' id='word_1_785' title='bbox 1086 2571 1142 2612; x_wconf 80' lang='lat'><strong>(10)</strong></span> <span class='ocrx_word' id='word_1_786' title='bbox 1164 2576 1387 2612; x_wconf 31' lang='lat' dir='ltr'><strong>Dodwadissert.</strong></span> <span class='ocrx_word' id='word_1_787' title='bbox 1413 2577 1456 2609; x_wconf 83' lang='lat'><strong>11,</strong></span> <span class='ocrx_word' id='word_1_788' title='bbox 1472 2577 1553 2612; x_wconf 84' lang='lat' dir='ltr'><strong>Cypr.</strong></span> <span class='ocrx_word' id='word_1_789' title='bbox 1576 2571 1598 2612; x_wconf 48' lang='grc' dir='ltr'><strong>ἐν</strong></span> <span class='ocrx_word' id='word_1_790' title='bbox 1613 2571 1690 2609; x_wconf 57' lang='grc' dir='ltr'><strong>ὄϐξρ.</strong></span> <span class='ocrx_word' id='word_1_791' title='bbox 1710 2571 1780 2612; x_wconf 54' lang='grc' dir='ltr'><strong>259εᾷ</strong></span> 
     </span>
    </p>
   </div>
   <div class='ocr_carea' id='block_1_115' title="bbox 1050 2603 1777 2647">
    <p class='ocr_par' dir='ltr' id='par_1_115' title="bbox 1050 2603 1777 2647">
     <span class='ocr_line' id='line_1_115' title="bbox 1050 2603 1777 2647; baseline -0.004 -9"><span class='ocrx_word' id='word_1_792' title='bbox 1050 2603 1163 2638; x_wconf 62' lang='grc' dir='ltr'><strong>Βίὲεειίι.</strong></span> <span class='ocrx_word' id='word_1_793' title='bbox 1182 2611 1279 2647; x_wconf 84' lang='lat' dir='ltr'><strong>singul.</strong></span> <span class='ocrx_word' id='word_1_794' title='bbox 1297 2603 1332 2639; x_wconf 70' lang='lat' dir='ltr'><strong>de</strong></span> <span class='ocrx_word' id='word_1_795' title='bbox 1342 2603 1424 2639; x_wconf 18' lang='lat' dir='ltr'><strong>iRom.</strong></span> <span class='ocrx_word' id='word_1_796' title='bbox 1441 2603 1537 2646; x_wconf 62' lang='lat' dir='ltr'><strong>ponii].</strong></span> <span class='ocrx_word' id='word_1_797' title='bbox 1565 2603 1676 2642; x_wconf 57' lang='lat' dir='ltr'><strong>success,</strong></span> <span class='ocrx_word' id='word_1_798' title='bbox 1692 2615 1737 2641; x_wconf 76' lang='lat' dir='ltr'><strong>cap.</strong></span> <span class='ocrx_word' id='word_1_799' title='bbox 1749 2603 1777 2633; x_wconf 71' lang='grc' dir='ltr'><strong>η»</strong></span> 
     </span>
    </p>
   </div>
   <div class='ocr_carea' id='block_1_116' title="bbox 1049 2647 1774 2723">
    <p class='ocr_par' dir='ltr' id='par_1_116' title="bbox 1049 2647 1774 2723">
     <span class='ocr_line' id='line_1_116' title="bbox 1049 2647 1759 2682; baseline 0.008 -10"><span class='ocrx_word' id='word_1_800' title='bbox 1049 2647 1063 2682; x_wconf 82' lang='lat'><strong>§</strong></span> <span class='ocrx_word' id='word_1_801' title='bbox 1075 2647 1102 2678; x_wconf 71' lang='grc' dir='ltr'><strong>δ,</strong></span> <span class='ocrx_word' id='word_1_802' title='bbox 1114 2655 1140 2681; x_wconf 88' lang='lat' dir='ltr'><strong>p.</strong></span> <span class='ocrx_word' id='word_1_803' title='bbox 1155 2647 1216 2673; x_wconf 89' lang='lat'><strong>180.</strong></span> <span class='ocrx_word' id='word_1_804' title='bbox 1755 2673 1759 2678; x_wconf 94' lang='lat'><strong>.</strong></span> 
     </span>
     <span class='ocr_line' id='line_1_117' title="bbox 1050 2673 1774 2723; baseline -0.006 -15"><span class='ocrx_word' id='word_1_805' title='bbox 1050 2717 1056 2723; x_wconf 76' lang='lat'><em>_</em></span> <span class='ocrx_word' id='word_1_806' title='bbox 1085 2682 1150 2723; x_wconf 47' lang='lat' dir='ltr'><strong>(lit).</strong></span> <span class='ocrx_word' id='word_1_807' title='bbox 1161 2681 1344 2723; x_wconf 41' lang='lat' dir='ltr'><strong>Euscblnlzist.</strong></span> <span class='ocrx_word' id='word_1_808' title='bbox 1358 2682 1435 2713; x_wconf 85' lang='lat' dir='ltr'><strong>eccl.,</strong></span> <span class='ocrx_word' id='word_1_809' title='bbox 1446 2682 1494 2709; x_wconf 89' lang='lat' dir='ltr'><strong>lib.</strong></span> <span class='ocrx_word' id='word_1_810' title='bbox 1507 2691 1534 2716; x_wconf 86' lang='lat' dir='ltr'><strong>v,</strong></span> <span class='ocrx_word' id='word_1_811' title='bbox 1554 2690 1610 2718; x_wconf 79' lang='lat' dir='ltr'><strong>cap.</strong></span> <span class='ocrx_word' id='word_1_812' title='bbox 1631 2681 1654 2708; x_wconf 78' lang='grc'><strong>4.</strong></span> <span class='ocrx_word' id='word_1_813' title='bbox 1675 2677 1741 2705; x_wconf 79' lang='lat' dir='ltr'><strong>Habes</strong></span> <span class='ocrx_word' id='word_1_814' title='bbox 1753 2673 1774 2701; x_wconf 77' lang='grc' dir='ltr'><strong>ΙΙ-</strong></span> 
     </span>
    </p>
   </div>
   <div class='ocr_carea' id='block_1_117' title="bbox 1050 2717 1772 2788">
    <p class='ocr_par' dir='ltr' id='par_1_117' title="bbox 1050 2717 1772 2788">
     <span class='ocr_line' id='line_1_118' title="bbox 1050 2717 1591 2751; baseline -0.004 -7"><span class='ocrx_word' id='word_1_815' title='bbox 1050 2717 1094 2744; x_wconf 80' lang='lat' dir='ltr'><strong>Iud</strong></span> <span class='ocrx_word' id='word_1_816' title='bbox 1109 2717 1190 2749; x_wconf 88' lang='lat' dir='ltr'><strong>infra,</strong></span> <span class='ocrx_word' id='word_1_817' title='bbox 1206 2725 1233 2751; x_wconf 85' lang='lat' dir='ltr'><strong>p.</strong></span> <span class='ocrx_word' id='word_1_818' title='bbox 1247 2717 1308 2743; x_wconf 81' lang='grc'><strong>695.</strong></span> <span class='ocrx_word' id='word_1_819' title='bbox 1587 2717 1591 2718; x_wconf 62' lang='grc'><strong><em>⁷</em></strong></span> 
     </span>
     <span class='ocr_line' id='line_1_119' title="bbox 1086 2741 1772 2788; baseline 0.001 -10"><span class='ocrx_word' id='word_1_820' title='bbox 1086 2753 1141 2788; x_wconf 66' lang='grc'>(12)</span> <span class='ocrx_word' id='word_1_821' title='bbox 1158 2752 1239 2786; x_wconf 80' lang='lat' dir='ltr'><strong>Greg.</strong></span> <span class='ocrx_word' id='word_1_822' title='bbox 1257 2751 1375 2788; x_wconf 22' lang='lat' dir='ltr'><strong>Turabe</strong></span> <span class='ocrx_word' id='word_1_823' title='bbox 1385 2752 1452 2788; x_wconf 77' lang='lat' dir='ltr'><strong>glor.</strong></span> <span class='ocrx_word' id='word_1_824' title='bbox 1468 2757 1589 2787; x_wconf 85' lang='lat' dir='ltr'><strong>martyr.,</strong></span> <span class='ocrx_word' id='word_1_825' title='bbox 1608 2741 1772 2788; x_wconf 50' lang='lat' dir='ltr'><strong>lib._l.&#39;08P“9&#39;</strong></span> 
     </span>
    </p>
   </div>
   <div class='ocr_carea' id='block_1_118' title="bbox 1086 2782 1726 2821">
    <p class='ocr_par' dir='ltr' id='par_1_118' title="bbox 1086 2782 1726 2821">
     <span class='ocr_line' id='line_1_120' title="bbox 1086 2782 1726 2821; baseline -0.002 -10"><span class='ocrx_word' id='word_1_826' title='bbox 1086 2782 1141 2820; x_wconf 71' lang='lat'><strong>(13)</strong></span> <span class='ocrx_word' id='word_1_827' title='bbox 1162 2782 1227 2812; x_wconf 65' lang='grc' dir='ltr'><strong>Λάᾶ</strong></span> <span class='ocrx_word' id='word_1_828' title='bbox 1234 2792 1258 2813; x_wconf 78' lang='grc' dir='ltr'><strong>ρι</strong></span> <span class='ocrx_word' id='word_1_829' title='bbox 1277 2786 1354 2813; x_wconf 82' lang='lat' dir='ltr'><strong>Notk.</strong></span> <span class='ocrx_word' id='word_1_830' title='bbox 1371 2782 1396 2813; x_wconf 69' lang='lat' dir='ltr'><strong>in</strong></span> <span class='ocrx_word' id='word_1_831' title='bbox 1413 2782 1553 2821; x_wconf 53' lang='lat' dir='ltr'><strong>Martyrolv.</strong></span> <span class='ocrx_word' id='word_1_832' title='bbox 1567 2782 1599 2814; x_wconf 74' lang='lat' dir='ltr'><strong>ad</strong></span> <span class='ocrx_word' id='word_1_833' title='bbox 1607 2785 1630 2812; x_wconf 84' lang='lat' dir='ltr'><strong>tl.</strong></span> <span class='ocrx_word' id='word_1_834' title='bbox 1644 2785 1665 2811; x_wconf 71' lang='grc'><strong>9.</strong></span> <span class='ocrx_word' id='word_1_835' title='bbox 1679 2782 1726 2810; x_wconf 79' lang='lat' dir='ltr'><strong>Jun-</strong></span> 
     </span>
    </p>
   </div>
   <div class='ocr_carea' id='block_1_119' title="bbox 1085 2821 1617 2858">
    <p class='ocr_par' dir='ltr' id='par_1_119' title="bbox 1085 2821 1617 2858">
     <span class='ocr_line' id='line_1_121' title="bbox 1085 2821 1617 2858; baseline 0.002 -10"><span class='ocrx_word' id='word_1_836' title='bbox 1085 2822 1142 2858; x_wconf 61' lang='grc'>(14)</span> <span class='ocrx_word' id='word_1_837' title='bbox 1237 2821 1336 2858; x_wconf 78' lang='lat' dir='ltr'><strong>Baro&quot;.</strong></span> <span class='ocrx_word' id='word_1_838' title='bbox 1352 2822 1383 2858; x_wconf 65' lang='lat' dir='ltr'><strong>ait</strong></span> <span class='ocrx_word' id='word_1_839' title='bbox 1397 2830 1460 2848; x_wconf 89' lang='lat' dir='ltr'><strong>anu.</strong></span> <span class='ocrx_word' id='word_1_840' title='bbox 1475 2823 1536 2855; x_wconf 83' lang='lat'><strong>179,</strong></span> <span class='ocrx_word' id='word_1_841' title='bbox 1551 2823 1564 2858; x_wconf 61' lang='grc' dir='ltr'>ᾗ</span> <span class='ocrx_word' id='word_1_842' title='bbox 1578 2822 1617 2849; x_wconf 79' lang='grc'><strong>55.</strong></span> 
     </span>
    </p>
   </div>
   <div class='ocr_carea' id='block_1_120' title="bbox 1047 2851 1769 2928">
    <p class='ocr_par' dir='ltr' id='par_1_120' title="bbox 1047 2851 1769 2928">
     <span class='ocr_line' id='line_1_122' title="bbox 1084 2851 1769 2919; baseline 0 -36"><span class='ocrx_word' id='word_1_843' title='bbox 1168 2856 1210 2884; x_wconf 89' lang='lat' dir='ltr'><strong>Al.</strong></span> <span class='ocrx_word' id='word_1_844' title='bbox 1235 2857 1337 2893; x_wconf 70' lang='lat' dir='ltr'><strong>Alpina.</strong></span> <span class='ocrx_word' id='word_1_845' title='bbox 1368 2857 1491 2886; x_wconf 65' lang='lat' dir='ltr'><strong>liuiuart.</strong></span> <span class='ocrx_word' id='word_1_846' title='bbox 1514 2851 1665 2892; x_wconf 49' lang='lat' dir='ltr'><strong>a&#39;dUGregor.</strong></span> <span class='ocrx_word' id='word_1_847' title='bbox 1689 2851 1769 2878; x_wconf 65' lang='lat' dir='ltr'><strong>Tum&quot;</strong></span> 
     </span>
     <span class='ocr_line' id='line_1_123' title="bbox 1047 2900 1156 2928; baseline 0 -10"><span class='ocrx_word' id='word_1_848' title='bbox 1047 2900 1073 2928; x_wconf 86' lang='lat' dir='ltr'><strong>p.</strong></span> <span class='ocrx_word' id='word_1_849' title='bbox 1150 2912 1156 2918; x_wconf 97' lang='lat'><strong>.</strong></span> 
     </span>
    </p>
   </div>
  </div>
