1873 3065
38 160 121 188 ιιοὸ

540 173 544 175 >
559 158 729 187 EPISTOLA
748 157 792 185 DE
808 156 986 185 MARTYRIO
1003 155 1032 184 S.
1051 154 1202 184 POTHINI.

1627 151 1697 180 “06

37 218 215 252 Notkerus,
233 218 327 254 llelpes
344 227 402 253 qua:
419 223 444 245 et
466 218 575 246 Aumas.
597 218 632 245 Hi
649 218 753 253 quidem
774 218 861 245 diuer—
875 219 899 247 Α
913 221 943 244 ιιι
962 216 1001 243 ait
1024 216 1173 250 Gregorius
1186 213 1356 242 Turonensis
1372 213 1392 240 Ι.
1411 219 1436 240 c.
1458 215 1616 239 vocantur:
1631 219 1700 239 non-

37 264 173 292 cissimis
191 265 328 292 mortibus
344 265 494 299 interempti
511 269 582 292 sunt.
603 264 639 291 Ηί
655 270 744 292 autem
767 264 856 291 bestiis

39 310 151 338 traditi
169 316 239 338 sunt
257 318 267 337 :
287 310 416 342 Sanctus,
435 310 569 343 Maturus,
588 310 704 342 Attalus,
727 317 742 336 a
756 309 858 344 Grego-

38 357 87 384 rio
114 357 270 390 omissus;
297 356 459 389 Alexander,
487 355 626 388 Ponticus,
649 355 794 382 Blandina.
820 355 859 382 Hi

39 408 110 430 sunt
128 404 184 438 qui
209 404 236 430 in
250 411 354 430 carcere
368 403 493 437 spiritum
509 401 679 428 reddiderunt
697 411 706 427 :
718 401 857 432 Arescius;

40 448 109 475 Ado
139 454 173 475 et
203 448 357 479 Notkerus,
383 448 532 478 Aristaeus;
560 445 683 478 Fotinus,
710 445 857 479 Cornelius,

43 493 202 527 Zotimus,
226 494 311 526 Titus,
328 493 446 527 Zoticus,
468 492 570 526 Julius,
590 492 755 527 Apollonius,
771 492 859 519 Gemi-

44 542 157 567 nianus
172 563 181 573 ,
206 540 302 573 Julia,
328 540 464 572 Ausonia,
487 544 605 574 quatuor
627 543 780 574 postremos
805 545 857 565 non

44 587 142 614 habet
154 586 329 621 Gregorius;
349 585 475 618 Emilia,
493 585 625 617 Gamnile,
641 585 680 611 sic
695 584 857 618 Gregorius;

45 631 100 658 alii
117 631 275 663 Janmica;
293 630 429 666 Pompeia,
442 630 567 661 Alumna,
581 629 713 661 Mamilia,
741 629 782 655 ha:
800 629 860 655 dum

46 679 165 704 desunt
186 678 214 704 iu
227 677 320 704 Adone
333 681 359 704 et
373 675 507 709 Notkero;
528 676 574 703 sed
593 675 692 702 habent
717 674 858 706 Damnum,

47 732 119 758 qua:
133 724 167 750 in
185 724 316 758 Gregorio
328 723 513 756 desideratur;
526 721 616 754 Iusta,
631 721 750 755 Triﬁme,
763 720 821 746 Δύο
834 725 861 747 et

48 768 217 802 Notkerus,
234 769 393 804 Tropliima;
408 768 524 795 Antonia
536 773 560 795 et
574 768 664 794 beatus
674 766 787 794 Fotinus
804 765 860 801 (l6)

48 816 219 850 episcopus.
244 815 272 842 ln
290 815 443 850 fragmento
460 813 529 842 Vitae
548 814 634 842 sancti
655 813 787 840 Barnardi
804 812 860 848 (i7)

50 860 270 896 archiepiscopi
292 860 465 892 Viennensis,
486 859 635 892 Severinus,
651 857 813 893 Exsuperius
834 861 861 884 et

910 263 993 290 nullis
1011 261 1142 297 Martyres
1165 261 1373 288 Athanacenses.
1395 268 1404 285 ι
1424 257 1571 292 Hucusque
1588 257 1630 284 vir
1649 257 1700 285 do-

909 312 981 336 ctus.

945 353 989 380 Vl.
1011 352 1194 380 Ecclesiarum
1212 351 1376 378 Viennensis
1391 354 1418 377 et
1430 347 1621 384 Lugdunensis
1637 345 1701 381 Epi-

909 400 1018 431 stolam,
1042 403 1123 434 prout
1147 405 1208 425 eam
1233 396 1316 424 refert
1342 395 1478 422 Eusebius
1499 393 1567 430 (‘21).
1584 392 1701 428 proferi-

909 453 989 476 mus;
1006 445 1040 472 iis
1060 443 1173 471 omissis
1190 451 1252 478 quae
1270 441 1508 476 historiographus
1522 437 1700 467 Caesariensis

910 490 1037 523 intexuit,
1061 490 1109 517 ubi
1140 497 1224 516 unum
1249 488 1400 515 alterumve
1423 486 1546 521 ejusdem
1572 483 1701 519 Epistolas

910 537 999 565 locum
1012 536 1152 571 prmteriit,
1169 543 1203 562 ne
1215 533 1391 562 vetustissimi
1407 532 1542 566 simulque
1558 530 1701 566 pretiosis-

910 584 973 612 simi
989 584 1071 617 hujus
1092 581 1262 609 monumenti
1285 579 1429 614 scriptoris
1450 578 1532 606 verba
1556 577 1701 610 abrumpe.

910 633 1005 656 rentur
1019 627 1125 655 alienis.
1153 626 1254 654 \lalesii
1279 625 1434 652 versionem
1460 622 1616 650 addidimus
1636 628 1700 648 cum

910 675 1024 703 eruditis
1037 674 1097 709 ejus
1125 671 1374 704 observationibus,
1396 669 1498 705 quibus
1520 673 1547 696 et
1570 667 1701 695 nonnulla

911 721 1078 755 subjecimus
1090 719 1200 746 aliunde
1214 718 1307 753 petita.

948 768 1040 795 Eidem
1057 774 1138 801 porro
1152 765 1280 799 Epistolas
1300 761 1519 799 praemittendum
1543 758 1702 787 censuimus

911 822 944 841 ex
956 814 1015 848 ipso
1029 812 1147 839 Eusebio
1163 810 1219 845 (92)
1238 809 1420 844 fragmentum
1439 806 1569 841 Epistolae
1586 808 1701 832 sancto-

912 868 973 886 rum
999 864 1149 893 martyrum
1169 855 1392 891 Lugdunensium
1415 853 1448 880 ad
1470 857 1593 880 sanctum
1619 849 1702 876 Eleu-

53 906 228 933 Felieianus
242 895 275 934 ex
288 906 384 944 horum
400 910 548 941 martyrum
564 912 677 932 numero
689 904 843 930 laudantur.
878 896 899 923 Β
913 905 1020 932 uterum
1035 903 1187 930 Romanum
1200 901 1366 937 pontiﬁcem.
1389 908 1398 924 ι
1424 897 1479 925 llas
1500 896 1610 931 quidem
1631 895 1703 921 litl&

93 953 132 982 V.
156 963 166 979 ε
186 954 351 981 Eorumdem
368 958 528 989 martyrum,
544 952 589 979 sed
605 952 707 986 absque
721 950 862 977 nominum

53 1000 242 1033 recensione,
265 999 450 1027 meminerunt
469 999 551 1026 etiam
576 999 630 1025 alia
651 997 862 1033 Martyrologia;

54 1045 149 1073 Beda:
169 1046 320 1078 sincerum,
339 1044 466 1077 Usuardi,
483 1044 587 1072 Rabani
609 1051 671 1071 cum
688 1042 789 1077 duplici
807 1041 864 1068 Ro-

55 1099 165 1124 mano,
196 1090 356 1118 Florentinii
380 1090 484 1118 scilicet
509 1094 536 1117 et
557 1089 667 1116 Baronii
690 1088 723 1115 ad
739 1088 863 1115 eumdem

56 1137 139 1163 diem
162 1137 181 1163 2
203 1136 295 1170 Junii;
315 1136 442 1170 quamvis
461 1135 576 1163 diversis
591 1135 697 1166 diebus,
715 1134 797 1168 idque
816 1141 865 1168 p0-

58 1182 213 1209 tissiinum
234 1182 307 1209 circa
329 1181 411 1209 ﬁnem
436 1180 500 1208 Julii
518 1185 545 1208 et
562 1181 670 1208 initium
693 1179 818 1215 Augusti.
836 1183 866 1207 ut

58 1236 98 1255 ex
115 1227 201 1255 Actis
215 1232 299 1262 patet,
316 1228 389 1262 passi
405 1227 468 1254 sint.
483 1227 520 1255 De
532 1227 575 1255 bis
595 1226 760 1262 martyribus
776 1225 866 1253 homi-

60 1274 133 1301 liam
152 1274 249 1301 habuit
261 1273 414 1301 Eucherius
426 1272 628 1309 Lugdunensis,
649 1280 709 1307 qua-
725 1271 762 1298 De
773 1276 865 1298 sancta

61 1320 210 1346 Blandina
229 1320 405 1354 inscribitur;
429 1324 573 1353 exstatque
594 1319 665 1346 inter
675 1326 721 1346 eas
738 1326 799 1353 quae
814 1317 865 1345 sub

62 1366 186 1394 Eusebii
205 1366 338 1393 Gallicani
364 1365 475 1393 nomine
499 1365 614 1400 vulgata:
637 1368 702 1392 sunt
726 1364 792 1400 (l8).
810 1362 866 1391 llos

63 1413 201 1447 populum
220 1417 368 1447 martyrum
385 1412 423 1439 ibi
446 1411 564 1446 appellat
586 1411 739 1438 Eucherius
763 1420 769 1437 :
794 1411 866 1438 unde

64 1459 168 1493 plures
185 1458 271 1485 fuisse
285 1458 459 1493 conjicimus,
479 1466 561 1493 quam
577 1465 593 1484 a
609 1456 740 1491 Gregorio
755 1463 867 1483 enume-

66 1507 182 1529 rantur.
199 1502 279 1530 Certe
294 1503 321 1529 in
337 1502 410 1529 Actis
429 1507 581 1529 sanctorum
596 1500 742 1528 Alexandri
761 1505 787 1527 et
802 1500 866 1535 Epi-

913 960 970 984 ras,
993 950 1084 984 verbis
1110 955 1173 976 utor
1199 947 1328 975 Massueti
1353 945 1403 972 viri
1428 943 1580 971 doctissimi
1597 940 1664 976 (25),
1687 948 1702 967 a

913 997 1080 1032 martyribus
1106 995 1172 1030 ipsis
1203 994 1320 1028 scriptas
1353 990 1438 1018 fuisse
1469 992 1551 1024 negat
1577 986 1704 1014 Blondel-

914 1044 1035 1079 1υς(24),
1051 1042 1098 1070 sed
1119 1041 1208 1076 potius
1229 1048 1245 1066 a
1262 1039 1336 1067 clero
1359 1034 1546 1072 Lugdunensi,
1567 1033 1643 1068 quia,
1661 1032 1704 1058 in-

915 1090 984 1125 quit,
998 1096 1071 1116 anno
1083 1088 1098 1113 7
1111 1086 1219 1121 imperii
1235 1085 1330 1115 Marci,
1350 1081 1452 1111 Christi
1471 1080 1533 1111 167,
1554 1086 1609 1114 quo
1629 1085 1705 1125 mar-

916 1123 1015 1171 tyrium
1041 1133 1152 1160 Pothini
1176 1140 1208 1158 ac
1226 1129 1452 1165 Lugdunensium
1476 1126 1600 1160 contigit,
1626 1123 1705 1151 Soter

916 1169 1066 1209 Romanam
1079 1177 1230 1205 Ecclesiam
1250 1174 1374 1210 regebat,
1395 1180 1449 1200 non
1463 1170 1638 1198 Eleutherus.
1651 1169 1704 1196 Sed

915 1232 946 1254 ut
957 1226 984 1254 id
1000 1228 1171 1260 assequatur,
1184 1223 1260 1258 prius
1273 1219 1384 1248 Eusebii
1399 1218 1477 1246 ﬁdem
1495 1217 1583 1244 elevat
1593 1221 1705 1242 necesse

915 1277 967 1307 est,
986 1272 1033 1307 qui
1058 1279 1105 1298 eas
1119 1270 1222 1297 litteras
1238 1276 1252 1295 a
1267 1266 1434 1302 martyribus
1447 1264 1537 1292 adhuc
1553 1263 1580 1290 in
1596 1268 1707 1289 carcere

915 1305 1014 1354 positis
1038 1316 1164 1350 scriptas,
1186 1320 1288 1348 eosque
1311 1313 1363 1340 sub
1392 1310 1550 1341 Eleuthero,
1575 1314 1649 1334 anno
1671 1305 1706 1332 i'l

916 1351 1000 1391 biarci
1012 1361 1126 1394 Aurelii,
1137 1367 1233 1395 passos
1246 1365 1307 1386 esse
1320 1357 1445 1384 aﬁirmat.
1458 1354 1527 1382 llinc
1539 1360 1604 1388 ergo
1613 1351 1706 1387 potius

917 1408 1079 1437 concludere
1101 1406 1216 1433 debebat
1240 1402 1409 1434 Blondellus,
1434 1408 1482 1428 eos
1512 1399 1607 1427 saltem
1633 1403 1707 1425 anno

918 1454 969 1482 i70
992 1461 1047 1489 quo
1073 1451 1263 1488 pontiﬁcatum
1298 1449 1394 1476 iniisse
1420 1446 1477 1474 vult
1505 1444 1682 1489 Eleutherum
1698 1462 1707 1474 ,

918 1488 1036 1537 (tardius
1055 1506 1106 1533 ego
1129 1497 1225 1524 iniisse
1247 1494 1359 1530 putem)
1389 1491 1550 1527 martyrium
1579 1488 1706 1520 subiisse,

67 1549 149 1583 podii
165 1548 282 1583 legimus
301 1548 369 1583 (l9),
390 1548 517 1583 plurimos
533 1546 641 1582 quidem
657 1547 748 1593 exibis
760 1533 865 1582 mariy-
880 1564 901 1593 ϐ
919 1533 1001 1581 quam
1015 1544 1043 1571 id
1053 1544 1131 1571 vanis
1145 1541 1313 1593 coniecturis
1321 1540 1411 1593 nilide
1427 1538 1460 1565 ad
1476 1543 1577 1593 anlmi‘m
1598 1533 1708 1593 167're-

68 1594 153 1622 ribus
167 1593 302 1621 distinctis
315 1594 483 1629 passionitms
500 1598 578 1628 atque
593 1592 741 1619 nominibus
756 1591 791 1618 ad
804 1599 862 1618 suc-

71 1640 226 1666 cedentium
243 1640 383 1666 memorias
396 1639 557 1674 pervenisse;
573 1638 722 1665 innumeras
733 1644 802 1668 vero,
820 1636 865 1672 qui

72 1686 113 1713 vel
131 1686 275 1713 indiscreta
299 1686 369 1712 cazde
387 1685 485 1712 concisi
504 1688 577 1718 sunt,
598 1682 636 1710 vel
653 1683 734 1710 vincti
748 1683 775 1709 in
789 1690 866 1717 erga-

72 1730 157 1757 stulis
183 1730 349 1763 defecerunt,
373 1731 514 1765 inscriptos
534 1730 562 1757 in
587 1728 699 1756 cwlestis
718 1728 779 1755 vitae
800 1728 866 1755 libro

75 1781 184 1803 tantum
198 1777 336 1803 contineri.

116 1831 125 1847 ι
143 1821 264 1849 Celebris
276 1826 318 1849 est
331 1821 414 1849 etiam
429 1828 502 1848 nunc
524 1821 610 1854 locus,
625 1820 793 1847 Athanacum
811 1819 868 1855 (20)

77 1870 255 1904 appellatum,
275 1869 320 1896 ubi
339 1869 413 1904 passi
427 1868 555 1896 dicuntur
568 1868 587 1895 ii
601 1871 755 1903 martyres;
771 1874 787 1893 a
801 1873 867 1901 quo,

917 1580 1000 1620 ferre.
1012 1590 1092 1618 Certe
1107 1592 1168 1624 post
1181 1594 1282 1614 annum
1303 1585 1365 1618 167,
1387 1585 1443 1611 imo
1458 1587 1486 1610 et
1505 1580 1557 1609 170
1569 1584 1709 1608 exaratam

915 1638 1002 1666 fuisse
1026 1636 1100 1663 illam
1128 1632 1290 1669 epistolam,
1315 1631 1485 1658 demonstrat
1505 1625 1641 1655 scribendi
1662 1632 1709 1652 oc-

913 1684 999 1712 casio.
1016 1692 1024 1707 ι
1048 1680 1196 1714 [lucusque
1217 1685 1280 1706 cum
1302 1676 1332 1703 V.
1347 1676 1379 1703 C.
1392 1683 1472 1710 quem
1485 1679 1574 1701 tamen
1592 1672 1619 1699 in
1635 1678 1710 1698 eam-

914 1731 976 1758 dem
1001 1726 1163 1756 sententiam
1184 1726 1360 1760 praecesserat
1377 1720 1542 1747 Pearsonius
1557 1717 1626 1753 (‘25),
1652 1716 1710 1743 Sal-

915 1775 1035 1803 masium
1051 1772 1132 1800 simul
1150 1772 1294 1805 ipsumque
1318 1767 1490 1794 Blondellum
1508 1764 1707 1800 perstringens.

916 1819 955 1847 Ea
986 1819 1020 1846 de
1046 1826 1076 1845 re
1100 1821 1230 1852 praeterea
1261 1814 1373 1841 doctum
1400 1818 1510 1846 quoque
1532 1807 1709 1837 Coulantium

918 1865 994 1893 adire
1003 1862 1104 1898 juverit
1121 1861 1188 1897 (26).

81 1930 1692 1954 ______________._________——

653 2011 1150 2072 FRAGMENTUM

221 2127 538 2175 EPISTOLJE
583 2126 662 2172 SS.
702 2108 1044 2170 MARTYRUM
1082 2116 1565 2166 LUGDUNENSIUM

593 2209 626 2228 AD
659 2207 838 2228 ELEUTBEBUH
876 2205 1005 2226 ROIANUI
1031 2203 1201 2225 PONTIFICEI.

618 2258 676 2290 (Ap.
689 2256 780 2283 Euseb.
794 2255 856 2281 Hist.
870 2254 968 2286 eccles.,
979 2255 1021 2280 lib.
1034 2261 1059 2285 v,
1072 2260 1118 2285 cap
1139 2253 1176 2284 ι.)

121 2396 234 2432 Χαίρειν
256 2396 285 2422 ὲν
307 2394 367 2430 Θεῷ
381 2393 436 2430 (27)
459 2402 490 2420 σε
513 2393 542 2420 ὲν
566 2393 649 2420 πᾶσιν
673 2393 808 2428 εὐχόμεθα
828 2391 876 2418 καὶ

965 2389 1004 2416 Te
1020 2395 1068 2423 per
1082 2389 1192 2419 omnia,
1210 2392 1242 2412 ac
1257 2388 1388 2419 perpetuo
1411 2387 1538 2418 optamus
1553 2382 1580 2409 in
1597 2381 1652 2409 Deo
1668 2389 1714 2408 va-

125 2455 180 2490 (l6)
200 2453 414 2490 ALAPhotinus,
428 2452 528 2490 melius
546 2460 580 2480 ex
593 2452 688 2480 Graeco
708 2451 874 2479 scriberetur
890 2451 913 2479 D
927 2453 1061 2490 martyres
1074 2456 1084 2487 _:
1104 2446 1195 2487 ibique
1212 2443 1330 2490 basilica
1350 2442 1577 2490 nlobilisresci'tata
1594 2444 1638 2490 est
1652 2448 1714 2468 cum

89 2488 230 2518 Pothinus.
246 2488 384 2520 Ruinart.,
398 2488 465 2515 ibid.

210 2525 267 2552 Sic.
284 2524 381 2552 Exstat
400 2524 428 2551 in
456 2529 518 2551 saec.
547 2529 573 2549 iv
589 2520 724 2549 Benedict.
747 2526 818 2556 part.
844 2528 875 2554 ll,

89 2569 116 2596 Ρ.
203 2594 274 2622 Bibl.
286 2593 345 2621 PP.
361 2593 466 2625 Colon.,
481 2598 553 2629 tom:
565 2590 599 2625 ν,
612 2596 682 2629 part.
697 2599 716 2618 ι.

115 2625 184 2692 2(‘19)
200 2629 324 2691 Ruitiiigrt.
348 2628 407 2655 Act.
435 2629 501 2655 sine.
525 2626 590 2654 Mm.
611 2625 687 2654 Alex.
704 2631 729 2653 et
748 2625 876 2662 Epipod.,

135 2685 143 2692 .
158 2673 185 2692 ι).
199 2673 236 2692 ιιι.
289 2684 295 2690 .

199 2665 358 2738 ῐὲδςῖὄὲριὶ).
373 2697 691 2738 a.‘Athenuco,_et_infra
710 2697 876 2737 Athenacen-

93 2732 137 2763 ses'
147 2743 157 2762 :
172 2732 236 2770 quae
246 2735 330 2770 lectio,
340 2733 459 2770 nominis
473 2732 742 2770 etymologia:_mag_is
756 2739 878 2770 congrua

92 2766 208 2798 videtur.
226 2769 272 2797 Sic
289 2769 361 2796 enim
380 2768 470 2796 dictus
491 2766 534 2795 est
550 2766 626 2794 locus
642 2767 685 2794 ille
698 2767 733 2793 ab
751 2766 876 2797 Athenis,

93 2805 166 2841 quod
185 2805 221 2841 ibi
238 2808 371 2841 aranesset
385 2803 500 2830 celebris
512 2803 587 2841 apud
610 2807 724 2841 veteres,
740 2802 776 2841 ob
791 2807 877 2841 certa-

94 2836 167 2868 mina
188 2839 322 2867 facundia:
343 2838 443 2865 Graecae
464 2843 491 2865 et
512 2837 613 2864 Latium
634 2845 649 2863 a
671 2837 737 2863 Caio
757 2836 877 2870 Caligula

97 2876 227 2906 instittta.
263 2874 402 2902 Celebrior
435 2873 605 2908 postmodum
632 2872 683 2899 fuit
708 2872 742 2899 ob
768 2876 877 2899 sanctos

930 2476 1099 2511 monasterio
1120 2476 1219 2515 insigni
1239 2478 1348 2515 Ordinis
1362 2477 1542 2515 Benedictini,
1567 2476 1639 2515 quod
1651 2483 1714 2515 __m)_-

932 2519 997 2546 stris
1014 2518 1110 2545 diebus
1131 2516 1164 2542 ad
1175 2511 1337 2542 “canonicos
1356 2512 1501 2540 saecularcs
1518 2512 1635 2539 transiit.
1651 2511 1716 2538 liui-

932 2558 1005 2581 nart.
1018 2553 1050 2580 ad
1062 2552 1142 2586 Greg.
1159 2549 1261 2586 Iuron.
1278 2549 1296 2586 Ιἶ
1308 2556 1333 2586 c.

967 2589 1025 2621 (21)
1045 2580 1144 2614 Euseb.
1159 2585 1230 2612 Hist.
1244 2583 1307 2621 eccl.
1331 2583 1378 2610 lib.
1391 2590 1417 2616 v,
1430 2588 1508 2616 capp.
1530 2580 1587 2609 i-5.

967 2619 1024 2659 (22)
1099 2620 1176 2653 ibid.,
1191 2627 1252 2659 cap.
1268 2619 1294 2645 Δ.

969 2649 1027 2711 ὶεδ)
1041 2649 1297 2684 Μεδειιθιίυίἐδενι.
1314 2653 1332 2679 2
1343 2653 1369 2679 in
1385 2651 1469 2683 1ren.,
1485 2649 1538 2711 i6,
1555 2657 1581 2684 p.
1595 2657 1631 2676 ιιι.
1645 2650 1688 2676 67.

969 2693 1010 2711 tau
1048 2691 1177 2711 Rlnmloll,
1196 2689 1303 2711 Αηηιηη.
1317 2696 1365 2711 nm
1386 2691 1453 2711 sent.
1472 2685 1595 2711 lieron..
1612 2692 1672 2711 can.

967 2684 1025 2727 (Ἡ)
1046 2691 1179 2727 Blondell.
1194 2689 1304 2727 Apolog.
1317 2696 1365 2723 pro
1386 2691 1453 2727 sent.
1472 2684 1595 2717 llieron.,
1612 2692 1672 2727 c_a_p.
1688 2684 1716 2711 8.

967 2697 1025 2728 (24)
1046 2697 1179 2719 Blondell.
1194 2697 1304 2750 Apotog.
1317 2697 1365 2723 pro
1386 2697 1453 2714 sem.
1472 2697 1595 2717 uterum,
1612 2697 1672 2719 cap.
1688 2697 1716 2711 ο.

966 2727 1133 2789 (iﬁilll’ears.
1156 2725 1260 2752 Vindic.
1294 2728 1367 2759 gnat.
1392 2725 1462 2758 part.
1489 2728 1519 2753 ιι,
1535 2727 1594 2756 cap.
1621 2720 1664 2753 13,
1689 2727 1716 2754 p.

931 2772 968 2792 ιη.
983 2772 1013 2789 O'l
1025 2772 1045 2789 Ι.

966 2798 1022 2833 (26)
1039 2797 1168 2833 Contant.
1185 2793 1400 2833 Epist._Rornan.
1418 2790 1527 2833 por:ti[..
1543 2798 1570 2825 p.
1656 2823 1702 2833 id:

968 2824 1025 2867 127')
1046 2824 1216 2867 xatpengsf
1230 2829 1385 2867 Oeqtiii’ust
1401 2824 1556 2867 escerptani
1575 2824 1718 2867 cautela-

932 2858 1005 2897 mzim
1017 2858 1140 2896 ,fratrum
1157 2858 1284 2893 Ecclesia:
1296 2863 1392 2893 Vieuu.
1409 2867 1434 2890 et
1446 2858 1635 2897 Lugdunensis
1656 2858 1719 2894 Epi-
