1873 3065
54 193 76 219 1
89 194 147 222 41⁵6
551 195 719 223 EPISTULA
739 197 782 224 DE
803 196 981 224 MARTYRIO
999 196 1028 224 S.
1055 195 1203 224 POTHIM.
1628 195 1697 224 MM

38 252 115 279 ⁸ποῦ
130 252 232 288 Κυρίου
242 253 329 288 ἡμῶν.
341 253 377 280 Τὸ
392 253 439 289 μὲν
449 252 494 280 οὖν
507 253 620 288 μέγεθος
634 254 684 289 τῆς
699 255 790 281 ἐνθάδε
801 255 855 290 (δι)

945 262 961 280 ιι
978 254 1087 288 quidem
1105 255 1190 288 ipsam
1214 261 1413 286 aerumnarum,
1437 258 1465 282 et
1490 254 1630 290 gentilium
1646 257 1696 282 ad-

41 296 194 332 θλίψεως,
205 297 253 324 και
265 298 315 334 τὴν
329 298 463 334 τοσαύτην
477 299 531 326 τῶν
545 300 628 326 ἐθνῶν
641 301 680 331 εἰς
689 301 752 331 τοὺς
766 301 858 335 ἁγίους

945 307 1004 327 rsns
1030 305 1138 327 sanctos
1167 299 1288 326 furorem
1315 308 1347 327 ac
1379 300 1500 332 rabiem,
1527 308 1642 336 quaeque
1671 306 1698 328 et

38 343 164 378 ὀργὴν,
188 344 236 372 καὶ
259 344 309 370 ὅσα
333 344 481 380 ὑπέμειναν
504 346 530 371 οἱ
554 345 682 381 μακάριοι
706 346 857 382 μάρτυρες,

948 351 1010 372 anta
1026 346 1095 372 beati
1108 350 1240 380 martyres
1251 345 1371 380 perpessi
1387 350 1462 377 sunt,
1477 353 1528 373 nec
1541 354 1592 373 nos
1607 346 1699 380 expri-

40 389 110 415 ὲπ⁸
126 389 240 424 ἀκριϐὲς
254 389 309 416 οὗθ’
323 391 404 425 ἡμεῖς
418 391 504 417 εἰπεῖν
516 391 612 422 ἱκανοὶ,
624 391 684 418 οὔτε
700 392 752 427 μὴν
766 395 858 429 γραφῇ

945 398 986 418 are
1001 391 1128 423 dicendo,
1154 399 1203 418 nec
1224 392 1369 426 quisquam
1386 391 1530 418 scribendo
1555 392 1696 426 complecti

44 435 270 471 περιληφθῆναι
293 436 414 463 δυνατόν.
432 438 517 464 Παντὶ
538 438 592 473 γὰρ
609 438 695 465 σθένει
710 439 858 473 ἐνέσκηψεν

945 442 1037 464 curate
1061 437 1157 472 possit.
1173 437 1253 464 Omni
1276 438 1410 472 siquidem
1432 438 1531 465 virium
1548 439 1648 473 impetu
1669 439 1697 466 in

44 481 70 507 ὁ
95 482 294 517 ἀντικείμενος,
310 483 553 519 προοιμιαζόμενος
568 484 617 519 ἤδη
633 484 683 519 τὴν
696 485 781 516 ἀδεῶς
797 485 859 520 μέλ-

945 491 960 510 s
980 483 1058 510 irruit
1083 484 1267 516 adversarius,
1284 485 1418 511 adventus
1441 485 1501 517 sui,
1518 485 1544 511 in
1562 493 1617 520 quo
1633 493 1696 512 cum

45 527 166 554 λουσαν
189 528 298 555 ἔσεσθαι
322 529 471 564 παρουσίαν
498 529 596 556 αὐτοῦ’
621 531 669 557 καὶ
692 530 737 557 διὰ
752 530 859 558 πάντων

945 528 983 554 ιιιί
1000 528 1109 555 licentia
1126 533 1301 564 grassaturas
1315 534 1366 562 est,
1378 530 1435 564 jam
1454 534 1511 557 tum
1525 530 1604 557 nobis
1619 530 1697 558 initia

46 573 186 609 διῆλθεν,
204 575 300 607 ἐθίζων
315 576 377 607 τοὺς
398 575 495 603 ἑαυτοῦ
512 577 559 603 κα)⁸
574 577 774 613 προγυμνάζων
789 578 860 604 κατὰ

47 620 122 646 τῶν
136 621 238 648 δούλων
252 621 299 648 τοῦ
314 621 392 648 Θεοῦ·
405 622 474 649 ὥστε
487 622 523 657 μὴ
540 623 618 658 μόνον
633 624 725 650 οἰκιῶν
741 624 795 659 (55)
811 624 859 650 καὶ

50 667 217 702 βαλανείων
238 669 284 695 καὶ
304 669 406 704 ἀγορᾶς
420 668 568 705 εἴργεσθαι,
586 669 653 696 ἀλλὰ
673 671 720 697 καὶ
735 670 765 696 τὸ
779 670 860 697 καθό-

47 713 113 740 λου
130 713 269 748 φαίνεσθαι
290 714 370 749 ἡμῶν
384 715 443 742 τινὰ
463 714 529 751 (56),
545 716 636 748 αὐτοῖς
650 716 816 753 ἀπειρῆσθαι
831 717 859 743 ἐν

49 760 154 795 ὁποίῳ
169 761 270 795 δήποτε
283 759 367 796 τόπῳ.

103 848 127 874 ll
164 848 389 883 Ἀντεστρατήγει
404 848 432 874 δὲ
450 849 466 884 ὴ
485 848 564 884 χάρις
579 847 627 875 τοῦ
642 848 721 875 Θεοῦ·
737 850 782 876 καὶ
797 849 859 880 τοὺς

55 895 118 930 μὲν
134 894 259 926 ἀσθενεῖς
274 894 400 930 ἐρρύετο,
409 896 658 931 ἁντιπαρέτασσεδὲ
671 897 727 932 (37)
749 895 860 927 στύλους

54 942 204 978 ἑδραίους,
220 942 386 977 δυναμένους
407 942 451 969 διὰ
471 943 522 978 τῆς
542 943 690 978 ὑπομονῆς,
706 945 794 971 πᾶσαν
808 945 858 980 τὴν

53 987 158 1024 ὁρμὴν
172 987 219 1014 τοῦ
235 987 352 1023 πονηροῦ
368 988 408 1019 είς
423 988 534 1019 ἑαυτοὺς
548 988 668 1016 ἑλκύσαι·
680 989 704 1015 οἳ
716 990 762 1016 καὶ
776 990 858 1025 ὁμόσε

57 1034 193 1070 ἐχώρουν
206 1034 280 1070 αὐτῷ
295 1035 359 1069 (58),
381 1035 435 1061 πᾶν
458 1032 528 1066 εἶδος
543 1035 694 1070 ὀνειδισμοῦ
716 1037 763 1063 καὶ
778 1037 858 1063 κολά-

59 1089 141 1112 σεως
164 1080 331 1115 ἀνεχόμενοι·
355 1080 380 1106 οἳ
406 1080 453 1107 καὶ
475 1080 509 1107 τὰ
532 1080 617 1107 πολλὰ
640 1081 718 1115 ὀλίγα
741 1081 860 1116 ἡγούμε-

57 1135 107 1152 νοι
125 1125 192 1161 (59),
209 1125 337 1152 ἔσπευδον
351 1125 419 1162 πρὸς
434 1126 560 1162 Χριστὸν,
576 1125 660 1158 ὅντως
674 1127 861 1162 ἐπιδεικνύμε-

57 1180 108 1198 νοι
127 1171 182 1207 (40)
209 1171 250 1198 ὅτι
263 1171 313 1198 οὐκ
328 1171 390 1204 ἄξια
404 1171 439 1198 τὰ
459 1171 608 1207 παθήματα
628 1172 675 1198 τοῦ
689 1172 736 1199 νῦν
752 1173 859 1209 καιροῦ,

59 1217 141 1253 πρὸς
154 1217 204 1252 τὴν
219 1217 368 1252 μέλλουσαν
390 1217 468 1250 δόξαν
483 1218 707 1253 ἀποκαλυφθῆναι
729 1219 769 1250 εἰς
788 1219 861 1254 ἡμᾶς

61 1264 139 1299 (41).
155 1263 210 1290 Καὶ
235 1263 341 1298 πρῶτον
367 1264 415 1299 μὲν
435 1263 470 1290 τὰ
488 1264 542 1290 ἀπὸ
561 1264 608 1290 τοῦ
631 1264 709 1299 ὄχλου
727 1265 862 1301 πανδημεὶ

62 1309 193 1345 σωρηδὸν
213 1309 397 1344 ἐπιφερόμενα
409 1329 416 1340 ,
437 1309 566 1343 γενναίως
586 1309 729 1344 ὑπέμενοψ
749 1310 862 1347 ἐπιϐοή-

63 1364 129 1387 σεις
143 1355 198 1392 (42)
213 1356 260 1382 καὶ
273 1355 395 1391 πληγὰς,
410 1355 458 1382 καὶ
474 1357 610 1392 συρμοὺς,
627 1356 674 1383 καὶ
696 1357 862 1393 διαρπαγὰς,

107 1423 116 1438 ⁸
129 1421 210 1449 Rom.
229 1429 288 1455 vnt,
306 1421 350 1449 l8.

65 1526 98 1549 et.
119 1520 272 1548 Alexander
286 1520 416 1556 Phryges,
435 1525 461 1548 et
475 1519 631 1548 Alcibiades
646 1521 780 1549 oriundus
800 1523 862 1550 item

64 1565 106 1584 ex
122 1555 250 1592 Phrygia,
275 1560 306 1583 ut
321 1555 435 1592 opinor;
460 1556 580 1592 lrenagus
598 1564 707 1591 quoque
730 1558 863 1586 oriundus

65 1595 132 1620 erat
146 1599 178 1626 ex
195 1591 270 1623 Asia,
289 1595 316 1618 et
335 1591 513 1626 Polycarpum
532 1591 654 1626 Smyrna:
673 1592 795 1620 audierat
808 1601 862 1621 una

68 1635 136 1655 cum
153 1625 263 1653 Florino
278 1625 424 1653 admodum
440 1634 517 1660 puer,
539 1631 568 1653 ut
583 1625 644 1661 ipse
665 1632 788 1655 testatur.
807 1628 861 1655 Po-

68 1662 144 1690 thini
165 1669 275 1696 quoque
296 1661 416 1722 episcopi
434 1662 475 1688 vel
501 1669 600 1688 nomen
624 1661 724 1696 ipsum,
741 1662 861 1691 Graecam

70 1697 208 1722 orieinem
226 1696 360 1722 desianat.
408 1697 501 1722 roinde
517 1704 570 1722 non
589 1697 687 1722 mirum
706 1702 756 1722 est.
776 1699 797 1722 si
816 1699 861 1722 nui

70 1697 213 1734 originem
226 1696 360 1734 designat.
384 1696 501 1723 Proinde
517 1704 570 1734 n_on
589 1697 687 1734 mirum
706 1702 757 1734 est,
776 1699 798 1726 si
816 1699 862 1734 qui

71 1739 108 1759 ex
125 1731 190 1758 Asia
207 1731 234 1757 in
253 1731 354 1758 Gallias
367 1735 507 1763 venerant,
530 1731 658 1759 fratribus
674 1733 731 1760 suis
753 1733 778 1760 in
798 1731 863 1761 Asia

72 1767 233 1794 constitutis
248 1766 282 1792 de
308 1767 389 1793 rebus
413 1767 471 1802 suis
492 1767 633 1794 scribant:
657 1776 670 1794 τι
689 1768 788 1802 quibus
802 1788 809 1800 ,
834 1774 862 1797 ut

72 1802 205 1838 credibile
217 1805 269 1834 est,
283 1801 424 1838 epistolam
443 1801 516 1838 illam
532 1802 564 1828 de
579 1801 708 1838 martyrio
720 1803 862 1838 Polycatpi

73 1842 104 1864 et
122 1837 256 1873 (aliorum,
281 1837 360 1873 prius
380 1836 668 1873 accepissent._llujus
689 1836 778 1865 autem
797 1836 862 1873 Epi-

71 1872 154 1908 stolze
168 1876 305 1898 auctorem
325 1871 408 1908 fuisse
427 1872 545 1908 arbitror
565 1871 712 1906 Irenaeum;
735 1874 781 1907 qui
803 1871 863 1908 qni-

71 1907 136 1934 dem
145 1914 186 1944 _eo
199 1910 319 1944 tempore
331 1906 458 1944 Ecclesia:
473 1906 661 1944 Lugdunensis
676 1913 734 1934 erat
745 1906 862 1944 presby-

72 1948 126 1969 ter.
145 1942 243 1968 VALES.
269 1941 304 1968 At
324 1948 389 1969 vero
405 1941 594 1969 Tillemontius
611 1942 689 1968 Illém.
711 1941 773 1969 ecc’I.
794 1941 860 1970 tom.

73 1976 108 2004 Ill
122 1977 151 2004 in
169 1977 249 2003 Mart.
264 1976 362 2011 Lugd.,
383 1981 442 2004 not.
458 1977 485 2008 ἓ,
504 1984 566 2003 cum
581 1977 695 2010 dubitet,
711 1982 802 2004 utrum
821 1979 863 2006 hat

73 2012 224 2048 provinciae
238 2010 400 2048 Viennensis
414 2017 440 2038 et
454 2011 643 2046 Lugdunensis
660 2013 711 2039 sub
727 2021 781 2040 uno
792 2021 860 2047 pra:-

73 2048 148 2075 fecto
162 2051 226 2074 tunc
238 2047 348 2081 quidem
369 2052 488 2081 agerent,
512 2055 562 2073 nos
583 2048 708 2074 admonet
721 2048 788 2075 duas
802 2048 862 2076 illas

73 2083 163 2110 fuisse
175 2103 181 2114 ,
198 2089 259 2116 qua:
276 2081 400 2116 proprios
422 2083 473 2109 sibi
500 2082 642 2116 prmfectos
660 2082 799 2110 haberent.
825 2083 862 2111 De

72 2118 160 2145 variis
174 2122 262 2144 autem
285 2117 429 2151 pra-sidunt
448 2117 592 2151 generibus
616 2117 710 2144 confer
724 2117 861 2145 Valesium

73 2152 158 2180 infra.
172 2152 303 2179 Caeterum
318 2152 367 2178 etsi
381 2152 467 2178 mutui
483 2153 584 2178 amoris
596 2152 703 2179 vinculo
716 2156 779 2179 tunc
793 2157 862 2180 tem-

71 2189 151 2223 poris
171 2187 307 2220 conjuncti
330 2187 546 2223 sinttjhristiani
564 2187 730 2214 Viennenses
749 2192 775 2214 et
807 2186 862 2214 Lu-

71 2221 348 2256 gdunensesquanto
355 2221 416 2248 odio
431 2222 501 2248 haud
518 2221 561 2248 diu
576 2227 654 2249 antea
667 2223 692 2248 in
707 2230 735 2249 se
747 2223 860 2249 invicem

73 2258 151 2283 cives
172 2258 288 2282 duarum
315 2258 428 2291 istarum
459 2256 567 2283 urbium
592 2258 782 2291 flagraverint,
810 2265 861 2284 nos

74 2291 182 2327 nescire
207 2290 288 2327 haud
300 2291 364 2327 sinit
380 2290 491 2318 Tacitus
507 2292 594 2327 ᾔΙίιιηι
627 2287 702 2318 Hist.
714 2312 720 2323 ,
737 2287 796 2327 cap.
814 2293 858 2319 65.
876 2287 898 2315 D

76 2335 87 2352 ‹
113 2325 258 2362 Veterem,
282 2325 388 2362 inquit,
412 2327 482 2362 inter
506 2325 702 2362 Lugdunenses
726 2325 862 2354 Viénuen-

73 2368 175 2394 sesque
196 2360 359 2387 discordiam
387 2360 665 2395 proximum—bellum
686 2363 861 2395 accenderat,

74 2395 171 2423 multae
191 2395 305 2422 invicem
323 2396 414 2431 clades
430 2396 550 2431 crebrius
568 2396 756 2431 infestiusque,
780 2405 863 2431 quam

74 2436 106 2458 ut
119 2434 223 2466 tantum
238 2429 492 2466 propter_Neronem
509 2430 674 2465 Galbamque
687 2429 862 2466 pugnaretur.

74 2466 109 2492 Et
128 2465 212 2492 Galba
229 2465 331 2491 reditus
348 2464 580 2499 Lugdunensium,
599 2464 741 2493 occasione
757 2467 812 2498 iraa,
836 2468 862 2494 in

74 2502 172 2528 ﬁscum
190 2503 319 2531 verterat,
337 2501 438 2527 multus
454 2506 547 2528 contra
574 2502 600 2527 in
623 2501 789 2528 Viennenses
813 2502 862 2528 ho-

74 2543 138 2568 nor,
151 2536 222 2562 unde
233 2535 369 2562 asmnlatio
381 2541 408 2562 et
423 2536 534 2567 invidia,
550 2540 573 2562 cl
586 2544 638 2563 uno
651 2544 730 2562 amne
740 2537 864 2563 discretis

74 2570 351 2605 connexumrodium.
373 2584 381 2598 ι
397 2570 429 2597 Ει
446 2575 505 2605 post
520 2571 573 2597 vidi
589 2570 698 2597 Petrum
720 2571 756 2598 De
774 2571 864 2598 Marca

74 2607 219 2634 docentem
235 2604 261 2630 in
280 2604 391 2632 Dissert.
405 2613 453 2632 sua
469 2606 503 2632 ad
521 2606 661 2633 concilium
680 2605 864 2633 Cu’aromonta-

75 2648 141 2668 num
162 2638 399 2676 subﬂUrbanoﬂll,
423 2641 535 2667 honoris
547 2641 751 2676 prmrogativam
773 2642 800 2668 in
818 2649 864 2668 or-

74 2676 140 2703 dine
155 2675 227 2702 civili
255 2679 320 2701 tunc
333 2673 444 2702 Viennae
465 2673 647 2710 competiisse’
659 2684 712 2710 prae
731 2676 863 2710 Lugdune

75 2710 250 2738 exinstituto
266 2710 374 2743 Galbae;
398 2711 523 2745 idemque
548 2711 695 2738 discrimen
721 2711 862 2738 inductum

75 2753 138 2773 esse
160 2746 241 2781 etiam
268 2745 294 2771 in
315 2745 526 2781 ecclesiasticam
548 2746 767 2780 dispositionem;
790 2746 863 2781 quod

76 2788 110 2808 ex
127 2780 375 2814 snbscriptionibus
390 2781 496 2807 concilii
523 2781 623 2807 Arelat.
651 2789 658 2808 ι
683 2781 767 2808 habiti
790 2780 864 2808 anno

76 2815 140 2847 3M,
154 2816 323 2850 comprobat.
343 2814 433 2842 Monet
444 2823 553 2850 quoque
567 2816 735 2843 clarissimus
752 2817 862 2850 praesul,

76 2851 169 2878 deberi
187 2849 300 2877 ex'ordia
320 2849 657 2885 Ecclesiae,Lugdunensis
674 2849 789 2878 Pothino
806 2852 864 2885 epi-

77 2893 172 2919 scopo,
198 2886 245 2920 qui
261 2893 321 2912 eam
336 2886 362 2912 in
384 2886 521 2921 regionem
542 2894 557 2913 a
576 2885 723 2920 Polycarpo
741 2886 864 2921 Smyrna:

78 2921 107 2948 in
130 2921 195 2948 Asia
214 2921 360 2955 episcopo,
379 2921 448 2948 beati
463 2920 577 2949 Joannis
596 2921 710 2957 apostoli
728 2920 862 2955 discipulo

909 581 941 601 ac
956 575 1104 609 primordia
1122 575 1263 602 exhibens.
1278 574 1350 602 Nihil
1363 576 1464 610 quippe
1480 576 1639 603 intentatum
1657 583 1698 602 re-

910 620 997 654 liquit,
1011 619 1077 646 dum
1091 620 1232 648 ministros
1245 628 1310 648 suos
1325 621 1482 655 assuefacit,
1497 626 1524 648 et
1532 622 1695 656 quibusdam

909 666 988 701 quasi
1007 666 1140 701 proludiis
1160 673 1268 694 exercet
1292 668 1424 695 adversus
1440 676 1533 695 servos
1548 667 1610 701 Dei;
1629 669 1696 696 adeo

910 717 940 740 ut
955 720 1008 739 non
1024 713 1112 740 solum
1134 713 1167 740 ab
1181 713 1294 746 antibus,
1311 722 1326 740 a
1348 714 1469 747 balneis,
1486 723 1501 741 a
1518 714 1577 741 foro
1590 723 1698 742 arcere-

911 767 987 792 mur;
1006 767 1099 787 verum
1117 760 1198 787 etiam
1219 760 1393 787 interdictum
1411 759 1504 793 fuerit,
1520 768 1554 788 ne
1569 761 1631 796 quis
1648 768 1697 788 no-

910 809 996 832 strum
1014 812 1177 840 quocunque
1192 805 1301 832 demum
1315 805 1341 832 in
1356 805 1416 833 loco
1430 810 1582 840 appareret.

946 850 977 878 ll.
994 850 1046 878 Sed
1070 851 1157 885 gratia
1177 850 1225 878 Dei
1240 859 1290 886 pro
1306 851 1382 878 nobis
1406 852 1537 879 adversus
1558 852 1696 880 diabolum

910 896 1074 931 depugnavit
1089 905 1095 922 :
1109 901 1136 923 et
1160 896 1324 924 infirmiores
1346 897 1455 931 quidem
1472 898 1600 929 servavit,
1625 898 1698 925 viros

911 946 1002 969 antem
1028 942 1066 968 illi
1085 943 1213 977 opposuit
1233 942 1424 969 columnarum
1451 943 1538 975 instar
1555 944 1647 970 lirmos
1667 950 1700 970 ac

911 989 1040 1020 stabiles,
1064 989 1110 1023 qui
1136 988 1297 1016 fortitudine
1318 996 1367 1016 sua
1388 989 1546 1016 universum
1565 989 1699 1016 daeinonis

911 1034 1042 1069 impetum
1055 1034 1081 1062 in
1097 1035 1259 1070 semetipsos
1271 1035 1429 1069 pertrahere
1445 1035 1576 1062 valerent.
1591 1035 1623 1062 lli
1634 1043 1700 1070 ergo

910 1081 1037 1108 cominus
1059 1081 1215 1116 congressi,
1235 1089 1315 1108 omne
1333 1089 1419 1116 genus
1434 1081 1573 1116 opprobrii
1588 1073 1615 1108 et
1634 1089 1700 1116 sup-

910 1127 985 1162 plicii
1002 1128 1207 1160 sustinuerunt;
1225 1131 1252 1154 et
1269 1135 1330 1162 qua;
1355 1127 1402 1154 alii
1426 1127 1555 1154 diuturna
1567 1131 1593 1154 et
1608 1127 1700 1161 gravia

911 1173 1079 1207 existimant,
1102 1174 1154 1208 ipsi
1179 1173 1249 1201 levia
1273 1173 1418 1206 ducentes,
1447 1174 1480 1200 ad
1503 1173 1643 1200 Christum
1662 1173 1701 1200 ire

911 1219 1111 1254 properabant;
1134 1220 1260 1254 exemplo
1285 1227 1336 1246 suo
1358 1219 1542 1251 Ostendentes,
1561 1227 1614 1245 non
1640 1225 1702 1246 esse

911 1266 1008 1300 dignas
1033 1265 1176 1300 passiones
1202 1265 1284 1300 hujus
1309 1265 1413 1297 szeculi,
1437 1272 1498 1299 qua:
1524 1263 1701 1291 conferantur

912 1304 974 1338 eum
990 1310 1075 1345 gloria
1098 1318 1159 1345 qua:
1173 1310 1200 1337 in
1225 1310 1305 1338 nobis
1322 1311 1465 1337 revelanda
1488 1313 1529 1337 est
1547 1311 1567 1337 ί.
1583 1311 1621 1337 Ac
1645 1310 1702 1345 pri-

912 1363 987 1384 mum
1008 1356 1117 1392 quidem
1140 1363 1310 1391 quaecunque
1327 1364 1341 1383 a
1362 1356 1461 1391 popqu
1480 1356 1607 1383 universo
1622 1363 1700 1382 acer-

914 1521 1016 1548 missus
1027 1525 1079 1554 est,
1095 1525 1125 1548 ut
1140 1520 1188 1548 lib.
1209 1529 1217 1547 ι
1237 1520 1364 1547 Ηίειογίω
1381 1519 1556 1551 Francorum,
1575 1528 1634 1555 cap.
1654 1520 1700 1553 24,

915 1557 993 1584 docet
1005 1555 1151 1591 Gregorius
1168 1555 1348 1586 Turonensis,
1368 1556 1414 1590 qui
1432 1555 1606 1589 antiquitates
1628 1556 1701 1583 illius

915 1591 1042 1619 Ecclesiae
1058 1595 1213 1625 perspectas
1236 1591 1383 1623 habuerat,
1404 1598 1450 1625 per
1470 1591 1579 1625 aliquod
1597 1595 1704 1625 tempus

914 1627 941 1654 in
968 1634 998 1653 ea
1025 1626 1090 1653 urbe
1104 1632 1226 1653 moratus
1241 1634 1302 1653 cum
1325 1625 1430 1653 Niceno
1448 1626 1574 1660 episcopo
1592 1625 1702 1660 Lugdu-

913 1662 990 1689 nensi
1007 1661 1142 1688 avunculo
1156 1669 1215 1689 suo.
1235 1660 1294 1687 Vid.
1312 1660 1349 1688 De
1365 1661 1454 1688 Mat-ca
1477 1660 1490 1696 ᾗ
1512 1660 1573 1694 lli),
1593 1669 1619 1695 p.
1637 1661 1700 1694 559,

912 1702 977 1724 tom.
996 1696 1018 1722 Χ
1039 1696 1140 1724 Concil.
1158 1705 1190 1723 ex
1206 1696 1270 1723 edit.
1286 1695 1375 1722 Labbe
1388 1703 1414 1722 et
1427 1696 1549 1723 Cossart.

948 1731 1158 1767 (54)λΕνθάδε,
1177 1731 1307 1767 Ἐνταῦθα
1325 1731 1366 1767 ed.
1385 1731 1477 1767 Steph.
1498 1731 1606 1767 Stroth.
1617 1730 1703 1758 Paulo

913 1766 1340 1806 supra_Nicepltorus_aoﬁ}ot‘;oi
1358 1766 1475 1806 Χριστοῦ
1490 1774 1542 1806 pro
1555 1766 1641 1806 ῥοῦλοι
1656 1767 1703 1806 ῃ,

913 1808 940 1830 et
968 1803 1013 1828 καὶ
1040 1801 1153 1838 Κυρίουγν
1170 1801 1262 1838 Ἰησοῦν
1278 1801 1470 1838 Χριστοῦντοῦν
1490 1801 1590 1838 Ιςυρίου
1613 1802 1702 1837 ἡμῶν,

914 1846 962 1872 pro
975 1838 1022 1864 καὶ
1038 1836 1154 1873 Χρίᾳτοῦ
1176 1836 1264 1873 έίῆσοῦ
1280 1836 1325 1873 τοῦ
1342 1837 1443 1872 Κυρίου
1461 1836 1548 1873 ἡμῷν.

949 1873 1004 1907 (55)
1026 1871 1141 1899 Οἱὶιιῶν.
1168 1871 1434 1906 Christophorsonus
1458 1872 1572 1905 wdiﬁcia
1597 1871 1703 1906 publica

913 1906 1116 1942 interpretatur,
1131 1908 1202 1942 quod
1224 1916 1276 1934 non
1290 1908 1383 1942 probo.
1399 1906 1488 1933 Οἰκίαι
1507 1907 1578 1932 enim
1593 1907 1704 1933 nonnisi

913 1943 946 1969 de
962 1943 1074 1976 privatis
1097 1943 1222 1970 domibus
1237 1943 1375 1974 dicuntur,
1389 1950 1402 1968 a
1423 1942 1522 1976 quibus
1548 1946 1603 1968 tum
1628 1949 1705 1968 arce-

913 1977 1012 2003 bantur
1026 1977 1185 2010 Christiani,
1203 1978 1229 2004 id
1243 1982 1283 2004 est
1300 1978 1334 2004 ab
1345 1977 1449 2004 aedibus
1463 1977 1624 2007 amicorum.
1640 1983 1700 2010 pro-

912 2013 1088 2048 pinquorum,
1101 2014 1238 2048 opilicum.
1250 2012 1342 2047 Neque
1357 2012 1429 2039 enim
1445 2011 1704 2048 assentiorrlluliuo,

901 2047 959 2081 equi
977 2047 1146 2074 Christianos
1171 2049 1196 2074 in
1218 2048 1275 2074 suis
1302 2048 1421 2081 ipsorum
1435 2047 1563 2074 domibus
1580 2047 1704 2074 habitare

912 2082 1065 2116 prohibitos
1080 2083 1255 2116 existimavit.
1274 2081 1370 2109 VALES.

948 2116 1002 2151 (56)
1026 2117 1114 2144 Ἀλλὰ
1142 2118 1190 2144 καὶ
1221 2117 1254 2143 τὸ
1281 2118 1411 2144 καθόλου
1437 2116 1596 2150 φαίνεσθαι
1620 2116 1705 2150 ἡμῶν

912 2151 1134 2213 ῧνιῗ.¹Καθόλον
1158 2160 1207 2187 pro
1230 2152 1260 2179 τὸ
1284 2152 1397 2179 καθόλου
1421 2157 1448 2179 et
1471 2151 1531 2178 τινὰ
1554 2151 1630 2186 ἡμῶν
1651 2160 1702 2180 ms.

937 2194 1033 2213 oroc.

937 2194 1033 2214 OI'IOlC.

947 2221 1003 2256 (37)
1026 2222 1172 2255 Ἐρῤύετοι
1194 2221 1433 2254 ἀντιπαρέτασσε
1453 2220 1496 2247 δέ.
1519 2220 1703 2256 Ἐρῤὡννυτο’

912 2256 1159 2292 ἀντιπαρετάσσετο
1172 2257 1211 2284 δέ.
1228 2256 1339 2292 Niceph.
1350 2256 1482 2292 ~S'I'VBVO'llll.

948 2291 1004 2324 (58)
1014 2289 1126 2326 "Qudne
1141 2292 1272 2326 ἐχώρουν
1285 2289 1373 2323 deni).
1387 2290 1465 2326 Αὐτῷ
1477 2290 1552 2326 deest
1567 2290 1594 2317 in
1609 2290 1703 2326 Steph.

948 2300 1004 2324 (οδ)
1029 2300 1126 2352 υςοσε
1141 2300 1272 2326 εχωρουν
1285 2300 1373 2323 αυτῳ.
1387 2300 1465 2316 Αυτω
1477 2300 1552 2317 dces:

913 2331 940 2354 et
966 2325 1048 2360 Nicep
1072 2345 1077 2352 .
1104 2326 1225 2353 Sruorn.
1256 2326 1332 2353 Adde
1361 2334 1412 2352 ms.
1438 2317 1558 2352 Norfolc.

949 2362 1005 2396 (59)
1022 2362 1060 2388 Τὰ
1079 2362 1177 2396 πολλὰ
1201 2362 1287 2395 ὀλίγη
1305 2361 1480 2396 Ῠῄνούμενοι.
1508 2360 1595 2387 Multa
1619 2368 1705 2395 pauca

912 2405 967 2424 esse
988 2397 1119 2423 ducentes.
1144 2395 1283 2431 Vertitque
1303 2395 1460 2423 Musculus:
1476 2396 1560 2422 multa
1578 2403 1626 2430 pro
1650 2404 1705 2422 ma-

913 2432 980 2458 dicis
995 2431 1128 2457 ducentes.

950 2465 1006 2502 (40)
1022 2467 1131 2502 ’ρνξῑως
1140 2465 1475 2502 ἐπιδεικνύμενοιηυεθεῑ
1484 2465 1567 2496 ὅντως
1578 2465 1605 2493 ἰιι
1617 2465 1659 2502 ed.
1670 2465 1702 2492 Β.

915 2500 1007 2532 Steph.
1024 2500 1091 2528 Cod.
1108 2501 1176 2528 Med.
1188 2501 1348 2528 adverbium
1365 2501 1440 2528 addit
1457 2501 1508 2528 hoc
1527 2501 1608 2528 modo
1621 2500 1705 2532 ὅντως

914 2535 1138 2572 ἐπιδεικνύμενοι.
1154 2535 1246 2572 Neque
1264 2536 1341 2572 aliter
1354 2536 1413 2572 cod.
1431 2535 1512 2572 Maz.,
1526 2535 1594 2572 Fuit.
1614 2540 1640 2562 et
1655 2535 1705 2562 Sa-

913 2570 1160 2598 vilianustALits.
1184 2571 1266 2598 Addit
1297 2570 1434 2598 Strothius
1463 2571 1524 2597 cod.
1553 2570 1647 2597 Venet.
1678 2575 1705 2597 et

914 2606 1070 2640 Christoph.
1084 2607 1144 2634 lect.
1160 2605 1407 2640 NiCephorumque,
1434 2610 1509 2640 notat
1523 2613 1587 2632 vero
1604 2606 1704 2632 habere

913 2639 1054 2676 Bongarsii
1070 2641 1131 2668 lect.
1149 2641 1176 2668 in
1190 2639 1234 2668 ed;
1248 2639 1455 2672 ϐθιιθνξοῦτως.
1471 2639 1592 2676 Denique
1607 2641 1705 2674 legisse

914 2675 997 2707 δντώς
1013 2677 1118 2703 videtur
1133 2684 1166 2704 ex
1190 2676 1410 2710 interpretatione
1425 2683 1475 2703 sua
1491 2675 1614 2707 llulinus,
1631 2676 1703 2708 quod

914 2712 997 2739 etiam
1015 2712 1136 2739 additum
1154 2715 1197 2739 est
1214 2712 1247 2738 ad
1261 2709 1338 2739 oram
1354 2712 1418 2738 edit.
1442 2710 1535 2744 Steph.
1554 2710 1581 2736 in
1596 2709 1705 2744 publica

914 2746 1041 2773 Biblioth.
1059 2752 1161 2774 nostra.

951 2782 1006 2816 (4|)
1028 2781 1289 2816 ‘Anoxaxvssoﬁrat
1313 2783 1355 2813 εὶς
1372 2781 1458 2815 ἡμᾶς.
1479 2779 1562 2816 Abest
1584 2786 1597 2805 a
1625 2778 1705 2816 Nice-

914 2813 1011 2851 phoro.
1029 2816 1091 2843 Mox
1105 2813 1279 2851 aputl'euind.
1298 2813 1414 2851 legitur;
1432 2815 1555 2850 Σωρηδὸν
1569 2813 1705 2849 πανδημεὶ

914 2849 949 2878 τὰ
964 2849 1147 2887 ἐπιφερόμενα
1161 2851 1276 2887 ἀπὸτοῦ
1294 2849 1386 2887 δχλουτ
1398 2849 1518 2887 Sruo'rn.

951 2886 1007 2921 (42)
1017 2883 1213 2920 Ἒέιίὸοήσεις.
1224 2883 1369 2913 Habetin).
1379 2885 1534 2920 ἐπιϐοήσεις
1549 2892 1601 2912 ms.
1618 2883 1702 2913 Sari].

916 2929 964 2949 seu
979 2921 1054 2950 Bodl.
1071 2922 1131 2950 Mox
1145 2923 1221 2950 abest
1233 2923 1279 2949 καὶ
1296 2920 1415 2958 συρμούς
1433 2929 1447 2948 a
1464 2928 1514 2948 ms.
1529 2920 1649 2948 Norfolc.
