1866 3073
219 176 269 204 147

737 173 766 201 8.
785 172 960 202 lGNATlUS.
981 188 1012 193 ——
1032 172 1295 201 PROLECOMENA.

1797 172 1849 200 μδ

218 238 269 270 las,
287 237 360 273 quod
386 244 484 265 omnes
509 240 571 264 ante
585 243 658 268 eum,
681 235 795 268 scilicet,
821 235 955 270 ignorabat]

1113 235 1171 261 lus:
1187 235 1256 261 Οὔτε
1270 234 1324 271 γὰρ
1338 234 1403 270 ἐγὼ,
1421 234 1483 262 οὔτε
1504 234 1583 267 ἄλλος
1607 235 1702 270 ὅμοιος
1721 234 1783 270 ἐμοὶ
1799 234 1850 261 δῦ-

218 283 271 311 Sed
283 283 348 318 quid
369 290 439 318 opus
452 287 494 310 est
511 286 541 309 ut
555 282 690 316 impostor
713 281 765 309 hoc
778 289 812 308 ex
825 281 940 316 epistola
951 280 1003 308 Po-

218 329 320 365 lycarpi
335 329 461 361 disceret,
476 332 533 360 aut,
550 333 580 355 ut
594 328 640 354 alii
663 327 725 354 inde
748 326 901 360 haurirent,
923 335 1004 354 cura-

219 375 281 404 ret?
296 375 382 408 Quasi
396 383 456 402 vero
470 375 608 410 quisquam
635 373 700 401 adeo
716 373 814 400 stultus
828 373 874 405 sit,
886 378 915 399 ut
929 377 1003 407 neget

222 421 388 456 mplissimte
402 421 518 448 civitatis
531 420 691 455 episcopum,
708 419 742 446 ad
757 419 811 446 tunc
822 419 1003 453 apostolorum

217 466 379 500 discipulum
403 466 472 493 ulla:
493 465 530 493 uel
558 465 672 492 scribere
697 466 824 500 potuisse,
849 465 888 492 vel
913 473 1002 492 revera

218 513 355 547 scripsisse
367 513 479 540 litteras.
493 511 580 539 Verba
592 516 657 539 sunt
675 511 778 539 Baliari.
799 511 937 545 Quorsum
952 511 1003 546 igi—

219 562 263 584 tur
279 558 454 592 impostorem
479 564 558 584 suum
582 557 616 584 ad
635 556 814 592 Polycarpum
836 556 959 588 remittit,
972 559 1002 584 ut

218 605 270 630 hoc
285 603 320 630 ab
329 610 362 630 eo
379 602 485 630 discat?
497 610 629 638 quorsum
641 609 705 629 eum
727 602 864 629 violentas
878 601 1003 636 epistolae

217 648 367 676 notissimae
388 656 487 676 manus
514 647 616 675 inferre
638 647 721 682 cogit,
740 651 770 675 ut
784 648 852 676 alios
866 648 937 675 idem
952 648 1002 676 do-

215 700 285 729 ceat,
299 695 372 731 quod
389 702 422 722 ne
434 694 510 722 stulti
526 695 636 730 quidem
650 702 748 730 negare
763 693 932 730 potuerunt?
948 693 1001 721 Sed

215 743 239 771 si
256 743 308 770 hoc
327 743 461 778 impostor
473 750 506 769 ex
533 741 682 778 Polycarpo
704 741 854 775 didicisset,
870 741 1002 776 epistolas

215 789 312 825 lgnatii
331 789 366 817 ab
387 789 448 824 ipso
472 789 599 817 collectas
612 794 638 817 et
657 788 809 824 posteritati
824 787 1000 816 commenda-

216 840 258 863 tas
277 836 374 870 fuisse,
399 836 471 863 unde
485 843 534 864 eas
553 835 611 871 jam
625 835 775 862 desiderari
787 834 1001 862 animadvertit?

216 881 288 909 unde
302 882 355 910 hoc
378 881 421 909 vir
435 882 613 910 doctissimus
637 882 754 910 didicit?
777 883 839 918 quis
861 882 1000 909 collectio-

216 937 277 956 nem
292 928 433 964 Polycarpi
456 929 570 964 periisse
582 929 661 963 dixit,
688 934 736 957 aut
750 929 866 957 credidit
879 929 890 956 ἲν
904 929 999 956 Nonne

214 976 311 1003 eodem
324 976 404 1003 tertio
415 976 516 1003 saeculo
529 975 636 1003 dixerat
648 975 799 1011 Origenes:
814 975 956 1010 Eleganter
971 975 998 1002 in

215 1021 355 1055 cujusdam
370 1022 496 1057 martyris
518 1021 630 1057 epistola
651 1022 779 1056 scriptum
806 1021 900 1054 reperi,
915 1021 998 1056 Igna—

216 1067 281 1092 tium
293 1065 363 1098 dico,
378 1067 528 1101 episcopum
543 1066 691 1093 Antiochia:
710 1072 768 1101 post
785 1066 895 1094 Petrum
908 1074 1000 1094 secun-

213 1113 289 1145 dum,
299 1113 344 1148 qui
356 1113 384 1140 in
395 1113 574 1146 persecutione
594 1113 684 1140 Roma:
698 1114 823 1149 pugnavit
843 1114 878 1141 ad
886 1114 1001 1142 bestius?

214 1160 255 1188 An
270 1160 316 1194 qui
330 1159 510 1195 Polycarpum
525 1160 637 1195 legerat,
662 1160 815 1195 lectamque
828 1161 888 1196 ejus
900 1161 999 1189 etiarn-

215 1213 281 1233 num
300 1205 326 1233 in
339 1206 456 1241 publicis
470 1206 650 1234 conventibus
675 1207 820 1242 epistolam
835 1211 957 1240 noverat,
972 1211 1000 1233 et

213 1259 247 1278 ex
273 1251 367 1279 eadem
404 1251 604 1286 lgnatianorum
645 1252 804 1288 συναγωγὴν
833 1256 907 1280 tanta
932 1260 999 1280 cura

215 1297 339 1333 Smyrnae
362 1305 561 1333 conservatam,
587 1299 615 1327 in
643 1299 829 1327 Macedoniam
851 1305 924 1328 tanta
937 1309 999 1328 cum

214 1344 296 1372 laude
312 1346 514 1377 transmissam,
529 1346 768 1378 animadverterat,
786 1346 883 1374 eodem
899 1347 1000 1374 saeculo

214 1399 270 1427 quo
281 1390 413 1427 Origenes
428 1391 551 1419 eamdem
570 1392 738 1426 laudaverat,
750 1392 871 1421 funditus
886 1394 1001 1429 periisse

215 1443 310 1472 putare
324 1437 434 1472 potuit?
445 1437 532 1466 Nimis
555 1446 647 1467 crassa
662 1439 721 1467 haec
745 1444 819 1472 sunt,
846 1448 928 1475 quam
945 1444 1000 1467 uta

213 1485 279 1512 viris
294 1485 383 1512 doctis
397 1489 574 1519 coquantur;
597 1485 679 1513 nimis
705 1485 837 1519 invalida,
861 1494 944 1521 quam
971 1491 1001 1513 ut

213 1535 403 1566 argumentum
430 1535 554 1558 nostrum
590 1531 741 1565 debilitent,
767 1539 823 1567 quo
850 1540 905 1560 non
932 1533 1001 1561 alias

212 1584 295 1612 quam
320 1580 428 1604 nostras
443 1585 459 1604 a
474 1576 625 1613 Polycarpo
638 1577 725 1605 editas
749 1577 880 1612 epistolas
907 1582 999 1605 osten-
1013 1587 1033 1616 ο

212 1624 314 1651 dimus.

248 1669 320 1697 Idem
335 1674 426 1697 autem
442 1670 506 1704 alio,
523 1673 551 1697 et
567 1670 677 1705 quidem
700 1669 872 1702 aﬂirmativo,
888 1678 939 1698 nec
951 1669 1000 1698 illo

213 1717 414 1744 contemnendo
435 1721 607 1752 argumento,
628 1724 661 1743 ex
676 1716 743 1751 ipsis
756 1716 878 1751 epistolis
903 1717 997 1751 petito,

213 1770 268 1789 non
287 1762 379 1790 leviter
391 1763 553 1789 confirmare
568 1771 612 1789 me
624 1770 705 1798 posse
718 1763 835 1790 conﬁdo.
850 1761 910 1789 Non
925 1762 998 1790 enim

213 1812 320 1835 tantum
346 1812 455 1835 nostras
480 1808 609 1843 epistolas
632 1808 757 1843 quamvis
771 1808 942 1843 generaliter,
955 1813 998 1835 ta-

212 1861 274 1880 tuen
287 1853 353 1880 satis
363 1854 463 1881 diserte
483 1854 623 1886 describit,
637 1861 706 1892 quas
722 1854 813 1887 fidem,
827 1854 996 1888 patientiam,

212 1905 377 1934 omnemque
403 1899 612 1927 aediﬁcationem
646 1899 786 1927 continere
813 1896 938 1932 tostatur,
964 1900 997 1928 de

211 1952 266 1978 qua
283 1953 312 1972 re
325 1945 406 1980 paulo
424 1945 511 1974 fusius
529 1950 592 1973 ante
603 1945 741 1978 diximus;
756 1945 803 1972 sed
817 1949 844 1972 et
856 1945 996 1980 speciatim

211 1990 373 2026 legationem
389 1992 422 2018 ad
433 1991 618 2019 Antiochenos
631 1991 726 2026 tangit,
737 1999 798 2026 qua:
814 1999 877 2019 cum
894 1991 922 2018 in
935 1991 997 2019 aliis

211 2040 269 2063 tum
296 2036 432 2071 praecipue
447 2037 474 2064 in
496 2037 541 2064 illa
557 2037 591 2064 ad
613 2036 796 2072 Polycarpum
820 2041 926 2070 exstat;
940 2037 996 2063 imo

210 2081 268 2117 ipse
282 2081 449 2118 Polycarpus
464 2083 491 2110 in
515 2083 619 2118 reliquo
634 2083 755 2118 epistolae
776 2090 889 2117 corpore
911 2082 996 2110 multa

210 2132 398 2163 repraesentat,
411 2136 471 2163 qua:
482 2129 611 2164 epistolas
625 2133 734 2157 nostras
749 2137 820 2164 saepe
835 2129 993 2164 respiciunt:

211 2178 240 2201 ut
255 2181 317 2201 eum
329 2174 440 2201 easdem
452 2174 565 2201 omnino
589 2173 733 2209 diligenter
745 2174 854 2209 legisse,
867 2179 894 2202 et
906 2174 994 2201 liben-

210 2223 252 2246 ter
268 2227 347 2247 usum
364 2219 461 2251 fuisse,
480 2219 570 2254 quivis
586 2219 743 2254 perspiciat,
767 2224 795 2247 ut
807 2219 852 2247 vix
874 2218 906 2247 S.
923 2219 994 2247 Pau-

1053 288 1130 307 ναται
1144 280 1418 317 κατακολουθῆσιιιτῇ
1436 282 1516 317 σοφίᾳ
1526 281 1572 308 τοῦ
1589 282 1725 317 μακαρίου
1746 282 1795 308 καὶ
1806 281 1852 307 ἐν·

1052 326 1129 358 δόξου
1146 326 1263 359 Παύλου,
1277 327 1307 359 ὃς
1321 328 1466 363 γενόμενος
1483 330 1512 355 ὲν
1526 329 1540 354 ὑ
1545 329 1591 364 μῐν
1615 329 1686 355 κατά
1698 328 1852 364 πρόσωπον

1052 372 1107 399 τῶν
1121 373 1182 400 τότε
1197 373 1360 409 ἀνθρώπων,
1377 373 1496 407 ἐδίδαξεν
1521 374 1644 410 ἀκριὸῶς
1660 374 1708 401 καὶ
1726 373 1851 408 βεϐαίως

1052 418 1098 445 τὸν
1115 419 1180 455 περὶ
1200 419 1329 454 ἀληθείας
1352 419 1444 454 λόγον·
1462 420 1491 452 ὃς
1511 421 1558 448 καὶ
1574 419 1652 448 ἀπὼν
1669 421 1735 456 ὑμῖν
1759 420 1851 456 ἐγρα-

1051 464 1102 500 ψεν
1118 465 1272 497 ἐπιστολάς.
1298 465 1404 498 Quibus
1418 466 1482 501 quis
1500 474 1553 493 non
1578 467 1651 494 videt
1677 475 1742 494 cum
1765 465 1851 502 lgna-

1053 511 1121 538 tium
1136 516 1260 538 nostrum
1273 511 1307 538 ad
1320 511 1466 546 Ephesios,
1482 512 1645 547 quibuscum
1662 514 1766 549 pariter
1776 521 1851 541 con-

1052 561 1178 585 versatus
1191 561 1233 585 est
1245 563 1272 585 et
1282 557 1316 585 ad
1331 565 1404 593 quos
1419 558 1567 592 scripserat
1578 559 1606 586 S.
1619 558 1732 593 Paulus,
1749 560 1851 587 inlita-

1053 607 1109 630 tum
1128 611 1190 631 esse
1213 603 1250 630 ita
1267 604 1449 631 scribentem:
1466 602 1531 631 Οἶδα
1558 605 1600 637 τίς
1626 606 1694 641 ειμι,
1710 606 1759 632 καὶ
1771 606 1850 632 τίσιν

1051 649 1160 683 γράφω,
1173 648 1280 675 Παύλου
1295 650 1453 685 συμμύσται
1469 650 1516 677 τοῦ
1533 651 1710 686 ἡγιασμένον,
1735 661 1850 687 μεμαρ-

1051 695 1206 731 τυρημένου
1228 695 1471 732 ἀξιομακαρίστου.
1497 695 1535 725 Ob
1558 698 1662 733 γένοιτό
1677 707 1721 733 μοι
1738 699 1796 726 ὑπὸ
1812 700 1849 726 τὰ

1052 742 1113 777 ἴχνη
1132 742 1288 777 εὑρεθῆναι,
1310 743 1349 769 ὅτ’
1363 742 1396 770 ἂν
1423 743 1491 770 Θεοῦ
1519 744 1655 779 ἐπιτύχω·
1671 745 1701 776 ὃς
1719 746 1750 771 ὲν
1765 745 1848 782 πάσῃ

1051 787 1180 823 ἐπιστολῇ
1194 788 1358 824 μνημονεύει
1373 789 1451 824 ὑμῶν
1466 790 1495 816 ὲν
1505 790 1617 825 Χριστῷ
1639 790 1736 826 Ἰησοῦ.
1749 790 1847 818 Monet

1051 832 1229 869 Polycarpus,
1267 839 1298 861 ut
1323 834 1512 870 Philippenscs
1541 836 1597 863 sint
1625 837 1847 872 ὑποτασσόμενοι

1051 880 1255 916 πρεσϐυτέροις,
1283 881 1331 908 καὶ
1353 881 1485 914 διακόνοις
1506 882 1544 914 ὡς
1567 882 1626 918 Θεῷ
1648 883 1695 910 καὶ
1718 884 1847 919 Χριστῷ,

1050 927 1123 961 quod
1149 927 1228 955 toties
1243 927 1364 955 inculcat
1379 927 1501 963 lgnatius
1515 935 1620 956 uoster.
1639 928 1677 956 De
1691 929 1823 958 diaconis
1839 943 1845 957 ς

1055 973 1171 1009 Ὁμοίως
1190 974 1309 1002 διάκονοι
1331 975 1471 1011 ἄμεμπτοι
1501 976 1669 1003 κατενώπιον
1691 977 1776 1003 αὐτοῦ
1793 978 1847 1012 τῆς

1049 1019 1224 1056 δικαιοσύνης
1246 1020 1285 1053 ὡς
1297 1020 1365 1048 Θεοῦ
1383 1021 1429 1048 καὶ
1445 1021 1564 1057 Χριστοῦ
1581 1022 1711 1054 διάκονοι,
1729 1024 1777 1051 καὶ
1794 1024 1847 1050 οὖν

1050 1066 1212 1103 ἀνθρώπων.
1240 1065 1276 1094 Ut
1293 1073 1385 1095 noster
1406 1068 1440 1095 ad
1464 1068 1637 1097 Trallenses:
1668 1070 1714 1096 Δεῖ
1736 1069 1766 1096 δὲ
1797 1071 1844 1098 κειὶ

1049 1114 1113 1145 τοὺς
1137 1113 1278 1146 διακόνους
1306 1113 1385 1146 ὄντας
1413 1115 1570 1151 μυστηρίων
1603 1115 1692 1151 Ἰησοῦ
1720 1117 1846 1152 Χριστοῦ

1050 1159 1120 1187 κατά
1134 1159 1224 1187 πάντα
1238 1160 1338 1196 τρόπον
1355 1162 1438 1188 πᾶσιν
1453 1161 1597 1196 ἀρέσκειν·
1614 1162 1645 1189 οὑ
1656 1162 1710 1198 γὰρ
1727 1163 1840 1199 βρωμά-

1048 1216 1103 1234 των
1118 1207 1165 1235 καὶ
1186 1207 1276 1235 ποτῶν
1291 1208 1360 1235 εἰσὶν
1384 1208 1513 1240 διάκονοι,
1535 1209 1592 1236 ἀλλ’
1609 1210 1757 1245 ἐκκλησίας
1773 1210 1844 1237 Θεοῖ

1050 1252 1197 1289 ὑπηρέται.
1222 1252 1349 1289 Praecipit
1372 1253 1539 1289 Polycarpus
1560 1254 1797 1290 Philippensibus,
1815 1261 1844 1282 ul

1050 1299 1106 1327 sint
1133 1299 1170 1335 μὴ
1185 1299 1468 1345 ἀμελοῦντεςνχήρας,
1492 1300 1509 1336 ἢ
1525 1301 1654 1336 ὀρφανοῦ,
1676 1307 1693 1342 ἢ
1711 1302 1845 1337 πένητος,

1050 1352 1113 1372 cum
1127 1344 1247 1380 lgnatius
1261 1346 1297 1372 ita
1310 1344 1450 1374 liaeri-ticos
1468 1347 1510 1374 sui
1528 1348 1659 1382 temporis
1678 1349 1835 1384 descripsis

1051 1394 1101 1422 set,
1118 1389 1183 1425 περὶ
1194 1390 1305 1426 ἀγάπης
1316 1391 1346 1418 οὺ
1365 1390 1442 1426 μέλει
1455 1392 1557 1425 αὐτοῖς,
1574 1393 1605 1419 οὐ
1619 1393 1683 1428 περὶ
1697 1394 1797 1429 χήρας,
1811 1396 1844 1421 οὐ

1051 1436 1116 1471 περὶ
1132 1437 1262 1472 ὀρφανοῦ,
1289 1437 1320 1464 οὺ
1347 1437 1412 1473 περὶ
1435 1438 1606 1474 θλιὸομένου,
1624 1444 1653 1466 et
1678 1440 1730 1474 ipsi
1757 1440 1842 1476 Poly-

1051 1489 1134 1516 carpo
1153 1482 1207 1509 hoc
1230 1489 1394 1518 praeceptum
1420 1483 1549 1517 dedisset,
1578 1485 1660 1520 χῆραι
1677 1485 1715 1521 μὴ
1727 1486 1843 1521 ἀμελεί-

1053 1526 1169 1554 σθωσαν.
1185 1526 1263 1555 Unde
1280 1529 1337 1561 illa,
1357 1536 1418 1563 qua
1433 1537 1506 1557 nunc
1521 1529 1616 1557 Latina
1641 1535 1746 1558 tantum
1770 1532 1843 1566 legi-

1052 1580 1124 1605 mus,
1146 1573 1199 1600 nisi
1213 1581 1246 1600 ex
1266 1572 1369 1608 lgnatio
1392 1575 1511 1602 nostro?
1526 1574 1581 1610 Ego
1596 1580 1684 1602 autent
1702 1576 1771 1602 nihil
1786 1578 1844 1604 tate

1049 1618 1120 1644 sensi
1138 1618 1166 1644 in
1180 1618 1262 1651 vobis,
1277 1619 1317 1646 vel
1330 1619 1431 1652 audivi,
1448 1620 1475 1647 in
1489 1620 1584 1655 quibus
1602 1621 1732 1648 laborauit
1746 1622 1843 1649 beatus

1048 1662 1172 1696 Paulus;
1187 1665 1231 1699 qui
1245 1665 1308 1691 estis
1321 1665 1349 1691 in
1369 1666 1500 1701 principio
1520 1667 1639 1701 epistola
1651 1667 1709 1702 ejus
1721 1676 1730 1694 :
1742 1668 1776 1695 de
1791 1677 1842 1696 oo-

1049 1708 1089 1736 bt’s
1107 1710 1204 1737 etenim
1218 1710 1351 1745 gloriatur
1367 1711 1394 1738 in
1408 1712 1528 1739 omnibus
1541 1713 1667 1740 ecclesiis.
1693 1713 1780 1747 Nihil,
1796 1715 1842 1741 in-

1049 1755 1109 1790 quit
1122 1755 1290 1791 Polycarpus
1302 1757 1336 1784 ad
1349 1756 1545 1792 Philippenses,
1561 1766 1605 1785 vos
1617 1758 1681 1785 latet
1691 1766 1701 1785 :
1715 1758 1842 1793 lgnatius

1048 1802 1082 1829 ad
1099 1801 1248 1837 Ephesios:
1273 1801 1324 1830 Ὧν
1339 1803 1416 1830 οὐδὲν
1447 1803 1571 1831 λανθάνει
1595 1805 1678 1840 ὑμᾶς.
1692 1804 1724 1832 Et
1738 1811 1842 1841 praeter

1048 1848 1102 1875 alia
1127 1849 1272 1882 nonnulla,
1294 1849 1424 1884 epistolas
1452 1850 1548 1885 lgnatii
1574 1850 1743 1886 Polyearpus
1757 1854 1840 1888 quasi

1048 1894 1135 1929 ipsius
1151 1895 1241 1923 verbis
1257 1897 1365 1924 tandem
1382 1897 1486 1928 laudat,
1512 1897 1627 1931 scilicet,
1649 1899 1721 1933 quod
1747 1900 1841 1926 conti-

1048 1946 1131 1968 neant
1151 1941 1294 1978 οἰκοδομὴν
1318 1942 1367 1978 τὴν
1390 1944 1430 1974 εἰς
1444 1943 1490 1969 τὸν
1505 1942 1606 1978 Κύριον
1626 1944 1791 1979 ἀνήκουσαν,
1811 1951 1841 1972 ιιι

1047 1987 1112 2014 ille:
1130 1987 1252 2022 Ἕτοιμοί
1266 1988 1327 2014 ἐστε
1344 1989 1384 2020 εἰς
1398 1988 1522 2015 εὐποιΐαν
1541 1988 1602 2024 Θεῷ
1622 1989 1789 2024 ἀνήκουσαν,
1811 1996 1840 2017 et

1047 2033 1111 2060 alibi
1129 2042 1135 2060 :
1155 2033 1215 2060 Τῶν
1227 2033 1382 2068 ἀνηκόντων
1397 2034 1437 2065 εἰς
1454 2034 1504 2069 τὴν
1530 2034 1701 2070 Ἐκκλησίαν,
1715 2040 1743 2062 et
1757 2045 1764 2062 :
1781 2036 1839 2071 Τὴν

1045 2079 1183 2106 διακονίαν
1196 2079 1244 2115 τὴν
1261 2081 1301 2112 εἰς
1314 2079 1344 2106 τὸ
1361 2080 1449 2107 κοινὸν
1469 2080 1631 2116 ἀνήκουσαν.
1660 2080 1722 2108 Haec
1739 2086 1840 2109 osten-

1046 2125 1115 2152 dunt
1126 2123 1307 2160 Polycarpum
1322 2126 1349 2152 in
1366 2125 1409 2153 his
1421 2126 1497 2161 ipsis,
1514 2134 1583 2161 quas
1601 2134 1651 2154 nos
1664 2128 1747 2154 etiam
1773 2133 1837 2155 tan-

1045 2169 1106 2197 dem
1123 2170 1264 2203 babemus,
1277 2169 1372 2205 lgnatii
1383 2171 1505 2205 epistolis
1517 2179 1571 2198 non
1588 2171 1763 2208 indiligenter
1777 2181 1840 2199 ver-

1037 2220 1134 2243 satum
1148 2223 1220 2243 esse.

209 2265 278 2299 lum,
292 2269 340 2292 aut
355 2265 384 2292 S.
401 2264 523 2294 Petrum.
543 2269 590 2292 aut
601 2264 768 2292 Clementem
791 2266 879 2300 magis
894 2265 921 2293 in
937 2266 995 2300 epi-
1011 2260 1036 2290 Β
1081 2263 1170 2297 Atque
1187 2263 1232 2290 hic
1243 2263 1324 2290 tinem
1337 2263 1401 2292 huic
1418 2264 1598 2299 disputationi
1613 2265 1758 2300 imponere
1767 2270 1825 2293 tem

208 2312 278 2339 stola
295 2320 356 2343 sua,
372 2318 454 2346 quam
467 2310 600 2346 lgnatium
618 2316 743 2339 nostrum
756 2316 866 2340 secutus
882 2319 942 2339 esse
954 2311 994 2338 vi-

208 2357 315 2384 deatur.
341 2356 447 2391 Quippe
466 2363 500 2383 ex
518 2363 624 2383 summa
650 2357 836 2389 veneratione,
858 2355 994 2390 frequenti

208 2403 335 2435 lectione,
349 2406 377 2428 et
388 2401 490 2429 recenti
519 2401 649 2427 memoria
666 2405 734 2428 tunc
757 2408 819 2428 cum
843 2401 876 2428 ad
891 2399 995 2435 Philip-

208 2456 306 2484 penses
319 2447 459 2479 Scriberet,
475 2447 532 2473 haec
546 2445 605 2480 ejus
622 2446 714 2472 animo
728 2446 781 2473 alte
798 2446 932 2474 insedisse
942 2446 994 2473 ob-

207 2501 360 2522 servamus.
376 2492 474 2519 Statim
485 2491 520 2518 ab
533 2490 622 2522 initio,
636 2497 698 2518 cum
714 2490 747 2517 de
762 2489 867 2525 lgnatio
880 2490 994 2525 ejusque

206 2539 353 2567 comitibus
367 2538 499 2573 loquitur,
516 2544 563 2564 eos
582 2536 618 2563 ita
634 2536 775 2570 describit,
799 2536 863 2567 τοὺς
891 2537 994 2572 ἐνειλη-

207 2584 306 2620 μένους
319 2585 376 2615 τοῖς
394 2582 575 2617 ἀγιοπρεπέσι
600 2580 719 2616 δεσμοῖς,
735 2581 813 2609 ἅτινά
835 2582 993 2619 ἑστιδιαδή-

209 2637 282 2665 ματα
295 2628 349 2655 τῶν
362 2628 470 2663 ἀληθῶς
493 2627 545 2654 ὑπὸ
565 2626 643 2658 Θεοῦ,
665 2628 712 2654 καὶ
727 2627 774 2654 τοῦ
791 2628 892 2663 Κυρίου
914 2629 993 2664 ἡμῶν

207 2676 421 2711 ἐκλελεγμένων,
437 2676 523 2711 iisque
533 2675 624 2703 verbis
636 2675 692 2702 duo
710 2675 808 2710 lgnatii
830 2676 917 2702 nostri
934 2677 992 2703 loca

206 2724 352 2758 expressit,
365 2731 450 2751 unum
465 2722 587 2758 epistola:
600 2722 633 2749 ad
649 2721 820 2757 Smyrnaeos:
847 2721 993 2756 Δεδεμένος

206 2769 452 2806 θεοπρεπεστάτοις
465 2769 573 2805 δεσμοῖς
584 2770 688 2800 πάντας
697 2768 865 2803 ἀσπάζομαι,
877 2768 992 2795 alterum

205 2817 239 2845 ad
251 2817 398 2852 Ephesios:
416 2817 460 2843 Ἐν
476 2813 498 2850 ᾧ
513 2816 548 2843 τὰ
561 2816 650 2852 δεσμὰ
670 2815 811 2852 περιφέρω
829 2815 893 2846 τοὺς
909 2823 992 2840 πνευ-

207 2865 339 2899 ματικυὺς
356 2862 538 2899 μαργαρίτας.
568 2862 602 2890 Et
624 2870 678 2890 non
705 2863 791 2890 multo
804 2868 866 2897 post
880 2862 913 2889 ad
928 2861 992 2888 Plii—

207 2909 345 2946 lippenscs
373 2917 449 2944 suos,
477 2909 511 2937 ad
534 2917 603 2944 quos
630 2909 773 2945 epistolam
802 2909 948 2944 scripserat
961 2909 991 2937 5.

1047 2317 1098 2343 pus
1121 2314 1204 2342 esset,
1232 2309 1285 2338 nisi
1313 2309 1439 2342 Dallazus,
1460 2311 1495 2337 ab
1517 2310 1571 2338 hoc
1596 2316 1762 2346 argumento
1785 2312 1836 2339 dc-

1046 2354 1150 2389 lapsus,
1172 2359 1279 2389 postea,
1306 2360 1336 2382 ut
1359 2355 1438 2389 solet,
1455 2362 1553 2382 novam
1571 2355 1650 2382 nobis
1677 2356 1836 2383 molestiam

1045 2404 1161 2435 crearet,
1172 2404 1295 2436 et,quasi
1307 2405 1349 2431 sui
1361 2404 1473 2435 Oblitus,
1484 2400 1587 2435 aliquid
1617 2400 1728 2433 fortius,
1761 2402 1835 2435 quod

1045 2449 1110 2472 ante
1129 2446 1271 2479 omiserat,
1297 2445 1422 2479 haberet,
1437 2445 1652 2472 controversiam
1667 2446 1741 2472 hanc
1757 2454 1835 2481 post-

1045 2491 1151 2519 liminio
1165 2491 1372 2527 rcdintegraret.
1389 2491 1484 2527 Capite
1493 2492 1566 2519 enim
1579 2492 1722 2519 tricesimo
1732 2497 1814 2518 sexto
1827 2501 1833 2517 :

1045 2537 1104 2565 Hoc
1114 2542 1193 2571 certe,
1220 2538 1319 2573 inquit,
1342 2538 1487 2573 Polycarpi
1514 2538 1663 2565 testimonio
1677 2537 1775 2565 Latini
1787 2547 1835 2572 pro

1044 2593 1089 2612 sea:
1104 2584 1158 2611 illis
1176 2583 1324 2619 lgnatt'auis
1334 2585 1538 2620 epistolis,quus
1548 2590 1644 2619 prwter
1660 2583 1834 2611 Ussen'auam

1044 2630 1225 2658 collectionem
1251 2636 1383 2664 asserunt,
1403 2639 1455 2658 non
1470 2632 1558 2658 minus
1569 2631 1684 2666 speciose
1708 2636 1832 2662 utuntur,

1044 2685 1122 2712 quam
1136 2685 1184 2712 pro
1201 2678 1257 2704 suis
1273 2685 1318 2704 sea:
1331 2678 1426 2712 primis
1452 2678 1684 2705 revereudissimus
1710 2679 1831 2706 Usserius

1043 2729 1068 2750 et
1092 2723 1262 2750 doctissimus
1285 2723 1478 2751 Hammondus.
1507 2723 1560 2750 Ain
1583 2731 1661 2757 vero,
1676 2732 1732 2751 non
1747 2725 1832 2751 minus

1044 2769 1159 2803 speciose
1180 2769 1192 2796 ?
1219 2769 1304 2796 miror
1328 2769 1458 2796 maxime.
1487 2769 1529 2796 An
1554 2770 1683 2803 speciose,
1715 2770 1773 2797 imo
1799 2777 1831 2795 an

1044 2815 1158 2842 omnino
1173 2815 1314 2851 Polycarpi
1327 2815 1484 2843 testimonio
1495 2815 1522 2842 in
1538 2823 1570 2842 ea
1586 2823 1616 2843 re
1631 2815 1772 2843 utuntur?
1783 2815 1831 2842 uisi

1044 2861 1160 2888 Dallaaus
1178 2861 1230 2889 hoc
1241 2862 1354 2895 diccrct,
1367 2870 1421 2889 non
1433 2861 1591 2894 crederem;
1614 2862 1671 2889 imo
1687 2868 1830 2897 postquam

1044 2908 1124 2943 dixit,
1139 2908 1204 2937 dum
1229 2916 1337 2938 mecum
1362 2908 1510 2945 perpendo,
1536 2917 1590 2937 uou
1619 2909 1717 2937 credo.
1744 2908 1829 2936 Latini
