  <div class='ocr_page' id='page_1' title='image "/cluster/home/n/w/nwhite01/storage/ocr_20150623/5/njp.32101077772372/1012.png"; bbox 0 0 1873 3065; ppageno 0'>
   <div class='ocr_carea' id='block_1_1' title="bbox 43 203 120 233">
    <p class='ocr_par' dir='ltr' id='par_1_1' title="bbox 43 203 120 233">
     <span class='ocr_line' id='line_1_1' title="bbox 43 203 120 233; baseline 0.039 -3"><span class='ocrx_word' id='word_1_1' title='bbox 43 203 120 233; x_wconf 79' lang='lat' dir='ltr'><strong>N25</strong></span> 
     </span>
    </p>
   </div>
   <div class='ocr_carea' id='block_1_2' title="bbox 564 207 1207 237">
    <p class='ocr_par' dir='ltr' id='par_1_2' title="bbox 564 207 1207 237">
     <span class='ocr_line' id='line_1_2' title="bbox 564 207 1207 237; baseline 0.002 -2"><span class='ocrx_word' id='word_1_2' title='bbox 564 207 735 236; x_wconf 76' lang='lat' dir='ltr'><strong>Bl‘lSTOLA</strong></span> <span class='ocrx_word' id='word_1_3' title='bbox 753 207 799 235; x_wconf 85' lang='lat' dir='ltr'><strong>DE</strong></span> <span class='ocrx_word' id='word_1_4' title='bbox 817 207 994 236; x_wconf 72' lang='lat' dir='ltr'><strong>MARTVRIO</strong></span> <span class='ocrx_word' id='word_1_5' title='bbox 1011 208 1040 236; x_wconf 70' lang='grc' dir='ltr'>δ.</span> <span class='ocrx_word' id='word_1_6' title='bbox 1059 207 1207 237; x_wconf 80' lang='grc' dir='ltr'><strong>ΡΟΤΗΙΝΙ.</strong></span> 
     </span>
    </p>
   </div>
   <div class='ocr_carea' id='block_1_3' title="bbox 1623 208 1690 237">
    <p class='ocr_par' dir='ltr' id='par_1_3' title="bbox 1623 208 1690 237">
     <span class='ocr_line' id='line_1_3' title="bbox 1623 208 1690 237; baseline 0.015 -1"><span class='ocrx_word' id='word_1_7' title='bbox 1623 208 1690 237; x_wconf 66' lang='lat'><strong>“26</strong></span> 
     </span>
    </p>
   </div>
   <div class='ocr_carea' id='block_1_4' title="bbox 35 262 854 304">
    <p class='ocr_par' dir='ltr' id='par_1_4' title="bbox 35 262 852 304">
     <span class='ocr_line' id='line_1_4' title="bbox 35 262 852 304; baseline 0.007 -15"><span class='ocrx_word' id='word_1_8' title='bbox 35 262 102 295; x_wconf 75' lang='grc' dir='ltr'>δύος</span> <span class='ocrx_word' id='word_1_9' title='bbox 120 263 185 301; x_wconf 86' lang='grc'>(70)</span> <span class='ocrx_word' id='word_1_10' title='bbox 207 265 257 292; x_wconf 80' lang='grc' dir='ltr'>τοῦ</span> <span class='ocrx_word' id='word_1_11' title='bbox 275 265 393 303; x_wconf 78' lang='grc' dir='ltr'><strong>Χριστοῦ</strong></span> <span class='ocrx_word' id='word_1_12' title='bbox 411 266 600 303; x_wconf 79' lang='grc' dir='ltr'>δροσιζόμενος</span> <span class='ocrx_word' id='word_1_13' title='bbox 623 269 670 295; x_wconf 73' lang='grc' dir='ltr'><strong>καὶ</strong></span> <span class='ocrx_word' id='word_1_14' title='bbox 688 267 852 304; x_wconf 69' lang='grc' dir='ltr'>ἐνδυναμοῦ-</span> 
     </span>
    </p>
   </div>
   <div class='ocr_carea' id='block_1_5' title="bbox 933 262 1691 304">
    <p class='ocr_par' dir='ltr' id='par_1_5' title="bbox 933 267 1691 304">
     <span class='ocr_line' id='line_1_5' title="bbox 933 267 1691 304; baseline 0.003 -9"><span class='ocrx_word' id='word_1_15' title='bbox 933 274 999 296; x_wconf 75' lang='lat' dir='ltr'><strong>:ntre</strong></span> <span class='ocrx_word' id='word_1_16' title='bbox 1013 269 1114 297; x_wconf 82' lang='lat' dir='ltr'><strong>Christi</strong></span> <span class='ocrx_word' id='word_1_17' title='bbox 1125 269 1244 304; x_wconf 79' lang='lat' dir='ltr'><strong>proﬂuit,</strong></span> <span class='ocrx_word' id='word_1_18' title='bbox 1260 267 1388 304; x_wconf 83' lang='lat' dir='ltr'><strong>perfusus</strong></span> <span class='ocrx_word' id='word_1_19' title='bbox 1404 268 1590 303; x_wconf 82' lang='lat' dir='ltr'><strong>lil&#39;tttatusque.</strong></span> <span class='ocrx_word' id='word_1_20' title='bbox 1605 268 1691 297; x_wconf 84' lang='lat' dir='ltr'><strong>Porro</strong></span> 
     </span>
    </p>
   </div>
   <div class='ocr_carea' id='block_1_6' title="bbox 41 311 851 350">
    <p class='ocr_par' dir='ltr' id='par_1_6' title="bbox 41 311 851 350">
     <span class='ocr_line' id='line_1_6' title="bbox 41 311 851 350; baseline 0.005 -14"><span class='ocrx_word' id='word_1_21' title='bbox 41 319 136 345; x_wconf 82' lang='grc' dir='ltr'>μενος.</span> <span class='ocrx_word' id='word_1_22' title='bbox 158 311 202 338; x_wconf 61' lang='lat' dir='ltr'><strong>To</strong></span> <span class='ocrx_word' id='word_1_23' title='bbox 221 311 248 338; x_wconf 78' lang='grc' dir='ltr'>δὲ</span> <span class='ocrx_word' id='word_1_24' title='bbox 265 313 402 348; x_wconf 81' lang='grc' dir='ltr'><strong>σωμάτιον</strong></span> <span class='ocrx_word' id='word_1_25' title='bbox 427 313 532 349; x_wconf 80' lang='grc' dir='ltr'><strong>μάρτυς</strong></span> <span class='ocrx_word' id='word_1_26' title='bbox 554 311 588 349; x_wconf 83' lang='grc' dir='ltr'>ἦν</span> <span class='ocrx_word' id='word_1_27' title='bbox 609 313 663 340; x_wconf 82' lang='grc' dir='ltr'>τῶν</span> <span class='ocrx_word' id='word_1_28' title='bbox 680 313 851 350; x_wconf 76' lang='grc' dir='ltr'>συμϐεϐηκό-</span> 
     </span>
    </p>
   </div>
   <div class='ocr_carea' id='block_1_7' title="bbox 38 357 849 397">
    <p class='ocr_par' dir='ltr' id='par_1_7' title="bbox 38 357 849 397">
     <span class='ocr_line' id='line_1_7' title="bbox 38 357 849 397; baseline 0.006 -14"><span class='ocrx_word' id='word_1_29' title='bbox 38 366 107 390; x_wconf 81' lang='grc' dir='ltr'>των,</span> <span class='ocrx_word' id='word_1_30' title='bbox 127 357 196 385; x_wconf 82' lang='grc' dir='ltr'>ὅλον</span> <span class='ocrx_word' id='word_1_31' title='bbox 209 359 321 394; x_wconf 81' lang='grc' dir='ltr'>τραῦμα</span> <span class='ocrx_word' id='word_1_32' title='bbox 330 359 377 386; x_wconf 74' lang='grc' dir='ltr'><strong>καὶ</strong></span> <span class='ocrx_word' id='word_1_33' title='bbox 385 358 487 395; x_wconf 66' lang='grc' dir='ltr'><strong>μώλοῷ</strong></span> <span class='ocrx_word' id='word_1_34' title='bbox 495 360 543 387; x_wconf 81' lang='grc' dir='ltr'><strong>καὶ</strong></span> <span class='ocrx_word' id='word_1_35' title='bbox 553 361 774 396; x_wconf 80' lang='grc' dir='ltr'>συνεσπασμένον</span> <span class='ocrx_word' id='word_1_36' title='bbox 783 360 849 397; x_wconf 81' lang='grc'>(71),</span> 
     </span>
    </p>
   </div>
   <div class='ocr_carea' id='block_1_8' title="bbox 39 403 850 442">
    <p class='ocr_par' dir='ltr' id='par_1_8' title="bbox 39 403 850 442">
     <span class='ocr_line' id='line_1_8' title="bbox 39 403 850 442; baseline 0.006 -13"><span class='ocrx_word' id='word_1_37' title='bbox 39 403 90 429; x_wconf 76' lang='grc' dir='ltr'><strong>καὶ</strong></span> <span class='ocrx_word' id='word_1_38' title='bbox 126 404 328 441; x_wconf 74' lang='grc' dir='ltr'>ἀποϐεϐληκὺς</span> <span class='ocrx_word' id='word_1_39' title='bbox 361 405 410 442; x_wconf 84' lang='grc' dir='ltr'>τὴν</span> <span class='ocrx_word' id='word_1_40' title='bbox 448 405 619 442; x_wconf 85' lang='grc' dir='ltr'>ἀνθρώπειον</span> <span class='ocrx_word' id='word_1_41' title='bbox 651 406 750 439; x_wconf 75' lang='grc' dir='ltr'>ἔξωθεν</span> <span class='ocrx_word' id='word_1_42' title='bbox 783 415 850 442; x_wconf 83' lang='grc' dir='ltr'>μορ-</span> 
     </span>
    </p>
   </div>
   <div class='ocr_carea' id='block_1_9' title="bbox 39 447 851 487">
    <p class='ocr_par' dir='ltr' id='par_1_9' title="bbox 39 447 851 487">
     <span class='ocr_line' id='line_1_9' title="bbox 39 447 851 487; baseline 0.002 -11"><span class='ocrx_word' id='word_1_43' title='bbox 39 449 106 485; x_wconf 79' lang='grc' dir='ltr'><strong>φήν.</strong></span> <span class='ocrx_word' id='word_1_44' title='bbox 135 449 186 477; x_wconf 76' lang='grc' dir='ltr'><strong>*Εν</strong></span> <span class='ocrx_word' id='word_1_45' title='bbox 213 447 235 485; x_wconf 88' lang='grc' dir='ltr'><strong>ᾧ</strong></span> <span class='ocrx_word' id='word_1_46' title='bbox 253 450 365 486; x_wconf 82' lang='grc' dir='ltr'><strong>πάσχων</strong></span> <span class='ocrx_word' id='word_1_47' title='bbox 388 451 506 486; x_wconf 77' lang='grc' dir='ltr'>Χριστὸς</span> <span class='ocrx_word' id='word_1_48' title='bbox 530 451 651 487; x_wconf 81' lang='grc' dir='ltr'><strong>μεγάλας</strong></span> <span class='ocrx_word' id='word_1_49' title='bbox 668 452 791 480; x_wconf 78' lang='grc' dir='ltr'><strong>ἐπετέλει</strong></span> <span class='ocrx_word' id='word_1_50' title='bbox 807 451 851 478; x_wconf 84' lang='grc' dir='ltr'>δό-</span> 
     </span>
    </p>
   </div>
   <div class='ocr_carea' id='block_1_10' title="bbox 39 495 852 535">
    <p class='ocr_par' dir='ltr' id='par_1_10' title="bbox 39 495 852 535">
     <span class='ocr_line' id='line_1_10' title="bbox 39 495 852 535; baseline 0.004 -13"><span class='ocrx_word' id='word_1_51' title='bbox 39 495 90 529; x_wconf 83' lang='grc' dir='ltr'><strong>ξας</strong></span> <span class='ocrx_word' id='word_1_52' title='bbox 103 516 112 528; x_wconf 87' lang='grc'><strong>,</strong></span> <span class='ocrx_word' id='word_1_53' title='bbox 132 497 287 533; x_wconf 75' lang='grc' dir='ltr'>καταργῶν</span> <span class='ocrx_word' id='word_1_54' title='bbox 310 497 354 523; x_wconf 76' lang='grc' dir='ltr'>τὸν</span> <span class='ocrx_word' id='word_1_55' title='bbox 377 497 577 533; x_wconf 83' lang='grc' dir='ltr'>ἀντικείμενον,</span> <span class='ocrx_word' id='word_1_56' title='bbox 594 498 642 525; x_wconf 73' lang='grc' dir='ltr'>καὶ</span> <span class='ocrx_word' id='word_1_57' title='bbox 667 498 706 530; x_wconf 76' lang='grc' dir='ltr'>είς</span> <span class='ocrx_word' id='word_1_58' title='bbox 730 498 779 535; x_wconf 80' lang='grc' dir='ltr'>τὴν</span> <span class='ocrx_word' id='word_1_59' title='bbox 799 497 852 525; x_wconf 87' lang='grc' dir='ltr'><strong>τῶν</strong></span> 
     </span>
    </p>
   </div>
   <div class='ocr_carea' id='block_1_11' title="bbox 40 540 852 579">
    <p class='ocr_par' dir='ltr' id='par_1_11' title="bbox 40 540 852 579">
     <span class='ocr_line' id='line_1_11' title="bbox 40 540 852 579; baseline 0.004 -12"><span class='ocrx_word' id='word_1_60' title='bbox 40 540 151 568; x_wconf 79' lang='grc' dir='ltr'>λοιπῶν</span> <span class='ocrx_word' id='word_1_61' title='bbox 170 542 352 569; x_wconf 79' lang='grc' dir='ltr'><strong>ὑποτύπωσιν</strong></span> <span class='ocrx_word' id='word_1_62' title='bbox 368 542 562 575; x_wconf 79' lang='grc' dir='ltr'>ὑποδεικνύων,</span> <span class='ocrx_word' id='word_1_63' title='bbox 581 543 621 570; x_wconf 85' lang='grc' dir='ltr'>ὅτι</span> <span class='ocrx_word' id='word_1_64' title='bbox 639 542 720 579; x_wconf 78' lang='grc' dir='ltr'>μηδὲν</span> <span class='ocrx_word' id='word_1_65' title='bbox 738 543 852 579; x_wconf 77' lang='grc' dir='ltr'>φοϐερὸν</span> 
     </span>
    </p>
   </div>
   <div class='ocr_carea' id='block_1_12' title="bbox 40 588 851 626">
    <p class='ocr_par' dir='ltr' id='par_1_12' title="bbox 40 588 851 626">
     <span class='ocr_line' id='line_1_12' title="bbox 40 588 851 626; baseline 0.002 -12"><span class='ocrx_word' id='word_1_66' title='bbox 40 588 112 615; x_wconf 75' lang='grc' dir='ltr'>ὅπου</span> <span class='ocrx_word' id='word_1_67' title='bbox 132 588 249 625; x_wconf 76' lang='grc' dir='ltr'>Πατρὸς</span> <span class='ocrx_word' id='word_1_68' title='bbox 272 589 383 625; x_wconf 82' lang='grc' dir='ltr'>ἀγάπη,</span> <span class='ocrx_word' id='word_1_69' title='bbox 404 589 471 626; x_wconf 80' lang='grc' dir='ltr'>μηδὲ</span> <span class='ocrx_word' id='word_1_70' title='bbox 494 589 616 624; x_wconf 80' lang='grc' dir='ltr'>ἀλγεινὸν</span> <span class='ocrx_word' id='word_1_71' title='bbox 643 589 709 617; x_wconf 86' lang='grc' dir='ltr'>ὃπου</span> <span class='ocrx_word' id='word_1_72' title='bbox 733 589 851 626; x_wconf 86' lang='grc' dir='ltr'>Χριστοῦ</span> 
     </span>
    </p>
   </div>
   <div class='ocr_carea' id='block_1_13' title="bbox 42 634 852 672">
    <p class='ocr_par' dir='ltr' id='par_1_13' title="bbox 42 634 852 672">
     <span class='ocr_line' id='line_1_13' title="bbox 42 634 852 672; baseline 0.002 -11"><span class='ocrx_word' id='word_1_73' title='bbox 42 634 121 668; x_wconf 77' lang='grc' dir='ltr'>δόξα.</span> <span class='ocrx_word' id='word_1_74' title='bbox 136 634 206 661; x_wconf 86' lang='grc' dir='ltr'><strong>Τῶν</strong></span> <span class='ocrx_word' id='word_1_75' title='bbox 215 635 268 671; x_wconf 79' lang='grc' dir='ltr'><strong>γὰρ</strong></span> <span class='ocrx_word' id='word_1_76' title='bbox 279 635 389 671; x_wconf 87' lang='grc' dir='ltr'>ἀνόμων</span> <span class='ocrx_word' id='word_1_77' title='bbox 407 635 466 671; x_wconf 73' lang='grc' dir='ltr'><strong>μεθ’</strong></span> <span class='ocrx_word' id='word_1_78' title='bbox 475 635 581 672; x_wconf 80' lang='grc' dir='ltr'>ἡμέρας</span> <span class='ocrx_word' id='word_1_79' title='bbox 599 635 679 663; x_wconf 76' lang='grc' dir='ltr'>πάλιν</span> <span class='ocrx_word' id='word_1_80' title='bbox 692 636 852 672; x_wconf 77' lang='grc' dir='ltr'>στρεϐλούν-</span> 
     </span>
    </p>
   </div>
   <div class='ocr_carea' id='block_1_14' title="bbox 42 680 853 718">
    <p class='ocr_par' dir='ltr' id='par_1_14' title="bbox 42 680 853 718">
     <span class='ocr_line' id='line_1_14' title="bbox 42 680 853 718; baseline 0.002 -11"><span class='ocrx_word' id='word_1_81' title='bbox 42 689 100 707; x_wconf 83' lang='grc' dir='ltr'><strong>των</strong></span> <span class='ocrx_word' id='word_1_82' title='bbox 119 680 171 708; x_wconf 76' lang='grc' dir='ltr'><strong>τὸν</strong></span> <span class='ocrx_word' id='word_1_83' title='bbox 194 681 337 718; x_wconf 84' lang='grc' dir='ltr'>μάρτυρα,</span> <span class='ocrx_word' id='word_1_84' title='bbox 349 681 396 708; x_wconf 80' lang='grc' dir='ltr'><strong>καὶ</strong></span> <span class='ocrx_word' id='word_1_85' title='bbox 408 681 570 717; x_wconf 77' lang='grc' dir='ltr'>νομιζόντων</span> <span class='ocrx_word' id='word_1_86' title='bbox 581 682 632 716; x_wconf 81' lang='grc' dir='ltr'>ὃτι,</span> <span class='ocrx_word' id='word_1_87' title='bbox 649 681 790 709; x_wconf 83' lang='grc' dir='ltr'>οἰδούντων</span> <span class='ocrx_word' id='word_1_88' title='bbox 805 683 853 709; x_wconf 79' lang='grc' dir='ltr'>καὶ</span> 
     </span>
    </p>
   </div>
   <div class='ocr_carea' id='block_1_15' title="bbox 43 727 852 765">
    <p class='ocr_par' dir='ltr' id='par_1_15' title="bbox 43 727 852 765">
     <span class='ocr_line' id='line_1_15' title="bbox 43 727 852 765; baseline 0.002 -12"><span class='ocrx_word' id='word_1_89' title='bbox 43 727 279 764; x_wconf 80' lang='grc' dir='ltr'>φλεγμαινόντων</span> <span class='ocrx_word' id='word_1_90' title='bbox 295 729 349 756; x_wconf 84' lang='grc' dir='ltr'><strong>τῶν</strong></span> <span class='ocrx_word' id='word_1_91' title='bbox 367 730 500 765; x_wconf 84' lang='grc' dir='ltr'>σωμάτων</span> <span class='ocrx_word' id='word_1_92' title='bbox 512 729 579 765; x_wconf 74' lang='lat'><strong>(7&#39;2),</strong></span> <span class='ocrx_word' id='word_1_93' title='bbox 593 731 616 756; x_wconf 80' lang='grc' dir='ltr'><strong>ει</strong></span> <span class='ocrx_word' id='word_1_94' title='bbox 634 729 667 756; x_wconf 80' lang='grc' dir='ltr'>τὰ</span> <span class='ocrx_word' id='word_1_95' title='bbox 683 729 752 756; x_wconf 80' lang='grc' dir='ltr'>αὐτὰ</span> <span class='ocrx_word' id='word_1_96' title='bbox 769 737 852 765; x_wconf 79' lang='grc' dir='ltr'>προσ-</span> 
     </span>
    </p>
   </div>
   <div class='ocr_carea' id='block_1_16' title="bbox 42 771 854 810">
    <p class='ocr_par' dir='ltr' id='par_1_16' title="bbox 42 771 854 810">
     <span class='ocr_line' id='line_1_16' title="bbox 42 771 854 810; baseline 0.005 -14"><span class='ocrx_word' id='word_1_97' title='bbox 42 771 195 805; x_wconf 78' lang='grc' dir='ltr'>ενέγκοιεν</span> <span class='ocrx_word' id='word_1_98' title='bbox 213 772 380 810; x_wconf 69' lang='grc' dir='ltr'><strong>κολαστήρια</strong></span> <span class='ocrx_word' id='word_1_99' title='bbox 402 774 572 810; x_wconf 77' lang='grc' dir='ltr'>περιέσοιντο</span> <span class='ocrx_word' id='word_1_100' title='bbox 595 773 687 806; x_wconf 80' lang='grc' dir='ltr'>αὐτοῦ,</span> <span class='ocrx_word' id='word_1_101' title='bbox 711 773 792 800; x_wconf 81' lang='grc' dir='ltr'>ὁπότε</span> <span class='ocrx_word' id='word_1_102' title='bbox 810 773 854 800; x_wconf 83' lang='grc' dir='ltr'>οὐ-</span> 
     </span>
    </p>
   </div>
   <div class='ocr_carea' id='block_1_17' title="bbox 42 816 854 855">
    <p class='ocr_par' dir='ltr' id='par_1_17' title="bbox 42 816 854 855">
     <span class='ocr_line' id='line_1_17' title="bbox 42 816 854 855; baseline 0.002 -12"><span class='ocrx_word' id='word_1_103' title='bbox 42 816 71 843; x_wconf 62' lang='grc' dir='ltr'>ὣ</span> <span class='ocrx_word' id='word_1_104' title='bbox 92 816 154 853; x_wconf 81' lang='grc'>(⁵75)</span> <span class='ocrx_word' id='word_1_105' title='bbox 174 817 227 853; x_wconf 82' lang='grc' dir='ltr'>τὴν</span> <span class='ocrx_word' id='word_1_106' title='bbox 251 818 305 845; x_wconf 83' lang='grc' dir='ltr'><strong>ἀπὸ</strong></span> <span class='ocrx_word' id='word_1_107' title='bbox 328 818 381 845; x_wconf 85' lang='grc' dir='ltr'><strong>τῶν</strong></span> <span class='ocrx_word' id='word_1_108' title='bbox 404 818 504 854; x_wconf 79' lang='grc' dir='ltr'>χειρῶν</span> <span class='ocrx_word' id='word_1_109' title='bbox 528 818 600 855; x_wconf 78' lang='grc' dir='ltr'><strong>ἁφὴν</strong></span> <span class='ocrx_word' id='word_1_110' title='bbox 622 818 760 855; x_wconf 78' lang='grc' dir='ltr'>ἠνείχετο·</span> <span class='ocrx_word' id='word_1_111' title='bbox 780 819 796 854; x_wconf 81' lang='grc' dir='ltr'>ἦ</span> <span class='ocrx_word' id='word_1_112' title='bbox 814 819 854 846; x_wconf 81' lang='grc' dir='ltr'><strong>ὅτι</strong></span> 
     </span>
    </p>
   </div>
   <div class='ocr_carea' id='block_1_18' title="bbox 44 863 854 901">
    <p class='ocr_par' dir='ltr' id='par_1_18' title="bbox 44 863 854 901">
     <span class='ocr_line' id='line_1_18' title="bbox 44 863 854 901; baseline 0.002 -12"><span class='ocrx_word' id='word_1_113' title='bbox 44 863 233 891; x_wconf 79' lang='grc' dir='ltr'>ἑναποθανὼν</span> <span class='ocrx_word' id='word_1_114' title='bbox 256 866 317 896; x_wconf 81' lang='grc' dir='ltr'>ταῖς</span> <span class='ocrx_word' id='word_1_115' title='bbox 341 864 485 900; x_wconf 81' lang='grc' dir='ltr'>βασάνοις,</span> <span class='ocrx_word' id='word_1_116' title='bbox 511 864 592 900; x_wconf 79' lang='grc' dir='ltr'>φόϐον</span> <span class='ocrx_word' id='word_1_117' title='bbox 616 865 776 901; x_wconf 83' lang='grc' dir='ltr'>ὲμποιήσειε</span> <span class='ocrx_word' id='word_1_118' title='bbox 799 866 854 898; x_wconf 87' lang='grc' dir='ltr'>τοῖς</span> 
     </span>
    </p>
   </div>
   <div class='ocr_carea' id='block_1_19' title="bbox 43 907 855 947">
    <p class='ocr_par' dir='ltr' id='par_1_19' title="bbox 43 907 855 947">
     <span class='ocr_line' id='line_1_19' title="bbox 43 907 855 947; baseline 0.005 -13"><span class='ocrx_word' id='word_1_119' title='bbox 43 907 168 941; x_wconf 76' lang='grc' dir='ltr'>λοιποῖς·</span> <span class='ocrx_word' id='word_1_120' title='bbox 179 909 211 936; x_wconf 81' lang='grc' dir='ltr'><strong>οὐ</strong></span> <span class='ocrx_word' id='word_1_121' title='bbox 223 909 301 945; x_wconf 84' lang='grc' dir='ltr'>μόνον</span> <span class='ocrx_word' id='word_1_122' title='bbox 308 911 382 937; x_wconf 84' lang='grc' dir='ltr'>οὐδὲν</span> <span class='ocrx_word' id='word_1_123' title='bbox 391 919 423 937; x_wconf 90' lang='grc' dir='ltr'><strong>πε</strong></span> <span class='ocrx_word' id='word_1_124' title='bbox 429 911 454 947; x_wconf 76' lang='lat' dir='ltr'><strong>pl</strong></span> <span class='ocrx_word' id='word_1_125' title='bbox 465 911 545 938; x_wconf 68' lang='grc' dir='ltr'>αὑτὸν</span> <span class='ocrx_word' id='word_1_126' title='bbox 555 911 658 938; x_wconf 75' lang='grc' dir='ltr'>τοιοῦτο</span> <span class='ocrx_word' id='word_1_127' title='bbox 670 911 779 946; x_wconf 73' lang='grc' dir='ltr'>συνέϐη,</span> <span class='ocrx_word' id='word_1_128' title='bbox 788 911 855 938; x_wconf 76' lang='grc' dir='ltr'><strong>ἀλλὰ</strong></span> 
     </span>
    </p>
   </div>
   <div class='ocr_carea' id='block_1_20' title="bbox 44 951 889 993">
    <p class='ocr_par' dir='ltr' id='par_1_20' title="bbox 44 951 889 993">
     <span class='ocr_line' id='line_1_20' title="bbox 44 951 889 993; baseline 0.005 -14"><span class='ocrx_word' id='word_1_129' title='bbox 44 953 96 980; x_wconf 72' lang='grc' dir='ltr'>καὶ</span> <span class='ocrx_word' id='word_1_130' title='bbox 114 954 199 990; x_wconf 76' lang='grc' dir='ltr'>παρὰ</span> <span class='ocrx_word' id='word_1_131' title='bbox 215 955 305 982; x_wconf 83' lang='grc' dir='ltr'>πᾶσαν</span> <span class='ocrx_word' id='word_1_132' title='bbox 320 955 398 988; x_wconf 82' lang='grc' dir='ltr'>δόξαν</span> <span class='ocrx_word' id='word_1_133' title='bbox 422 955 573 992; x_wconf 87' lang='grc' dir='ltr'>ἀνθρώπων</span> <span class='ocrx_word' id='word_1_134' title='bbox 590 956 709 991; x_wconf 77' lang='grc' dir='ltr'>ἀνέκυψε</span> <span class='ocrx_word' id='word_1_135' title='bbox 733 956 788 993; x_wconf 68' lang='grc'>(74)</span> <span class='ocrx_word' id='word_1_136' title='bbox 805 957 852 984; x_wconf 77' lang='grc' dir='ltr'>καὶ</span> <span class='ocrx_word' id='word_1_137' title='bbox 870 951 889 977; x_wconf 81' lang='grc' dir='ltr'><strong>Β</strong></span> 
     </span>
    </p>
   </div>
   <div class='ocr_carea' id='block_1_21' title="bbox 45 1000 851 1039">
    <p class='ocr_par' dir='ltr' id='par_1_21' title="bbox 45 1000 851 1039">
     <span class='ocr_line' id='line_1_21' title="bbox 45 1000 851 1039; baseline 0.002 -11"><span class='ocrx_word' id='word_1_138' title='bbox 45 1000 208 1036; x_wconf 74' lang='grc' dir='ltr'>ἀνωρθώθη</span> <span class='ocrx_word' id='word_1_139' title='bbox 238 1002 267 1029; x_wconf 84' lang='grc' dir='ltr'><strong>τὸ</strong></span> <span class='ocrx_word' id='word_1_140' title='bbox 301 1002 438 1038; x_wconf 76' lang='grc' dir='ltr'>σωμάτιον</span> <span class='ocrx_word' id='word_1_141' title='bbox 463 1004 491 1029; x_wconf 74' lang='grc' dir='ltr'>ἐν</span> <span class='ocrx_word' id='word_1_142' title='bbox 514 1004 573 1035; x_wconf 85' lang='grc' dir='ltr'>ταῖς</span> <span class='ocrx_word' id='word_1_143' title='bbox 598 1003 744 1039; x_wconf 80' lang='grc' dir='ltr'>μετέπειτα</span> <span class='ocrx_word' id='word_1_144' title='bbox 767 1003 851 1039; x_wconf 82' lang='grc' dir='ltr'>βασά-</span> 
     </span>
    </p>
   </div>
   <div class='ocr_carea' id='block_1_22' title="bbox 45 1047 852 1085">
    <p class='ocr_par' dir='ltr' id='par_1_22' title="bbox 45 1047 852 1085">
     <span class='ocr_line' id='line_1_22' title="bbox 45 1047 852 1085; baseline 0.006 -14"><span class='ocrx_word' id='word_1_145' title='bbox 45 1055 124 1079; x_wconf 81' lang='grc' dir='ltr'>νοις,</span> <span class='ocrx_word' id='word_1_146' title='bbox 145 1047 197 1074; x_wconf 71' lang='grc' dir='ltr'>καὶ</span> <span class='ocrx_word' id='word_1_147' title='bbox 221 1047 269 1084; x_wconf 79' lang='grc' dir='ltr'>τὴν</span> <span class='ocrx_word' id='word_1_148' title='bbox 287 1048 360 1076; x_wconf 76' lang='grc' dir='ltr'>ἰδέαν</span> <span class='ocrx_word' id='word_1_149' title='bbox 377 1049 498 1076; x_wconf 75' lang='grc' dir='ltr'>ἀπέλαϐε</span> <span class='ocrx_word' id='word_1_150' title='bbox 519 1049 568 1085; x_wconf 83' lang='grc' dir='ltr'>τὴν</span> <span class='ocrx_word' id='word_1_151' title='bbox 586 1049 723 1085; x_wconf 79' lang='grc' dir='ltr'>προτέραν</span> <span class='ocrx_word' id='word_1_152' title='bbox 740 1050 787 1076; x_wconf 79' lang='grc' dir='ltr'>καὶ</span> <span class='ocrx_word' id='word_1_153' title='bbox 803 1050 852 1085; x_wconf 81' lang='grc' dir='ltr'><strong>τὴν</strong></span> 
     </span>
    </p>
   </div>
   <div class='ocr_carea' id='block_1_23' title="bbox 46 1092 852 1130">
    <p class='ocr_par' dir='ltr' id='par_1_23' title="bbox 46 1092 852 1130">
     <span class='ocr_line' id='line_1_23' title="bbox 46 1092 852 1130; baseline 0.005 -12"><span class='ocrx_word' id='word_1_154' title='bbox 46 1092 152 1128; x_wconf 80' lang='grc' dir='ltr'>χρῆσιν</span> <span class='ocrx_word' id='word_1_155' title='bbox 172 1093 227 1120; x_wconf 84' lang='grc' dir='ltr'><strong>τῶν</strong></span> <span class='ocrx_word' id='word_1_156' title='bbox 244 1093 350 1129; x_wconf 82' lang='grc' dir='ltr'>μελῶν·</span> <span class='ocrx_word' id='word_1_157' title='bbox 369 1094 439 1121; x_wconf 85' lang='grc' dir='ltr'>ὥστε</span> <span class='ocrx_word' id='word_1_158' title='bbox 458 1094 495 1130; x_wconf 85' lang='grc' dir='ltr'>μὴ</span> <span class='ocrx_word' id='word_1_159' title='bbox 514 1094 635 1127; x_wconf 80' lang='grc' dir='ltr'>κόλασιν,</span> <span class='ocrx_word' id='word_1_160' title='bbox 654 1095 712 1122; x_wconf 78' lang='grc' dir='ltr'><strong>ἀλλ’</strong></span> <span class='ocrx_word' id='word_1_161' title='bbox 722 1095 792 1122; x_wconf 82' lang='grc' dir='ltr'>ἴασιν</span> <span class='ocrx_word' id='word_1_162' title='bbox 809 1096 852 1123; x_wconf 74' lang='grc' dir='ltr'>διὰ</span> 
     </span>
    </p>
   </div>
   <div class='ocr_carea' id='block_1_24' title="bbox 47 1138 852 1178">
    <p class='ocr_par' dir='ltr' id='par_1_24' title="bbox 47 1138 852 1178">
     <span class='ocr_line' id='line_1_24' title="bbox 47 1138 852 1178; baseline 0.005 -14"><span class='ocrx_word' id='word_1_163' title='bbox 47 1138 100 1174; x_wconf 82' lang='grc' dir='ltr'><strong>τῆς</strong></span> <span class='ocrx_word' id='word_1_164' title='bbox 117 1138 236 1175; x_wconf 84' lang='grc' dir='ltr'>χάριτος</span> <span class='ocrx_word' id='word_1_165' title='bbox 252 1140 298 1167; x_wconf 80' lang='grc' dir='ltr'>τοῦ</span> <span class='ocrx_word' id='word_1_166' title='bbox 315 1141 433 1178; x_wconf 76' lang='grc' dir='ltr'>Χριστοῦ</span> <span class='ocrx_word' id='word_1_167' title='bbox 444 1162 451 1174; x_wconf 91' lang='grc'><strong>,</strong></span> <span class='ocrx_word' id='word_1_168' title='bbox 469 1142 518 1178; x_wconf 81' lang='grc' dir='ltr'>τὴν</span> <span class='ocrx_word' id='word_1_169' title='bbox 538 1141 669 1178; x_wconf 78' lang='grc' dir='ltr'>δευτέραν</span> <span class='ocrx_word' id='word_1_170' title='bbox 686 1141 852 1178; x_wconf 80' lang='grc' dir='ltr'>στρέϐλωσιν</span> 
     </span>
    </p>
   </div>
   <div class='ocr_carea' id='block_1_25' title="bbox 47 1185 286 1221">
    <p class='ocr_par' dir='ltr' id='par_1_25' title="bbox 47 1185 286 1221">
     <span class='ocr_line' id='line_1_25' title="bbox 47 1185 286 1221; baseline 0.013 -11"><span class='ocrx_word' id='word_1_171' title='bbox 47 1185 128 1221; x_wconf 79' lang='grc' dir='ltr'><strong>αὑτῷ</strong></span> <span class='ocrx_word' id='word_1_172' title='bbox 146 1185 286 1220; x_wconf 82' lang='grc' dir='ltr'>γενέσθαι.</span> 
     </span>
    </p>
   </div>
   <div class='ocr_carea' id='block_1_26' title="bbox 904 314 1691 350">
    <p class='ocr_par' dir='ltr' id='par_1_26' title="bbox 904 314 1691 350">
     <span class='ocr_line' id='line_1_26' title="bbox 904 314 1691 350; baseline 0 -8"><span class='ocrx_word' id='word_1_173' title='bbox 904 322 1005 350; x_wconf 90' lang='lat' dir='ltr'><strong>corpus</strong></span> <span class='ocrx_word' id='word_1_174' title='bbox 1018 314 1106 350; x_wconf 89' lang='lat' dir='ltr'><strong>ipsum</strong></span> <span class='ocrx_word' id='word_1_175' title='bbox 1127 314 1235 342; x_wconf 83' lang='lat' dir='ltr'><strong>abunde</strong></span> <span class='ocrx_word' id='word_1_176' title='bbox 1269 314 1421 342; x_wconf 76' lang='lat' dir='ltr'><strong>testabatur</strong></span> <span class='ocrx_word' id='word_1_177' title='bbox 1447 322 1477 342; x_wconf 88' lang='lat' dir='ltr'><strong>ea</strong></span> <span class='ocrx_word' id='word_1_178' title='bbox 1503 323 1565 349; x_wconf 69' lang='lat' dir='ltr'><strong>quae</strong></span> <span class='ocrx_word' id='word_1_179' title='bbox 1584 316 1691 343; x_wconf 79' lang='lat' dir='ltr'><strong>accide-</strong></span> 
     </span>
    </p>
   </div>
   <div class='ocr_carea' id='block_1_27' title="bbox 904 361 1691 397">
    <p class='ocr_par' dir='ltr' id='par_1_27' title="bbox 904 361 1691 397">
     <span class='ocr_line' id='line_1_27' title="bbox 904 361 1691 397; baseline 0.003 -9"><span class='ocrx_word' id='word_1_180' title='bbox 904 366 981 395; x_wconf 78' lang='lat' dir='ltr'><strong>rant;</strong></span> <span class='ocrx_word' id='word_1_181' title='bbox 999 361 1097 396; x_wconf 77' lang='lat' dir='ltr'><strong>quippe</strong></span> <span class='ocrx_word' id='word_1_182' title='bbox 1110 361 1182 397; x_wconf 88' lang='lat' dir='ltr'><strong>quod</strong></span> <span class='ocrx_word' id='word_1_183' title='bbox 1199 361 1267 388; x_wconf 87' lang='lat' dir='ltr'><strong>nihil</strong></span> <span class='ocrx_word' id='word_1_184' title='bbox 1283 361 1356 388; x_wconf 87' lang='lat' dir='ltr'><strong>aliud</strong></span> <span class='ocrx_word' id='word_1_185' title='bbox 1372 364 1445 388; x_wconf 87' lang='lat' dir='ltr'><strong>esset</strong></span> <span class='ocrx_word' id='word_1_186' title='bbox 1464 364 1562 396; x_wconf 74' lang='lat' dir='ltr'><strong>przeter</strong></span> <span class='ocrx_word' id='word_1_187' title='bbox 1578 361 1691 390; x_wconf 70' lang='lat' dir='ltr'><strong>vulnera</strong></span> 
     </span>
    </p>
   </div>
   <div class='ocr_carea' id='block_1_28' title="bbox 903 407 1691 441">
    <p class='ocr_par' dir='ltr' id='par_1_28' title="bbox 903 407 1691 441">
     <span class='ocr_line' id='line_1_28' title="bbox 903 407 1691 441; baseline 0 -8"><span class='ocrx_word' id='word_1_188' title='bbox 903 410 984 441; x_wconf 88' lang='lat' dir='ltr'><strong>atque</strong></span> <span class='ocrx_word' id='word_1_189' title='bbox 1002 407 1118 437; x_wconf 81' lang='lat' dir='ltr'><strong>vibices;</strong></span> <span class='ocrx_word' id='word_1_190' title='bbox 1135 410 1221 433; x_wconf 89' lang='lat' dir='ltr'><strong>totum</strong></span> <span class='ocrx_word' id='word_1_191' title='bbox 1243 411 1411 433; x_wconf 91' lang='lat' dir='ltr'><strong>contractum</strong></span> <span class='ocrx_word' id='word_1_192' title='bbox 1425 409 1509 441; x_wconf 83' lang='lat' dir='ltr'><strong>alque</strong></span> <span class='ocrx_word' id='word_1_193' title='bbox 1524 411 1691 439; x_wconf 87' lang='lat' dir='ltr'><strong>contortunt,</strong></span> 
     </span>
    </p>
   </div>
   <div class='ocr_carea' id='block_1_29' title="bbox 904 452 1692 488">
    <p class='ocr_par' dir='ltr' id='par_1_29' title="bbox 904 452 1692 488">
     <span class='ocr_line' id='line_1_29' title="bbox 904 452 1692 488; baseline 0 -8"><span class='ocrx_word' id='word_1_194' title='bbox 904 460 954 480; x_wconf 90' lang='lat' dir='ltr'><strong>nec</strong></span> <span class='ocrx_word' id='word_1_195' title='bbox 972 452 1029 488; x_wconf 85' lang='lat' dir='ltr'><strong>jam</strong></span> <span class='ocrx_word' id='word_1_196' title='bbox 1054 457 1193 480; x_wconf 88' lang='lat' dir='ltr'><strong>externam</strong></span> <span class='ocrx_word' id='word_1_197' title='bbox 1215 453 1334 481; x_wconf 85' lang='lat' dir='ltr'><strong>hominis</strong></span> <span class='ocrx_word' id='word_1_198' title='bbox 1359 453 1477 488; x_wconf 85' lang='lat' dir='ltr'><strong>speciem</strong></span> <span class='ocrx_word' id='word_1_199' title='bbox 1503 453 1635 481; x_wconf 88' lang='lat' dir='ltr'><strong>retinens.</strong></span> <span class='ocrx_word' id='word_1_200' title='bbox 1662 453 1692 480; x_wconf 93' lang='lat' dir='ltr'><strong>In</strong></span> 
     </span>
    </p>
   </div>
   <div class='ocr_carea' id='block_1_30' title="bbox 902 499 1692 535">
    <p class='ocr_par' dir='ltr' id='par_1_30' title="bbox 902 499 1692 535">
     <span class='ocr_line' id='line_1_30' title="bbox 902 499 1692 535; baseline -0.001 -8"><span class='ocrx_word' id='word_1_201' title='bbox 902 507 958 535; x_wconf 90' lang='lat' dir='ltr'><strong>quo</strong></span> <span class='ocrx_word' id='word_1_202' title='bbox 977 499 1104 527; x_wconf 87' lang='lat' dir='ltr'><strong>Christus</strong></span> <span class='ocrx_word' id='word_1_203' title='bbox 1121 499 1179 534; x_wconf 89' lang='lat' dir='ltr'><strong>ipse</strong></span> <span class='ocrx_word' id='word_1_204' title='bbox 1201 500 1356 535; x_wconf 85' lang='lat' dir='ltr'><strong>perpetiens</strong></span> <span class='ocrx_word' id='word_1_205' title='bbox 1366 520 1372 532; x_wconf 93' lang='lat'><strong>,</strong></span> <span class='ocrx_word' id='word_1_206' title='bbox 1387 507 1485 535; x_wconf 77' lang='lat' dir='ltr'><strong>magna</strong></span> <span class='ocrx_word' id='word_1_207' title='bbox 1499 500 1630 527; x_wconf 90' lang='lat' dir='ltr'><strong>miracula</strong></span> <span class='ocrx_word' id='word_1_208' title='bbox 1645 508 1692 535; x_wconf 85' lang='lat' dir='ltr'><strong>pa-</strong></span> 
     </span>
    </p>
   </div>
   <div class='ocr_carea' id='block_1_31' title="bbox 903 545 1691 578">
    <p class='ocr_par' dir='ltr' id='par_1_31' title="bbox 903 545 1691 578">
     <span class='ocr_line' id='line_1_31' title="bbox 903 545 1691 578; baseline -0.001 -5"><span class='ocrx_word' id='word_1_209' title='bbox 903 546 1013 578; x_wconf 86' lang='lat' dir='ltr'><strong>trabat,</strong></span> <span class='ocrx_word' id='word_1_210' title='bbox 1036 545 1221 573; x_wconf 84' lang='lat' dir='ltr'><strong>adversarium</strong></span> <span class='ocrx_word' id='word_1_211' title='bbox 1245 545 1367 573; x_wconf 80' lang='lat' dir='ltr'><strong>funditus</strong></span> <span class='ocrx_word' id='word_1_212' title='bbox 1395 545 1510 578; x_wconf 89' lang='lat' dir='ltr'><strong>delens,</strong></span> <span class='ocrx_word' id='word_1_213' title='bbox 1537 549 1564 573; x_wconf 89' lang='lat' dir='ltr'><strong>et</strong></span> <span class='ocrx_word' id='word_1_214' title='bbox 1593 545 1691 573; x_wconf 88' lang='lat' dir='ltr'><strong>illustri</strong></span> 
     </span>
    </p>
   </div>
   <div class='ocr_carea' id='block_1_32' title="bbox 903 591 1690 627">
    <p class='ocr_par' dir='ltr' id='par_1_32' title="bbox 903 591 1690 627">
     <span class='ocr_line' id='line_1_32' title="bbox 903 591 1690 627; baseline -0.003 -8"><span class='ocrx_word' id='word_1_215' title='bbox 903 592 1027 627; x_wconf 84' lang='lat' dir='ltr'><strong>exemplo</strong></span> <span class='ocrx_word' id='word_1_216' title='bbox 1042 592 1147 619; x_wconf 63' lang='lat' dir='ltr'><strong>caeteris</strong></span> <span class='ocrx_word' id='word_1_217' title='bbox 1164 592 1321 627; x_wconf 74' lang='lat' dir='ltr'><strong>ostendens,</strong></span> <span class='ocrx_word' id='word_1_218' title='bbox 1344 591 1412 618; x_wconf 90' lang='lat' dir='ltr'><strong>nihil</strong></span> <span class='ocrx_word' id='word_1_219' title='bbox 1428 599 1490 619; x_wconf 90' lang='lat' dir='ltr'><strong>esse</strong></span> <span class='ocrx_word' id='word_1_220' title='bbox 1504 591 1690 622; x_wconf 88' lang='lat' dir='ltr'><strong>metuendum,</strong></span> 
     </span>
    </p>
   </div>
   <div class='ocr_carea' id='block_1_33' title="bbox 904 635 1692 670">
    <p class='ocr_par' dir='ltr' id='par_1_33' title="bbox 904 635 1692 670">
     <span class='ocr_line' id='line_1_33' title="bbox 904 635 1692 670; baseline 0.001 -8"><span class='ocrx_word' id='word_1_221' title='bbox 904 636 950 662; x_wconf 89' lang='lat' dir='ltr'><strong>ubi</strong></span> <span class='ocrx_word' id='word_1_222' title='bbox 970 635 1090 662; x_wconf 78' lang='lat' dir='ltr'><strong>Charitas</strong></span> <span class='ocrx_word' id='word_1_223' title='bbox 1116 635 1204 663; x_wconf 84' lang='lat' dir='ltr'><strong>Patris</strong></span> <span class='ocrx_word' id='word_1_224' title='bbox 1223 635 1311 669; x_wconf 81' lang='lat' dir='ltr'><strong>adsit;</strong></span> <span class='ocrx_word' id='word_1_225' title='bbox 1340 636 1446 663; x_wconf 88' lang='lat' dir='ltr'><strong>nullum</strong></span> <span class='ocrx_word' id='word_1_226' title='bbox 1473 636 1615 670; x_wconf 86' lang='lat' dir='ltr'><strong>dolorem,</strong></span> <span class='ocrx_word' id='word_1_227' title='bbox 1645 636 1692 663; x_wconf 89' lang='lat' dir='ltr'><strong>ubi</strong></span> 
     </span>
    </p>
   </div>
   <div class='ocr_carea' id='block_1_34' title="bbox 904 681 1692 718">
    <p class='ocr_par' dir='ltr' id='par_1_34' title="bbox 904 681 1692 718">
     <span class='ocr_line' id='line_1_34' title="bbox 904 681 1692 718; baseline 0.003 -10"><span class='ocrx_word' id='word_1_228' title='bbox 904 682 986 717; x_wconf 82' lang='lat' dir='ltr'><strong>gloria</strong></span> <span class='ocrx_word' id='word_1_229' title='bbox 1002 682 1116 709; x_wconf 83' lang='lat' dir='ltr'><strong>vertitur</strong></span> <span class='ocrx_word' id='word_1_230' title='bbox 1127 681 1239 710; x_wconf 86' lang='lat' dir='ltr'><strong>Christi.</strong></span> <span class='ocrx_word' id='word_1_231' title='bbox 1256 682 1360 718; x_wconf 85' lang='lat' dir='ltr'><strong>Quippe</strong></span> <span class='ocrx_word' id='word_1_232' title='bbox 1375 690 1436 709; x_wconf 89' lang='lat' dir='ltr'><strong>cum</strong></span> <span class='ocrx_word' id='word_1_233' title='bbox 1453 683 1528 717; x_wconf 92' lang='lat' dir='ltr'><strong>impii</strong></span> <span class='ocrx_word' id='word_1_234' title='bbox 1548 682 1585 709; x_wconf 92' lang='lat' dir='ltr'><strong>illi</strong></span> <span class='ocrx_word' id='word_1_235' title='bbox 1599 683 1692 717; x_wconf 86' lang='lat' dir='ltr'><strong>paucis</strong></span> 
     </span>
    </p>
   </div>
   <div class='ocr_carea' id='block_1_35' title="bbox 904 725 1691 762">
    <p class='ocr_par' dir='ltr' id='par_1_35' title="bbox 904 725 1691 762">
     <span class='ocr_line' id='line_1_35' title="bbox 904 725 1691 762; baseline 0.003 -10"><span class='ocrx_word' id='word_1_236' title='bbox 904 730 965 761; x_wconf 80' lang='lat' dir='ltr'><strong>post</strong></span> <span class='ocrx_word' id='word_1_237' title='bbox 984 725 1080 753; x_wconf 89' lang='lat' dir='ltr'><strong>diebus</strong></span> <span class='ocrx_word' id='word_1_238' title='bbox 1099 726 1197 753; x_wconf 87' lang='lat' dir='ltr'><strong>iterum</strong></span> <span class='ocrx_word' id='word_1_239' title='bbox 1220 731 1348 761; x_wconf 87' lang='lat' dir='ltr'><strong>torquere</strong></span> <span class='ocrx_word' id='word_1_240' title='bbox 1372 732 1516 762; x_wconf 86' lang='lat' dir='ltr'><strong>martyrem</strong></span> <span class='ocrx_word' id='word_1_241' title='bbox 1533 728 1691 762; x_wconf 70' lang='lat' dir='ltr'><strong>cmpissent,</strong></span> 
     </span>
    </p>
   </div>
   <div class='ocr_carea' id='block_1_36' title="bbox 904 771 1692 807">
    <p class='ocr_par' dir='ltr' id='par_1_36' title="bbox 904 771 1692 807">
     <span class='ocr_line' id='line_1_36' title="bbox 904 771 1692 807; baseline 0.001 -8"><span class='ocrx_word' id='word_1_242' title='bbox 904 771 1099 806; x_wconf 85' lang='lat' dir='ltr'><strong>crederentque</strong></span> <span class='ocrx_word' id='word_1_243' title='bbox 1112 771 1134 798; x_wconf 91' lang='lat' dir='ltr'><strong>si</strong></span> <span class='ocrx_word' id='word_1_244' title='bbox 1148 772 1365 807; x_wconf 83' lang='lat' dir='ltr'><strong>lurgescentihus</strong></span> <span class='ocrx_word' id='word_1_245' title='bbox 1377 772 1468 800; x_wconf 87' lang='lat' dir='ltr'><strong>adhuc</strong></span> <span class='ocrx_word' id='word_1_246' title='bbox 1478 777 1504 800; x_wconf 91' lang='lat' dir='ltr'><strong>et</strong></span> <span class='ocrx_word' id='word_1_247' title='bbox 1517 772 1692 801; x_wconf 81' lang='lat' dir='ltr'><strong>inﬂammatis</strong></span> 
     </span>
    </p>
   </div>
   <div class='ocr_carea' id='block_1_37' title="bbox 905 817 1690 854">
    <p class='ocr_par' dir='ltr' id='par_1_37' title="bbox 905 817 1690 854">
     <span class='ocr_line' id='line_1_37' title="bbox 905 817 1690 854; baseline 0.005 -11"><span class='ocrx_word' id='word_1_248' title='bbox 905 817 1063 845; x_wconf 79' lang='lat' dir='ltr'><strong>vulneribus</strong></span> <span class='ocrx_word' id='word_1_249' title='bbox 1082 817 1176 844; x_wconf 90' lang='lat' dir='ltr'><strong>eadem</strong></span> <span class='ocrx_word' id='word_1_250' title='bbox 1200 823 1334 845; x_wconf 85' lang='lat' dir='ltr'><strong>tormenta</strong></span> <span class='ocrx_word' id='word_1_251' title='bbox 1356 819 1389 846; x_wconf 91' lang='lat' dir='ltr'><strong>de</strong></span> <span class='ocrx_word' id='word_1_252' title='bbox 1401 818 1506 854; x_wconf 76' lang='lat' dir='ltr'><strong>integro</strong></span> <span class='ocrx_word' id='word_1_253' title='bbox 1522 818 1690 853; x_wconf 87' lang='lat' dir='ltr'><strong>adhiberent,</strong></span> 
     </span>
    </p>
   </div>
   <div class='ocr_carea' id='block_1_38' title="bbox 906 862 1693 901">
    <p class='ocr_par' dir='ltr' id='par_1_38' title="bbox 906 862 1693 901">
     <span class='ocr_line' id='line_1_38' title="bbox 906 862 1693 901; baseline 0.003 -11"><span class='ocrx_word' id='word_1_254' title='bbox 906 862 964 891; x_wconf 84' lang='lat' dir='ltr'><strong>fore</strong></span> <span class='ocrx_word' id='word_1_255' title='bbox 990 867 1019 890; x_wconf 90' lang='lat' dir='ltr'><strong>ut</strong></span> <span class='ocrx_word' id='word_1_256' title='bbox 1039 863 1084 890; x_wconf 90' lang='lat' dir='ltr'><strong>illo</strong></span> <span class='ocrx_word' id='word_1_257' title='bbox 1102 863 1256 899; x_wconf 81' lang='lat' dir='ltr'><strong>superiores</strong></span> <span class='ocrx_word' id='word_1_258' title='bbox 1277 864 1442 897; x_wconf 85' lang='lat' dir='ltr'><strong>evaderent,</strong></span> <span class='ocrx_word' id='word_1_259' title='bbox 1468 865 1568 901; x_wconf 81' lang='lat' dir='ltr'><strong>quippe</strong></span> <span class='ocrx_word' id='word_1_260' title='bbox 1588 866 1635 900; x_wconf 89' lang='lat' dir='ltr'><strong>qui</strong></span> <span class='ocrx_word' id='word_1_261' title='bbox 1659 874 1693 893; x_wconf 84' lang='lat' dir='ltr'><strong>ne</strong></span> 
     </span>
    </p>
   </div>
   <div class='ocr_carea' id='block_1_39' title="bbox 906 909 1691 946">
    <p class='ocr_par' dir='ltr' id='par_1_39' title="bbox 906 909 1691 946">
     <span class='ocr_line' id='line_1_39' title="bbox 906 909 1691 946; baseline 0.004 -10"><span class='ocrx_word' id='word_1_262' title='bbox 906 917 1036 937; x_wconf 90' lang='lat' dir='ltr'><strong>manuum</strong></span> <span class='ocrx_word' id='word_1_263' title='bbox 1051 909 1162 945; x_wconf 85' lang='lat' dir='ltr'><strong>quidem</strong></span> <span class='ocrx_word' id='word_1_264' title='bbox 1181 911 1419 938; x_wconf 84' lang='lat' dir='ltr'><strong>contrectationem</strong></span> <span class='ocrx_word' id='word_1_265' title='bbox 1436 915 1528 946; x_wconf 85' lang='lat' dir='ltr'><strong>posset</strong></span> <span class='ocrx_word' id='word_1_266' title='bbox 1541 912 1691 943; x_wconf 81' lang='lat' dir='ltr'><strong>sustinere;</strong></span> 
     </span>
    </p>
   </div>
   <div class='ocr_carea' id='block_1_40' title="bbox 905 955 1694 987">
    <p class='ocr_par' dir='ltr' id='par_1_40' title="bbox 905 955 1694 987">
     <span class='ocr_line' id='line_1_40' title="bbox 905 955 1694 987; baseline 0.005 -5"><span class='ocrx_word' id='word_1_267' title='bbox 905 955 947 983; x_wconf 87' lang='lat' dir='ltr'><strong>vel</strong></span> <span class='ocrx_word' id='word_1_268' title='bbox 970 955 995 982; x_wconf 90' lang='lat' dir='ltr'><strong>id</strong></span> <span class='ocrx_word' id='word_1_269' title='bbox 1017 960 1091 983; x_wconf 88' lang='lat' dir='ltr'><strong>certe</strong></span> <span class='ocrx_word' id='word_1_270' title='bbox 1109 961 1280 987; x_wconf 87' lang='lat' dir='ltr'><strong>eventurum.</strong></span> <span class='ocrx_word' id='word_1_271' title='bbox 1303 961 1332 985; x_wconf 91' lang='lat' dir='ltr'><strong>ut</strong></span> <span class='ocrx_word' id='word_1_272' title='bbox 1354 958 1398 984; x_wconf 92' lang='lat' dir='ltr'><strong>ille</strong></span> <span class='ocrx_word' id='word_1_273' title='bbox 1418 958 1562 986; x_wconf 85' lang='lat' dir='ltr'><strong>tormentis</strong></span> <span class='ocrx_word' id='word_1_274' title='bbox 1579 959 1694 986; x_wconf 90' lang='lat' dir='ltr'><strong>immor-</strong></span> 
     </span>
    </p>
   </div>
   <div class='ocr_carea' id='block_1_41' title="bbox 905 1003 1692 1039">
    <p class='ocr_par' dir='ltr' id='par_1_41' title="bbox 905 1003 1692 1039">
     <span class='ocr_line' id='line_1_41' title="bbox 905 1003 1692 1039; baseline 0.005 -11"><span class='ocrx_word' id='word_1_275' title='bbox 905 1006 978 1034; x_wconf 87' lang='lat' dir='ltr'><strong>tuus,</strong></span> <span class='ocrx_word' id='word_1_276' title='bbox 1004 1006 1134 1030; x_wconf 90' lang='lat' dir='ltr'><strong>terrorem</strong></span> <span class='ocrx_word' id='word_1_277' title='bbox 1156 1003 1279 1035; x_wconf 67' lang='lat' dir='ltr'><strong>injiceret</strong></span> <span class='ocrx_word' id='word_1_278' title='bbox 1300 1003 1429 1039; x_wconf 80' lang='lat' dir='ltr'><strong>reliquis;</strong></span> <span class='ocrx_word' id='word_1_279' title='bbox 1450 1012 1504 1032; x_wconf 91' lang='lat' dir='ltr'><strong>non</strong></span> <span class='ocrx_word' id='word_1_280' title='bbox 1526 1004 1609 1033; x_wconf 82' lang='lat' dir='ltr'><strong>modo</strong></span> <span class='ocrx_word' id='word_1_281' title='bbox 1625 1005 1692 1032; x_wconf 87' lang='lat' dir='ltr'><strong>nihil</strong></span> 
     </span>
    </p>
   </div>
   <div class='ocr_carea' id='block_1_42' title="bbox 903 1047 1693 1086">
    <p class='ocr_par' dir='ltr' id='par_1_42' title="bbox 903 1047 1693 1086">
     <span class='ocr_line' id='line_1_42' title="bbox 903 1047 1693 1086; baseline 0.004 -11"><span class='ocrx_word' id='word_1_282' title='bbox 903 1047 1037 1082; x_wconf 86' lang='lat' dir='ltr'><strong>ejusmodi</strong></span> <span class='ocrx_word' id='word_1_283' title='bbox 1060 1048 1098 1075; x_wconf 87' lang='lat' dir='ltr'><strong>illi</strong></span> <span class='ocrx_word' id='word_1_284' title='bbox 1117 1049 1241 1084; x_wconf 79' lang='lat' dir='ltr'><strong>conligit,</strong></span> <span class='ocrx_word' id='word_1_285' title='bbox 1261 1049 1308 1077; x_wconf 84' lang='lat' dir='ltr'><strong>sed</strong></span> <span class='ocrx_word' id='word_1_286' title='bbox 1330 1054 1428 1085; x_wconf 53' lang='lat' dir='ltr'><strong>praeter</strong></span> <span class='ocrx_word' id='word_1_287' title='bbox 1447 1051 1569 1079; x_wconf 90' lang='lat' dir='ltr'><strong>omnium</strong></span> <span class='ocrx_word' id='word_1_288' title='bbox 1586 1051 1693 1086; x_wconf 78' lang='lat' dir='ltr'><strong>opinio-</strong></span> 
     </span>
    </p>
   </div>
   <div class='ocr_carea' id='block_1_43' title="bbox 905 1095 1693 1132">
    <p class='ocr_par' dir='ltr' id='par_1_43' title="bbox 905 1095 1693 1132">
     <span class='ocr_line' id='line_1_43' title="bbox 905 1095 1693 1132; baseline 0.005 -11"><span class='ocrx_word' id='word_1_289' title='bbox 905 1103 984 1128; x_wconf 84' lang='lat' dir='ltr'><strong>nent,</strong></span> <span class='ocrx_word' id='word_1_290' title='bbox 1009 1102 1109 1129; x_wconf 91' lang='lat' dir='ltr'><strong>corpus</strong></span> <span class='ocrx_word' id='word_1_291' title='bbox 1137 1095 1198 1130; x_wconf 85' lang='lat' dir='ltr'><strong>ejus</strong></span> <span class='ocrx_word' id='word_1_292' title='bbox 1220 1095 1310 1123; x_wconf 90' lang='lat' dir='ltr'><strong>subito</strong></span> <span class='ocrx_word' id='word_1_293' title='bbox 1335 1096 1483 1123; x_wconf 86' lang='lat' dir='ltr'><strong>releratum</strong></span> <span class='ocrx_word' id='word_1_294' title='bbox 1517 1101 1693 1132; x_wconf 78' lang='lat' dir='ltr'><strong>erectumque</strong></span> 
     </span>
    </p>
   </div>
   <div class='ocr_carea' id='block_1_44' title="bbox 905 1140 1691 1178">
    <p class='ocr_par' dir='ltr' id='par_1_44' title="bbox 905 1140 1691 1178">
     <span class='ocr_line' id='line_1_44' title="bbox 905 1140 1691 1178; baseline 0.003 -10"><span class='ocrx_word' id='word_1_295' title='bbox 905 1141 1026 1168; x_wconf 89' lang='lat' dir='ltr'><strong>constitit</strong></span> <span class='ocrx_word' id='word_1_296' title='bbox 1050 1140 1077 1168; x_wconf 91' lang='lat' dir='ltr'><strong>in</strong></span> <span class='ocrx_word' id='word_1_297' title='bbox 1100 1141 1243 1169; x_wconf 89' lang='lat' dir='ltr'><strong>tormentis</strong></span> <span class='ocrx_word' id='word_1_298' title='bbox 1264 1141 1473 1177; x_wconf 86' lang='lat' dir='ltr'><strong>posterioribus,</strong></span> <span class='ocrx_word' id='word_1_299' title='bbox 1497 1146 1524 1171; x_wconf 89' lang='lat' dir='ltr'><strong>et</strong></span> <span class='ocrx_word' id='word_1_300' title='bbox 1548 1143 1691 1178; x_wconf 84' lang='lat' dir='ltr'><strong>pristinam</strong></span> 
     </span>
    </p>
   </div>
   <div class='ocr_carea' id='block_1_45' title="bbox 906 1187 1692 1225">
    <p class='ocr_par' dir='ltr' id='par_1_45' title="bbox 906 1187 1692 1225">
     <span class='ocr_line' id='line_1_45' title="bbox 906 1187 1692 1225; baseline 0.004 -10"><span class='ocrx_word' id='word_1_301' title='bbox 906 1187 1023 1223; x_wconf 81' lang='lat' dir='ltr'><strong>speciem</strong></span> <span class='ocrx_word' id='word_1_302' title='bbox 1048 1196 1184 1224; x_wconf 87' lang='lat' dir='ltr'><strong>usumque</strong></span> <span class='ocrx_word' id='word_1_303' title='bbox 1202 1189 1386 1216; x_wconf 87' lang='lat' dir='ltr'><strong>membrorum</strong></span> <span class='ocrx_word' id='word_1_304' title='bbox 1401 1190 1590 1225; x_wconf 84' lang='lat' dir='ltr'><strong>recuperavit:</strong></span> <span class='ocrx_word' id='word_1_305' title='bbox 1612 1199 1692 1222; x_wconf 84' lang='lat' dir='ltr'><strong>pror-</strong></span> 
     </span>
    </p>
   </div>
   <div class='ocr_carea' id='block_1_46' title="bbox 50 1233 1693 1273">
    <p class='ocr_par' dir='ltr' id='par_1_46' title="bbox 50 1233 1693 1273">
     <span class='ocr_line' id='line_1_46' title="bbox 50 1233 1693 1273; baseline 0.005 -15"><span class='ocrx_word' id='word_1_306' title='bbox 50 1239 101 1259; x_wconf 83' lang='lat' dir='ltr'><strong>sus</strong></span> <span class='ocrx_word' id='word_1_307' title='bbox 120 1237 154 1259; x_wconf 92' lang='lat' dir='ltr'><strong>ut</strong></span> <span class='ocrx_word' id='word_1_308' title='bbox 174 1233 295 1261; x_wconf 87' lang='lat' dir='ltr'><strong>secunda</strong></span> <span class='ocrx_word' id='word_1_309' title='bbox 307 1233 352 1261; x_wconf 90' lang='lat' dir='ltr'><strong>illa</strong></span> <span class='ocrx_word' id='word_1_310' title='bbox 368 1235 582 1270; x_wconf 84' lang='lat' dir='ltr'><strong>excarniﬁcatio,</strong></span> <span class='ocrx_word' id='word_1_311' title='bbox 596 1236 688 1264; x_wconf 89' lang='lat' dir='ltr'><strong>divina</strong></span> <span class='ocrx_word' id='word_1_312' title='bbox 708 1236 858 1271; x_wconf 86' lang='lat' dir='ltr'><strong>opitulante</strong></span> <span class='ocrx_word' id='word_1_313' title='bbox 878 1236 975 1272; x_wconf 87' lang='lat' dir='ltr'><strong>gratia,</strong></span> <span class='ocrx_word' id='word_1_314' title='bbox 998 1237 1131 1265; x_wconf 86' lang='lat' dir='ltr'><strong>medelam</strong></span> <span class='ocrx_word' id='word_1_315' title='bbox 1163 1237 1264 1273; x_wconf 83' lang='lat' dir='ltr'><strong>potius,</strong></span> <span class='ocrx_word' id='word_1_316' title='bbox 1285 1245 1366 1272; x_wconf 91' lang='lat' dir='ltr'><strong>quam</strong></span> <span class='ocrx_word' id='word_1_317' title='bbox 1387 1245 1495 1273; x_wconf 78' lang='lat' dir='ltr'><strong>ptenam</strong></span> <span class='ocrx_word' id='word_1_318' title='bbox 1526 1238 1550 1266; x_wconf 89' lang='lat' dir='ltr'><strong>ei</strong></span> <span class='ocrx_word' id='word_1_319' title='bbox 1567 1239 1693 1267; x_wconf 81' lang='lat' dir='ltr'><strong>attulisse</strong></span> 
     </span>
    </p>
   </div>
   <div class='ocr_carea' id='block_1_47' title="bbox 49 1279 210 1308">
    <p class='ocr_par' dir='ltr' id='par_1_47' title="bbox 49 1279 210 1308">
     <span class='ocr_line' id='line_1_47' title="bbox 49 1279 210 1308; baseline 0.019 -3"><span class='ocrx_word' id='word_1_320' title='bbox 49 1279 210 1308; x_wconf 81' lang='lat' dir='ltr'><strong>videretur.</strong></span> 
     </span>
    </p>
   </div>
   <div class='ocr_carea' id='block_1_48' title="bbox 89 1326 849 1369">
    <p class='ocr_par' dir='ltr' id='par_1_48' title="bbox 89 1326 849 1369">
     <span class='ocr_line' id='line_1_48' title="bbox 89 1326 849 1369; baseline 0.008 -15"><span class='ocrx_word' id='word_1_321' title='bbox 89 1326 152 1354; x_wconf 84' lang='lat' dir='ltr'><strong>VII.</strong></span> <span class='ocrx_word' id='word_1_322' title='bbox 172 1328 228 1356; x_wconf 75' lang='grc' dir='ltr'>Καὶ</span> <span class='ocrx_word' id='word_1_323' title='bbox 245 1328 374 1358; x_wconf 75' lang='grc' dir='ltr'>Βιϐλιάδα</span> <span class='ocrx_word' id='word_1_324' title='bbox 396 1330 424 1357; x_wconf 81' lang='grc' dir='ltr'>δέ</span> <span class='ocrx_word' id='word_1_325' title='bbox 441 1339 502 1359; x_wconf 82' lang='grc' dir='ltr'>τινα</span> <span class='ocrx_word' id='word_1_326' title='bbox 519 1331 584 1367; x_wconf 81' lang='grc' dir='ltr'>μίαν</span> <span class='ocrx_word' id='word_1_327' title='bbox 600 1331 654 1359; x_wconf 84' lang='grc' dir='ltr'>τῶν</span> <span class='ocrx_word' id='word_1_328' title='bbox 670 1331 849 1369; x_wconf 79' lang='grc' dir='ltr'>ἡρνημένων,</span> 
     </span>
    </p>
   </div>
   <div class='ocr_carea' id='block_1_49' title="bbox 51 1373 851 1415">
    <p class='ocr_par' dir='ltr' id='par_1_49' title="bbox 51 1373 851 1415">
     <span class='ocr_line' id='line_1_49' title="bbox 51 1373 851 1415; baseline 0.006 -15"><span class='ocrx_word' id='word_1_329' title='bbox 51 1373 103 1410; x_wconf 73' lang='grc' dir='ltr'><strong>ἠδη</strong></span> <span class='ocrx_word' id='word_1_330' title='bbox 122 1374 213 1402; x_wconf 79' lang='grc' dir='ltr'>δοκῶν</span> <span class='ocrx_word' id='word_1_331' title='bbox 228 1376 350 1409; x_wconf 75' lang='grc' dir='ltr'>διάΰολος</span> <span class='ocrx_word' id='word_1_332' title='bbox 360 1377 415 1413; x_wconf 85' lang='grc'>(75)</span> <span class='ocrx_word' id='word_1_333' title='bbox 432 1378 673 1411; x_wconf 72' lang='grc' dir='ltr'>καταπεπτωκέναι,</span> <span class='ocrx_word' id='word_1_334' title='bbox 691 1377 808 1415; x_wconf 78' lang='grc' dir='ltr'><strong>θελήσας</strong></span> <span class='ocrx_word' id='word_1_335' title='bbox 822 1378 851 1405; x_wconf 76' lang='grc' dir='ltr'>δὲ</span> 
     </span>
    </p>
   </div>
   <div class='ocr_carea' id='block_1_50' title="bbox 53 1420 852 1460">
    <p class='ocr_par' dir='ltr' id='par_1_50' title="bbox 53 1420 852 1460">
     <span class='ocr_line' id='line_1_50' title="bbox 53 1420 852 1460; baseline 0.006 -14"><span class='ocrx_word' id='word_1_336' title='bbox 53 1420 104 1447; x_wconf 65' lang='grc' dir='ltr'><strong>καὶ</strong></span> <span class='ocrx_word' id='word_1_337' title='bbox 120 1421 169 1448; x_wconf 81' lang='grc' dir='ltr'>διὰ</span> <span class='ocrx_word' id='word_1_338' title='bbox 193 1421 365 1459; x_wconf 83' lang='grc' dir='ltr'><strong>βλασφημίας</strong></span> <span class='ocrx_word' id='word_1_339' title='bbox 383 1423 438 1460; x_wconf 87' lang='grc'>(76)</span> <span class='ocrx_word' id='word_1_340' title='bbox 462 1426 624 1460; x_wconf 87' lang='grc' dir='ltr'>κατακρῖναι</span> <span class='ocrx_word' id='word_1_341' title='bbox 634 1445 641 1457; x_wconf 87' lang='grc'><strong>,</strong></span> <span class='ocrx_word' id='word_1_342' title='bbox 657 1422 725 1460; x_wconf 83' lang='grc' dir='ltr'>ἦγεν</span> <span class='ocrx_word' id='word_1_343' title='bbox 742 1425 789 1452; x_wconf 75' lang='grc' dir='ltr'><strong>ἐπὶ</strong></span> <span class='ocrx_word' id='word_1_344' title='bbox 804 1425 852 1451; x_wconf 87' lang='grc' dir='ltr'>κό-</span> 
     </span>
    </p>
   </div>
   <div class='ocr_carea' id='block_1_51' title="bbox 53 1466 852 1506">
    <p class='ocr_par' dir='ltr' id='par_1_51' title="bbox 53 1466 852 1506">
     <span class='ocr_line' id='line_1_51' title="bbox 53 1466 852 1506; baseline 0.005 -13"><span class='ocrx_word' id='word_1_345' title='bbox 53 1466 148 1501; x_wconf 84' lang='grc' dir='ltr'>λασιν,</span> <span class='ocrx_word' id='word_1_346' title='bbox 167 1469 330 1503; x_wconf 78' lang='grc' dir='ltr'>ἀναγκάζων</span> <span class='ocrx_word' id='word_1_347' title='bbox 340 1470 426 1497; x_wconf 72' lang='grc' dir='ltr'>εἰπεῖν</span> <span class='ocrx_word' id='word_1_348' title='bbox 443 1470 476 1498; x_wconf 79' lang='grc' dir='ltr'>τὰ</span> <span class='ocrx_word' id='word_1_349' title='bbox 488 1470 556 1497; x_wconf 81' lang='grc' dir='ltr'>ἄθεα</span> <span class='ocrx_word' id='word_1_350' title='bbox 573 1470 636 1506; x_wconf 66' lang='grc' dir='ltr'>περὶ</span> <span class='ocrx_word' id='word_1_351' title='bbox 652 1470 741 1506; x_wconf 82' lang='grc' dir='ltr'>ἡμῶν,</span> <span class='ocrx_word' id='word_1_352' title='bbox 758 1471 795 1503; x_wconf 88' lang='grc' dir='ltr'><strong>ὡς</strong></span> <span class='ocrx_word' id='word_1_353' title='bbox 805 1470 852 1497; x_wconf 74' lang='grc' dir='ltr'>εὓ-</span> 
     </span>
    </p>
   </div>
   <div class='ocr_carea' id='block_1_52' title="bbox 55 1513 853 1552">
    <p class='ocr_par' dir='ltr' id='par_1_52' title="bbox 55 1513 853 1552">
     <span class='ocr_line' id='line_1_52' title="bbox 55 1513 853 1552; baseline 0.001 -11"><span class='ocrx_word' id='word_1_354' title='bbox 55 1513 196 1550; x_wconf 82' lang='grc' dir='ltr'>θραυστον</span> <span class='ocrx_word' id='word_1_355' title='bbox 219 1515 269 1552; x_wconf 75' lang='grc' dir='ltr'><strong>ήδη</strong></span> <span class='ocrx_word' id='word_1_356' title='bbox 293 1516 340 1542; x_wconf 78' lang='grc' dir='ltr'>καὶ</span> <span class='ocrx_word' id='word_1_357' title='bbox 363 1515 503 1552; x_wconf 75' lang='grc' dir='ltr'>ἄνανδρον.</span> <span class='ocrx_word' id='word_1_358' title='bbox 521 1515 553 1542; x_wconf 81' lang='grc' dir='ltr'><strong>Ἠ</strong></span> <span class='ocrx_word' id='word_1_359' title='bbox 569 1516 597 1543; x_wconf 84' lang='grc' dir='ltr'>δὲ</span> <span class='ocrx_word' id='word_1_360' title='bbox 620 1517 649 1542; x_wconf 78' lang='grc' dir='ltr'>ὲν</span> <span class='ocrx_word' id='word_1_361' title='bbox 666 1517 698 1552; x_wconf 87' lang='grc' dir='ltr'>τῇ</span> <span class='ocrx_word' id='word_1_362' title='bbox 717 1515 853 1552; x_wconf 79' lang='grc' dir='ltr'>στρεϐλώ-</span> 
     </span>
    </p>
   </div>
   <div class='ocr_carea' id='block_1_53' title="bbox 57 1560 852 1598">
    <p class='ocr_par' dir='ltr' id='par_1_53' title="bbox 57 1560 852 1598">
     <span class='ocr_line' id='line_1_53' title="bbox 57 1560 852 1598; baseline 0.004 -12"><span class='ocrx_word' id='word_1_363' title='bbox 57 1560 169 1597; x_wconf 83' lang='grc' dir='ltr'>σει(77)</span> <span class='ocrx_word' id='word_1_364' title='bbox 187 1561 314 1598; x_wconf 76' lang='grc' dir='ltr'>ἀνένηψε,</span> <span class='ocrx_word' id='word_1_365' title='bbox 333 1561 382 1589; x_wconf 72' lang='grc' dir='ltr'><strong>καὶ</strong></span> <span class='ocrx_word' id='word_1_366' title='bbox 399 1561 436 1594; x_wconf 83' lang='grc' dir='ltr'>ὡς</span> <span class='ocrx_word' id='word_1_367' title='bbox 452 1561 486 1589; x_wconf 80' lang='grc' dir='ltr'>ἂν</span> <span class='ocrx_word' id='word_1_368' title='bbox 502 1561 589 1588; x_wconf 80' lang='grc' dir='ltr'>εἰπεῖν</span> <span class='ocrx_word' id='word_1_369' title='bbox 606 1562 637 1588; x_wconf 76' lang='grc' dir='ltr'>ἐκ</span> <span class='ocrx_word' id='word_1_370' title='bbox 655 1561 751 1597; x_wconf 84' lang='grc' dir='ltr'>βαθέος</span> <span class='ocrx_word' id='word_1_371' title='bbox 768 1561 852 1589; x_wconf 80' lang='grc' dir='ltr'>ὕπνου</span> 
     </span>
    </p>
   </div>
   <div class='ocr_carea' id='block_1_54' title="bbox 940 1327 1691 1364">
    <p class='ocr_par' dir='ltr' id='par_1_54' title="bbox 940 1327 1691 1364">
     <span class='ocr_line' id='line_1_54' title="bbox 940 1327 1691 1364; baseline -0.001 -7"><span class='ocrx_word' id='word_1_372' title='bbox 940 1328 994 1357; x_wconf 79' lang='lat' dir='ltr'><strong>VII.</strong></span> <span class='ocrx_word' id='word_1_373' title='bbox 1014 1328 1066 1356; x_wconf 89' lang='lat' dir='ltr'><strong>Sed</strong></span> <span class='ocrx_word' id='word_1_374' title='bbox 1087 1332 1113 1356; x_wconf 89' lang='lat' dir='ltr'><strong>et</strong></span> <span class='ocrx_word' id='word_1_375' title='bbox 1138 1327 1286 1356; x_wconf 80' lang='lat' dir='ltr'><strong>Bibliadem</strong></span> <span class='ocrx_word' id='word_1_376' title='bbox 1303 1329 1449 1364; x_wconf 83' lang='lat' dir='ltr'><strong>quamdam</strong></span> <span class='ocrx_word' id='word_1_377' title='bbox 1470 1337 1504 1356; x_wconf 80' lang='lat' dir='ltr'><strong>ex</strong></span> <span class='ocrx_word' id='word_1_378' title='bbox 1521 1337 1617 1358; x_wconf 88' lang='lat' dir='ltr'><strong>eorum</strong></span> <span class='ocrx_word' id='word_1_379' title='bbox 1640 1338 1691 1357; x_wconf 91' lang='lat' dir='ltr'><strong>nu-</strong></span> 
     </span>
    </p>
   </div>
   <div class='ocr_carea' id='block_1_55' title="bbox 904 1375 1693 1411">
    <p class='ocr_par' dir='ltr' id='par_1_55' title="bbox 904 1375 1693 1411">
     <span class='ocr_line' id='line_1_55' title="bbox 904 1375 1693 1411; baseline -0.001 -7"><span class='ocrx_word' id='word_1_380' title='bbox 904 1384 980 1404; x_wconf 79' lang='lat' dir='ltr'><strong>Itero</strong></span> <span class='ocrx_word' id='word_1_381' title='bbox 996 1375 1043 1411; x_wconf 90' lang='lat' dir='ltr'><strong>qui</strong></span> <span class='ocrx_word' id='word_1_382' title='bbox 1058 1375 1158 1403; x_wconf 89' lang='lat' dir='ltr'><strong>Christi</strong></span> <span class='ocrx_word' id='word_1_383' title='bbox 1171 1375 1251 1403; x_wconf 81' lang='lat' dir='ltr'><strong>tidem</strong></span> <span class='ocrx_word' id='word_1_384' title='bbox 1270 1375 1479 1410; x_wconf 84' lang='lat' dir='ltr'><strong>abnegaverant,</strong></span> <span class='ocrx_word' id='word_1_385' title='bbox 1492 1384 1553 1403; x_wconf 92' lang='lat' dir='ltr'><strong>cum</strong></span> <span class='ocrx_word' id='word_1_386' title='bbox 1564 1376 1620 1411; x_wconf 81' lang='lat' dir='ltr'><strong>jam</strong></span> <span class='ocrx_word' id='word_1_387' title='bbox 1633 1376 1693 1403; x_wconf 93' lang='lat' dir='ltr'><strong>dia-</strong></span> 
     </span>
    </p>
   </div>
   <div class='ocr_carea' id='block_1_56' title="bbox 903 1420 1693 1457">
    <p class='ocr_par' dir='ltr' id='par_1_56' title="bbox 903 1420 1693 1457">
     <span class='ocr_line' id='line_1_56' title="bbox 903 1420 1693 1457; baseline 0 -9"><span class='ocrx_word' id='word_1_388' title='bbox 903 1420 982 1448; x_wconf 89' lang='lat' dir='ltr'><strong>bolus</strong></span> <span class='ocrx_word' id='word_1_389' title='bbox 1004 1427 1019 1447; x_wconf 91' lang='lat' dir='ltr'><strong>a</strong></span> <span class='ocrx_word' id='word_1_390' title='bbox 1044 1428 1074 1447; x_wconf 90' lang='lat' dir='ltr'><strong>se</strong></span> <span class='ocrx_word' id='word_1_391' title='bbox 1093 1421 1250 1455; x_wconf 83' lang='lat' dir='ltr'><strong>absorptant</strong></span> <span class='ocrx_word' id='word_1_392' title='bbox 1273 1421 1410 1453; x_wconf 87' lang='lat' dir='ltr'><strong>crederet,</strong></span> <span class='ocrx_word' id='word_1_393' title='bbox 1430 1421 1565 1456; x_wconf 79' lang='lat' dir='ltr'><strong>velletque</strong></span> <span class='ocrx_word' id='word_1_394' title='bbox 1580 1421 1693 1457; x_wconf 86' lang='lat' dir='ltr'><strong>insuper</strong></span> 
     </span>
    </p>
   </div>
   <div class='ocr_carea' id='block_1_57' title="bbox 903 1467 1692 1502">
    <p class='ocr_par' dir='ltr' id='par_1_57' title="bbox 903 1467 1692 1502">
     <span class='ocr_line' id='line_1_57' title="bbox 903 1467 1692 1502; baseline 0 -7"><span class='ocrx_word' id='word_1_395' title='bbox 903 1468 1107 1495; x_wconf 82' lang='lat' dir='ltr'><strong>damnationem</strong></span> <span class='ocrx_word' id='word_1_396' title='bbox 1123 1467 1197 1495; x_wconf 91' lang='lat' dir='ltr'><strong>illius</strong></span> <span class='ocrx_word' id='word_1_397' title='bbox 1211 1467 1352 1495; x_wconf 85' lang='lat' dir='ltr'><strong>cumulare</strong></span> <span class='ocrx_word' id='word_1_398' title='bbox 1372 1467 1551 1502; x_wconf 84' lang='lat' dir='ltr'><strong>blasphemia,</strong></span> <span class='ocrx_word' id='word_1_399' title='bbox 1572 1468 1606 1495; x_wconf 84' lang='lat' dir='ltr'><strong>ad</strong></span> <span class='ocrx_word' id='word_1_400' title='bbox 1625 1475 1692 1502; x_wconf 79' lang='lat' dir='ltr'><strong>sup-</strong></span> 
     </span>
    </p>
   </div>
   <div class='ocr_carea' id='block_1_58' title="bbox 904 1513 1693 1550">
    <p class='ocr_par' dir='ltr' id='par_1_58' title="bbox 904 1513 1693 1550">
     <span class='ocr_line' id='line_1_58' title="bbox 904 1513 1693 1550; baseline 0 -9"><span class='ocrx_word' id='word_1_401' title='bbox 904 1513 1014 1549; x_wconf 91' lang='lat' dir='ltr'><strong>plicium</strong></span> <span class='ocrx_word' id='word_1_402' title='bbox 1032 1514 1124 1545; x_wconf 85' lang='lat' dir='ltr'><strong>duxit,</strong></span> <span class='ocrx_word' id='word_1_403' title='bbox 1148 1513 1261 1550; x_wconf 84' lang='lat' dir='ltr'><strong>adigens</strong></span> <span class='ocrx_word' id='word_1_404' title='bbox 1283 1521 1354 1547; x_wconf 88' lang='lat' dir='ltr'><strong>eam,</strong></span> <span class='ocrx_word' id='word_1_405' title='bbox 1377 1517 1470 1548; x_wconf 86' lang='lat' dir='ltr'><strong>utpote</strong></span> <span class='ocrx_word' id='word_1_406' title='bbox 1491 1513 1614 1550; x_wconf 80' lang='lat' dir='ltr'><strong>fragilem</strong></span> <span class='ocrx_word' id='word_1_407' title='bbox 1635 1514 1693 1549; x_wconf 76' lang='lat' dir='ltr'><strong>jam</strong></span> 
     </span>
    </p>
   </div>
   <div class='ocr_carea' id='block_1_59' title="bbox 901 1559 1692 1596">
    <p class='ocr_par' dir='ltr' id='par_1_59' title="bbox 901 1559 1692 1596">
     <span class='ocr_line' id='line_1_59' title="bbox 901 1559 1692 1596; baseline 0 -9"><span class='ocrx_word' id='word_1_408' title='bbox 901 1565 929 1587; x_wconf 80' lang='lat' dir='ltr'><strong>et</strong></span> <span class='ocrx_word' id='word_1_409' title='bbox 948 1560 1084 1595; x_wconf 79' lang='lat' dir='ltr'><strong>ignavam,</strong></span> <span class='ocrx_word' id='word_1_410' title='bbox 1099 1560 1181 1595; x_wconf 89' lang='lat' dir='ltr'><strong>impia</strong></span> <span class='ocrx_word' id='word_1_411' title='bbox 1205 1560 1239 1588; x_wconf 88' lang='lat' dir='ltr'><strong>de</strong></span> <span class='ocrx_word' id='word_1_412' title='bbox 1258 1560 1337 1588; x_wconf 84' lang='lat' dir='ltr'><strong>nohis</strong></span> <span class='ocrx_word' id='word_1_413' title='bbox 1358 1560 1494 1596; x_wconf 84' lang='lat' dir='ltr'><strong>proloqui.</strong></span> <span class='ocrx_word' id='word_1_414' title='bbox 1522 1559 1622 1588; x_wconf 88' lang='lat' dir='ltr'><strong>Verutn</strong></span> <span class='ocrx_word' id='word_1_415' title='bbox 1646 1560 1692 1588; x_wconf 80' lang='lat' dir='ltr'><strong>illa</strong></span> 
     </span>
    </p>
   </div>
   <div class='ocr_carea' id='block_1_60' title="bbox 57 1605 854 1644">
    <p class='ocr_par' dir='ltr' id='par_1_60' title="bbox 57 1605 852 1644">
     <span class='ocr_line' id='line_1_60' title="bbox 57 1605 852 1644; baseline 0.005 -13"><span class='ocrx_word' id='word_1_416' title='bbox 57 1605 301 1642; x_wconf 75' lang='grc' dir='ltr'><strong>ἀνεγρηγόρησεν⁸</strong></span> <span class='ocrx_word' id='word_1_417' title='bbox 325 1606 529 1642; x_wconf 83' lang='grc' dir='ltr'>ὑπομνησθεῖσα</span> <span class='ocrx_word' id='word_1_418' title='bbox 549 1607 593 1634; x_wconf 84' lang='grc' dir='ltr'>διὰ</span> <span class='ocrx_word' id='word_1_419' title='bbox 614 1607 664 1642; x_wconf 83' lang='grc' dir='ltr'><strong>τῆς</strong></span> <span class='ocrx_word' id='word_1_420' title='bbox 686 1608 852 1644; x_wconf 78' lang='grc' dir='ltr'>προσκαίρου</span> 
     </span>
    </p>
   </div>
   <div class='ocr_carea' id='block_1_61' title="bbox 933 1605 1693 1644">
    <p class='ocr_par' dir='ltr' id='par_1_61' title="bbox 935 1605 1693 1640">
     <span class='ocr_line' id='line_1_61' title="bbox 935 1605 1693 1640; baseline 0 -7"><span class='ocrx_word' id='word_1_421' title='bbox 935 1606 1020 1640; x_wconf 80' lang='lat' dir='ltr'><strong>sipuit</strong></span> <span class='ocrx_word' id='word_1_422' title='bbox 1045 1606 1116 1633; x_wconf 89' lang='lat' dir='ltr'><strong>inter</strong></span> <span class='ocrx_word' id='word_1_423' title='bbox 1142 1606 1301 1639; x_wconf 85' lang='lat' dir='ltr'><strong>cruciatus,</strong></span> <span class='ocrx_word' id='word_1_424' title='bbox 1327 1613 1360 1634; x_wconf 91' lang='lat' dir='ltr'><strong>ac</strong></span> <span class='ocrx_word' id='word_1_425' title='bbox 1386 1606 1469 1634; x_wconf 90' lang='lat' dir='ltr'><strong>veluti</strong></span> <span class='ocrx_word' id='word_1_426' title='bbox 1496 1613 1530 1633; x_wconf 81' lang='lat' dir='ltr'><strong>ex</strong></span> <span class='ocrx_word' id='word_1_427' title='bbox 1558 1605 1693 1634; x_wconf 82' lang='lat' dir='ltr'><strong>altissimo</strong></span> 
     </span>
    </p>
   </div>
   <div class='ocr_carea' id='block_1_62' title="bbox 58 1651 853 1690">
    <p class='ocr_par' dir='ltr' id='par_1_62' title="bbox 58 1651 853 1690">
     <span class='ocr_line' id='line_1_62' title="bbox 58 1651 853 1690; baseline 0.003 -12"><span class='ocrx_word' id='word_1_428' title='bbox 58 1651 199 1687; x_wconf 80' lang='grc' dir='ltr'>τιμωρίας</span> <span class='ocrx_word' id='word_1_429' title='bbox 222 1652 270 1688; x_wconf 84' lang='grc' dir='ltr'><strong>τὴν</strong></span> <span class='ocrx_word' id='word_1_430' title='bbox 294 1651 403 1680; x_wconf 73' lang='grc' dir='ltr'>αἰώνιον</span> <span class='ocrx_word' id='word_1_431' title='bbox 425 1654 455 1680; x_wconf 82' lang='grc' dir='ltr'>ὲν</span> <span class='ocrx_word' id='word_1_432' title='bbox 478 1652 576 1690; x_wconf 83' lang='grc' dir='ltr'>γεέννῃ</span> <span class='ocrx_word' id='word_1_433' title='bbox 600 1652 721 1680; x_wconf 84' lang='grc' dir='ltr'>κόλασιν.</span> <span class='ocrx_word' id='word_1_434' title='bbox 745 1654 800 1681; x_wconf 81' lang='grc' dir='ltr'><strong>Καὶ</strong></span> <span class='ocrx_word' id='word_1_435' title='bbox 823 1655 853 1688; x_wconf 75' lang='grc' dir='ltr'>ἐξ</span> 
     </span>
    </p>
   </div>
   <div class='ocr_carea' id='block_1_63' title="bbox 60 1697 854 1735">
    <p class='ocr_par' dir='ltr' id='par_1_63' title="bbox 60 1697 854 1735">
     <span class='ocr_line' id='line_1_63' title="bbox 60 1697 854 1735; baseline 0.004 -12"><span class='ocrx_word' id='word_1_436' title='bbox 60 1697 188 1730; x_wconf 72' lang='grc' dir='ltr'>ἐναντίας</span> <span class='ocrx_word' id='word_1_437' title='bbox 204 1699 314 1725; x_wconf 76' lang='grc' dir='ltr'>ἀντεῖπε</span> <span class='ocrx_word' id='word_1_438' title='bbox 331 1700 386 1730; x_wconf 87' lang='grc' dir='ltr'>τοῖς</span> <span class='ocrx_word' id='word_1_439' title='bbox 403 1698 572 1735; x_wconf 78' lang='grc' dir='ltr'>βλασφήμοις</span> <span class='ocrx_word' id='word_1_440' title='bbox 581 1698 636 1734; x_wconf 87' lang='grc'>(78)</span> <span class='ocrx_word' id='word_1_441' title='bbox 645 1699 770 1735; x_wconf 74' lang='grc' dir='ltr'>φήσασα·</span> <span class='ocrx_word' id='word_1_442' title='bbox 787 1700 854 1733; x_wconf 86' lang='grc' dir='ltr'><strong>Πῶς</strong></span> 
     </span>
    </p>
   </div>
   <div class='ocr_carea' id='block_1_64' title="bbox 61 1742 853 1781">
    <p class='ocr_par' dir='ltr' id='par_1_64' title="bbox 61 1742 853 1781">
     <span class='ocr_line' id='line_1_64' title="bbox 61 1742 853 1781; baseline 0.004 -11"><span class='ocrx_word' id='word_1_443' title='bbox 61 1742 100 1770; x_wconf 84' lang='grc' dir='ltr'>ἂν</span> <span class='ocrx_word' id='word_1_444' title='bbox 116 1743 222 1771; x_wconf 80' lang='grc' dir='ltr'>παιδία</span> <span class='ocrx_word' id='word_1_445' title='bbox 235 1743 358 1779; x_wconf 57' lang='lat' dir='ltr'><strong>prisz</strong></span> <span class='ocrx_word' id='word_1_446' title='bbox 370 1744 423 1781; x_wconf 83' lang='lat'><strong>(79)</strong></span> <span class='ocrx_word' id='word_1_447' title='bbox 440 1747 467 1772; x_wconf 87' lang='lat' dir='ltr'><strong>al</strong></span> <span class='ocrx_word' id='word_1_448' title='bbox 480 1745 618 1779; x_wconf 83' lang='grc' dir='ltr'>τοιοῦτοι,</span> <span class='ocrx_word' id='word_1_449' title='bbox 634 1743 679 1780; x_wconf 79' lang='grc' dir='ltr'><strong>οἷς</strong></span> <span class='ocrx_word' id='word_1_450' title='bbox 688 1745 766 1781; x_wconf 79' lang='grc' dir='ltr'><strong>μηδὲ</strong></span> <span class='ocrx_word' id='word_1_451' title='bbox 782 1746 853 1773; x_wconf 77' lang='grc' dir='ltr'>ἀλό-</span> 
     </span>
    </p>
   </div>
   <div class='ocr_carea' id='block_1_65' title="bbox 99 1819 853 1856">
    <p class='ocr_par' dir='ltr' id='par_1_65' title="bbox 99 1819 853 1856">
     <span class='ocr_line' id='line_1_65' title="bbox 99 1819 853 1856; baseline 0.001 -9"><span class='ocrx_word' id='word_1_452' title='bbox 99 1820 158 1856; x_wconf 70' lang='lat'><strong>(79)</strong></span> <span class='ocrx_word' id='word_1_453' title='bbox 176 1820 224 1847; x_wconf 83' lang='grc' dir='ltr'>Ἐκ</span> <span class='ocrx_word' id='word_1_454' title='bbox 236 1819 291 1854; x_wconf 85' lang='grc' dir='ltr'><strong>τῆς</strong></span> <span class='ocrx_word' id='word_1_455' title='bbox 305 1820 427 1854; x_wconf 82' lang='grc' dir='ltr'><strong>νηδύος.</strong></span> <span class='ocrx_word' id='word_1_456' title='bbox 440 1821 543 1848; x_wconf 81' lang='lat' dir='ltr'><strong>Alludit</strong></span> <span class='ocrx_word' id='word_1_457' title='bbox 555 1821 587 1848; x_wconf 93' lang='lat' dir='ltr'><strong>ad</strong></span> <span class='ocrx_word' id='word_1_458' title='bbox 604 1829 664 1856; x_wconf 91' lang='lat' dir='ltr'><strong>cap.</strong></span> <span class='ocrx_word' id='word_1_459' title='bbox 680 1829 719 1848; x_wconf 84' lang='lat' dir='ltr'><strong>vn</strong></span> <span class='ocrx_word' id='word_1_460' title='bbox 730 1828 761 1848; x_wconf 88' lang='lat' dir='ltr'><strong>ex</strong></span> <span class='ocrx_word' id='word_1_461' title='bbox 771 1820 853 1848; x_wconf 80' lang='lat' dir='ltr'><strong>Joan-</strong></span> 
     </span>
    </p>
   </div>
   <div class='ocr_carea' id='block_1_66' title="bbox 62 1855 855 1892">
    <p class='ocr_par' dir='ltr' id='par_1_66' title="bbox 62 1855 855 1892">
     <span class='ocr_line' id='line_1_66' title="bbox 62 1855 855 1892; baseline 0.003 -10"><span class='ocrx_word' id='word_1_462' title='bbox 62 1855 107 1892; x_wconf 87' lang='lat' dir='ltr'><strong>nis</strong></span> <span class='ocrx_word' id='word_1_463' title='bbox 129 1855 287 1892; x_wconf 71' lang='lat' dir='ltr'><strong>Evangelio,</strong></span> <span class='ocrx_word' id='word_1_464' title='bbox 313 1857 339 1883; x_wconf 90' lang='lat' dir='ltr'><strong>in</strong></span> <span class='ocrx_word' id='word_1_465' title='bbox 362 1864 426 1892; x_wconf 14' lang='lat' dir='ltr'><strong>quo?</strong></span> <span class='ocrx_word' id='word_1_466' title='bbox 438 1857 557 1892; x_wconf 77' lang='lat' dir='ltr'><strong>legitur:</strong></span> <span class='ocrx_word' id='word_1_467' title='bbox 575 1855 703 1884; x_wconf 76' lang='lat' dir='ltr'><strong>Flumina</strong></span> <span class='ocrx_word' id='word_1_468' title='bbox 723 1856 755 1882; x_wconf 85' lang='lat' dir='ltr'><strong>de</strong></span> <span class='ocrx_word' id='word_1_469' title='bbox 768 1861 855 1884; x_wconf 76' lang='lat' dir='ltr'><strong>ventre</strong></span> 
     </span>
    </p>
   </div>
   <div class='ocr_carea' id='block_1_67' title="bbox 63 1891 520 1926">
    <p class='ocr_par' dir='ltr' id='par_1_67' title="bbox 63 1891 520 1926">
     <span class='ocr_line' id='line_1_67' title="bbox 63 1891 520 1926; baseline 0.002 -9"><span class='ocrx_word' id='word_1_470' title='bbox 63 1891 120 1926; x_wconf 78' lang='lat' dir='ltr'><strong>ejus</strong></span> <span class='ocrx_word' id='word_1_471' title='bbox 139 1891 222 1926; x_wconf 80' lang='lat' dir='ltr'><strong>ﬂuent</strong></span> <span class='ocrx_word' id='word_1_472' title='bbox 237 1899 312 1926; x_wconf 68' lang='lat' dir='ltr'><strong>aquae</strong></span> <span class='ocrx_word' id='word_1_473' title='bbox 329 1892 401 1918; x_wconf 73' lang='lat' dir='ltr'><strong>view.</strong></span> <span class='ocrx_word' id='word_1_474' title='bbox 421 1891 520 1919; x_wconf 59' lang='lat' dir='ltr'><strong>Vastis.</strong></span> 
     </span>
    </p>
   </div>
   <div class='ocr_carea' id='block_1_68' title="bbox 100 1925 855 1961">
    <p class='ocr_par' dir='ltr' id='par_1_68' title="bbox 100 1925 855 1961">
     <span class='ocr_line' id='line_1_68' title="bbox 100 1925 855 1961; baseline 0.004 -9"><span class='ocrx_word' id='word_1_475' title='bbox 100 1925 159 1960; x_wconf 75' lang='grc'><strong>(71)</strong></span> <span class='ocrx_word' id='word_1_476' title='bbox 185 1925 451 1961; x_wconf 68' lang='grc' dir='ltr'><strong>Συνέσπασμένον.</strong></span> <span class='ocrx_word' id='word_1_477' title='bbox 480 1926 653 1954; x_wconf 83' lang='lat' dir='ltr'><strong>Contractum</strong></span> <span class='ocrx_word' id='word_1_478' title='bbox 674 1932 699 1954; x_wconf 84' lang='lat' dir='ltr'><strong>et</strong></span> <span class='ocrx_word' id='word_1_479' title='bbox 718 1927 855 1955; x_wconf 83' lang='lat' dir='ltr'><strong>incurvum</strong></span> 
     </span>
    </p>
   </div>
   <div class='ocr_carea' id='block_1_69' title="bbox 62 1961 857 1996">
    <p class='ocr_par' dir='ltr' id='par_1_69' title="bbox 62 1961 857 1996">
     <span class='ocr_line' id='line_1_69' title="bbox 62 1961 857 1996; baseline 0.003 -9"><span class='ocrx_word' id='word_1_480' title='bbox 62 1961 160 1988; x_wconf 84' lang='lat' dir='ltr'><strong>malim</strong></span> <span class='ocrx_word' id='word_1_481' title='bbox 175 1966 291 1993; x_wconf 83' lang='lat' dir='ltr'><strong>vertere,</strong></span> <span class='ocrx_word' id='word_1_482' title='bbox 306 1970 387 1996; x_wconf 86' lang='lat' dir='ltr'><strong>quam</strong></span> <span class='ocrx_word' id='word_1_483' title='bbox 401 1962 559 1988; x_wconf 81' lang='lat' dir='ltr'><strong>distractum</strong></span> <span class='ocrx_word' id='word_1_484' title='bbox 571 1965 596 1988; x_wconf 77' lang='lat' dir='ltr'><strong>et</strong></span> <span class='ocrx_word' id='word_1_485' title='bbox 607 1961 751 1995; x_wconf 77' lang='lat' dir='ltr'><strong>divulsum,</strong></span> <span class='ocrx_word' id='word_1_486' title='bbox 765 1967 795 1989; x_wconf 93' lang='lat' dir='ltr'><strong>ut</strong></span> <span class='ocrx_word' id='word_1_487' title='bbox 807 1963 857 1990; x_wconf 88' lang='lat' dir='ltr'><strong>ini-</strong></span> 
     </span>
    </p>
   </div>
   <div class='ocr_carea' id='block_1_70' title="bbox 63 1996 856 2025">
    <p class='ocr_par' dir='ltr' id='par_1_70' title="bbox 63 1996 856 2025">
     <span class='ocr_line' id='line_1_70' title="bbox 63 1996 856 2025; baseline 0.001 -1"><span class='ocrx_word' id='word_1_488' title='bbox 63 1997 102 2024; x_wconf 87' lang='lat' dir='ltr'><strong>tio</strong></span> <span class='ocrx_word' id='word_1_489' title='bbox 115 2000 262 2023; x_wconf 78' lang='lat' dir='ltr'><strong>verteram.</strong></span> <span class='ocrx_word' id='word_1_490' title='bbox 288 1996 345 2024; x_wconf 87' lang='lat' dir='ltr'><strong>Hoc</strong></span> <span class='ocrx_word' id='word_1_491' title='bbox 367 1998 439 2023; x_wconf 85' lang='lat' dir='ltr'><strong>enim</strong></span> <span class='ocrx_word' id='word_1_492' title='bbox 459 2001 532 2024; x_wconf 84' lang='lat' dir='ltr'><strong>esset</strong></span> <span class='ocrx_word' id='word_1_493' title='bbox 552 1996 759 2025; x_wconf 80' lang='grc' dir='ltr'>διεσπασμένον.</span> <span class='ocrx_word' id='word_1_494' title='bbox 783 1997 856 2025; x_wconf 83' lang='lat' dir='ltr'><strong>Con-</strong></span> 
     </span>
    </p>
   </div>
   <div class='ocr_carea' id='block_1_71' title="bbox 64 2032 856 2066">
    <p class='ocr_par' dir='ltr' id='par_1_71' title="bbox 64 2032 856 2066">
     <span class='ocr_line' id='line_1_71' title="bbox 64 2032 856 2066; baseline 0.001 -7"><span class='ocrx_word' id='word_1_495' title='bbox 64 2035 297 2066; x_wconf 35' lang='lat' dir='ltr'><strong>tractumﬂautem</strong></span> <span class='ocrx_word' id='word_1_496' title='bbox 318 2032 439 2066; x_wconf 79' lang='lat' dir='ltr'><strong>intelligo</strong></span> <span class='ocrx_word' id='word_1_497' title='bbox 457 2039 514 2066; x_wconf 70' lang='lat' dir='ltr'><strong>pra:</strong></span> <span class='ocrx_word' id='word_1_498' title='bbox 535 2032 721 2066; x_wconf 79' lang='lat' dir='ltr'><strong>magnitudine</strong></span> <span class='ocrx_word' id='word_1_499' title='bbox 735 2037 856 2060; x_wconf 83' lang='lat' dir='ltr'><strong>tormen-</strong></span> 
     </span>
    </p>
   </div>
   <div class='ocr_carea' id='block_1_72' title="bbox 64 2065 855 2102">
    <p class='ocr_par' dir='ltr' id='par_1_72' title="bbox 64 2065 855 2102">
     <span class='ocr_line' id='line_1_72' title="bbox 64 2065 855 2102; baseline 0.003 -8"><span class='ocrx_word' id='word_1_500' title='bbox 64 2073 168 2094; x_wconf 90' lang='lat' dir='ltr'><strong>torum.</strong></span> <span class='ocrx_word' id='word_1_501' title='bbox 183 2065 250 2093; x_wconf 85' lang='lat' dir='ltr'><strong>Nam</strong></span> <span class='ocrx_word' id='word_1_502' title='bbox 266 2067 314 2102; x_wconf 91' lang='lat' dir='ltr'><strong>qui</strong></span> <span class='ocrx_word' id='word_1_503' title='bbox 326 2067 352 2094; x_wconf 91' lang='lat' dir='ltr'><strong>in</strong></span> <span class='ocrx_word' id='word_1_504' title='bbox 367 2065 484 2102; x_wconf 77' lang='lat' dir='ltr'><strong>equuléo</strong></span> <span class='ocrx_word' id='word_1_505' title='bbox 497 2065 694 2102; x_wconf 80' lang='lat' dir='ltr'><strong>torquebantur</strong></span> <span class='ocrx_word' id='word_1_506' title='bbox 708 2068 855 2096; x_wconf 90' lang='lat' dir='ltr'><strong>vehemen-</strong></span> 
     </span>
    </p>
   </div>
   <div class='ocr_carea' id='block_1_73' title="bbox 66 2102 854 2136">
    <p class='ocr_par' dir='ltr' id='par_1_73' title="bbox 66 2102 854 2136">
     <span class='ocr_line' id='line_1_73' title="bbox 66 2102 854 2136; baseline 0.004 -8"><span class='ocrx_word' id='word_1_507' title='bbox 66 2103 134 2134; x_wconf 87' lang='lat' dir='ltr'><strong>tius,</strong></span> <span class='ocrx_word' id='word_1_508' title='bbox 159 2107 242 2136; x_wconf 88' lang='lat' dir='ltr'><strong>caput</strong></span> <span class='ocrx_word' id='word_1_509' title='bbox 263 2102 411 2130; x_wconf 88' lang='lat' dir='ltr'><strong>incurvare</strong></span> <span class='ocrx_word' id='word_1_510' title='bbox 437 2102 616 2136; x_wconf 81' lang='lat' dir='ltr'><strong>cogebantur,</strong></span> <span class='ocrx_word' id='word_1_511' title='bbox 641 2106 672 2129; x_wconf 89' lang='lat' dir='ltr'><strong>ut</strong></span> <span class='ocrx_word' id='word_1_512' title='bbox 691 2102 770 2130; x_wconf 87' lang='lat' dir='ltr'><strong>docet</strong></span> <span class='ocrx_word' id='word_1_513' title='bbox 793 2104 854 2131; x_wconf 77' lang='lat' dir='ltr'><strong>Am.</strong></span> 
     </span>
    </p>
   </div>
   <div class='ocr_carea' id='block_1_74' title="bbox 64 2136 858 2172">
    <p class='ocr_par' dir='ltr' id='par_1_74' title="bbox 64 2136 858 2172">
     <span class='ocr_line' id='line_1_74' title="bbox 64 2136 858 2172; baseline 0.001 -8"><span class='ocrx_word' id='word_1_514' title='bbox 64 2136 253 2169; x_wconf 81' lang='lat' dir='ltr'><strong>Marcellinus,</strong></span> <span class='ocrx_word' id='word_1_515' title='bbox 267 2145 329 2164; x_wconf 88' lang='lat' dir='ltr'><strong>cum</strong></span> <span class='ocrx_word' id='word_1_516' title='bbox 346 2137 384 2164; x_wconf 87' lang='lat' dir='ltr'><strong>ait</strong></span> <span class='ocrx_word' id='word_1_517' title='bbox 405 2146 413 2164; x_wconf 87' lang='lat'><strong>:</strong></span> <span class='ocrx_word' id='word_1_518' title='bbox 435 2146 444 2163; x_wconf 74' lang='grc' dir='ltr'><strong>ι</strong></span> <span class='ocrx_word' id='word_1_519' title='bbox 459 2136 507 2164; x_wconf 89' lang='lat' dir='ltr'><strong>Vel</strong></span> <span class='ocrx_word' id='word_1_520' title='bbox 519 2137 570 2164; x_wconf 89' lang='lat' dir='ltr'><strong>sub</strong></span> <span class='ocrx_word' id='word_1_521' title='bbox 588 2137 706 2172; x_wconf 83' lang='lat' dir='ltr'><strong>equuleo</strong></span> <span class='ocrx_word' id='word_1_522' title='bbox 721 2142 802 2172; x_wconf 83' lang='lat' dir='ltr'><strong>caput</strong></span> <span class='ocrx_word' id='word_1_523' title='bbox 817 2139 858 2165; x_wconf 93' lang='lat' dir='ltr'><strong>in-</strong></span> 
     </span>
    </p>
   </div>
   <div class='ocr_carea' id='block_1_75' title="bbox 65 2172 859 2209">
    <p class='ocr_par' dir='ltr' id='par_1_75' title="bbox 65 2172 859 2209">
     <span class='ocr_line' id='line_1_75' title="bbox 65 2172 859 2209; baseline 0.003 -10"><span class='ocrx_word' id='word_1_524' title='bbox 65 2180 179 2209; x_wconf 78' lang='lat' dir='ltr'><strong>rurvus,</strong></span> <span class='ocrx_word' id='word_1_525' title='bbox 196 2177 243 2209; x_wconf 83' lang='lat' dir='ltr'><strong>aut</strong></span> <span class='ocrx_word' id='word_1_526' title='bbox 258 2172 312 2200; x_wconf 93' lang='lat' dir='ltr'><strong>ictu</strong></span> <span class='ocrx_word' id='word_1_527' title='bbox 327 2173 464 2200; x_wconf 81' lang='lat' dir='ltr'><strong>carniﬁcis</strong></span> <span class='ocrx_word' id='word_1_528' title='bbox 478 2173 552 2209; x_wconf 14' lang='lat' dir='ltr'><strong>torvi?</strong></span> <span class='ocrx_word' id='word_1_529' title='bbox 562 2172 721 2200; x_wconf 85' lang='lat' dir='ltr'><strong>substravit.</strong></span> <span class='ocrx_word' id='word_1_530' title='bbox 740 2182 748 2198; x_wconf 78' lang='grc' dir='ltr'><strong>ι</strong></span> <span class='ocrx_word' id='word_1_531' title='bbox 768 2173 859 2209; x_wconf 87' lang='lat' dir='ltr'><strong>Inepte</strong></span> 
     </span>
    </p>
   </div>
   <div class='ocr_carea' id='block_1_76' title="bbox 64 2207 859 2243">
    <p class='ocr_par' dir='ltr' id='par_1_76' title="bbox 64 2207 859 2243">
     <span class='ocr_line' id='line_1_76' title="bbox 64 2207 859 2243; baseline 0 -7"><span class='ocrx_word' id='word_1_532' title='bbox 64 2207 338 2243; x_wconf 67' lang='lat' dir='ltr'><strong>Christophorsonus</strong></span> <span class='ocrx_word' id='word_1_533' title='bbox 356 2212 522 2234; x_wconf 79' lang='lat' dir='ltr'><strong>contractum</strong></span> <span class='ocrx_word' id='word_1_534' title='bbox 543 2208 572 2234; x_wconf 84' lang='lat' dir='ltr'><strong>in</strong></span> <span class='ocrx_word' id='word_1_535' title='bbox 596 2216 675 2243; x_wconf 73' lang='lat' dir='ltr'><strong>rugas</strong></span> <span class='ocrx_word' id='word_1_536' title='bbox 700 2215 794 2243; x_wconf 73' lang='lat' dir='ltr'><strong>corpus</strong></span> <span class='ocrx_word' id='word_1_537' title='bbox 813 2207 859 2236; x_wconf 83' lang='lat' dir='ltr'><strong>in-</strong></span> 
     </span>
    </p>
   </div>
   <div class='ocr_carea' id='block_1_77' title="bbox 67 2242 416 2277">
    <p class='ocr_par' dir='ltr' id='par_1_77' title="bbox 67 2242 416 2277">
     <span class='ocr_line' id='line_1_77' title="bbox 67 2242 416 2277; baseline -0.003 -6"><span class='ocrx_word' id='word_1_538' title='bbox 67 2247 234 2277; x_wconf 84' lang='lat' dir='ltr'><strong>terpretatus</strong></span> <span class='ocrx_word' id='word_1_539' title='bbox 250 2247 301 2270; x_wconf 86' lang='lat' dir='ltr'><strong>est.</strong></span> <span class='ocrx_word' id='word_1_540' title='bbox 317 2242 416 2270; x_wconf 75' lang='grc' dir='ltr'>νΑιεε.</span> 
     </span>
    </p>
   </div>
   <div class='ocr_carea' id='block_1_78' title="bbox 103 2277 895 2327">
    <p class='ocr_par' dir='ltr' id='par_1_78' title="bbox 103 2277 895 2327">
     <span class='ocr_line' id='line_1_78' title="bbox 103 2277 895 2327; baseline 0.003 -23"><span class='ocrx_word' id='word_1_541' title='bbox 103 2277 161 2310; x_wconf 73' lang='grc'>(72)</span> <span class='ocrx_word' id='word_1_542' title='bbox 260 2277 415 2327; x_wconf 44' lang='grc' dir='ltr'><strong>αωιέὶάςων.</strong></span> <span class='ocrx_word' id='word_1_543' title='bbox 443 2277 624 2327; x_wconf 63' lang='lat' dir='ltr'><strong>S‘crihendum</strong></span> <span class='ocrx_word' id='word_1_544' title='bbox 647 2278 754 2306; x_wconf 86' lang='lat' dir='ltr'><strong>videtur</strong></span> <span class='ocrx_word' id='word_1_545' title='bbox 771 2287 857 2315; x_wconf 82' lang='grc' dir='ltr'>τραυ-</span> <span class='ocrx_word' id='word_1_546' title='bbox 872 2297 895 2327; x_wconf 77' lang='lat' dir='ltr'><strong>D</strong></span> 
     </span>
    </p>
   </div>
   <div class='ocr_carea' id='block_1_79' title="bbox 67 2313 554 2348">
    <p class='ocr_par' dir='ltr' id='par_1_79' title="bbox 67 2313 554 2348">
     <span class='ocr_line' id='line_1_79' title="bbox 67 2313 554 2348; baseline 0 -9"><span class='ocrx_word' id='word_1_547' title='bbox 67 2315 173 2346; x_wconf 81' lang='grc' dir='ltr'>μάτων,</span> <span class='ocrx_word' id='word_1_548' title='bbox 189 2317 218 2339; x_wconf 91' lang='lat' dir='ltr'><strong>ut</strong></span> <span class='ocrx_word' id='word_1_549' title='bbox 232 2313 295 2348; x_wconf 85' lang='lat' dir='ltr'><strong>legit</strong></span> <span class='ocrx_word' id='word_1_550' title='bbox 313 2313 438 2341; x_wconf 79' lang='lat' dir='ltr'><strong>Ruﬁnus.</strong></span> <span class='ocrx_word' id='word_1_551' title='bbox 456 2313 554 2340; x_wconf 71' lang='lat' dir='ltr'><strong>Vates.</strong></span> 
     </span>
    </p>
   </div>
   <div class='ocr_carea' id='block_1_80' title="bbox 103 2347 853 2385">
    <p class='ocr_par' dir='ltr' id='par_1_80' title="bbox 103 2347 853 2385">
     <span class='ocr_line' id='line_1_80' title="bbox 103 2347 853 2385; baseline 0.001 -11"><span class='ocrx_word' id='word_1_552' title='bbox 103 2348 161 2385; x_wconf 76' lang='grc'>(75)</span> <span class='ocrx_word' id='word_1_553' title='bbox 179 2347 283 2375; x_wconf 71' lang='grc' dir='ltr'>Ὀπόῑῖε</span> <span class='ocrx_word' id='word_1_554' title='bbox 293 2348 385 2385; x_wconf 37' lang='grc' dir='ltr'>οὐδέν</span> <span class='ocrx_word' id='word_1_555' title='bbox 396 2349 490 2385; x_wconf 59' lang='grc' dir='ltr'>Ὀτιότε</span> <span class='ocrx_word' id='word_1_556' title='bbox 502 2347 567 2385; x_wconf 76' lang='grc' dir='ltr'>γοῦν</span> <span class='ocrx_word' id='word_1_557' title='bbox 579 2347 641 2385; x_wconf 75' lang='grc' dir='ltr'>οὑδέ</span> <span class='ocrx_word' id='word_1_558' title='bbox 658 2347 853 2385; x_wconf 57' lang='lat' dir='ltr'><strong>GruteriLect.</strong></span> 
     </span>
    </p>
   </div>
   <div class='ocr_carea' id='block_1_81' title="bbox 65 2383 855 2419">
    <p class='ocr_par' dir='ltr' id='par_1_81' title="bbox 65 2383 855 2419">
     <span class='ocr_line' id='line_1_81' title="bbox 65 2383 855 2419; baseline 0 -9"><span class='ocrx_word' id='word_1_559' title='bbox 65 2389 94 2413; x_wconf 81' lang='lat' dir='ltr'><strong>et</strong></span> <span class='ocrx_word' id='word_1_560' title='bbox 110 2383 213 2418; x_wconf 77' lang='lat' dir='ltr'><strong>&#39;margo</strong></span> <span class='ocrx_word' id='word_1_561' title='bbox 239 2384 404 2419; x_wconf 83' lang='lat' dir='ltr'><strong>exemplaris</strong></span> <span class='ocrx_word' id='word_1_562' title='bbox 428 2383 580 2411; x_wconf 81' lang='lat' dir='ltr'><strong>Jonesiani.</strong></span> <span class='ocrx_word' id='word_1_563' title='bbox 604 2383 727 2411; x_wconf 79' lang='lat' dir='ltr'><strong>Srnorn.</strong></span> <span class='ocrx_word' id='word_1_564' title='bbox 757 2383 855 2411; x_wconf 85' lang='lat' dir='ltr'><strong>Statim</strong></span> 
     </span>
    </p>
   </div>
   <div class='ocr_carea' id='block_1_82' title="bbox 67 2419 856 2455">
    <p class='ocr_par' dir='ltr' id='par_1_82' title="bbox 67 2419 856 2455">
     <span class='ocr_line' id='line_1_82' title="bbox 67 2419 856 2455; baseline -0.003 -8"><span class='ocrx_word' id='word_1_565' title='bbox 67 2424 131 2447; x_wconf 88' lang='lat' dir='ltr'><strong>ante</strong></span> <span class='ocrx_word' id='word_1_566' title='bbox 144 2419 380 2455; x_wconf 61' lang='lat' dir='ltr'><strong>ereptécovmtpro</strong></span> <span class='ocrx_word' id='word_1_567' title='bbox 390 2419 622 2455; x_wconf 30' lang='lat' dir='ltr'><strong>ﬁsptéO’OW‘COimS.</strong></span> <span class='ocrx_word' id='word_1_568' title='bbox 634 2419 754 2447; x_wconf 80' lang='lat' dir='ltr'><strong>Norlolc.</strong></span> <span class='ocrx_word' id='word_1_569' title='bbox 768 2420 856 2447; x_wconf 77' lang='lat' dir='ltr'><strong>ethoc</strong></span> 
     </span>
    </p>
   </div>
   <div class='ocr_carea' id='block_1_83' title="bbox 68 2453 636 2489">
    <p class='ocr_par' dir='ltr' id='par_1_83' title="bbox 68 2453 636 2489">
     <span class='ocr_line' id='line_1_83' title="bbox 68 2453 636 2489; baseline -0.002 -7"><span class='ocrx_word' id='word_1_570' title='bbox 68 2455 131 2482; x_wconf 87' lang='lat' dir='ltr'><strong>loco</strong></span> <span class='ocrx_word' id='word_1_571' title='bbox 145 2453 194 2489; x_wconf 82' lang='grc' dir='ltr'>τήν</span> <span class='ocrx_word' id='word_1_572' title='bbox 211 2458 270 2488; x_wconf 89' lang='lat' dir='ltr'><strong>post</strong></span> <span class='ocrx_word' id='word_1_573' title='bbox 284 2453 346 2481; x_wconf 83' lang='grc' dir='ltr'>οὐδέ</span> <span class='ocrx_word' id='word_1_574' title='bbox 360 2453 437 2482; x_wconf 81' lang='lat' dir='ltr'><strong>deest</strong></span> <span class='ocrx_word' id='word_1_575' title='bbox 448 2455 475 2482; x_wconf 91' lang='lat' dir='ltr'><strong>in</strong></span> <span class='ocrx_word' id='word_1_576' title='bbox 493 2463 543 2481; x_wconf 82' lang='lat' dir='ltr'><strong>ms.</strong></span> <span class='ocrx_word' id='word_1_577' title='bbox 559 2454 636 2481; x_wconf 87' lang='lat' dir='ltr'><strong>Bodl.</strong></span> 
     </span>
    </p>
   </div>
   <div class='ocr_carea' id='block_1_84' title="bbox 117 2488 855 2525">
    <p class='ocr_par' dir='ltr' id='par_1_84' title="bbox 117 2488 855 2525">
     <span class='ocr_line' id='line_1_84' title="bbox 117 2488 855 2525; baseline 0.003 -10"><span class='ocrx_word' id='word_1_578' title='bbox 117 2489 162 2524; x_wconf 72' lang='grc'><strong>74)</strong></span> <span class='ocrx_word' id='word_1_579' title='bbox 173 2488 340 2525; x_wconf 45' lang='grc' dir='ltr'><strong>Ἷᾼνέκυψε.</strong></span> <span class='ocrx_word' id='word_1_580' title='bbox 358 2489 392 2525; x_wconf 6' lang='lat' dir='ltr'><strong>In,</strong></span> <span class='ocrx_word' id='word_1_581' title='bbox 409 2488 502 2525; x_wconf 51' lang='lat' dir='ltr'><strong>eam.</strong></span> <span class='ocrx_word' id='word_1_582' title='bbox 531 2489 624 2525; x_wconf 82' lang='lat' dir='ltr'><strong>Steph.</strong></span> <span class='ocrx_word' id='word_1_583' title='bbox 642 2489 855 2525; x_wconf 34' lang='grc' dir='ltr'>ἀνεκάλυψε.ηΙῐι</span> 
     </span>
    </p>
   </div>
   <div class='ocr_carea' id='block_1_85' title="bbox 68 2500 854 2560">
    <p class='ocr_par' dir='ltr' id='par_1_85' title="bbox 68 2500 854 2560">
     <span class='ocr_line' id='line_1_85' title="bbox 122 2500 854 2525; baseline 0.003 -10"><span class='ocrx_word' id='word_1_584' title='bbox 122 2500 162 2524; x_wconf 72' lang='grc' dir='ltr'>ιιι)</span> <span class='ocrx_word' id='word_1_585' title='bbox 190 2500 340 2524; x_wconf 65' lang='grc' dir='ltr'><strong>Ανεκυψε.</strong></span> <span class='ocrx_word' id='word_1_586' title='bbox 358 2500 386 2517; x_wconf 88' lang='lat' dir='ltr'><strong>In</strong></span> <span class='ocrx_word' id='word_1_587' title='bbox 409 2500 451 2517; x_wconf 82' lang='lat' dir='ltr'><strong>eu.</strong></span> <span class='ocrx_word' id='word_1_588' title='bbox 471 2500 502 2516; x_wconf 77' lang='grc' dir='ltr'>ιι.</span> <span class='ocrx_word' id='word_1_589' title='bbox 531 2500 624 2524; x_wconf 72' lang='grc' dir='ltr'><strong>ῠιυρυ.</strong></span> <span class='ocrx_word' id='word_1_590' title='bbox 642 2500 804 2525; x_wconf 79' lang='grc' dir='ltr'>ανεκαΛυψε.</span> <span class='ocrx_word' id='word_1_591' title='bbox 827 2500 854 2517; x_wconf 90' lang='lat' dir='ltr'><strong>In</strong></span> 
     </span>
     <span class='ocr_line' id='line_1_86' title="bbox 68 2500 854 2560; baseline 0 -8"><span class='ocrx_word' id='word_1_592' title='bbox 68 2500 163 2552; x_wconf 67' lang='lat' dir='ltr'><strong>codice</strong></span> <span class='ocrx_word' id='word_1_593' title='bbox 182 2523 308 2560; x_wconf 73' lang='lat' dir='ltr'><strong>Medicam</strong></span> <span class='ocrx_word' id='word_1_594' title='bbox 331 2530 357 2552; x_wconf 87' lang='lat' dir='ltr'><strong>et</strong></span> <span class='ocrx_word' id='word_1_595' title='bbox 371 2524 524 2556; x_wconf 80' lang='lat' dir='ltr'><strong>Maz.,Fuk.</strong></span> <span class='ocrx_word' id='word_1_596' title='bbox 543 2530 571 2552; x_wconf 86' lang='lat' dir='ltr'><strong>et</strong></span> <span class='ocrx_word' id='word_1_597' title='bbox 587 2524 697 2557; x_wconf 86' lang='lat' dir='ltr'><strong>Sav.,et</strong></span> <span class='ocrx_word' id='word_1_598' title='bbox 715 2527 788 2560; x_wconf 86' lang='lat' dir='ltr'><strong>apud</strong></span> <span class='ocrx_word' id='word_1_599' title='bbox 806 2524 854 2552; x_wconf 83' lang='lat' dir='ltr'><strong>Ni-</strong></span> 
     </span>
    </p>
   </div>
   <div class='ocr_carea' id='block_1_86' title="bbox 68 2559 857 2595">
    <p class='ocr_par' dir='ltr' id='par_1_86' title="bbox 68 2559 857 2595">
     <span class='ocr_line' id='line_1_87' title="bbox 68 2559 857 2595; baseline 0 -7"><span class='ocrx_word' id='word_1_600' title='bbox 68 2560 219 2594; x_wconf 85' lang='lat' dir='ltr'><strong>cephorum</strong></span> <span class='ocrx_word' id='word_1_601' title='bbox 237 2559 336 2594; x_wconf 85' lang='lat' dir='ltr'><strong>legitur</strong></span> <span class='ocrx_word' id='word_1_602' title='bbox 352 2561 481 2595; x_wconf 70' lang='grc' dir='ltr'>ὰνέκυψε,</span> <span class='ocrx_word' id='word_1_603' title='bbox 499 2568 559 2594; x_wconf 73' lang='lat' dir='ltr'><strong>qua:</strong></span> <span class='ocrx_word' id='word_1_604' title='bbox 578 2561 671 2594; x_wconf 87' lang='lat' dir='ltr'><strong>procul</strong></span> <span class='ocrx_word' id='word_1_605' title='bbox 686 2559 770 2588; x_wconf 85' lang='lat' dir='ltr'><strong>dubio</strong></span> <span class='ocrx_word' id='word_1_606' title='bbox 793 2569 857 2588; x_wconf 88' lang='lat' dir='ltr'><strong>vera</strong></span> 
     </span>
    </p>
   </div>
   <div class='ocr_carea' id='block_1_87' title="bbox 70 2594 858 2630">
    <p class='ocr_par' dir='ltr' id='par_1_87' title="bbox 70 2594 858 2630">
     <span class='ocr_line' id='line_1_88' title="bbox 70 2594 858 2630; baseline 0 -8"><span class='ocrx_word' id='word_1_607' title='bbox 70 2596 154 2627; x_wconf 78' lang='lat' dir='ltr'><strong>hu,us</strong></span> <span class='ocrx_word' id='word_1_608' title='bbox 174 2594 226 2630; x_wconf 79' lang='lat' dir='ltr'><strong>lo&#39;ci</strong></span> <span class='ocrx_word' id='word_1_609' title='bbox 247 2595 382 2630; x_wconf 82' lang='lat' dir='ltr'><strong>scriptura</strong></span> <span class='ocrx_word' id='word_1_610' title='bbox 400 2594 450 2622; x_wconf 76' lang='lat' dir='ltr'><strong>est.</strong></span> <span class='ocrx_word' id='word_1_611' title='bbox 467 2594 619 2629; x_wconf 85' lang='lat' dir='ltr'><strong>Opponitur</strong></span> <span class='ocrx_word' id='word_1_612' title='bbox 643 2597 715 2622; x_wconf 91' lang='lat' dir='ltr'><strong>enim</strong></span> <span class='ocrx_word' id='word_1_613' title='bbox 739 2595 858 2630; x_wconf 69' lang='grc' dir='ltr'>ἀνέκυψε</span> 
     </span>
    </p>
   </div>
   <div class='ocr_carea' id='block_1_88' title="bbox 68 2628 858 2666">
    <p class='ocr_par' dir='ltr' id='par_1_88' title="bbox 68 2628 858 2666">
     <span class='ocr_line' id='line_1_89' title="bbox 68 2628 858 2666; baseline 0.001 -9"><span class='ocrx_word' id='word_1_614' title='bbox 68 2630 118 2657; x_wconf 77' lang='grc' dir='ltr'><strong>καὶ</strong></span> <span class='ocrx_word' id='word_1_615' title='bbox 133 2628 289 2666; x_wconf 8' lang='grc' dir='ltr'>ἀνωρθώθη,</span> <span class='ocrx_word' id='word_1_616' title='bbox 302 2628 356 2657; x_wconf 89' lang='lat' dir='ltr'><strong>illis</strong></span> <span class='ocrx_word' id='word_1_617' title='bbox 369 2638 430 2665; x_wconf 67' lang='lat' dir='ltr'><strong>quae</strong></span> <span class='ocrx_word' id='word_1_618' title='bbox 445 2628 527 2664; x_wconf 75' lang='lat' dir='ltr'><strong>supra</strong></span> <span class='ocrx_word' id='word_1_619' title='bbox 543 2631 649 2657; x_wconf 76' lang='lat' dir='ltr'><strong>dixerat</strong></span> <span class='ocrx_word' id='word_1_620' title='bbox 669 2631 704 2658; x_wconf 91' lang='lat' dir='ltr'><strong>de</strong></span> <span class='ocrx_word' id='word_1_621' title='bbox 719 2635 775 2658; x_wconf 86' lang='lat' dir='ltr'><strong>toto</strong></span> <span class='ocrx_word' id='word_1_622' title='bbox 795 2628 858 2666; x_wconf 75' lang='lat' dir='ltr'><strong>cor-</strong></span> 
     </span>
    </p>
   </div>
   <div class='ocr_carea' id='block_1_89' title="bbox 70 2664 859 2701">
    <p class='ocr_par' dir='ltr' id='par_1_89' title="bbox 70 2664 859 2701">
     <span class='ocr_line' id='line_1_90' title="bbox 70 2664 859 2701; baseline 0.001 -10"><span class='ocrx_word' id='word_1_623' title='bbox 70 2673 137 2700; x_wconf 84' lang='lat' dir='ltr'><strong>pore</strong></span> <span class='ocrx_word' id='word_1_624' title='bbox 153 2664 246 2701; x_wconf 65' lang='lat' dir='ltr'><strong>Sancti</strong></span> <span class='ocrx_word' id='word_1_625' title='bbox 265 2664 532 2701; x_wconf 37' lang='lat' dir='ltr'><strong>diaconi’contracto</strong></span> <span class='ocrx_word' id='word_1_626' title='bbox 545 2669 627 2700; x_wconf 87' lang='lat' dir='ltr'><strong>atque</strong></span> <span class='ocrx_word' id='word_1_627' title='bbox 641 2667 792 2694; x_wconf 85' lang='lat' dir='ltr'><strong>incurvato.</strong></span> <span class='ocrx_word' id='word_1_628' title='bbox 806 2665 859 2693; x_wconf 84' lang='lat' dir='ltr'><strong>ita-</strong></span> 
     </span>
    </p>
   </div>
   <div class='ocr_carea' id='block_1_90' title="bbox 69 2700 856 2735">
    <p class='ocr_par' dir='ltr' id='par_1_90' title="bbox 69 2700 856 2735">
     <span class='ocr_line' id='line_1_91' title="bbox 69 2700 856 2735; baseline 0.003 -9"><span class='ocrx_word' id='word_1_629' title='bbox 69 2708 124 2735; x_wconf 85' lang='lat' dir='ltr'><strong>que</strong></span> <span class='ocrx_word' id='word_1_630' title='bbox 149 2700 193 2727; x_wconf 89' lang='lat' dir='ltr'><strong>hic</strong></span> <span class='ocrx_word' id='word_1_631' title='bbox 218 2700 294 2728; x_wconf 90' lang='lat' dir='ltr'><strong>locus</strong></span> <span class='ocrx_word' id='word_1_632' title='bbox 318 2700 487 2735; x_wconf 84' lang='lat' dir='ltr'><strong>superiorem</strong></span> <span class='ocrx_word' id='word_1_633' title='bbox 514 2701 712 2734; x_wconf 83' lang='lat' dir='ltr'><strong>expositionem</strong></span> <span class='ocrx_word' id='word_1_634' title='bbox 736 2706 856 2728; x_wconf 85' lang='lat' dir='ltr'><strong>nostram</strong></span> 
     </span>
    </p>
   </div>
   <div class='ocr_carea' id='block_1_91' title="bbox 70 2735 859 2771">
    <p class='ocr_par' dir='ltr' id='par_1_91' title="bbox 70 2735 859 2771">
     <span class='ocr_line' id='line_1_92' title="bbox 70 2735 859 2771; baseline 0.001 -9"><span class='ocrx_word' id='word_1_635' title='bbox 70 2735 437 2771; x_wconf 28' lang='lat' dir='ltr'><strong>planeAcontirmalthtss.</strong></span> <span class='ocrx_word' id='word_1_636' title='bbox 455 2735 558 2762; x_wconf 87' lang='lat' dir='ltr'><strong>Habent</strong></span> <span class='ocrx_word' id='word_1_637' title='bbox 577 2735 697 2771; x_wconf 62' lang='grc' dir='ltr'><strong>ἀνέκςδψε</strong></span> <span class='ocrx_word' id='word_1_638' title='bbox 710 2737 771 2763; x_wconf 88' lang='lat' dir='ltr'><strong>lect.</strong></span> <span class='ocrx_word' id='word_1_639' title='bbox 791 2745 859 2771; x_wconf 90' lang='lat' dir='ltr'><strong>quo-</strong></span> 
     </span>
    </p>
   </div>
   <div class='ocr_carea' id='block_1_92' title="bbox 70 2769 858 2806">
    <p class='ocr_par' dir='ltr' id='par_1_92' title="bbox 70 2769 858 2806">
     <span class='ocr_line' id='line_1_93' title="bbox 70 2769 858 2806; baseline 0 -8"><span class='ocrx_word' id='word_1_640' title='bbox 70 2769 124 2805; x_wconf 75' lang='lat' dir='ltr'><strong>que</strong></span> <span class='ocrx_word' id='word_1_641' title='bbox 146 2769 242 2798; x_wconf 80' lang='lat' dir='ltr'><strong>Venet.</strong></span> <span class='ocrx_word' id='word_1_642' title='bbox 265 2776 293 2798; x_wconf 86' lang='lat' dir='ltr'><strong>et</strong></span> <span class='ocrx_word' id='word_1_643' title='bbox 316 2769 475 2805; x_wconf 76' lang='lat' dir='ltr'><strong>Chri&#39;stoph.</strong></span> <span class='ocrx_word' id='word_1_644' title='bbox 498 2776 526 2797; x_wconf 89' lang='lat' dir='ltr'><strong>et</strong></span> <span class='ocrx_word' id='word_1_645' title='bbox 543 2771 605 2797; x_wconf 87' lang='lat' dir='ltr'><strong>cod.</strong></span> <span class='ocrx_word' id='word_1_646' title='bbox 628 2769 749 2799; x_wconf 80' lang='lat' dir='ltr'><strong>Noi-t‘ulc.</strong></span> <span class='ocrx_word' id='word_1_647' title='bbox 777 2769 858 2806; x_wconf 68' lang='lat' dir='ltr'><strong>atque</strong></span> 
     </span>
    </p>
   </div>
   <div class='ocr_carea' id='block_1_93' title="bbox 71 2806 857 2841">
    <p class='ocr_par' dir='ltr' id='par_1_93' title="bbox 71 2806 857 2841">
     <span class='ocr_line' id='line_1_94' title="bbox 71 2806 857 2841; baseline 0 -8"><span class='ocrx_word' id='word_1_648' title='bbox 71 2813 167 2840; x_wconf 81' lang='lat' dir='ltr'><strong>margo</strong></span> <span class='ocrx_word' id='word_1_649' title='bbox 181 2807 346 2841; x_wconf 68' lang='lat' dir='ltr'><strong>exemplaris</strong></span> <span class='ocrx_word' id='word_1_650' title='bbox 362 2806 405 2833; x_wconf 89' lang='lat' dir='ltr'><strong>ed.</strong></span> <span class='ocrx_word' id='word_1_651' title='bbox 421 2806 515 2840; x_wconf 75' lang='lat' dir='ltr'><strong>Steph.</strong></span> <span class='ocrx_word' id='word_1_652' title='bbox 532 2806 605 2840; x_wconf 87' lang='lat' dir='ltr'><strong>quud</strong></span> <span class='ocrx_word' id='word_1_653' title='bbox 618 2806 650 2841; x_wconf 79' lang='lat' dir='ltr'><strong>in</strong></span> <span class='ocrx_word' id='word_1_654' title='bbox 665 2806 742 2834; x_wconf 84' lang='lat' dir='ltr'><strong>Bodl.</strong></span> <span class='ocrx_word' id='word_1_655' title='bbox 758 2813 857 2834; x_wconf 79' lang='lat' dir='ltr'><strong>exstat.</strong></span> 
     </span>
    </p>
   </div>
   <div class='ocr_carea' id='block_1_94' title="bbox 107 2840 858 2877">
    <p class='ocr_par' dir='ltr' id='par_1_94' title="bbox 107 2840 858 2877">
     <span class='ocr_line' id='line_1_95' title="bbox 107 2840 858 2877; baseline 0 -9"><span class='ocrx_word' id='word_1_656' title='bbox 107 2842 163 2877; x_wconf 80' lang='grc'>(75)</span> <span class='ocrx_word' id='word_1_657' title='bbox 179 2840 280 2868; x_wconf 56' lang='grc' dir='ltr'>Δοκῶν</span> <span class='ocrx_word' id='word_1_658' title='bbox 324 2841 473 2873; x_wconf 73' lang='grc' dir='ltr'>διάϐολος.</span> <span class='ocrx_word' id='word_1_659' title='bbox 493 2841 531 2867; x_wconf 87' lang='lat' dir='ltr'><strong>Ex</strong></span> <span class='ocrx_word' id='word_1_660' title='bbox 545 2848 597 2877; x_wconf 77' lang='lat' dir='ltr'><strong>rus.</strong></span> <span class='ocrx_word' id='word_1_661' title='bbox 614 2840 698 2868; x_wconf 78' lang='lat' dir='ltr'><strong>Savil.</strong></span> <span class='ocrx_word' id='word_1_662' title='bbox 713 2850 760 2868; x_wconf 90' lang='lat' dir='ltr'><strong>seu</strong></span> <span class='ocrx_word' id='word_1_663' title='bbox 781 2841 858 2868; x_wconf 85' lang='lat' dir='ltr'><strong>Bodl.</strong></span> 
     </span>
    </p>
   </div>
   <div class='ocr_carea' id='block_1_95' title="bbox 72 2876 861 2910">
    <p class='ocr_par' dir='ltr' id='par_1_95' title="bbox 72 2876 861 2910">
     <span class='ocr_line' id='line_1_96' title="bbox 72 2876 861 2910; baseline -0.001 -6"><span class='ocrx_word' id='word_1_664' title='bbox 72 2876 216 2904; x_wconf 77' lang='lat' dir='ltr'><strong>articulum</strong></span> <span class='ocrx_word' id='word_1_665' title='bbox 233 2877 332 2910; x_wconf 80' lang='lat' dir='ltr'><strong>recepi.</strong></span> <span class='ocrx_word' id='word_1_666' title='bbox 350 2876 604 2903; x_wconf 78' lang='grc' dir='ltr'>Καταπεπτωκέναι</span> <span class='ocrx_word' id='word_1_667' title='bbox 627 2884 676 2910; x_wconf 89' lang='lat' dir='ltr'><strong>pro</strong></span> <span class='ocrx_word' id='word_1_668' title='bbox 695 2885 861 2904; x_wconf 84' lang='grc' dir='ltr'>καταπεπω-</span> 
     </span>
    </p>
   </div>
   <div class='ocr_carea' id='block_1_96' title="bbox 72 2911 353 2940">
    <p class='ocr_par' dir='ltr' id='par_1_96' title="bbox 72 2911 353 2940">
     <span class='ocr_line' id='line_1_97' title="bbox 72 2911 353 2940; baseline -0.007 0"><span class='ocrx_word' id='word_1_669' title='bbox 72 2912 148 2940; x_wconf 74' lang='grc' dir='ltr'>κέναι</span> <span class='ocrx_word' id='word_1_670' title='bbox 164 2921 215 2939; x_wconf 87' lang='lat' dir='ltr'><strong>tns.</strong></span> <span class='ocrx_word' id='word_1_671' title='bbox 234 2911 353 2939; x_wconf 78' lang='lat' dir='ltr'><strong>Nurfulc.</strong></span> 
     </span>
    </p>
   </div>
   <div class='ocr_carea' id='block_1_97' title="bbox 107 2945 855 2983">
    <p class='ocr_par' dir='ltr' id='par_1_97' title="bbox 107 2945 855 2983">
     <span class='ocr_line' id='line_1_98' title="bbox 107 2945 855 2983; baseline 0 -8"><span class='ocrx_word' id='word_1_672' title='bbox 107 2948 162 2983; x_wconf 74' lang='lat'><strong>(76)</strong></span> <span class='ocrx_word' id='word_1_673' title='bbox 170 2947 439 2983; x_wconf 62' lang='lat' dir='ltr'><strong>.tu’tﬁ.taag:ny£ag.</strong></span> <span class='ocrx_word' id='word_1_674' title='bbox 453 2945 721 2980; x_wconf 82' lang='lat' dir='ltr'><strong>Christophorsonus</strong></span> <span class='ocrx_word' id='word_1_675' title='bbox 732 2946 855 2983; x_wconf 85' lang='lat' dir='ltr'><strong>blasphe-</strong></span> 
     </span>
    </p>
   </div>
   <div class='ocr_carea' id='block_1_98' title="bbox 904 1651 1695 1687">
    <p class='ocr_par' dir='ltr' id='par_1_98' title="bbox 904 1651 1695 1687">
     <span class='ocr_line' id='line_1_99' title="bbox 904 1651 1695 1687; baseline 0 -8"><span class='ocrx_word' id='word_1_676' title='bbox 904 1659 1002 1679; x_wconf 78' lang='lat' dir='ltr'><strong>somno</strong></span> <span class='ocrx_word' id='word_1_677' title='bbox 1015 1651 1132 1679; x_wconf 74' lang='lat' dir='ltr'><strong>excitata</strong></span> <span class='ocrx_word' id='word_1_678' title='bbox 1153 1656 1206 1684; x_wconf 90' lang='lat' dir='ltr'><strong>est,</strong></span> <span class='ocrx_word' id='word_1_679' title='bbox 1225 1656 1358 1687; x_wconf 75' lang='lat' dir='ltr'><strong>praesente</strong></span> <span class='ocrx_word' id='word_1_680' title='bbox 1375 1651 1510 1687; x_wconf 88' lang='lat' dir='ltr'><strong>supplicio</strong></span> <span class='ocrx_word' id='word_1_681' title='bbox 1533 1651 1567 1680; x_wconf 87' lang='lat' dir='ltr'><strong>de</strong></span> <span class='ocrx_word' id='word_1_682' title='bbox 1585 1656 1695 1679; x_wconf 63' lang='lat' dir='ltr'><strong>aeterna:</strong></span> 
     </span>
    </p>
   </div>
   <div class='ocr_carea' id='block_1_99' title="bbox 903 1697 1693 1733">
    <p class='ocr_par' dir='ltr' id='par_1_99' title="bbox 903 1697 1693 1733">
     <span class='ocr_line' id='line_1_100' title="bbox 903 1697 1693 1733; baseline 0.001 -9"><span class='ocrx_word' id='word_1_683' title='bbox 903 1697 1033 1733; x_wconf 63' lang='lat' dir='ltr'><strong>gehennae</strong></span> <span class='ocrx_word' id='word_1_684' title='bbox 1048 1698 1216 1726; x_wconf 86' lang='lat' dir='ltr'><strong>cruciatibus</strong></span> <span class='ocrx_word' id='word_1_685' title='bbox 1243 1698 1329 1733; x_wconf 91' lang='lat' dir='ltr'><strong>ipsam</strong></span> <span class='ocrx_word' id='word_1_686' title='bbox 1355 1698 1546 1726; x_wconf 87' lang='lat' dir='ltr'><strong>submonente.</strong></span> <span class='ocrx_word' id='word_1_687' title='bbox 1573 1697 1605 1725; x_wconf 80' lang='lat' dir='ltr'><strong>Et</strong></span> <span class='ocrx_word' id='word_1_688' title='bbox 1625 1706 1693 1726; x_wconf 82' lang='lat' dir='ltr'><strong>cutt-</strong></span> 
     </span>
    </p>
   </div>
   <div class='ocr_carea' id='block_1_100' title="bbox 904 1743 1695 1779">
    <p class='ocr_par' dir='ltr' id='par_1_100' title="bbox 904 1743 1695 1779">
     <span class='ocr_line' id='line_1_101' title="bbox 904 1743 1695 1779; baseline 0.001 -8"><span class='ocrx_word' id='word_1_689' title='bbox 904 1744 1039 1772; x_wconf 83' lang='lat' dir='ltr'><strong>tradicens</strong></span> <span class='ocrx_word' id='word_1_690' title='bbox 1051 1743 1160 1779; x_wconf 87' lang='lat' dir='ltr'><strong>impiis:</strong></span> <span class='ocrx_word' id='word_1_691' title='bbox 1176 1744 1227 1777; x_wconf 82' lang='lat' dir='ltr'><strong>Qui</strong></span> <span class='ocrx_word' id='word_1_692' title='bbox 1241 1744 1298 1779; x_wconf 77' lang='lat' dir='ltr'><strong>ﬁeri</strong></span> <span class='ocrx_word' id='word_1_693' title='bbox 1309 1749 1405 1779; x_wconf 70' lang='lat' dir='ltr'><strong>posset,</strong></span> <span class='ocrx_word' id='word_1_694' title='bbox 1421 1744 1521 1779; x_wconf 84' lang='lat' dir='ltr'><strong>inquit,</strong></span> <span class='ocrx_word' id='word_1_695' title='bbox 1535 1749 1564 1771; x_wconf 81' lang='lat' dir='ltr'><strong>ut</strong></span> <span class='ocrx_word' id='word_1_696' title='bbox 1576 1745 1695 1778; x_wconf 73' lang='lat' dir='ltr'><strong>infantes-</strong></span> 
     </span>
    </p>
   </div>
   <div class='ocr_carea' id='block_1_101' title="bbox 904 1819 1690 1848">
    <p class='ocr_par' dir='ltr' id='par_1_101' title="bbox 904 1819 1690 1848">
     <span class='ocr_line' id='line_1_102' title="bbox 904 1819 1690 1848; baseline 0 -1"><span class='ocrx_word' id='word_1_697' title='bbox 904 1821 986 1847; x_wconf 87' lang='lat' dir='ltr'><strong>miam</strong></span> <span class='ocrx_word' id='word_1_698' title='bbox 1005 1820 1136 1848; x_wconf 84' lang='lat' dir='ltr'><strong>adversus</strong></span> <span class='ocrx_word' id='word_1_699' title='bbox 1150 1819 1289 1848; x_wconf 84' lang='lat' dir='ltr'><strong>Christum</strong></span> <span class='ocrx_word' id='word_1_700' title='bbox 1311 1820 1453 1847; x_wconf 85' lang='lat' dir='ltr'><strong>intellexit.</strong></span> <span class='ocrx_word' id='word_1_701' title='bbox 1469 1819 1624 1847; x_wconf 84' lang='lat' dir='ltr'><strong>Videndum</strong></span> <span class='ocrx_word' id='word_1_702' title='bbox 1647 1825 1690 1847; x_wconf 82' lang='lat' dir='ltr'><strong>ta-</strong></span> 
     </span>
    </p>
   </div>
   <div class='ocr_carea' id='block_1_102' title="bbox 905 1855 1695 1895">
    <p class='ocr_par' dir='ltr' id='par_1_102' title="bbox 905 1855 1695 1895">
     <span class='ocr_line' id='line_1_103' title="bbox 905 1855 1695 1895; baseline 0 -13"><span class='ocrx_word' id='word_1_703' title='bbox 905 1863 967 1895; x_wconf 78' lang='lat' dir='ltr'><strong>men</strong></span> <span class='ocrx_word' id='word_1_704' title='bbox 981 1856 1147 1895; x_wconf 43' lang='lat' dir='ltr'><strong>est,“ne_hi_c</strong></span> <span class='ocrx_word' id='word_1_705' title='bbox 1159 1863 1280 1895; x_wconf 85' lang='lat' dir='ltr'><strong>quoque_</strong></span> <span class='ocrx_word' id='word_1_706' title='bbox 1291 1855 1461 1895; x_wconf 76' lang='lat' dir='ltr'><strong>blasphemia</strong></span> <span class='ocrx_word' id='word_1_707' title='bbox 1470 1855 1609 1895; x_wconf 56' lang='lat' dir='ltr'><strong>adversus</strong></span> <span class='ocrx_word' id='word_1_708' title='bbox 1626 1856 1695 1882; x_wconf 80' lang='lat' dir='ltr'><strong>rell-</strong></span> 
     </span>
    </p>
   </div>
   <div class='ocr_carea' id='block_1_103' title="bbox 905 1890 1692 1926">
    <p class='ocr_par' dir='ltr' id='par_1_103' title="bbox 905 1890 1692 1926">
     <span class='ocr_line' id='line_1_104' title="bbox 905 1890 1692 1926; baseline 0.001 -9"><span class='ocrx_word' id='word_1_709' title='bbox 905 1891 1014 1926; x_wconf 86' lang='lat' dir='ltr'><strong>gionem</strong></span> <span class='ocrx_word' id='word_1_710' title='bbox 1030 1890 1251 1918; x_wconf 79' lang='lat' dir='ltr'><strong>Christianorum</strong></span> <span class='ocrx_word' id='word_1_711' title='bbox 1274 1890 1451 1925; x_wconf 78' lang='lat' dir='ltr'><strong>intelligatur.</strong></span> <span class='ocrx_word' id='word_1_712' title='bbox 1466 1890 1547 1926; x_wconf 71' lang='lat' dir='ltr'><strong>Certe</strong></span> <span class='ocrx_word' id='word_1_713' title='bbox 1566 1898 1627 1925; x_wconf 61' lang='lat' dir='ltr'><strong>qua:</strong></span> <span class='ocrx_word' id='word_1_714' title='bbox 1646 1898 1692 1918; x_wconf 86' lang='lat' dir='ltr'><strong>se-</strong></span> 
     </span>
    </p>
   </div>
   <div class='ocr_carea' id='block_1_104' title="bbox 905 1925 1691 1961">
    <p class='ocr_par' dir='ltr' id='par_1_104' title="bbox 905 1925 1691 1961">
     <span class='ocr_line' id='line_1_105' title="bbox 905 1925 1691 1961; baseline -0.001 -8"><span class='ocrx_word' id='word_1_715' title='bbox 905 1925 1027 1961; x_wconf 79' lang='lat' dir='ltr'><strong>quuntur</strong></span> <span class='ocrx_word' id='word_1_716' title='bbox 1043 1926 1125 1953; x_wconf 87' lang='lat' dir='ltr'><strong>verba</strong></span> <span class='ocrx_word' id='word_1_717' title='bbox 1147 1926 1172 1952; x_wconf 90' lang='lat' dir='ltr'><strong>id</strong></span> <span class='ocrx_word' id='word_1_718' title='bbox 1186 1926 1295 1961; x_wconf 87' lang='lat' dir='ltr'><strong>penitus</strong></span> <span class='ocrx_word' id='word_1_719' title='bbox 1309 1926 1447 1954; x_wconf 86' lang='lat' dir='ltr'><strong>evincunt.</strong></span> <span class='ocrx_word' id='word_1_720' title='bbox 1468 1925 1600 1961; x_wconf 80' lang='lat' dir='ltr'><strong>Sequitur</strong></span> <span class='ocrx_word' id='word_1_721' title='bbox 1617 1927 1691 1953; x_wconf 88' lang='lat' dir='ltr'><strong>enim</strong></span> 
     </span>
    </p>
   </div>
   <div class='ocr_carea' id='block_1_105' title="bbox 905 1959 1693 1997">
    <p class='ocr_par' dir='ltr' id='par_1_105' title="bbox 905 1959 1693 1997">
     <span class='ocr_line' id='line_1_106' title="bbox 905 1959 1693 1997; baseline 0 -9"><span class='ocrx_word' id='word_1_722' title='bbox 905 1959 1069 1997; x_wconf 73' lang='grc' dir='ltr'>ἀναγκάζων</span> <span class='ocrx_word' id='word_1_723' title='bbox 1088 1961 1175 1997; x_wconf 74' lang='grc' dir='ltr'>εἰπεῖν</span> <span class='ocrx_word' id='word_1_724' title='bbox 1186 1959 1226 1987; x_wconf 63' lang='grc' dir='ltr'><strong>τὰ</strong></span> <span class='ocrx_word' id='word_1_725' title='bbox 1247 1960 1315 1997; x_wconf 74' lang='grc' dir='ltr'>ἄθεα</span> <span class='ocrx_word' id='word_1_726' title='bbox 1335 1961 1399 1997; x_wconf 57' lang='grc' dir='ltr'>περ)</span> <span class='ocrx_word' id='word_1_727' title='bbox 1415 1960 1503 1997; x_wconf 84' lang='grc' dir='ltr'>ἡμῶν.</span> <span class='ocrx_word' id='word_1_728' title='bbox 1515 1959 1612 1988; x_wconf 74' lang='grc' dir='ltr'><strong>ῬωΓο</strong></span> <span class='ocrx_word' id='word_1_729' title='bbox 1634 1961 1693 1989; x_wconf 64' lang='lat' dir='ltr'><strong>haec</strong></span> 
     </span>
    </p>
   </div>
   <div class='ocr_carea' id='block_1_106' title="bbox 906 1996 1692 2029">
    <p class='ocr_par' dir='ltr' id='par_1_106' title="bbox 906 1996 1692 2029">
     <span class='ocr_line' id='line_1_107' title="bbox 906 1996 1692 2029; baseline 0.001 -7"><span class='ocrx_word' id='word_1_730' title='bbox 906 1996 1005 2022; x_wconf 85' lang='lat' dir='ltr'><strong>mulier</strong></span> <span class='ocrx_word' id='word_1_731' title='bbox 1030 1996 1057 2022; x_wconf 90' lang='lat' dir='ltr'><strong>in</strong></span> <span class='ocrx_word' id='word_1_732' title='bbox 1075 2003 1126 2023; x_wconf 89' lang='lat' dir='ltr'><strong>ms.</strong></span> <span class='ocrx_word' id='word_1_733' title='bbox 1149 1996 1219 2023; x_wconf 84' lang='lat' dir='ltr'><strong>Maz.</strong></span> <span class='ocrx_word' id='word_1_734' title='bbox 1238 2003 1271 2024; x_wconf 87' lang='lat' dir='ltr'><strong>ac</strong></span> <span class='ocrx_word' id='word_1_735' title='bbox 1291 1996 1495 2029; x_wconf 50' lang='lat' dir='ltr'><strong>MedJBtéktdt;</strong></span> <span class='ocrx_word' id='word_1_736' title='bbox 1520 1996 1619 2023; x_wconf 91' lang='lat' dir='ltr'><strong>dicitur</strong></span> <span class='ocrx_word' id='word_1_737' title='bbox 1636 2004 1692 2023; x_wconf 87' lang='lat' dir='ltr'><strong>non</strong></span> 
     </span>
    </p>
   </div>
   <div class='ocr_carea' id='block_1_107' title="bbox 905 2030 1691 2063">
    <p class='ocr_par' dir='ltr' id='par_1_107' title="bbox 905 2030 1691 2063">
     <span class='ocr_line' id='line_1_108' title="bbox 905 2030 1691 2063; baseline 0.001 -7"><span class='ocrx_word' id='word_1_738' title='bbox 905 2031 1007 2063; x_wconf 76' lang='grc' dir='ltr'>Βίϐλις,</span> <span class='ocrx_word' id='word_1_739' title='bbox 1023 2031 1063 2058; x_wconf 90' lang='lat' dir='ltr'><strong>sic</strong></span> <span class='ocrx_word' id='word_1_740' title='bbox 1075 2031 1158 2058; x_wconf 86' lang='lat' dir='ltr'><strong>etiam</strong></span> <span class='ocrx_word' id='word_1_741' title='bbox 1174 2036 1287 2058; x_wconf 87' lang='lat' dir='ltr'><strong>vocatur</strong></span> <span class='ocrx_word' id='word_1_742' title='bbox 1298 2031 1326 2059; x_wconf 94' lang='lat' dir='ltr'><strong>in</strong></span> <span class='ocrx_word' id='word_1_743' title='bbox 1338 2030 1406 2059; x_wconf 81' lang='lat' dir='ltr'><strong>Fuk.</strong></span> <span class='ocrx_word' id='word_1_744' title='bbox 1423 2031 1538 2058; x_wconf 79' lang='lat' dir='ltr'><strong>Rulinus</strong></span> <span class='ocrx_word' id='word_1_745' title='bbox 1548 2031 1619 2058; x_wconf 91' lang='lat' dir='ltr'><strong>hanc</strong></span> <span class='ocrx_word' id='word_1_746' title='bbox 1629 2039 1691 2058; x_wconf 89' lang='lat' dir='ltr'><strong>cntn</strong></span> 
     </span>
    </p>
   </div>
   <div class='ocr_carea' id='block_1_108' title="bbox 905 2065 1692 2102">
    <p class='ocr_par' dir='ltr' id='par_1_108' title="bbox 905 2065 1692 2102">
     <span class='ocr_line' id='line_1_109' title="bbox 905 2065 1692 2102; baseline 0.001 -10"><span class='ocrx_word' id='word_1_747' title='bbox 905 2066 1037 2102; x_wconf 79' lang='lat' dir='ltr'><strong>Blandina</strong></span> <span class='ocrx_word' id='word_1_748' title='bbox 1049 2065 1323 2102; x_wconf 77' lang='lat' dir='ltr'><strong>videturconl&#39;udisse</strong></span> <span class='ocrx_word' id='word_1_749' title='bbox 1335 2067 1410 2102; x_wconf 82' lang='lat' dir='ltr'><strong>gravi</strong></span> <span class='ocrx_word' id='word_1_750' title='bbox 1425 2074 1528 2094; x_wconf 89' lang='lat' dir='ltr'><strong>errore.</strong></span> <span class='ocrx_word' id='word_1_751' title='bbox 1543 2065 1643 2094; x_wconf 73' lang='lat' dir='ltr'><strong>VALES.</strong></span> <span class='ocrx_word' id='word_1_752' title='bbox 1652 2065 1692 2093; x_wconf 82' lang='lat' dir='ltr'><strong>Ex</strong></span> 
     </span>
    </p>
   </div>
   <div class='ocr_carea' id='block_1_109' title="bbox 906 2101 1694 2137">
    <p class='ocr_par' dir='ltr' id='par_1_109' title="bbox 906 2101 1694 2137">
     <span class='ocr_line' id='line_1_110' title="bbox 906 2101 1694 2137; baseline 0.001 -9"><span class='ocrx_word' id='word_1_753' title='bbox 906 2101 968 2128; x_wconf 86' lang='lat' dir='ltr'><strong>cod.</strong></span> <span class='ocrx_word' id='word_1_754' title='bbox 993 2101 1060 2136; x_wconf 82' lang='lat' dir='ltr'><strong>Reg.</strong></span> <span class='ocrx_word' id='word_1_755' title='bbox 1076 2101 1186 2127; x_wconf 78' lang='grc' dir='ltr'>Βίὸλιδα</span> <span class='ocrx_word' id='word_1_756' title='bbox 1208 2101 1344 2135; x_wconf 71' lang='lat' dir='ltr'><strong>posuerat</strong></span> <span class='ocrx_word' id='word_1_757' title='bbox 1354 2102 1398 2129; x_wconf 91' lang='lat' dir='ltr'><strong>ed.</strong></span> <span class='ocrx_word' id='word_1_758' title='bbox 1418 2102 1514 2137; x_wconf 80' lang='lat' dir='ltr'><strong>Steph.</strong></span> <span class='ocrx_word' id='word_1_759' title='bbox 1531 2110 1613 2137; x_wconf 88' lang='lat' dir='ltr'><strong>quam</strong></span> <span class='ocrx_word' id='word_1_760' title='bbox 1624 2103 1694 2137; x_wconf 55' lang='lat' dir='ltr'><strong>gui-</strong></span> 
     </span>
    </p>
   </div>
   <div class='ocr_carea' id='block_1_110' title="bbox 906 2136 1688 2171">
    <p class='ocr_par' dir='ltr' id='par_1_110' title="bbox 906 2136 1688 2171">
     <span class='ocr_line' id='line_1_111' title="bbox 906 2136 1688 2171; baseline 0 -8"><span class='ocrx_word' id='word_1_761' title='bbox 906 2137 968 2163; x_wconf 83' lang='lat' dir='ltr'><strong>den:</strong></span> <span class='ocrx_word' id='word_1_762' title='bbox 987 2137 1108 2163; x_wconf 90' lang='lat' dir='ltr'><strong>nominis</strong></span> <span class='ocrx_word' id='word_1_763' title='bbox 1123 2137 1287 2171; x_wconf 90' lang='lat' dir='ltr'><strong>scripturam</strong></span> <span class='ocrx_word' id='word_1_764' title='bbox 1303 2137 1442 2165; x_wconf 85' lang='lat' dir='ltr'><strong>habentet</strong></span> <span class='ocrx_word' id='word_1_765' title='bbox 1456 2136 1603 2171; x_wconf 73' lang='lat' dir='ltr'><strong>Gregorius</strong></span> <span class='ocrx_word' id='word_1_766' title='bbox 1622 2136 1688 2163; x_wconf 87' lang='lat' dir='ltr'><strong>Tur.</strong></span> 
     </span>
    </p>
   </div>
   <div class='ocr_carea' id='block_1_111' title="bbox 907 2171 1693 2208">
    <p class='ocr_par' dir='ltr' id='par_1_111' title="bbox 907 2171 1693 2208">
     <span class='ocr_line' id='line_1_112' title="bbox 907 2171 1693 2208; baseline 0 -10"><span class='ocrx_word' id='word_1_767' title='bbox 907 2171 951 2208; x_wconf 43' lang='lat' dir='ltr'><strong>_l)e.</strong></span> <span class='ocrx_word' id='word_1_768' title='bbox 961 2171 1057 2207; x_wconf 81' lang='lat' dir='ltr'><strong>gloria.</strong></span> <span class='ocrx_word' id='word_1_769' title='bbox 1073 2175 1152 2199; x_wconf 66' lang='lat' dir='ltr'><strong>mari.</strong></span> <span class='ocrx_word' id='word_1_770' title='bbox 1166 2172 1255 2208; x_wconf 43' lang='lat' dir='ltr'><strong>cL49,</strong></span> <span class='ocrx_word' id='word_1_771' title='bbox 1267 2177 1294 2199; x_wconf 84' lang='lat' dir='ltr'><strong>et</strong></span> <span class='ocrx_word' id='word_1_772' title='bbox 1309 2173 1495 2208; x_wconf 83' lang='lat' dir='ltr'><strong>tnartyrologi.</strong></span> <span class='ocrx_word' id='word_1_773' title='bbox 1508 2171 1562 2200; x_wconf 82' lang='lat' dir='ltr'><strong>Sed</strong></span> <span class='ocrx_word' id='word_1_774' title='bbox 1578 2173 1693 2208; x_wconf 83' lang='lat' dir='ltr'><strong>alteram</strong></span> 
     </span>
    </p>
   </div>
   <div class='ocr_carea' id='block_1_112' title="bbox 908 2206 1689 2242">
    <p class='ocr_par' dir='ltr' id='par_1_112' title="bbox 908 2206 1689 2242">
     <span class='ocr_line' id='line_1_113' title="bbox 908 2206 1689 2242; baseline 0.003 -10"><span class='ocrx_word' id='word_1_775' title='bbox 908 2206 969 2234; x_wconf 67' lang='lat' dir='ltr'><strong>lect.</strong></span> <span class='ocrx_word' id='word_1_776' title='bbox 988 2207 1098 2234; x_wconf 85' lang='lat' dir='ltr'><strong>ﬁrmant</strong></span> <span class='ocrx_word' id='word_1_777' title='bbox 1114 2214 1166 2242; x_wconf 84' lang='lat' dir='ltr'><strong>ms.</strong></span> <span class='ocrx_word' id='word_1_778' title='bbox 1183 2206 1277 2242; x_wconf 87' lang='lat' dir='ltr'><strong>Steph.</strong></span> <span class='ocrx_word' id='word_1_779' title='bbox 1293 2206 1435 2242; x_wconf 35' lang='lat' dir='ltr'><strong>marg.‘ed.</strong></span> <span class='ocrx_word' id='word_1_780' title='bbox 1449 2206 1550 2236; x_wconf 85' lang='lat' dir='ltr'><strong>Genev.</strong></span> <span class='ocrx_word' id='word_1_781' title='bbox 1564 2207 1689 2235; x_wconf 85' lang='lat' dir='ltr'><strong>codices-</strong></span> 
     </span>
    </p>
   </div>
   <div class='ocr_carea' id='block_1_113' title="bbox 908 2241 1692 2276">
    <p class='ocr_par' dir='ltr' id='par_1_113' title="bbox 908 2241 1692 2276">
     <span class='ocr_line' id='line_1_114' title="bbox 908 2241 1692 2276; baseline 0.003 -8"><span class='ocrx_word' id='word_1_782' title='bbox 908 2249 961 2276; x_wconf 90' lang='lat' dir='ltr'><strong>que</strong></span> <span class='ocrx_word' id='word_1_783' title='bbox 976 2242 1052 2269; x_wconf 79' lang='lat' dir='ltr'><strong>Bodl.</strong></span> <span class='ocrx_word' id='word_1_784' title='bbox 1066 2249 1113 2269; x_wconf 84' lang='lat' dir='ltr'><strong>seu</strong></span> <span class='ocrx_word' id='word_1_785' title='bbox 1128 2241 1212 2269; x_wconf 86' lang='lat' dir='ltr'><strong>Savil.</strong></span> <span class='ocrx_word' id='word_1_786' title='bbox 1231 2247 1259 2270; x_wconf 81' lang='lat' dir='ltr'><strong>et</strong></span> <span class='ocrx_word' id='word_1_787' title='bbox 1275 2241 1426 2276; x_wconf 54' lang='lat' dir='ltr'><strong>Norfoua</strong></span> <span class='ocrx_word' id='word_1_788' title='bbox 1447 2251 1511 2270; x_wconf 88' lang='lat' dir='ltr'><strong>vero</strong></span> <span class='ocrx_word' id='word_1_789' title='bbox 1525 2243 1630 2270; x_wconf 89' lang='lat' dir='ltr'><strong>ratione</strong></span> <span class='ocrx_word' id='word_1_790' title='bbox 1651 2243 1692 2269; x_wconf 88' lang='lat' dir='ltr'><strong>in-</strong></span> 
     </span>
    </p>
   </div>
   <div class='ocr_carea' id='block_1_114' title="bbox 929 2277 1692 2306">
    <p class='ocr_par' dir='ltr' id='par_1_114' title="bbox 929 2277 1692 2306">
     <span class='ocr_line' id='line_1_115' title="bbox 929 2277 1692 2306; baseline 0.001 -3"><span class='ocrx_word' id='word_1_791' title='bbox 929 2283 1005 2305; x_wconf 90' lang='lat' dir='ltr'><strong>uctns</strong></span> <span class='ocrx_word' id='word_1_792' title='bbox 1020 2277 1136 2304; x_wconf 85' lang='lat' dir='ltr'><strong>Rutinns</strong></span> <span class='ocrx_word' id='word_1_793' title='bbox 1154 2278 1211 2305; x_wconf 67' lang='lat' dir='ltr'><strong>haec</strong></span> <span class='ocrx_word' id='word_1_794' title='bbox 1227 2279 1319 2305; x_wconf 91' lang='lat' dir='ltr'><strong>omnia</strong></span> <span class='ocrx_word' id='word_1_795' title='bbox 1338 2278 1371 2304; x_wconf 90' lang='lat' dir='ltr'><strong>ad</strong></span> <span class='ocrx_word' id='word_1_796' title='bbox 1389 2278 1552 2305; x_wconf 81' lang='lat' dir='ltr'><strong>Blandinam</strong></span> <span class='ocrx_word' id='word_1_797' title='bbox 1570 2279 1692 2306; x_wconf 86' lang='lat' dir='ltr'><strong>detorse-</strong></span> 
     </span>
    </p>
   </div>
   <div class='ocr_carea' id='block_1_115' title="bbox 908 2312 1692 2348">
    <p class='ocr_par' dir='ltr' id='par_1_115' title="bbox 908 2312 1692 2348">
     <span class='ocr_line' id='line_1_116' title="bbox 908 2312 1692 2348; baseline 0.004 -10"><span class='ocrx_word' id='word_1_798' title='bbox 908 2312 955 2348; x_wconf 80' lang='lat' dir='ltr'><strong>rit,</strong></span> <span class='ocrx_word' id='word_1_799' title='bbox 973 2313 1077 2345; x_wconf 84' lang='lat' dir='ltr'><strong>nescio,</strong></span> <span class='ocrx_word' id='word_1_800' title='bbox 1090 2312 1143 2339; x_wconf 92' lang='lat' dir='ltr'><strong>nisi</strong></span> <span class='ocrx_word' id='word_1_801' title='bbox 1157 2313 1180 2340; x_wconf 88' lang='lat' dir='ltr'><strong>si</strong></span> <span class='ocrx_word' id='word_1_802' title='bbox 1199 2313 1283 2340; x_wconf 87' lang='lat' dir='ltr'><strong>hocce</strong></span> <span class='ocrx_word' id='word_1_803' title='bbox 1301 2321 1400 2340; x_wconf 89' lang='lat' dir='ltr'><strong>nomen</strong></span> <span class='ocrx_word' id='word_1_804' title='bbox 1415 2314 1443 2340; x_wconf 94' lang='lat' dir='ltr'><strong>in</strong></span> <span class='ocrx_word' id='word_1_805' title='bbox 1460 2314 1553 2341; x_wconf 83' lang='lat' dir='ltr'><strong>codice</strong></span> <span class='ocrx_word' id='word_1_806' title='bbox 1571 2321 1623 2341; x_wconf 89' lang='lat' dir='ltr'><strong>suo</strong></span> <span class='ocrx_word' id='word_1_807' title='bbox 1642 2321 1692 2348; x_wconf 88' lang='lat' dir='ltr'><strong>pro</strong></span> 
     </span>
    </p>
   </div>
   <div class='ocr_carea' id='block_1_116' title="bbox 907 2347 1329 2382">
    <p class='ocr_par' dir='ltr' id='par_1_116' title="bbox 907 2347 1329 2382">
     <span class='ocr_line' id='line_1_117' title="bbox 907 2347 1329 2382; baseline 0.002 -9"><span class='ocrx_word' id='word_1_808' title='bbox 907 2347 1027 2374; x_wconf 69' lang='lat' dir='ltr'><strong>liibliade</strong></span> <span class='ocrx_word' id='word_1_809' title='bbox 1040 2348 1171 2382; x_wconf 85' lang='lat' dir='ltr'><strong>scriptum</strong></span> <span class='ocrx_word' id='word_1_810' title='bbox 1187 2348 1329 2375; x_wconf 87' lang='lat' dir='ltr'><strong>invenerit.</strong></span> 
     </span>
    </p>
   </div>
   <div class='ocr_carea' id='block_1_117' title="bbox 907 2382 1691 2444">
    <p class='ocr_par' dir='ltr' id='par_1_117' title="bbox 907 2382 1691 2444">
     <span class='ocr_line' id='line_1_118' title="bbox 907 2382 1691 2444; baseline 0.003 -36"><span class='ocrx_word' id='word_1_811' title='bbox 907 2417 927 2444; x_wconf 58' lang='grc' dir='ltr'>ὃ</span> <span class='ocrx_word' id='word_1_812' title='bbox 942 2382 1000 2419; x_wconf 83' lang='grc'>(77)</span> <span class='ocrx_word' id='word_1_813' title='bbox 1029 2383 1078 2409; x_wconf 78' lang='grc' dir='ltr'>Ἐν</span> <span class='ocrx_word' id='word_1_814' title='bbox 1102 2382 1139 2417; x_wconf 79' lang='grc' dir='ltr'>τῇ</span> <span class='ocrx_word' id='word_1_815' title='bbox 1164 2382 1357 2417; x_wconf 79' lang='grc' dir='ltr'>στρεϐλώσει.</span> <span class='ocrx_word' id='word_1_816' title='bbox 1383 2383 1470 2412; x_wconf 78' lang='lat' dir='ltr'><strong>Abest</strong></span> <span class='ocrx_word' id='word_1_817' title='bbox 1482 2385 1515 2420; x_wconf 83' lang='grc' dir='ltr'>τῇ</span> <span class='ocrx_word' id='word_1_818' title='bbox 1531 2384 1575 2412; x_wconf 87' lang='lat' dir='ltr'><strong>ed.</strong></span> <span class='ocrx_word' id='word_1_819' title='bbox 1595 2383 1691 2419; x_wconf 81' lang='lat' dir='ltr'><strong>Steph.</strong></span> 
     </span>
     <span class='ocr_line' id='line_1_119' title="bbox 929 2425 1030 2444; baseline 0.01 -1"><span class='ocrx_word' id='word_1_820' title='bbox 929 2425 1030 2444; x_wconf 71' lang='lat' dir='ltr'><strong>rao-rn.</strong></span> 
     </span>
    </p>
   </div>
   <div class='ocr_carea' id='block_1_118' title="bbox 929 2425 1030 2444">
    <p class='ocr_par' dir='ltr' id='par_1_118' title="bbox 929 2425 1030 2444">
     <span class='ocr_line' id='line_1_120' title="bbox 929 2425 1030 2444; baseline 0.01 -1"><span class='ocrx_word' id='word_1_821' title='bbox 929 2425 1030 2444; x_wconf 71' lang='grc' dir='ltr'>τηοτιι.</span> 
     </span>
    </p>
   </div>
   <div class='ocr_carea' id='block_1_119' title="bbox 943 2452 1689 2489">
    <p class='ocr_par' dir='ltr' id='par_1_119' title="bbox 943 2452 1689 2489">
     <span class='ocr_line' id='line_1_121' title="bbox 943 2452 1689 2489; baseline 0.003 -11"><span class='ocrx_word' id='word_1_822' title='bbox 943 2453 998 2489; x_wconf 81' lang='grc'>(78)</span> <span class='ocrx_word' id='word_1_823' title='bbox 1017 2452 1149 2480; x_wconf 78' lang='grc' dir='ltr'>Ἀντεῖπε</span> <span class='ocrx_word' id='word_1_824' title='bbox 1158 2453 1428 2489; x_wconf 70' lang='grc' dir='ltr'><strong>τοῖςβλασφήμοις.</strong></span> <span class='ocrx_word' id='word_1_825' title='bbox 1438 2453 1468 2481; x_wconf 81' lang='grc' dir='ltr'>ιιι</span> <span class='ocrx_word' id='word_1_826' title='bbox 1478 2454 1521 2481; x_wconf 85' lang='lat' dir='ltr'><strong>ed.</strong></span> <span class='ocrx_word' id='word_1_827' title='bbox 1537 2454 1569 2481; x_wconf 85' lang='lat' dir='ltr'><strong>B.</strong></span> <span class='ocrx_word' id='word_1_828' title='bbox 1583 2453 1689 2488; x_wconf 84' lang='lat' dir='ltr'><strong>Steplt.,</strong></span> 
     </span>
    </p>
   </div>
   <div class='ocr_carea' id='block_1_120' title="bbox 906 2488 1688 2525">
    <p class='ocr_par' dir='ltr' id='par_1_120' title="bbox 906 2488 1688 2525">
     <span class='ocr_line' id='line_1_122' title="bbox 906 2488 1688 2525; baseline 0.001 -11"><span class='ocrx_word' id='word_1_829' title='bbox 906 2489 963 2520; x_wconf 83' lang='grc' dir='ltr'>τοῖς</span> <span class='ocrx_word' id='word_1_830' title='bbox 980 2488 1164 2525; x_wconf 67' lang='grc' dir='ltr'>βασανισταῖς.</span> <span class='ocrx_word' id='word_1_831' title='bbox 1180 2488 1232 2516; x_wconf 85' lang='lat' dir='ltr'><strong>Sed</strong></span> <span class='ocrx_word' id='word_1_832' title='bbox 1250 2488 1328 2525; x_wconf 78' lang='lat' dir='ltr'><strong>longe</strong></span> <span class='ocrx_word' id='word_1_833' title='bbox 1348 2490 1498 2525; x_wconf 79' lang='lat' dir='ltr'><strong>meliorest</strong></span> <span class='ocrx_word' id='word_1_834' title='bbox 1512 2490 1591 2516; x_wconf 88' lang='lat' dir='ltr'><strong>lectio</strong></span> <span class='ocrx_word' id='word_1_835' title='bbox 1607 2497 1688 2524; x_wconf 85' lang='lat' dir='ltr'><strong>quam</strong></span> 
     </span>
    </p>
   </div>
   <div class='ocr_carea' id='block_1_121' title="bbox 907 2523 1691 2559">
    <p class='ocr_par' dir='ltr' id='par_1_121' title="bbox 907 2523 1691 2559">
     <span class='ocr_line' id='line_1_123' title="bbox 907 2523 1691 2559; baseline 0 -9"><span class='ocrx_word' id='word_1_836' title='bbox 907 2525 995 2558; x_wconf 86' lang='lat' dir='ltr'><strong>reperi</strong></span> <span class='ocrx_word' id='word_1_837' title='bbox 1009 2525 1035 2551; x_wconf 91' lang='lat' dir='ltr'><strong>in</strong></span> <span class='ocrx_word' id='word_1_838' title='bbox 1049 2525 1110 2552; x_wconf 79' lang='lat' dir='ltr'><strong>rod.</strong></span> <span class='ocrx_word' id='word_1_839' title='bbox 1126 2523 1196 2551; x_wconf 75' lang='lat' dir='ltr'><strong>Mal.</strong></span> <span class='ocrx_word' id='word_1_840' title='bbox 1207 2529 1234 2551; x_wconf 85' lang='lat' dir='ltr'><strong>et</strong></span> <span class='ocrx_word' id='word_1_841' title='bbox 1251 2523 1333 2557; x_wconf 56' lang='lat' dir='ltr'><strong>Mel,</strong></span> <span class='ocrx_word' id='word_1_842' title='bbox 1344 2524 1412 2551; x_wconf 80' lang='lat' dir='ltr'><strong>Fuit.</strong></span> <span class='ocrx_word' id='word_1_843' title='bbox 1426 2529 1452 2551; x_wconf 83' lang='lat' dir='ltr'><strong>et</strong></span> <span class='ocrx_word' id='word_1_844' title='bbox 1465 2525 1528 2551; x_wconf 66' lang='grc' dir='ltr'>δον.</span> <span class='ocrx_word' id='word_1_845' title='bbox 1541 2526 1597 2556; x_wconf 83' lang='grc' dir='ltr'>τοῖς</span> <span class='ocrx_word' id='word_1_846' title='bbox 1610 2523 1691 2559; x_wconf 74' lang='grc' dir='ltr'>βλασ-</span> 
     </span>
    </p>
   </div>
   <div class='ocr_carea' id='block_1_122' title="bbox 908 2559 1689 2595">
    <p class='ocr_par' dir='ltr' id='par_1_122' title="bbox 908 2559 1689 2595">
     <span class='ocr_line' id='line_1_124' title="bbox 908 2559 1689 2595; baseline 0.001 -10"><span class='ocrx_word' id='word_1_847' title='bbox 908 2560 1018 2594; x_wconf 82' lang='grc' dir='ltr'><strong>φήμοις.</strong></span> <span class='ocrx_word' id='word_1_848' title='bbox 1045 2559 1092 2586; x_wconf 85' lang='lat' dir='ltr'><strong>Sic</strong></span> <span class='ocrx_word' id='word_1_849' title='bbox 1116 2565 1249 2587; x_wconf 90' lang='lat' dir='ltr'><strong>vocantur</strong></span> <span class='ocrx_word' id='word_1_850' title='bbox 1271 2568 1286 2586; x_wconf 91' lang='lat' dir='ltr'><strong>a</strong></span> <span class='ocrx_word' id='word_1_851' title='bbox 1308 2559 1539 2595; x_wconf 78' lang='lat' dir='ltr'><strong>Lugdunensibus</strong></span> <span class='ocrx_word' id='word_1_852' title='bbox 1565 2560 1689 2594; x_wconf 70' lang='lat' dir='ltr'><strong>gentiles,</strong></span> 
     </span>
    </p>
   </div>
   <div class='ocr_carea' id='block_1_123' title="bbox 908 2595 1691 2631">
    <p class='ocr_par' dir='ltr' id='par_1_123' title="bbox 908 2595 1691 2631">
     <span class='ocr_line' id='line_1_125' title="bbox 908 2595 1691 2631; baseline 0.001 -11"><span class='ocrx_word' id='word_1_853' title='bbox 908 2595 955 2628; x_wconf 89' lang='lat' dir='ltr'><strong>qui</strong></span> <span class='ocrx_word' id='word_1_854' title='bbox 977 2595 1162 2631; x_wconf 84' lang='lat' dir='ltr'><strong>Christianam</strong></span> <span class='ocrx_word' id='word_1_855' title='bbox 1190 2595 1348 2630; x_wconf 85' lang='lat' dir='ltr'><strong>religionem</strong></span> <span class='ocrx_word' id='word_1_856' title='bbox 1371 2595 1624 2631; x_wconf 84' lang='lat' dir='ltr'><strong>calummabantur.</strong></span> <span class='ocrx_word' id='word_1_857' title='bbox 1644 2596 1691 2631; x_wconf 17' lang='lat' dir='ltr'><strong>rvet</strong></span> 
     </span>
    </p>
   </div>
   <div class='ocr_carea' id='block_1_124' title="bbox 908 2630 1692 2665">
    <p class='ocr_par' dir='ltr' id='par_1_124' title="bbox 908 2630 1692 2665">
     <span class='ocr_line' id='line_1_126' title="bbox 908 2630 1692 2665; baseline 0 -9"><span class='ocrx_word' id='word_1_858' title='bbox 908 2633 981 2656; x_wconf 82' lang='lat' dir='ltr'><strong>certe</strong></span> <span class='ocrx_word' id='word_1_859' title='bbox 993 2630 1075 2665; x_wconf 79' lang='lat' dir='ltr'><strong>lapsi,</strong></span> <span class='ocrx_word' id='word_1_860' title='bbox 1089 2630 1135 2664; x_wconf 85' lang='lat' dir='ltr'><strong>qui</strong></span> <span class='ocrx_word' id='word_1_861' title='bbox 1151 2638 1206 2665; x_wconf 70' lang='lat' dir='ltr'><strong>pm</strong></span> <span class='ocrx_word' id='word_1_862' title='bbox 1221 2631 1392 2658; x_wconf 89' lang='lat' dir='ltr'><strong>cruciatuum</strong></span> <span class='ocrx_word' id='word_1_863' title='bbox 1406 2630 1535 2657; x_wconf 85' lang='lat' dir='ltr'><strong>violentia</strong></span> <span class='ocrx_word' id='word_1_864' title='bbox 1553 2630 1692 2665; x_wconf 73' lang='lat' dir='ltr'><strong>infantici-</strong></span> 
     </span>
    </p>
   </div>
   <div class='ocr_carea' id='block_1_125' title="bbox 909 2663 1692 2693">
    <p class='ocr_par' dir='ltr' id='par_1_125' title="bbox 909 2663 1692 2693">
     <span class='ocr_line' id='line_1_127' title="bbox 909 2663 1692 2693; baseline 0 -2"><span class='ocrx_word' id='word_1_865' title='bbox 909 2665 952 2691; x_wconf 83' lang='lat' dir='ltr'><strong>dia</strong></span> <span class='ocrx_word' id='word_1_866' title='bbox 965 2669 992 2692; x_wconf 89' lang='lat' dir='ltr'><strong>et</strong></span> <span class='ocrx_word' id='word_1_867' title='bbox 1006 2663 1126 2693; x_wconf 79' lang='lat' dir='ltr'><strong>Incestus</strong></span> <span class='ocrx_word' id='word_1_868' title='bbox 1135 2663 1328 2693; x_wconf 64' lang='lat' dir='ltr'><strong>aChristianis</strong></span> <span class='ocrx_word' id='word_1_869' title='bbox 1343 2665 1449 2693; x_wconf 85' lang='lat' dir='ltr'><strong>admitti</strong></span> <span class='ocrx_word' id='word_1_870' title='bbox 1463 2665 1528 2692; x_wconf 82' lang='lat' dir='ltr'><strong>fassi</strong></span> <span class='ocrx_word' id='word_1_871' title='bbox 1543 2670 1631 2692; x_wconf 91' lang='lat' dir='ltr'><strong>erant.</strong></span> <span class='ocrx_word' id='word_1_872' title='bbox 1643 2663 1692 2691; x_wconf 75' lang='grc' dir='ltr'>νλ-</span> 
     </span>
    </p>
   </div>
   <div class='ocr_carea' id='block_1_126' title="bbox 909 2699 1692 2735">
    <p class='ocr_par' dir='ltr' id='par_1_126' title="bbox 909 2699 1692 2735">
     <span class='ocr_line' id='line_1_128' title="bbox 909 2699 1692 2735; baseline -0.001 -9"><span class='ocrx_word' id='word_1_873' title='bbox 909 2707 967 2728; x_wconf 81' lang='lat' dir='ltr'><strong>Lss.</strong></span> <span class='ocrx_word' id='word_1_874' title='bbox 985 2699 1038 2728; x_wconf 88' lang='lat' dir='ltr'><strong>Sed</strong></span> <span class='ocrx_word' id='word_1_875' title='bbox 1053 2701 1087 2728; x_wconf 84' lang='lat' dir='ltr'><strong>de</strong></span> <span class='ocrx_word' id='word_1_876' title='bbox 1095 2701 1238 2735; x_wconf 60' lang='lat' dir='ltr'><strong>lapsorum</strong></span> <span class='ocrx_word' id='word_1_877' title='bbox 1253 2701 1441 2735; x_wconf 86' lang='lat' dir='ltr'><strong>hujuscemodi</strong></span> <span class='ocrx_word' id='word_1_878' title='bbox 1453 2700 1637 2731; x_wconf 79' lang='lat' dir='ltr'><strong>confessione,</strong></span> <span class='ocrx_word' id='word_1_879' title='bbox 1650 2707 1692 2725; x_wconf 87' lang='lat' dir='ltr'><strong>nt-</strong></span> 
     </span>
    </p>
   </div>
   <div class='ocr_carea' id='block_1_127' title="bbox 910 2736 1688 2767">
    <p class='ocr_par' dir='ltr' id='par_1_127' title="bbox 910 2736 1688 2767">
     <span class='ocr_line' id='line_1_129' title="bbox 910 2736 1688 2767; baseline -0.001 -5"><span class='ocrx_word' id='word_1_880' title='bbox 910 2736 959 2767; x_wconf 90' lang='lat' dir='ltr'><strong>hil,</strong></span> <span class='ocrx_word' id='word_1_881' title='bbox 985 2736 1057 2767; x_wconf 87' lang='lat' dir='ltr'><strong>quod</strong></span> <span class='ocrx_word' id='word_1_882' title='bbox 1083 2736 1204 2767; x_wconf 81' lang='lat' dir='ltr'><strong>credant,</strong></span> <span class='ocrx_word' id='word_1_883' title='bbox 1227 2741 1325 2764; x_wconf 63' lang='lat' dir='ltr'><strong>exstat.</strong></span> <span class='ocrx_word' id='word_1_884' title='bbox 1353 2736 1450 2764; x_wconf 81' lang='lat' dir='ltr'><strong>Valesii</strong></span> <span class='ocrx_word' id='word_1_885' title='bbox 1475 2736 1618 2763; x_wconf 77' lang='lat' dir='ltr'><strong>lectionem</strong></span> <span class='ocrx_word' id='word_1_886' title='bbox 1641 2736 1688 2761; x_wconf 89' lang='lat' dir='ltr'><strong>tir-</strong></span> 
     </span>
    </p>
   </div>
   <div class='ocr_carea' id='block_1_128' title="bbox 911 2769 1689 2806">
    <p class='ocr_par' dir='ltr' id='par_1_128' title="bbox 911 2769 1689 2806">
     <span class='ocr_line' id='line_1_130' title="bbox 911 2769 1689 2806; baseline -0.001 -9"><span class='ocrx_word' id='word_1_887' title='bbox 911 2776 986 2798; x_wconf 85' lang='lat' dir='ltr'><strong>ntant</strong></span> <span class='ocrx_word' id='word_1_888' title='bbox 994 2769 1069 2798; x_wconf 85' lang='lat' dir='ltr'><strong>Lcet.</strong></span> <span class='ocrx_word' id='word_1_889' title='bbox 1086 2769 1179 2798; x_wconf 77' lang='lat' dir='ltr'><strong>Vellet.</strong></span> <span class='ocrx_word' id='word_1_890' title='bbox 1191 2779 1242 2798; x_wconf 88' lang='lat' dir='ltr'><strong>ms.</strong></span> <span class='ocrx_word' id='word_1_891' title='bbox 1255 2771 1376 2799; x_wconf 73' lang='lat' dir='ltr'><strong>Norfolc.</strong></span> <span class='ocrx_word' id='word_1_892' title='bbox 1389 2779 1449 2798; x_wconf 86' lang='lat' dir='ltr'><strong>cum</strong></span> <span class='ocrx_word' id='word_1_893' title='bbox 1465 2770 1586 2806; x_wconf 80' lang='lat' dir='ltr'><strong>margine</strong></span> <span class='ocrx_word' id='word_1_894' title='bbox 1596 2770 1689 2805; x_wconf 79' lang='lat' dir='ltr'><strong>Steph.</strong></span> 
     </span>
    </p>
   </div>
   <div class='ocr_carea' id='block_1_129' title="bbox 910 2805 1637 2842">
    <p class='ocr_par' dir='ltr' id='par_1_129' title="bbox 910 2805 1637 2842">
     <span class='ocr_line' id='line_1_131' title="bbox 910 2805 1637 2842; baseline 0.001 -10"><span class='ocrx_word' id='word_1_895' title='bbox 910 2806 997 2842; x_wconf 30' lang='lat' dir='ltr'><strong>e.t.7in</strong></span> <span class='ocrx_word' id='word_1_896' title='bbox 1013 2805 1141 2842; x_wconf 81' lang='lat' dir='ltr'><strong>Bibliotb.</strong></span> <span class='ocrx_word' id='word_1_897' title='bbox 1157 2806 1234 2833; x_wconf 86' lang='lat' dir='ltr'><strong>Bodl.</strong></span> <span class='ocrx_word' id='word_1_898' title='bbox 1251 2805 1548 2842; x_wconf 80' lang='lat' dir='ltr'><strong>Cltristnphorsonique</strong></span> <span class='ocrx_word' id='word_1_899' title='bbox 1561 2805 1637 2834; x_wconf 81' lang='lat' dir='ltr'><strong>Lect.</strong></span> 
     </span>
    </p>
   </div>
   <div class='ocr_carea' id='block_1_130' title="bbox 947 2841 1692 2878">
    <p class='ocr_par' dir='ltr' id='par_1_130' title="bbox 947 2841 1692 2878">
     <span class='ocr_line' id='line_1_132' title="bbox 947 2841 1692 2878; baseline 0 -12"><span class='ocrx_word' id='word_1_900' title='bbox 947 2841 1002 2876; x_wconf 75' lang='grc'>(79)</span> <span class='ocrx_word' id='word_1_901' title='bbox 1019 2841 1084 2878; x_wconf 58' lang='lat' dir='ltr'><strong>nec</strong></span> <span class='ocrx_word' id='word_1_902' title='bbox 1102 2841 1141 2878; x_wconf 76' lang='grc' dir='ltr'><strong>ἂν</strong></span> <span class='ocrx_word' id='word_1_903' title='bbox 1155 2843 1258 2869; x_wconf 80' lang='grc' dir='ltr'>παιδία</span> <span class='ocrx_word' id='word_1_904' title='bbox 1272 2841 1405 2878; x_wconf 71' lang='grc' dir='ltr'>φάγοιὲν.</span> <span class='ocrx_word' id='word_1_905' title='bbox 1421 2850 1434 2878; x_wconf 20' lang='grc' dir='ltr'><strong>ν(</strong></span> <span class='ocrx_word' id='word_1_906' title='bbox 1451 2841 1599 2878; x_wconf 72' lang='lat' dir='ltr'><strong>Erubescat</strong></span> <span class='ocrx_word' id='word_1_907' title='bbox 1615 2847 1692 2868; x_wconf 82' lang='lat' dir='ltr'><strong>error</strong></span> 
     </span>
    </p>
   </div>
   <div class='ocr_carea' id='block_1_131' title="bbox 911 2876 1694 2912">
    <p class='ocr_par' dir='ltr' id='par_1_131' title="bbox 911 2876 1694 2912">
     <span class='ocr_line' id='line_1_133' title="bbox 911 2876 1694 2912; baseline -0.001 -9"><span class='ocrx_word' id='word_1_908' title='bbox 911 2881 1001 2912; x_wconf 66' lang='lat' dir='ltr'><strong>vester</strong></span> <span class='ocrx_word' id='word_1_909' title='bbox 1017 2876 1194 2908; x_wconf 76' lang='lat' dir='ltr'><strong>Christianis,</strong></span> <span class='ocrx_word' id='word_1_910' title='bbox 1208 2879 1257 2912; x_wconf 80' lang='lat' dir='ltr'><strong>qui</strong></span> <span class='ocrx_word' id='word_1_911' title='bbox 1271 2876 1305 2905; x_wconf 85' lang='lat' dir='ltr'><strong>ne</strong></span> <span class='ocrx_word' id='word_1_912' title='bbox 1319 2876 1485 2905; x_wconf 59' lang='lat' dir='ltr'><strong>animalium</strong></span> <span class='ocrx_word' id='word_1_913' title='bbox 1503 2876 1611 2911; x_wconf 82' lang='lat' dir='ltr'><strong>quidem</strong></span> <span class='ocrx_word' id='word_1_914' title='bbox 1629 2883 1694 2903; x_wconf 77' lang='lat' dir='ltr'><strong>san-</strong></span> 
     </span>
    </p>
   </div>
   <div class='ocr_carea' id='block_1_132' title="bbox 911 2911 1693 2947">
    <p class='ocr_par' dir='ltr' id='par_1_132' title="bbox 911 2911 1693 2947">
     <span class='ocr_line' id='line_1_134' title="bbox 911 2911 1693 2947; baseline 0.001 -10"><span class='ocrx_word' id='word_1_915' title='bbox 911 2911 1020 2946; x_wconf 80' lang='lat' dir='ltr'><strong>guinem</strong></span> <span class='ocrx_word' id='word_1_916' title='bbox 1036 2913 1063 2938; x_wconf 91' lang='lat' dir='ltr'><strong>in</strong></span> <span class='ocrx_word' id='word_1_917' title='bbox 1074 2912 1161 2946; x_wconf 81' lang='lat' dir='ltr'><strong>epulis</strong></span> <span class='ocrx_word' id='word_1_918' title='bbox 1174 2911 1322 2940; x_wconf 80' lang='lat' dir='ltr'><strong>esculemis</strong></span> <span class='ocrx_word' id='word_1_919' title='bbox 1336 2914 1477 2942; x_wconf 78' lang='lat' dir='ltr'><strong>habemus.</strong></span> <span class='ocrx_word' id='word_1_920' title='bbox 1490 2913 1537 2946; x_wconf 90' lang='lat' dir='ltr'><strong>qui</strong></span> <span class='ocrx_word' id='word_1_921' title='bbox 1552 2917 1693 2947; x_wconf 67' lang='lat' dir='ltr'><strong>propterea</strong></span> 
     </span>
    </p>
   </div>
   <div class='ocr_carea' id='block_1_133' title="bbox 912 2947 1693 2982">
    <p class='ocr_par' dir='ltr' id='par_1_133' title="bbox 912 2947 1693 2982">
     <span class='ocr_line' id='line_1_135' title="bbox 912 2947 1693 2982; baseline 0 -9"><span class='ocrx_word' id='word_1_922' title='bbox 912 2954 1021 2982; x_wconf 79' lang='lat' dir='ltr'><strong>quoque</strong></span> <span class='ocrx_word' id='word_1_923' title='bbox 1048 2947 1189 2976; x_wconf 62' lang='lat' dir='ltr'><strong>sutl‘twatis</strong></span> <span class='ocrx_word' id='word_1_924' title='bbox 1213 2953 1241 2976; x_wconf 86' lang='lat' dir='ltr'><strong>et</strong></span> <span class='ocrx_word' id='word_1_925' title='bbox 1266 2949 1419 2977; x_wconf 78' lang='lat' dir='ltr'><strong>morticinis</strong></span> <span class='ocrx_word' id='word_1_926' title='bbox 1446 2949 1634 2981; x_wconf 80' lang='lat' dir='ltr'><strong>abstinemus,</strong></span> <span class='ocrx_word' id='word_1_927' title='bbox 1659 2954 1693 2974; x_wconf 82' lang='lat' dir='ltr'><strong>ne</strong></span> 
     </span>
    </p>
   </div>
  </div>
