1873 3065
37 143 150 173 1629

574 146 743 174 EPISTULA
765 146 808 174 DE
831 146 1010 174 MARTYRIO
1029 146 1057 174 S.
1075 144 1225 174 PO'l'lllNl.

1640 144 1710 172 “50

41 204 145 240 μίας
163 206 317 242 πνεύματος
334 188 574 243 ἀναρῤωννιξμενος
585 207 629 234 διὰ
639 207 688 243 τὴν
700 207 864 247 ,ξγκειμένηι

953 207 982 234 rii
999 206 1116 234 mirabili
1134 205 1275 233 alacritate
1295 204 1378 232 animi
1394 204 1530 237 firmatus,
1552 203 1634 231 etiam
1650 203 1708 238 ipse

39 250 119 285 τῆς
154 251 308 287 μαρτυρίας
331 251 497 287 ἐπιθυμίαν,
515 252 563 278 καὶ
587 252 668 283 αὐτὸς
685 251 732 277 ἐπὶ
749 251 779 277 τὺ
796 250 871 286 βῆμα

43 297 118 324 tam}
127 307 195 334 ρετο
211 298 266 334 (86)
277 309 283 313 ι
301 297 348 325 τοῦ
375 297 422 333 μὲν
440 297 567 333 σώματος
583 298 630 324 καὶ
647 297 699 323 ὑπὸ
715 296 761 324 τοῦ
778 297 870 332 γήρως

42 343 120 369 καὶ
152 343 206 370 ὑπὸ
228 344 277 379 τῆς
299 343 376 370 νόσου
400 342 564 378 λελυμένου*
588 343 759 378 τηρουμένης
775 342 803 369 δὲ
822 343 870 378 τῆς

41 388 172 424 ψυχῆς
189 390 218 416 ὲν
235 388 324 424 αὐτῷ,
342 389 386 416 ἵνα
407 389 533 424 διἀὐτῆς
554 388 671 424 Χριστὸς
688 387 868 424 θριαμϐεύσῃ.

51 436 128 467 '0;
155 436 209 462 ὑπὸ
231 435 284 462 τῶν
301 435 475 471 στρατιωτῶν
498 435 545 461 ἐπὶ
568 435 598 462 τὸ
622 434 697 471 βῆμα.
719 433 870 470 κομισθεὶς,

47 482 320 518 παραπεμπόντων
337 481 425 509 αὐτῶν
441 481 495 508 τῶν
512 481 656 508 πολιτικῶν
673 480 801 513 ἐξουσιῶν
823 481 872 508 καὶ

46 528 182 560 παντὸς
198 528 243 555 τοῦ
261 527 378 564 πλήθους
389 527 542 563 ἐπιϐοήσεις
552 527 680 559 παντοίας
692 527 870 563 ποιουμένων,

48 572 109 605 ὡς
134 573 218 600 αὐτοῦ
236 573 311 605 liv-cog
328 573 374 600 τοῦ
393 573 511 609 Χριστοῦ
531 573 596 608 (87),
614 572 739 599 ἀπεδίδου
756 572 807 608 τὴν
823 581 873 599 κα-

48 619 126 655 λὴν
149 619 309 655 μαρτυρίαν.
335 619 541 654 Ἀνεταζόμενος
556 619 584 645 δὲ
602 619 654 646 ὑπὸ
670 618 715 645 τοῦ
740 618 872 654 ἡγεμόνος

48 665 116 696 τίς
147 665 190 700 εἴη
214 665 384 701 Χριστιανῶν
405 666 419 691 ὁ
434 665 517 697 Θεὸς,
535 665 603 700 ἔφη·
628 664 694 691 Ἐὰν
710 662 748 699 ᾗς
776 664 870 697 ἄξιος,

51 711 194 746 γνώσῃ.
213 710 351 738 Ἐντεῦθεν
367 711 399 747 δὴ
415 711 532 746 ἀφειδῶς
549 711 670 747 ἐσύρετο,
683 711 731 737 καὶ
748 710 872 742 ποικίλας

52 756 186 792 ἔπασχε
203 756 324 792 πληγάςο
337 756 391 783 τῶν
410 757 458 793 μὲν
475 756 617 790 ιιύνέγγυς⁷
635 756 713 792 χερσὶ
729 758 777 783 καὶ
794 756 872 783 ποσὶν

54 801 277 837 ἐνυϐριζόντων
312 801 460 833 παντοίως,
489 800 555 836 μηδὲ
579 800 628 836 τὴν
649 799 757 835 ἡλικίαν
783 799 872 826 αἰδου-

56 847 172 883 μένων
185 847 264 874 αὐτοῦ
276 857 281 863 ·
293 847 346 874 τῶν
362 847 390 874 δὲ
408 846 547 882 μακρὰν,ὃ
564 846 633 882 μετά
648 847 741 881 χεῖρας
758 846 872 877 ἕκαστος

920 253 954 280 ad
971 253 1091 280 tribunal
1112 252 1266 283 ferebatur;
1291 258 1405 286 corpore
1428 250 1538 285 quidem
1554 249 1653 284 partim
1673 249 1708 276 ob

921 302 1097 330 senectutem,
1121 298 1218 333 partim
1240 297 1266 324 vi
1289 296 1376 323 morbi
1393 296 1502 331 penitus
1525 296 1662 323 exhausto
1676 302 1708 322 ac

921 344 1026 377 soluto;
1051 345 1170 371 animam
1188 350 1254 370 vero
1268 342 1357 369 adhuc
1378 341 1514 373 retinens,
1535 347 1566 368 ut
1580 348 1628 376 per
1646 348 1707 368 eant

921 390 1047 418 Christus
1070 390 1258 424 triumpharet.
1282 388 1406 417 Perlatus
1429 388 1511 422 igitur
1534 395 1549 415 a
1573 387 1707 414 militibus

920 435 954 463 ad
976 435 1113 466 tribunal,
1137 436 1364 470 prosequentibus
1387 435 1476 471 ipsum
1501 433 1707 468 magistratibus

921 481 1050 513 civitatis,
1075 486 1102 508 et
1121 480 1246 507 universa
1262 481 1339 515 plebe
1351 481 1433 509 variis
1446 487 1508 508 eum
1530 479 1707 507 acclamatio-

922 528 1003 556 nibus
1028 528 1191 562 impetenle,
1225 532 1355 562 tanquam
1382 527 1440 562 ipse
1462 526 1590 554 Christus
1612 529 1705 558 esset,

921 573 1057 609 egregium
1071 573 1157 600 edidit
1175 573 1372 600 testimonium.
1401 572 1583 607 Interrogatus
1603 578 1668 598 vero
1690 578 1706 598 a

921 619 1052 654 praeside,
1067 619 1194 654 quisnam
1212 623 1286 646 esset
1305 618 1522 646 Christianorum
1545 617 1615 645 Deus
1628 637 1636 650 ,
1661 624 1707 644 re-

921 665 1049 701 spondit:
1076 663 1105 692 Si
1139 665 1234 700 digitus
1260 665 1359 699 fueris,
1387 672 1534 699 cognosces.
1559 663 1623 690 Post
1649 664 1707 691 hazc

921 711 1024 746 absque
1044 711 1101 739 ullo
1123 711 1300 738 humanitatis
1319 715 1441 746 respectu
1463 715 1603 746 raptatus,
1626 714 1708 744 atque

921 757 1072 784 innumeris
1089 757 1175 792 plagis
1195 756 1308 784 allectus
1329 761 1382 790 est,
1405 765 1466 784 cum
1491 757 1508 784 ii
1525 756 1634 791 quidem
1658 756 1706 791 qui

921 804 1034 839 propius
1056 803 1191 837 astabant,
1211 803 1331 830 calcibus
1354 807 1381 830 et
1404 803 1502 838 pugnis
1519 803 1594 830 illum
1609 807 1707 830 contu-

921 850 1032 877 tneliose
1047 853 1215 885 appeterent,
1235 857 1285 876 nec
1306 849 1388 876 ullam
1403 849 1462 884 ejus
1483 849 1556 876 aetati
1583 855 1708 876 reveren-

57 892 165 929 εἶχεν,
184 895 223 926 εἱς
239 894 320 921 αὑτὸν
336 892 546 925 ἀκοντιζόντων·
565 892 673 919 πάντων
695 892 723 919 δὲ
747 891 864 928 ἡγουμέ-

953 904 985 922 ιιιι
1003 896 1175 928 exhiberem;
1191 895 1236 930 qui
1255 903 1318 922 vero
1338 895 1443 930 longius
1461 895 1609 926 distabant,
1626 893 1706 929 quid-

57 950 136 968 νων
154 941 278 976 μεγάλως
301 939 471 976 πλημμελεῖν
493 938 541 966 καὶ
564 939 691 970 ἀσεϐεῖν,
709 938 736 964 εἴ
756 947 797 970 τις
814 938 868 974 (88)

59 986 256 1022 ἀπολειφθείη
274 986 324 1021 τῆς
341 987 380 1018 είς
398 985 479 1012 αὐτὸν
495 984 647 1019 ἀσελγείας.
666 984 722 1011 Καὶ
738 984 792 1019 γὰρ
809 984 870 1015 τοὺς

59 1032 158 1065 θεοὺς
169 1032 259 1060 αὐτῶν
270 1032 325 1068 (89)
337 1033 419 1068 ᾤοντο
434 1032 520 1064 οὕτως
537 1031 699 1066 ἐκδικήσειν.
718 1031 774 1058 Καὶ
791 1030 882 1066 μόγιςη

62 1079 208 1114 ἐμπνέων
231 1079 330 1115 ἐρρίφη
354 1079 382 1106 ὲν
405 1079 438 1114 τῇ
462 1078 554 1113 εἱρκτῇ
579 1077 651 1112 (90),
669 1077 717 1103 καὶ
741 1076 809 1112 μετά
825 1075 871 1103 δύο

60 1127 84 1161 ἡ
91 1125 133 1160 μέ
138 1133 188 1161 ρας
205 1124 352 1161 ἀπέψυξεν.

116 1265 151 1293 Χ.
174 1266 305 1293 Ἐνταῦθα
317 1266 348 1302 δὴ
366 1265 470 1302 μεγάλη
484 1274 527 1298 τις
534 1265 675 1300 οἰκονομία
684 1264 731 1291 τοῦ
740 1263 807 1291 Θεοῦ
815 1263 869 1298 (91)

65 1312 202 1347 ἐγίνετο,
228 1312 275 1340 καὶ
298 1312 370 1344 ἔλεος
394 1312 549 1348 ἀμέτρητον
573 1311 733 1346 ἀνεφαίνετο
765 1309 868 1344 Ἰησοῦ·

67 1357 202 1389 σπανίως
221 1357 270 1393 μὲν
286 1350 316 1384 ὲν
329 1359 361 1393 τῇ
379 1357 538 1393 ἀδελφότητι
550 1357 660 1391 γεγονὸς
676 1356 741 1391 (92),
752 1355 790 1392 μὴ
804 1356 871 1382 ἀπο-

66 1403 242 1438 λειπόμενον
256 1403 285 1430 δὲ
300 1403 351 1439 τῆς
365 1403 463 1439 τέχνης
475 1403 521 1430 τοῦ
537 1403 667 1439 Χριστοῦ.
680 1403 712 1430 Οἱ
728 1402 783 1438 γὰρ
799 1401 870 1429 κατά

67 1451 127 1485 τὴν
142 1449 254 1486 πρώτην
269 1449 398 1485 σύλληψιν
408 1449 513 1486 ἔξαρνοι
523 1449 675 1485 γενόμενοι,
688 1449 871 1475 συνεκλείοντο

69 1497 126 1525 καὶ
144 1497 231 1530 αὐτοὶ,
246 1497 293 1525 καὶ
310 1498 433 1532 μετεῖχον
445 1497 498 1524 τῶν
507 1496 610 1524 δεινῶν.
630 1496 698 1525 Οὐδὲ
712 1495 767 1531 γὰρ
781 1496 810 1522 ὲν
831 1495 870 1532 τῷ

68 1542 169 1578 καιρῷ
178 1542 263 1578 τούτῳ
283 1542 378 1577 δφελός
393 1551 420 1568 τι
443 1543 534 1574 αὐτοῖς
557 1542 573 1578 ἡ
592 1541 736 1577 ὲξάρνησις
755 1540 869 1575 ἐγίνετο.

78 1588 154 1614 Ἀλλ’
167 1589 191 1615 ot
209 1589 258 1624 μὲν
272 1587 466 1624 ὁμολογοῦντες
480 1588 493 1614 ὃ
505 1588 553 1615 καὶ
566 1577 636 1624 ἦσαν
647 1587 713 1623 (95),
733 1586 869 1613 συνεκλεί-
882 1577 903 1605 (Ῑ

70 1644 140 1662 οντο
156 1635 194 1667 ὡς
207 1635 382 1671 Χριστιανοὶ,
413 1635 548 1670 μηδεμιᾶς
571 1633 654 1669 ἄλλης
674 1633 764 1665 αίτίας
778 1633 870 1664 αὐτοῖς

71 1682 292 1717 ἐπιφερομένης.
303 1677 382 1708 Οὗτοι
393 1681 421 1707 δὲ
437 1680 528 1708 λοιπὸν
537 1680 575 1712 ὡς
584 1679 740 1715 ἀνδροφόνοι
748 1679 794 1705 καὶ
805 1687 870 1714 μια-

73 1727 121 1764 ροὶ
138 1727 304 1762 κατείχοντο,
319 1726 476 1762 διπλότερον
492 1725 566 1762 παρὰ
583 1726 646 1757 τοὺς
663 1725 773 1757 λοιποὺς
791 1724 870 1751 κολα-

73 1773 198 1809 ζόμενοι.
220 1774 354 1806 Ἐκείνους
369 1774 419 1808 μὲν
432 1773 486 1808 γὰρ
500 1771 678 1807 ὲπεκούφιζεν
699 1773 715 1808 ἠ
736 1771 807 1808 χαρὰ
821 1772 870 1806 τῆς

75 1819 248 1854 μαρτυρίας·
271 1819 317 1846 καὶ
332 1820 348 1854 ἡ
367 1819 444 1850 ἐλπὶς
466 1818 522 1845 τῶν
537 1817 750 1853 ἐπηγγελμένων
763 1839 770 1850 ,
788 1817 834 1844 καὶ
850 1818 867 1852 ἡ

73 1866 150 1900 πρὸς
164 1865 210 1891 τὸν
224 1865 340 1900 Χριστὸν
357 1865 450 1900 ἀγάπη
464 1885 471 1897 ,
488 1865 571 1891 καιτὺ
587 1863 701 1899 Πνεῦμα
723 1864 753 1890 τὸ
769 1864 868 1900 Πατρι-

74 1911 137 1938 κόν.
155 1910 271 1943 Τούτους
280 1911 308 1937 δὲ
324 1911 354 1937 τὸ
364 1911 482 1942 συνειδὸς
493 1910 617 1945 μεγάλως
628 1911 789 1945 ἐτιμωρεῖτο
801 1909 865 1944 (94)·

73 1955 149 1983 ὥστε
166 1956 213 1982 καὶ
229 1955 304 1991 παρὰ
313 1957 369 1987 τοῖς
390 1955 493 1987 λοιποῖς
513 1955 598 1982 ἀπασι
623 1953 692 1980 κατά
717 1953 767 1986 τὰς
783 1954 868 1988 παρά-

75 2042 117 2068 ila
132 2040 246 2068 celerem
266 2040 380 2067 sortitur
392 2041 506 2073 exitum,
528 2046 558 2067 ut
569 2040 733 2075 intelligercs
745 2039 778 2066 ad
798 2043 866 2075 tem—

76 2076 218 2116 pusillud
239 2075 289 2116 soli
310 2077 444 2116 martyrio.
466 2073 671 2116 reservatuth
688 2073 865 2116 VALEIIS..'EO-

77 2109 108 2138 ἰιι
124 2111 149 2137 ni
169 2118 268 2137 nomen
280 2111 306 2136 in
323 2109 490 2138 editionibus
506 2110 596 2137 Rulini
613 2111 684 2137 tnale
696 2109 780 2137 scribi
796 2109 866 2135 Plio-

77 2148 152 2173 tinus
183 2150 258 2172 notat
287 2145 436 2177 Strothius,
471 2146 526 2172 imo
543 2145 666 2172 Cacciari
693 2145 719 2171 in
737 2144 867 2171 omnibus

78 2182 140 2208 suis
156 2180 234 2207 codd.
259 2179 351 2207 Ruﬁni
380 2180 489 2214 scriptis
517 2180 632 2207 inveniri
654 2180 802 2211 Photinus,
820 2185 867 2206 aut

80 2216 196 2242 Folium
212 2220 340 2242 testatur.
358 2215 410 2242 Sed
426 2215 556 2242 Paulinus
571 2223 648 2250 aeque
667 2215 768 2242 malum
785 2215 867 2241 habet

78 2251 196 2277 Rutilius
215 2258 265 2277 lllS.
285 2251 510 2285 Magdalenensis.

116 2286 173 2320 (86)
182 2286 329 2320 Ἐσύρετο.
347 2285 477 2320 Ἐφέρετο
487 2286 530 2314 ed.
545 2285 639 2320 Steph.
649 2285 759 2312 ducitur
767 2285 801 2320 ad
817 2286 867 2312 tri-

78 2319 191 2356 bunalia
207 2321 262 2347 imo
274 2321 365 2356 potitus
380 2319 510 2348 defertur.
526 2319 617 2347 Rulin.
629 2319 740 2356 ἐσύρετο
751 2319 864 2354 Nieeph.

76 2361 106 2383 et
122 2355 218 2382 Valesii
227 2356 269 2382 ed.
281 2355 402 2382 S‘rno'ru.
412 2356 568 2383 Lectionem
578 2356 748 2383 Valesianam
757 2355 867 2382 lirtnant

77 2391 167 2419 nostri
183 2398 293 2424 quoque
308 2391 496 2424 manuscripti.

116 2425 172 2460 (87)
190 2425 246 2451 Τοῦ
261 2426 401 2459 Χριστοῦ.
418 2426 470 2452 Τοῦ
488 2425 589 2460 Κυρίου
605 2433 656 2452 ms.
671 2424 747 2452 Bodl.

116 2460 172 2495 (88)
184 2461 220 2486 ει
240 2469 292 2493 τις.
307 2461 341 2486 Εἴ
354 2469 380 2487 τι
396 2461 515 2495 episcopi
540 2460 642 2495 Casta],
665 2460 726 2487 cod.
743 2460 864 2487 Sruorn.

115 2495 172 2528 (89;
190 2495 263 2528 Τοὺς
279 2496 366 2528 θεοὺς
381 2494 487 2522 αὑτῶν.
503 2495 558 2522 Hoc
569 2494 658 2522 αὐτῶν
669 2504 701 2522 ex
715 2495 758 2522 ed.
770 2496 863 2529 Steph.

78 2530 199 2556 restituit
225 2530 363 2558 Strothius
375 2550 383 2561 ,
403 2539 484 2565 quem
511 2538 562 2565 ego
580 2536 690 2558 secutus
706 2538 765 2557 sunt
778 2551 784 2561 ,
802 2532 864 2564 quia

79 2565 116 2591 ita
135 2564 233 2599 stt-pius
248 2566 331 2592 scribi
343 2567 370 2592 in
383 2564 435 2592 vet.
445 2564 585 2593 codicibus
595 2565 672 2599 solet,
683 2565 734 2592 etsi
747 2566 863 2592 alterutri

79 2599 182 2626 ἑαυτῶν
200 2600 322 2627 Valesius
341 2601 498 2635 prmtulu-rit.

116 2635 173 2669 (90)
189 2635 308 2670 Ἐρῤίφη
325 2634 360 2662 ἐν
374 2635 411 2669 τῇ
427 2635 537 2670 εἱρκτῇ.
555 2635 622 2663 Cod.
650 2634 793 2662 Medicteus
817 2635 864 2662 ha—

79 2669 126 2706 bet
141 2671 181 2706 είς
196 2669 244 2706 τὴν
257 2672 379 2706 εἱρκτήν,
392 2680 442 2698 nec
459 2671 536 2697 aliter
549 2671 610 2698 cod.
623 2670 864 2703 Maz.,Fuk.etSa-

79 2704 308 2741 vilii._VAt.tss.lta
322 2704 456 2737 valesius,
466 2706 512 2740 qui
528 2707 568 2737 εἰς
581 2705 630 2740 τὴν
643 2706 754 2741 εἱρκτὴν
768 2706 864 2740 impri-

80 2739 207 2766 nlendum
224 2741 339 2774 curavit,
352 2744 425 2775 quod
444 2739 544 2768 rectius
556 2739 614 2773 est,
625 2739 822 2771 ait‘StrOthius,
840 2741 863 2767 si

98 2775 285 2802 rammaticam
314 2781 436 2810 spectes;
466 2776 576 2810 atquis,
604 2775 692 2810 inquit
714 2775 777 2807 ille,
794 2776 864 2803 ltanc

90 2809 236 2842 actionem,
251 2811 274 2837 si
289 2809 385 2837 aderat
404 2809 548 2845 primitus,
563 2809 697 2838 mutasset
722 2811 749 2837 in
775 2811 863 2843 magis

79 2845 229 2880 solmcam?
252 2845 338 2872 Porro
350 2850 437 2873 exstat
450 2845 634 2880 Stephaniana
647 2846 725 2872 lectio
739 2846 766 2872 in
781 2845 861 2872 codd.

79 2878 162 2916 Regio
177 2885 204 2907 et
227 2879 348 2908 Norfole.
363 2881 402 2908 Ad
425 2878 505 2908 oraui
527 2888 592 2907 vero
612 2881 775 2915 exemplaris
793 2881 861 2908 edit.

882 2248 905 2276 D

921 942 985 976 quid
1005 941 1038 968 ad
1055 949 1164 968 manum
1177 947 1247 972 erat.
1267 942 1293 968 in
1310 942 1398 976 ipsum
1413 941 1594 976 conjicerent;
1611 947 1709 967 omnes

920 988 1037 1023 denique
1053 988 1208 1024 gravissimi
1220 988 1310 1015 delicti
1325 995 1356 1015 ac
1373 987 1473 1022 piaculi
1488 994 1551 1014 reos
1569 994 1599 1014 sc
1613 987 1708 1014 existi-

921 1038 1046 1068 marent,
1071 1034 1123 1061 nisi
1145 1041 1194 1069 pro
1218 1041 1267 1061 sua
1287 1034 1402 1069 quisque
1421 1039 1497 1069 parte
1513 1034 1537 1061 ei
1555 1034 1708 1068 petulanter

921 1080 1054 1108 insultare
1073 1080 1251 1108 studuissent.
1278 1079 1384 1115 Quippe
1403 1080 1454 1108 hoc
1471 1080 1552 1107 modo
1578 1079 1706 1114 injuriam

920 1126 1034 1154 deorum
1052 1135 1165 1155 suorutn
1191 1127 1294 1155 ulturos
1316 1135 1345 1155 se
1364 1128 1576 1155 arbitrabantur.
1604 1127 1708 1154 Exinde

921 1173 964 1200 vix
984 1174 1073 1201 adhuc
1094 1175 1201 1209 spirans
1221 1174 1248 1201 in
1263 1182 1401 1202 carcerem
1417 1175 1556 1210 projectus
1571 1178 1623 1207 est,
1644 1179 1706 1201 tau-

921 1219 1036 1254 demque
1052 1224 1114 1254 post
1126 1220 1238 1247 biduum
1253 1220 1372 1247 animam
1384 1220 1530 1249 exhalavit.

956 1264 990 1292 Χ.
1005 1264 1053 1294 llic
1067 1273 1132 1294 vero
1152 1267 1301 1302 singularis
1315 1267 1438 1302 quaedam
1455 1266 1502 1294 Dei
1523 1267 1704 1302 dispensatio,

921 1317 948 1339 et
973 1312 1107 1340 immensa
1132 1312 1194 1340 Jesu
1224 1313 1327 1341 Christi
1352 1313 1540 1342 misericordia
1562 1313 1705 1347 apparuit;

922 1367 985 1386 raro
1000 1359 1111 1394 quidem
1127 1359 1198 1386 inter
1215 1359 1315 1387 fratres
1327 1360 1469 1394 exemplo,
1487 1360 1534 1387 sed
1554 1367 1570 1387 a
1586 1359 1706 1386 dexteri-

921 1410 976 1433 tate
991 1406 1155 1441 ingenioque
1170 1404 1234 1433 Jesu
1251 1406 1354 1433 Christi
1368 1406 1480 1433 minime
1492 1406 1590 1432 alieno.
1603 1404 1706 1432 Omnes

921 1451 1056 1487 siquidem
1070 1453 1116 1487 qui
1132 1460 1146 1478 a
1163 1452 1249 1487 pritna
1262 1451 1353 1479 statim
1369 1451 1613 1487 comprehensione
1625 1450 1705 1478 fidem

921 1503 1095 1533 negaverant,
1106 1497 1156 1533 ipsi
1168 1505 1275 1532 qttoqne
1288 1497 1314 1523 in
1324 1504 1459 1524 carcerem
1473 1497 1599 1531 coniecti,
1610 1497 1704 1524 eadem

922 1552 982 1579 qua:
998 1544 1089 1571 caueri
1105 1548 1239 1579 martyres
1254 1543 1437 1578 perferebant.
1452 1542 1545 1578 Neque
1560 1543 1632 1570 enim
1652 1543 1706 1570 illis

921 1590 1070 1626 quidquam
1096 1594 1160 1617 tunc
1174 1590 1277 1625 profuit
1303 1589 1364 1617 ﬁdei
1380 1597 1438 1617 suae
1459 1589 1576 1624 negatio.
1605 1587 1704 1616 Verum

921 1636 959 1664 illi
977 1635 1084 1670 quidem
1098 1636 1144 1670 qui
1157 1643 1216 1663 sese
1226 1635 1250 1662 id
1263 1636 1334 1671 quod
1348 1642 1441 1663 revera
1450 1639 1608 1667 erant,esse
1623 1635 1705 1668 proli-

920 1682 1057 1714 tehantur,
1067 1686 1196 1716 tanquam
1210 1682 1358 1710 Christiani
1373 1681 1592 1716 conjiciebautur
1607 1682 1633 1708 in
1645 1681 1705 1707 vin-

921 1728 993 1761 cula,
1009 1727 1084 1754 nullo
1099 1728 1153 1754 alio
1172 1728 1287 1755 crimine
1303 1728 1368 1762 ipsis
1377 1727 1495 1762 objecto.
1515 1727 1548 1754 Hi
1561 1734 1627 1754 vero
1643 1734 1704 1762 per-

920 1774 983 1800 inde
1001 1781 1034 1801 ac
1061 1773 1206 1801 homicida
1231 1778 1257 1800 et
1279 1773 1402 1800 scelerati
1427 1772 1552 1800 homines
1576 1773 1704 1807 deinceps

919 1819 1208 1854 detinebantur,duplo
1219 1819 1329 1853 gravius
1341 1827 1423 1854 quam
1433 1818 1529 1853 reliqui
1539 1819 1701 1853 supplicium

920 1864 1098 1901 perferentes.
1121 1866 1185 1893 Illos
1199 1865 1272 1892 enitn
1288 1865 1418 1900 gaudium
1437 1864 1571 1900 martyrii,
1585 1872 1702 1899 spesque

919 1911 1060 1946 promissa:
1078 1911 1254 1938 beatitudinis
1265 1931 1272 1943 ,
1289 1916 1316 1938 et
1330 1911 1449 1938 eharitas
1470 1918 1533 1945 erga
1550 1910 1702 1942 Christum,

918 1962 945 1984 et
956 1957 1002 1984 Dei
1014 1956 1103 1984 Patris
1119 1956 1239 1992 Spiritus
1254 1956 1404 1984 recreabat.
1424 1955 1479 1983 llos
1498 1963 1562 1983 vero
1585 1956 1703 1992 graviter

919 2034 1013 2069 Steph.
1033 2034 1060 2061 in
1077 2032 1240 2069 bibliotheca
1265 2032 1342 2059 Bodl.
1352 2032 1526 2069 _rcscriptum
1541 2037 1583 2069 est
1598 2032 1637 2069 εἰς
1653 2032 1707 2069 τὴν,

918 2067 1145 2131 ῗρητήέ.ἐὲιιιθι
1168 2068 1324 2103 Christoph.
1351 2067 1438 2100 Lect.,
1460 2067 1578 2103 ἐῤῥὶφθη
1594 2067 1703 2094 Gruteii

942 2115 971 2131 L'C
986 2124 993 2131 ο
1029 2112 1044 2131 ³
1082 2111 1097 2129 n
1113 2123 1120 2129 .

942 2110 993 2132 eet.
1011 2108 1120 2131 habent.

955 2139 1009 2175 (91)
1026 2139 1082 2166 Τοῦ
1095 2138 1178 2165 Θεοῦ.
1194 2137 1258 2169 Τοῦ,
1275 2139 1347 2173 quod
1355 2138 1485 2175 Valesius
1510 2145 1623 2175 ex_tnss.
1644 2137 1703 2175 suis

919 2171 1056 2202 addidisse
1069 2175 1185 2204 videtur,
1198 2171 1329 2207 expunxit
1344 2173 1494 2205 Strothius,
1510 2173 1556 2200 sed
1573 2181 1634 2200 cum
1653 2171 1704 2200 Va-

919 2211 988 2238 lesio
1001 2209 1105 2236 faciunt
1118 2209 1199 2236 ambo
1214 2209 1306 2243 scripti
1321 2210 1384 2236 mei.

955 2244 1153 2281 (92)}‘mrltoe
1268 2244 1398 2281 γιεγονᾴς.
1414 2243 1566 2281 Notandum
1576 2249 1618 2281 est
1629 2243 1702 2281 quod

919 2279 996 2308 aiunt
1010 2279 1216 2314 Lugdunenses,
1235 2286 1325 2305 rarum
1342 2279 1431 2306 adhuc
1445 2279 1470 2305 itt
1487 2279 1607 2306 Ecclesia
1625 2279 1701 2313 ejus-

918 2316 991 2343 modi
1010 2313 1183 2349 indulgentiae
1201 2321 1280 2340 usum
1295 2314 1379 2340 fuisse
1394 2322 1458 2348 erga
1481 2315 1582 2348 lapsos.
1601 2313 1702 2348 Nempe

918 2352 980 2386 quia
997 2350 1030 2377 ad
1056 2349 1110 2386 hoc
1134 2356 1220 2382 usque
1239 2353 1344 2382 tempus
1361 2350 1438 2386 pauci
1461 2349 1609 2386 admodum
1632 2350 1700 2383 lapsi

918 2384 1035 2413 fuerant.
1065 2385 1169 2418 Itaque,
1198 2389 1322 2411 cessante
1354 2384 1460 2416 inorbo,
1478 2385 1545 2410 nihil
1559 2393 1628 2418 opus
1643 2389 1702 2411 erat

917 2420 1074 2456 hujusmodi
1087 2419 1232 2456 medicina.
1251 2419 1409 2456 Subsecutis
1424 2420 1514 2456 autem
1533 2425 1700 2456 persecutio-

917 2454 1008 2488 nibus,
1028 2455 1078 2482 hoc
1093 2454 1242 2481 remedium
1256 2455 1379 2481 crebrius
1389 2455 1518 2480 usitatum
1526 2459 1578 2482 est.
1599 2454 1700 2482 VALES.

916 2493 939 2518 A
954 2499 1038 2525 scopo
1062 2490 1106 2518 hic
1125 2490 1252 2516 aberrare
1277 2489 1401 2516 Valesius
1421 2489 1535 2523 Anglico
1559 2490 1700 2523 interpreti

915 2528 1033 2555 videtur.
1061 2533 1141 2560 quem
1166 2533 1248 2559 supra
1265 2526 1335 2555 (not.
1351 2525 1396 2555 63)
1421 2525 1574 2556 nominavi;
1619 2526 1701 2559 siqui.

915 2563 977 2589 dem
992 2566 1069 2596 putat
1082 2561 1126 2587 ille
1138 2560 1190 2587 hoc
1202 2561 1260 2586 loco
1276 2560 1317 2594 agi
1332 2560 1365 2596 de
1378 2560 1544 2596 lapsisiraro
1564 2560 1700 2594 exemplo,

915 2595 1000 2632 quod,
1013 2596 1083 2624 infra
1108 2596 1227 2630 positum
1244 2601 1295 2626 est,
1313 2595 1341 2630 ἐξ
1356 2595 1389 2632 12
1405 2599 1431 2632 et
1446 2595 1494 2632 l3,
1516 2595 1700 2632 resipiscenti‘

915 2629 984 2664 lius;
1010 2637 1091 2666 atque
1108 2629 1177 2666 iticri
1207 2638 1296 2664 posse,
1311 2629 1340 2657 ut
1355 2630 1388 2657 ad
1407 2629 1489 2656 Hebr.
1511 2630 1579 2666 V1,}
1596 2634 1622 2656 et
1636 2638 1694 2666 seq.

915 2672 1019 2702 spectet
1033 2664 1139 2693 auctor.
1153 2665 1216 2693 Mox
1239 2666 1316 2693 abest
1330 2665 1462 2692 articulus
1476 2670 1537 2692 ante
1551 2664 1670 2699 Χριστοῦ
1683 2673 1699 2692 a

915 2701 966 2730 nis.
979 2701 1097 2729 Norfole.

950 2738 1006 2772 (95)
1029 2736 1261 2772 'OyoJo-poﬁrtsc
1316 2736 1365 2762 καὶ
1380 2733 1480 2772 ἦσαν..
1493 2734 1699 2772 Ὀμολογοῦντες

913 2770 960 2800 τὸν
974 2773 1039 2799 Θεόν
1055 2770 1105 2799 ms.
1125 2770 1245 2799 Norfolc.
1261 2771 1322 2799 Mox
1333 2779 1442 2806 quoque
1458 2770 1504 2796 τὸν
1514 2770 1579 2796 ego.
1595 2778 1644 2805 pro
1655 2770 1700 2797 τὸν

914 2809 1031 2844 Χριστόν
1046 2808 1115 2834 idem
1132 2815 1185 2844 ms.

949 2842 1208 2878 (94)Ὲτιμωρεῖτο.
1237 2841 1382 2878 Ἐτιμιὶιρει
1414 2849 1465 2878 ms.
1493 2840 1587 2876 S'eph.
1614 2849 1700 2876 marg,

913 2879 980 2906 edit.
996 2878 1097 2907 (it-nev.
1113 2884 1139 2906 et
1149 2879 1313 2913 exemplaris
1328 2877 1421 2906 Jones.
1441 2877 1513 2905 ὅτιιο
1521 2885 1562 2905 ru.
