1873 3065
24 154 29 179 Ι
41 153 126 181 455
553 153 720 181 EPISTULA
741 153 784 181 DE
805 154 851 181 MA

930 153 985 181 RIO
1005 153 1034 182 S.
1055 152 1201 181 ΡΟΤΗΙΝΙ.
1625 152 1692 180 ιιδι

24 215 63 249 ιη
70 212 255 249 ριομαχιῶν
263 213 370 250 ἡμέρας
376 212 420 240 διὰ
426 213 489 246 τοὺς
500 214 653 250 ἡμετέρους
660 215 802 250 διδομένης
811 215 846 250 (6)

930 215 1027 242 raebito
1040 214 1213 242 deiudustria
1226 220 1370 241 munerum
1381 212 1426 240 die
1442 217 1551 248 propter
1573 218 1692 241 nostros.

24 260 98 286 Καὶ
127 261 145 287 ό
169 259 223 295 μὲν
236 260 380 295 Μάτουρος
395 259 441 286 καὶ
457 260 471 286 ό
485 259 606 294 Σάγκτος
615 258 692 292 αὖθις
706 260 815 296 διῄεσιν
829 261 851 287 ὲι

930 260 945 287 lt
959 260 1082 288 Maturus
1094 260 1203 295 quidem
1220 267 1253 287 ac
1268 259 1385 286 Sanctus
1406 266 1504 286 rursus
1519 259 1611 286 omnia
1637 263 1694 286 toro

24 305 71 340 τῷ
91 305 298 342 ἀμφιθεάτρῳ
314 305 357 332 διὰ
374 306 465 341 πάσης
475 306 622 338 κολάσεως.
639 306 677 339 ὡς
695 307 776 343 μηδὲν
791 307 851 338 ὅλως

930 312 1066 334 tentorum
1077 314 1175 341 genera
1192 306 1218 332 in
1231 305 1432 341 amphitheatro
1444 305 1597 337 subierunt,
1613 305 1692 340 quasi

24 351 301 386 προπεπονθότες
318 350 417 386 μᾶλλον
433 351 461 377 δὲ
475 351 513 383 ὡς
528 351 571 378 διὰ
582 352 712 379 πλειόνων
727 352 776 388 ἤδη
792 352 851 387 κλή-

932 352 979 379 ihil
989 356 1067 379 antea
1077 352 1197 387 perpessi
1211 357 1318 384 essent;
1342 355 1390 378 aut
1400 351 1489 386 potius
1497 350 1574 386 quasi
1585 351 1693 378 athletae.

24 407 101 432 ρων
129 398 173 433 (7)
193 398 386 430 ὲκϐεὗιακότες
407 397 454 425 τὸν
471 398 637 431 ἀντίπαλον,
662 398 710 425 καὶ
729 400 792 434 περὶ
811 398 851 426 τοί

930 398 957 425 ui
971 399 1064 426 multis
1080 399 1137 433 jam
1153 398 1257 425 vicibus
1272 397 1458 425 adversarium
1470 401 1656 431 superassent,
1666 402 1693 424 et

24 443 202 477 στεφάνου
219 442 303 469 αὐτοῦ
317 443 364 470 τὸν
377 443 471 477 ἀγῶνα
482 443 600 478 ἔχοντες,
624 444 762 480 ὑπέφερον
779 445 851 472 πάλιι

930 452 1055 472 ecorona
1082 444 1141 479 ipsa
1166 443 1222 478 jam
1238 444 1418 475 decertarent,
1444 449 1541 469 rursus
1561 446 1692 470 consueta

24 487 96 520 τὰς
117 487 265 521 διεξόδους
278 488 332 514 τῶν
346 488 485 524 μαστίγων
501 489 538 523 (8)
554 489 605 521 τὰς
627 490 715 516 ἐκεῖσε
738 490 851 525 εἰθισμέ-

930 491 964 519 lic
979 491 1127 527 ﬂagrorum
1149 490 1262 518 verbera
1285 489 1472 524 pertulerunt,
1490 492 1518 515 et
1542 488 1691 516 bestiarum

26 542 95 564 νας
107 542 118 548 ⁸
142 534 196 560 καὶ
212 534 277 565 τοὺς
289 533 342 559 ἀπὸ
355 533 410 560 τῶν
424 533 525 569 θηριων
535 534 688 570 ἐλκηθμούς
698 543 705 550 ο
718 535 764 561 καὶ
778 535 848 562 πάνθ

930 544 983 565 ιεοβ
994 535 1159 563 trahentium
1176 542 1294 567 morsus,
1308 538 1335 562 et
1345 542 1515 569 quaecunque
1530 535 1582 562 alia
1596 535 1693 569 vulgus

28 579 101 606 ὅσα
119 580 292 616 μαινόμενος
308 580 322 606 ὁ
335 579 422 615 δῆμος
434 580 507 608 ἄλλοι
523 581 669 616 ἀλλαχόθεν
683 581 803 608 ὲπεόόων
811 581 851 608 κα)

930 588 1036 609 isanum
1049 588 1099 616 pro
1113 588 1163 608 suo
1178 580 1295 614 quisque
1311 579 1426 607 arbitrio
1446 580 1531 608 variis
1555 580 1693 607 acclama-

31 625 276 652 ἐπεκελεύοντο·
295 626 342 653 καὶ
361 626 408 652 ἐπὶ
425 626 492 652 πᾶσι
515 625 551 660 (9)
573 626 623 662 τὴν
643 627 755 663 σιδηρᾶν
777 627 851 654 καθέ-

930 626 1029 654 onibus
1045 625 1212 660 imperabat:
1233 625 1319 660 ipsam
1340 630 1479 660 postremo
1504 624 1619 652 ferream
1646 632 1694 652 ca-

30 670 135 705 δραν,
158 672 205 706 ἐφ’
219 669 253 707 ἧς
269 670 470 707 τηγανιζόμενα
486 672 521 698 τὰ
532 671 646 707 σώματα
658 693 665 705 ,
682 674 795 710 κνίσσης
810 674 851 701 αὑ-

930 673 1050 707 iedram;
1066 673 1109 700 cui
1126 672 1295 707 superposita
1314 676 1465 708 martyrum
1485 673 1607 699 membra
1629 680 1692 700 cum

34 717 121 748 τοὺς
150 718 277 753 ἐνεφόρει
304 718 368 753 (10).
396 720 427 746 Οἱ
450 720 472 746 δ’
490 720 545 747 οὐδ’
568 720 654 751 οὕτως
672 720 768 755 ἔληγον
786 721 851 756 (Η)¹

930 723 1088 749 irrerentur,
1106 718 1216 746 illorum
1230 725 1309 745 nares
1321 718 1535 746 molestissimus
1549 718 1628 745 nidor
1641 718 1694 746 im-

35 762 115 789 ἀλλ⁹
135 763 181 790 ἔτι
199 763 246 790 καὶ
264 764 363 799 μᾶλλον
379 764 561 801 ἑξεμαῑνοντο,
578 766 732 801 βουλόμενοι
749 767 851 802 νικῆσαι

930 765 1009 792 lebat.
1030 763 1131 791 Verum
1158 764 1197 791 illi
1217 772 1250 792 ne
1265 764 1305 791 sic
1322 763 1431 799 quidem
1454 764 1536 791 tinem
1564 765 1692 792 satviendi

35 809 105 844 ’τὴν
129 809 248 836 ἐκείνων
269 810 418 846 ὑπομονήν.
435 812 490 838 Καὶ
506 812 560 838 οὐδ’
576 812 614 845 ὡς
636 812 712 847 παρὰ
735 812 851 846 Σάγκτοι

930 815 1046 842 :cerunt,
1066 810 1113 838 sed
1127 814 1222 838 contra
1236 817 1269 837 eo
1284 810 1472 837 vehementius
1495 810 1694 838 accendebatur

38 854 159 891 ἔτερόν
174 865 203 882 τι
217 856 380 891 εἰσήκουσαν
394 857 459 893 (12),
477 859 544 894 παρ’
556 858 589 894 ἢν
598 859 645 885 ἀπ’
656 859 743 894 ἀρχῆς
757 858 851 885 emicet

930 863 1003 883 orum
1020 855 1109 888 furor,
1131 863 1192 883 cum
1212 863 1370 890 expugnare
1395 860 1545 891 martyrum
1566 861 1694 883 constan-

39 900 156 935 λέγειν
169 902 221 936 τῆς
237 902 382 937 ὁμολογίας
398 904 500 938 φωνήν.
517 901 597 932 Οὗτοι
620 904 670 940 μὲν
690 902 736 931 οὖν
752 904 808 940 (15)
823 905 848 932 δι

932 909 975 929 am
994 901 1200 930 contenderent.
1223 901 1331 929 Nullam
1348 906 1438 929 tamen
1457 902 1492 929 ab
1516 901 1576 936 ipso
1593 901 1694 930 Sancto

875 883 896 914 Β

908 991 1013 1025 Quibus
1029 991 1237 1024 Aobvenisset,
1261 991 1279 1018 ii
1302 991 1373 1018 inter
1399 998 1428 1018 se
1452 991 1694 1019 committebantur

929 1027 997 1053 rimo
1013 1027 1072 1053 loco
1088 1027 1243 1062 pugnaturi.
1260 1026 1379 1062 Eratque
1393 1026 1438 1053 hic
1458 1026 1566 1062 πρῶτος
1582 1026 1692 1062 κλῆρος.

907 1035 997 1089 gruum
1014 1035 1072 1053 loco
1088 1035 1243 1067 pugnaturi.
1261 1035 1380 1067 iuratque
1394 1035 1438 1053 mc
1458 1035 1566 1062 πρωτος
1582 1035 1692 1088 κληιρος.

931 1062 1040 1089 innhter
1066 1070 1113 1096 qm
1139 1062 1253 1088 litteram
1268 1060 1473 1093 Beduxlssent,
1489 1062 1609 1089 secundo
1643 1070 1694 1090 oco

908 1097 979 1124 inter
994 1105 1024 1124 se
1049 1097 1201 1124 certabant.
1223 1097 1263 1124 Ita
1288 1104 1349 1124 sors
1368 1101 1395 1123 et
1416 1104 1483 1123 urna
1499 1104 1578 1123 suum
1594 1097 1693 1132 cuique

908 1132 1095 1159 adversarium
1113 1132 1282 1167 assignabat.
1304 1132 1329 1159 Is
1349 1132 1396 1165 qui
1411 1132 1596 1159 adversarium
1612 1140 1692 1160 suum

907 1168 1021 1200 vicerat,
1038 1174 1091 1194 non
1110 1167 1202 1194 statim
1215 1167 1409 1194 coronabatur.
1428 1167 1479 1194 Sed
1495 1175 1557 1194 cum
1571 1167 1632 1194 aliis
1645 1168 1692 1202 qui

908 1203 1082 1230 adversarios
1097 1202 1161 1229 item
1177 1209 1243 1229 suos
1258 1202 1389 1234 vicerant,
1407 1202 1504 1229 iterum
1523 1207 1693 1237 pugnaturus

908 1238 1131 1272 componebatur,
1150 1237 1237 1265 donec
1257 1244 1330 1263 unus
1349 1237 1470 1264 omnium
1493 1237 1578 1264 victor
1597 1245 1694 1272 super-

907 1277 990 1300 esset.
1006 1272 1093 1306 Quam
1112 1272 1139 1300 in
1156 1280 1213 1299 rem
1232 1272 1357 1307 pluribus
1379 1279 1446 1306 opus
1466 1276 1525 1299 erat
1539 1272 1692 1300 sortitioni-

907 1308 969 1336 bns.
999 1307 1068 1336 Hinc
1089 1312 1131 1343 est
1152 1308 1224 1343 quod
1250 1307 1277 1334 in
1307 1307 1692 1343 inscriptioneFarnesiana,

928 1351 989 1370 nam
1003 1343 1084 1370 rel‘ert
1095 1342 1228 1370 Gruterus
1242 1350 1302 1377 pag.
1318 1342 1379 1373 514,
1393 1342 1565 1376 Asclepiades
1581 1343 1691 1377 quidam

928 1352 989 1370 nam
1003 1352 1084 1370 I'CIEI‘I
1095 1352 1228 1370 bruterus
1242 1352 1302 1377 pag.
1318 1352 1346 1368 0']
1353 1352 1379 1373 ιιι,
1393 1352 1565 1376 Αδωιψιιιιιυε
1581 1352 1691 1377 qutuam

906 1352 1106 1410 gaucratiasta,
1126 1378 1153 1404 in
1173 1378 1267 1405 multis
1281 1377 1476 1404 certaminibus
1492 1377 1632 1404 victoriam
1649 1386 1693 1405 re-

907 1414 1003 1441 tulisse
1017 1413 1127 1445 dicitur,
1140 1413 1171 1440 τὸ
1189 1412 1313 1448 δεύτερον
1330 1412 1377 1439 καὶ
1392 1412 1482 1447 τριτον
1500 1412 1567 1447 μετὰ
1585 1412 1694 1448 πρῶτον

907 1449 923 1484 ἢ
937 1449 1062 1484 δεύτερον
1073 1448 1171 1484 κλῆρον
1183 1447 1283 1483 στήσας
1295 1448 1356 1484 rei);
1366 1448 1576 1484 ἀνταγωνιστάς.
1593 1447 1621 1474 Id
1637 1453 1690 1484 est,

906 1482 965 1518 post
978 1482 1091 1518 primunt
1106 1482 1152 1510 diu
1168 1488 1225 1518 past
1238 1482 1379 1510 secundum
1391 1482 1565 1518 sortitionem,
1579 1483 1692 1510 secundo

907 1517 947 1556 ticl
965 1517 1042 1556 tertio
1057 1519 1187 1556 superatis
1204 1518 1373 1545 aduersariis.
1390 1517 1416 1556 Id
1431 1518 1504 1556 enim
1527 1525 1578 1556 us_u
1600 1518 1692 1556 venie-

909 1554 970 1586 bat,
986 1555 1022 1581 oh
1045 1552 1105 1581 eam
1123 1555 1258 1581 rationem
1281 1560 1363 1588 quam
1386 1552 1461 1585 dixi,
1484 1553 1590 1587 quoties
1614 1553 1691 1588 plura

908 1593 987 1616 erant
1010 1590 1086 1624 paria
1112 1589 1285 1616 athletarum.
1299 1587 1402 1624 Quippe
1425 1588 1542 1624 victores
1567 1588 1637 1615 inter
1663 1595 1693 1615 se

906 1623 1148 1659 componebantur,
1161 1629 1188 1651 et
1198 1624 1316 1651 secunda
1335 1623 1404 1659 inter
1417 1630 1466 1659 eos
1482 1623 1562 1650 ﬁebat
1573 1623 1691 1659 sortitio,

906 1667 939 1686 ac
952 1658 1048 1686 rursus
1063 1660 1159 1692 tertia;
1174 1659 1260 1686 donec
1276 1658 1388 1685 victoria
1405 1658 1438 1685 ad
1454 1666 1538 1684 unum
1554 1658 1690 1685 rediisset.

906 1694 940 1721 Et
956 1695 1008 1721 hoc
1022 1699 1074 1726 est,
1090 1694 1162 1728 quod
1184 1695 1210 1720 in
1233 1694 1283 1721 hac
1302 1693 1420 1728 Epistola
1434 1693 1533 1720 dicitur
1546 1692 1591 1719 διὰ
1603 1693 1693 1720 πλειό-

906 1739 959 1756 νων
974 1727 1148 1766 κλήρωνξᾼᾱ
1163 1730 1234 1766 hanc
1247 1729 1408 1766 athletarum
1423 1733 1537 1766 sortenL
1550 1727 1691 1766 referenda

906 1769 971 1791 sunt
982 1762 1033 1798 ea',
1046 1772 1107 1799 quae
1126 1765 1209 1791 habes
1225 1764 1250 1790 in
1267 1763 1400 1798 principio
1421 1764 1502 1797 hujus
1518 1762 1646 1799 Epistula:
1658 1764 1692 1790 de

905 1798 1065 1836 Epagathot
1077 1799 1232 1836 i'rAstﬁrpO'q
1252 1800 1298 1836 χοι).
1309 1798 1451 1836 obteget;
1465 1798 1510 1836 cev
1528 1798 1693 1836 κλῆροντῷν

907 1833 1062 1871 μὰρδξῠρων.
1076 1833 1176 1862 Vates.
1187 1833 1258 1861 Ante
1267 1833 1360 1868 ἀγῶνα.
1371 1834 1474 1861 addunt
1487 1833 1598 1869 ἔσχατον
1612 1833 1693 1861 Chri-

904 1870 1003 1904 stupln
1011 1870 1085 1898 Lect.
1099 1871 1220 1897 Sruoru.

940 1902 979 1939 (8)
997 1907 1052 1938 Τὰς
1067 1904 1220 1937 διεξόδους
1234 1902 1293 1930 τῶν
1303 1904 1465 1939 μαστίγων.
1480 1903 1619 1931 Musculus
1634 1911 1693 1931 ver-

906 1940 937 1967 tit
958 1940 1092 1968 verbcrum
1106 1940 1249 1966 illuliones.
1265 1939 1533 1974 Clu-istophorsonus
1553 1939 1691 1972 trajectt'o-

905 1984 959 2002 nes.
983 1975 1089 2002 Dictum
1110 1975 1216 2002 videtur
1232 1981 1280 2008 pro
1298 1974 1347 2006 τὰς
1363 1973 1391 2000 ὲν
1411 1975 1471 2006 ταῖς
1494 1973 1619 2007 διεξόδοις
1637 1974 1691 2009 μά-

905 2019 1010 2045 στιγας,
1025 2011 1051 2037 id
1063 2015 1115 2042 est,
1134 2010 1246 2037 verbera
1268 2009 1341 2037 illata
1359 2010 1424 2036 dum
1444 2009 1648 2036 traducerentur
1663 2009 1692 2036 in

904 2053 1013 2080 pompa.
1039 2045 1123 2072 Moris
1139 2049 1234 2080 autem
1251 2049 1319 2077 erat,
1345 2049 1376 2071 ut
1402 2044 1522 2071 bestiarii
1545 2049 1691 2078 antequant

904 2079 1057 2115 pugnarent
1081 2088 1143 2107 cum
1169 2079 1264 2107 bestiis
1287 2080 1379 2114 ﬂagris
1404 2080 1631 2111 verberarentur,
1661 2083 1691 2106 ut

903 2114 980 2143 docet
993 2115 1176 2143 Tertullianus
1192 2115 1217 2142 in
1237 2115 1282 2141 lib.
1299 2123 1305 2141 ι
1321 2115 1362 2141 Ad
1382 2115 1510 2147 nationes,
1525 2122 1584 2149 cup.
1605 2114 1648 2145 I8,
1664 2119 1692 2142 et

903 2151 929 2178 in
943 2152 989 2178 lib.
1004 2151 1044 2178 Ad
1060 2156 1203 2184 martyras,
1215 2157 1274 2184 cap.
1290 2150 1316 2176 5.
1328 2150 1374 2177 Sic
1388 2151 1414 2176 in
1427 2149 1556 2177 Passione
1565 2148 1614 2176 SS.
1625 2148 1693 2176 Per-

903 2191 991 2220 petuze
1010 2191 1038 2213 et
1060 2185 1211 2213 Felicitatis
1236 2185 1368 2220 scriptum
1393 2184 1507 2220 legimus
1524 2195 1529 2212 :
1548 2193 1557 2210 ι
1572 2185 1613 2211 Ad
1639 2185 1692 2212 hoc

905 2219 1019 2256 populus
1032 2226 1209 2255 exasperatus
1225 2220 1337 2256 ﬂagellis
1355 2227 1403 2256 eos
1420 2220 1512 2247 vexari
1531 2227 1580 2254 pro
1595 2219 1691 2256 ordine

905 2254 1063 2283 venatorum
1079 2254 1236 2290 postulavit.
1255 2254 1271 2280 ί
1284 2254 1334 2282 Ubi
1350 2255 1412 2282 vide
1429 2263 1490 2290 qua:
1508 2259 1583 2281 notat
1601 2254 1692 2282 Lucas

905 2291 1070 2319 Holstenius.
1080 2289 1179 2326 Itaque
1193 2298 1226 2326 eo
1238 2291 1298 2317 loco
1312 2289 1445 2322 διεξόδους
1461 2296 1534 2317 verto
1549 2295 1690 2326 transcur-

905 2327 995 2354 siones
1015 2324 1172 2361 ﬂagrorum.
1192 2324 1320 2352 Omnium
1338 2326 1410 2352 enim
1433 2329 1591 2352 venatorum
1606 2325 1690 2360 ﬂagra

904 2369 952 2396 per
967 2360 1089 2389 ordinem
1107 2362 1276 2396 excipiebant
1301 2360 1433 2393 bestiarii,
1447 2366 1476 2387 ut
1492 2368 1524 2387 ex
1539 2361 1614 2388 Actis
1637 2362 1690 2387 illis

904 2401 932 2424 et
946 2404 979 2424 ex
1001 2396 1170 2424 Tertulliano
1194 2396 1343 2431 discimus,
1366 2396 1413 2431 qui
1436 2400 1463 2422 et
1486 2396 1690 2424 trauscurrendi

905 2433 988 2459 verbo
1003 2432 1031 2458 in
1048 2439 1079 2458 ea
1098 2440 1127 2459 re
1138 2435 1234 2459 utitur.
1253 2430 1351 2458 Vnus.

905 2501 924 2530 s
940 2468 979 2501 (9)
1001 2467 1057 2494 Καὶ
1081 2466 1132 2494 ἐπὶ
1151 2467 1237 2494 πᾶσι.
1259 2466 1344 2494 Abest
1370 2464 1417 2494 καί
1439 2466 1475 2493 ab
1498 2466 1564 2493 edit.
1593 2465 1689 2502 Steph.

927 2511 1026 2530 τιιοτιι.
1377 2519 1379 2521 -

927 2511 1026 2530 TﬂOTH.
1377 2519 1379 2521 -

939 2538 995 2572 (10)
1015 2537 1171 2572 Ἑνεφόρει.
1192 2536 1331 2572 Ἐνεφύρει
1344 2536 1403 2572 cod.
1415 2536 1524 2564 Castell.
1541 2535 1663 2564 Sraoru.

939 2570 995 2608 (II)
1015 2570 1151 2608 Ἕλήτπὸν.
1173 2570 1296 2608 Ἤλγοὺν
1308 2579 1360 2599 ms.
1371 2571 1460 2608 Bodl.,
1475 2572 1546 2608 quod
1560 2572 1691 2606 Nicepho-

903 2607 951 2635 rus
966 2616 1074 2643 quoque
1088 2608 1200 2640 invenit,
1215 2607 1370 2643 quirtamen
1394 2607 1536 2643 locumsic
1556 2607 1663 2643 retinxit
1680 2616 1688 2635 :

904 2645 935 2670 Οἱ
949 2643 977 2670 δὲ
990 2642 1116 2678 τοάοῦτον
1137 2643 1236 2678 ἤλγουν
1260 2642 1298 2674 ὡς
1321 2642 1369 2668 καὶ
1381 2643 1459 2678 νιχᾷν
1479 2642 1621 2678 βούλεσθαι
1640 2643 1689 2678 τὴν

903 2679 1050 2714 ὑπομονὴν,
1066 2676 1110 2706 οἷα
1124 2676 1288 2714 μὰινόμενοι.

938 2711 995 2749 (I2)
1016 2711 1221 2747 Εὶσήκὸυσανῖ.
1240 2713 1334 2740 Posuit
1354 2712 1463 2747 quidem
1479 2712 1616 2744 Valesius,
1629 2711 1689 2749 lor-

904 2747 975 2776 lasso
991 2757 1024 2776 ex
1036 2750 1146 2783 scriptis
1162 2750 1230 2781 suis,
1245 2753 1318 2776 certe
1332 2756 1394 2776 cum
1408 2756 1441 2775 co
1455 2747 1690 2783 consentientibus

902 2793 969 2812 mss.
991 2784 1068 2811 Bodl.
1088 2782 1115 2811 et
1133 2783 1252 2812 Norfulc.
1269 2784 1398 2818 ἥκουσαν,
1413 2784 1460 2811 sed
1480 2791 1512 2809 ex
1528 2784 1570 2809 ed.
1592 2782 1689 2816 Steph.

902 2821 1066 2855 εὶσήκουσᾳν
1078 2824 1248 2855 revocantem
1267 2819 1417 2855 Strothiutn
1432 2823 1540 2855 secutus
1551 2826 1622 2845 sum.

937 2853 994 2890 (ιδ)
1008 2854 1072 2882 Μὲγ
1086 2853 1152 2883 οὖν.
1169 2855 1252 2882 Abest
1266 2853 1311 2882 οὖν
1325 2855 1368 2883 ed.
1385 2854 1479 2890 Steph.
1495 2853 1618 2881 Sno-ru.

91 993 139 1030 (6)
157 993 221 1020 Τῶν
235 994 433 1029 θηριομαχιῶλν
444 995 762 1030 ἠμέρας-...διδοιιέτ-ης.
772 994 857 1030 Hujus

47 1028 114 1055 loci
144 1036 258 1057 sensum
275 1028 329 1056 non
345 1028 469 1058 assecuti
482 1035 547 1058 sunt
562 1028 735 1065 interpretes.
754 1028 857 1058 Sensus

49 1068 158 1100 autem
177 1069 229 1094 est.
242 1065 384 1097 praesidem
398 1073 446 1092 seu
461 1066 577 1100 legatum
591 1066 737 1100 provinciae
749 1065 858 1099 Lugdu—

50 1099 174 1135 nensis.
193 1101 378 1134 spectaculum
395 1099 515 1128 ferarum
530 1099 605 1128 extra
622 1101 744 1128 ordinem
759 1101 857 1135 populo

51 1134 228 1171 praebuisse.
245 1136 394 1171 constituta
408 1136 440 1163 ad
454 1136 480 1163 id
497 1136 551 1171 die,
565 1141 675 1171 propter
686 1134 856 1171 ChriStianos

51 1176 137 1203 quos
157 1169 191 1196 ad
207 1169 309 1205 bestias
329 1171 515 1198 damnaverat.
529 1169 698 1199 Erant'enim
716 1171 787 1205 apud
804 1170 858 1198 Ro-

55 1212 168 1241 tnanos
185 1204 317 1241 ordinarii
343 1214 376 1233 ac
399 1206 535 1233 solemnes
558 1213 701 1233 munerum
720 1204 789 1241 dies,
809 1206 856 1241 qui

54 1239 86 1266 in
108 1246 233 1266 mensem
250 1239 424 1268 Deaemhrem
440 1241 603 1273 incidebant,
617 1245 647 1268 ut
661 1245 702 1268 est
714 1241 740 1268 iu
758 1239 857 1268 Kalen-

57 1273 148 1301 dario
161 1274 326 1303 Heruvartii.
345 1276 425 1303 Extra
442 1276 492 1303 hos
505 1276 562 1303 dies
579 1283 633 1303 non
649 1276 746 1302 licebat
760 1284 856 1304 mune-

56 1310 149 1337 rariis
176 1309 208 1337 ac
232 1310 386 1339 duumviris
410 1311 510 1346 quibus
529 1311 684 1346 hujusmodi
707 1311 856 1338 editionum

59 1352 141 1381 onus
164 1349 224 1372 erat
247 1346 404 1380 impositum
414 1345 427 1376 ,ί
446 1347 599 1381 spectacula
617 1345 735 1373 ferarum
757 1346 856 1380 populo

60 1379 211 1413 exhibere,
223 1379 352 1417 _utd'ocet
366 1379 479 1417 epistola
495 1381 622 1409 Ecclesia:
636 1379 857 1417 Smyrnensisﬂde

63 1417 203 1450 martyrio
222 1415 458 1451 Polycarpifqum
480 1417 606 1451 superius
631 1415 715 1444 relata
732 1420 782 1443 est.
807 1415 858 1444 Ve-

61 1457 131 1492 r}an
151 1451 280 1492 majores
290 1452 458 1492 judices_q_u_i
478 1451 524 1487 jus
544 1452 631 1492 ‘gladii
643 1457 677 1492 et
696 1452 728 1478 ad
756 1451 857 1492 bestias

64 1485 388 1522 damnandihabebant,
405 1485 562 1522 hujusmodi
584 1486 734 1514 meridiana
750 1491 858 1521 specta-

64 1520 142 1552 cula,
158 1521 265 1555 quoties
281 1521 347 1556 ipsis
361 1520 467 1549 libitum
481 1526 550 1553 erat,
562 1522 737 1551 exhibebant.
749 1520 779 1548 ut
794 1529 856 1549 cum

63 1556 163 1590 populi
188 1557 325 1591 voluptate
348 1558 447 1584 noxios
468 1565 483 1584 e
505 1557 594 1584 medio
616 1557 750 1584 tollerent.
771 1556 857 1591 Cujus

65 1591 113 1627 rei
127 1590 280 1627 exemplum
295 1592 400 1620 illustre
416 1597 458 1620 est
472 1592 503 1627 in
514 1592 588 1619 Actis
606 1596 756 1627 martyrum
772 1590 856 1619 Tara-

65 1625 133 1657 chi,
155 1625 239 1658 Probi,
253 1631 281 1654 et
300 1627 457 1655 Andronici.
480 1626 547 1654 Nam
564 1635 626 1654 cum
646 1625 779 1654 Maximus
791 1634 855 1661 pro-

66 1661 169 1688 consul
184 1662 285 1689 Ciliciae
299 1670 346 1689 eos
364 1663 397 1689 ad
414 1662 514 1690 bestias
532 1662 688 1689 damnasset
698 1681 705 1693 ,
719 1662 856 1689 advocans

69 1694 263 1732 Terentianum
276 1697 470 1724 sacerdotalem
481 1697 592 1728 Ciliciat.
600 1697 684 1732 jussit
696 1697 720 1724 ei
731 1697 855 1731 sequenti

69 1731 118 1758 die
142 1739 252 1758 munera
278 1733 381 1760 edenda
405 1740 518 1763 curare.
534 1737 564 1759 ut
582 1731 681 1767 legitur
696 1732 722 1759 in
744 1739 804 1766 cap.
822 1732 856 1759 I0

69 1767 227 1793 eorumdem
242 1769 381 1795 Actorum.
392 1767 489 1795 VALES.
504 1767 548 1794 Ait
561 1768 698 1795 Slrothins
708 1775 715 1792 2
727 1776 737 1793 ι
750 1767 789 1793 Ad
805 1767 856 1795 hoc

70 1800 197 1841 ςπίτηδες
212 1801 360 1841 referenda:
380 1808 444 1830 sunt
463 1810 542 1830 voces
555 1803 599 1829 διὰ
617 1803 680 1834 τοὺς
695 1802 854 1838 ἡμετέρους,

72 1837 281 1870 interpretamur
305 1837 402 1872 igitur,
419 1846 477 1864 cum
498 1843 647 1864 nostrorum
663 1845 745 1864 causa
760 1845 855 1872 oppor-

74 1875 136 1907 tune
150 1873 268 1907 adessent
282 1872 349 1903 dies,
371 1873 464 1907 quibus
487 1873 547 1899 dari
565 1873 676 1900 solerent
692 1873 853 1907 spectacula.

73 1904 215 1941 Nonienim
232 1911 307 1934 extra
321 1904 444 1935 ordinem
460 1907 595 1935 dabantur
611 1912 674 1935 tunc
688 1904 854 1941 spectacula,

74 1945 107 1967 ut
121 1940 240 1969 Valesius
256 1947 341 1976 putat,
357 1942 404 1969 sed
427 1943 541 1970 aderant
555 1943 627 1974 dies,
643 1940 744 1977 quibus
756 1943 855 1969 daren-

76 1981 131 2008 tur,
153 1985 223 2004 nunc
237 1985 301 2006 vero
318 1985 378 2004 cum
400 1977 560 2010 Christiani,
577 1985 694 2012 quorum
720 1977 789 2004 facta
813 1983 855 2004 est

77 2011 175 2038 mentio
199 2012 226 2039 in
253 2020 362 2040 carcere
386 2017 552 2044 tenerentur,
574 2011 656 2047 atque
680 2012 714 2039 ad
739 2017 853 2039 mortem

75 2046 309 2083 damnati_essent,
327 2047 407 2075 etiam
423 2053 533 2083 propter
554 2046 776 2083 hoc’opportune
790 2047 854 2083 ade-

76 2085 145 2108 rant.
158 2091 166 2107 ι
182 2081 242 2109 Haec
252 2082 311 2115 ille;
325 2087 353 2109 at
368 2081 516 2114 νειόθι-[ιιι
527 2081 652 2118 ἐπίτηδες
664 2081 854 2118 adverbialiter

77 2121 221 2150 sumptum,
235 2122 417 2152 opportunum
432 2118 498 2152 quid
509 2118 550 2145 vel
566 2117 740 2146 commodum
754 2117 853 2144 usitate

78 2156 167 2188 sonet;
182 2157 254 2188 certe
271 2152 339 2180 Vett.
354 2152 442 2180 Gloss.
458 2153 567 2184 habent,
583 2153 719 2188 ἐπίτηδες,
730 2153 762 2179 de
775 2153 853 2178 indu-

78 2186 156 2222 stria,
175 2187 237 2214 data
256 2195 344 2222 opera.
367 2188 498 2215 consulto.
519 2188 603 2222 Cujus
623 2186 852 2222 interpretationis

78 2221 278 2250 illustrationeln
297 2222 372 2250 dabit
386 2223 546 2250 Aristoteles
558 2221 590 2249 Vin
613 2221 731 2255 Poetiéu,
749 2231 774 2250 c.
792 2223 825 2250 I9
844 2231 850 2249 :

78 2255 114 2298 τι
129 2247 446 2298 progenerare;
453 2247 852 2298 tggg'gaa.;,'§grtsjss
869 2247 890 2276 ο

78 2291 221 2329 αὐτομάτου
242 2291 288 2319 διαὶ
308 2293 359 2329 τῆς
381 2291 478 2329 τύχης·
493 2291 556 2319 ὲπὲὶ
575 2293 621 2329 xa}
636 2291 690 2319 τῶν
705 2293 758 2320 ἀπὸ
771 2292 854 2329 τύχης

78 2302 221 2327 αυτοματου
242 2302 288 2319 και
310 2302 359 2329 της
381 2302 411 2319 τυ
432 2302 478 2328 ης·
493 2302 556 2319 επει
575 2302 621 2320 και
636 2302 690 2319 των
705 2302 758 2320 am
771 2302 854 2327 τυχης

78 2326 158 2369 tat-ira
179 2326 400 2369 θαωμαοίςὺτατα⁷
412 2302 497 2369 ἔαξεῖὲ
518 2329 575 2369 fidet
601 2328 695 2369 ᾥσπερ
707 2328 854 2369 ’ξᾳίτηδςς

80 2361 197 2399 φαίνεται
209 2361 437 2399 γέγονέναιῄοἷον,
451 2364 465 2389 ὁ
483 2364 593 2399 ἀνδριὰς
608 2364 622 2390 ὁ
636 2361 690 2399 ντοῦ
707 2364 809 2399 Μίτυος
825 2364 854 2389 ὲν

82 2397 173 2433 Ἄργει
188 2398 330 2425 ἀπέκτεινε
343 2398 388 2425 τὸν
410 2399 495 2425 αἴτιον
512 2397 559 2425 τοῦ
577 2398 691 2424 θανάτου
705 2398 744 2433 τῷ
759 2398 852 2430 Μίτυῖ,

81 2431 214 2469 θεωροῦντι
229 2433 367 2469 ἐμπεσών·
387 2434 458 2460 ἔοικε
476 2434 530 2469 γὰρ
547 2433 582 2460 τὰ
597 2433 707 2469 τοιαῦτᾳ
722 2431 772 2460 οὐκ
792 2433 853 2469 εὶκῆ

82 2467 204 2504 γενέσθαι.
229 2467 286 2495 Diei
311 2469 419 2504 quidem
446 2467 541 2503 possit,
558 2469 625 2496 illud
648 2476 663 2495 a
691 2468 751 2504 Deo
769 2467 854 2504 causa

81 2503 286 2530 Christianorum
304 2502 554 2538 provisum’l‘uisse,
572 2511 620 2531 seu
657 2503 783 2531 consulto
813 2502 854 2531 Ia-

82 2543 157 2574 ctura.
174 2537 223 2566 Sed
236 2537 422 2566 cum’Valesio
434 2540 518 2574 magis
536 2539 616 2566 facio.

115 2573 149 2606 (7)
164 2574 212 2601 Διὰ
228 2575 375 2601 πλειόνων
396 2574 454 2608 ἤδη
470 2572 597 2608 κλήρων.
618 2572 678 2600 Iam
697 2580 778 2607 supra
795 2580 853 2600 mo-

85 2608 181 2635 nuimus
194 2610 294 2636 multas
309 2610 352 2636 hic
363 2610 553 2636 translationes
567 2616 629 2636 esse
644 2616 658 2635 a
671 2617 699 2636 re
713 2608 850 2635 athletica.

85 2643 148 2680 Inter
160 2644 204 2671 has
220 2645 387 2671 numeranda
403 2650 444 2672 est
454 2652 504 2672 vox
519 2644 626 2680 κλῆροι.
642 2643 851 2680 Solebautenim

87 2678 180 2706 athletae
195 2679 241 2713 qui
265 2679 292 2706 in
309 2680 380 2707 ludis
395 2680 524 2707 certaturi
545 2678 633 2711 erant,
647 2679 744 2706 sortito
760 2678 849 2705 educi.

85 2712 152 2746 Quod
164 2712 298 2748 quomodo
320 2716 404 2747 iieret,
421 2715 498 2742 docet
516 2722 567 2742 nos
582 2714 719 2741 Lucianus
739 2714 766 2740 in
785 2712 852 2739 Her-

87 2749 189 2775 motima.
210 2749 319 2777 Cistella
343 2754 404 2777 erat.
426 2754 564 2784 argentea,
589 2749 644 2776 Deo
669 2748 849 2776 certaminum

86 2784 179 2817 praesidi
194 2791 288 2818 sacra,
310 2785 338 2812 in
359 2792 439 2819 quam
462 2785 678 2819 conjiciehantur
698 2788 784 2810 sortes
802 2791 849 2819 seu

88 2822 181 2854 tesserae
197 2819 302 2846 breves.
318 2820 346 2846 In
361 2818 465 2847 duabus
487 2818 616 2854 inscripta
630 2823 689 2846 erat
712 2819 798 2854 littera
816 2818 849 2854 Δ,

89 2853 112 2879 in
125 2854 176 2881 aliis
196 2854 303 2882 duabus
320 2854 356 2887 Β,
378 2856 404 2881 in
431 2856 492 2882 aliis
513 2853 580 2881 ill-ni
597 2854 704 2881 duabus
720 2853 749 2885 Γ,
766 2857 794 2879 et
809 2853 850 2879 sic

89 2889 206 2924 deuiceps.
232 2889 300 2917 Tum
326 2890 432 2918 athletae
453 2895 541 2918 sortes
563 2898 579 2918 e
599 2891 665 2917 cista
688 2888 848 2917 educebant.

870 1575 891 1605 C
