1873 3065
48 164 144 192 ηδδ
566 169 691 199 PASSIO
712 171 762 200 SS.
783 172 927 201 EPIPODII
946 174 990 201 ET
1009 173 1218 204 ALEXANDRI.
1642 185 1716 218 “54

38 229 107 257 κτῃ
130 221 222 250 οὕτω
236 223 350 259 διάγειν,
373 226 491 262 Ἀττάλῳ
513 227 582 263 μετὰ
602 229 649 256 τὸν
664 230 770 265 πρῶτον

976 237 1060 260 verat.
1081 233 1206 269 Cumque
1225 234 1253 263 in
1272 242 1383 265 carcere
1406 237 1512 273 positus
1531 241 1655 270 eamdem
1669 243 1715 270 vi-v

37 267 77 294 ὃν
105 270 147 295 ἐν
184 270 227 306 τῷ
251 271 430 308 ἀμφιθεάτρῳ
450 273 558 308 ἤνυσεν,
577 274 756 312 ἀπεκαλύφθη

974 278 1001 305 di
1018 279 1153 307 rationem
1161 267 1249 309 ‘vellet
1268 282 1395 316 retinere,
1406 267 1500 312 Attalo
1516 291 1577 321 post
1589 287 1710 322 primum

40 314 161 348 καλῶς
183 317 277 354 ποιοίη
300 319 314 345 ό
327 318 511 356 Ἀλκιϐιάδης,
533 320 570 356 μὴ
586 321 726 358 χρώμενος
741 325 779 350 τοὶ

972 323 996 350 ρὰ
1010 323 1037 351 in
1057 325 1256 360 amphitheatro
1270 328 1426 357 confecerat
1440 335 1590 366 certamen,
1607 335 1711 362 revela-

41 368 154 396 σμασι
169 362 224 389 τοῦ
239 363 317 396 Θεοῦ,
325 365 371 391 καὶ
380 365 470 406 ἄλλοις
480 366 564 393 τύπον
573 367 718 395 σκανδάλου
729 369 780 396 ὑπο

970 377 980 397 1
996 374 1047 404 est,
1064 379 1118 398 non
1132 377 1204 401 recte
1214 381 1303 409 neque
1314 376 1410 404 ordine
1426 376 1517 406 facere
1528 362 1709 414 Alcibiadem,

44 414 164 441 μενος.
188 409 314 442 Πεισθεὶς
332 411 361 438 δὲ
380 412 558 451 Ἀλκιϐιάδης,
575 413 684 441 πάντων
697 414 783 450 ἀνέδηπ

981 421 1009 444 et
1022 418 1155 446 creaturis
1174 418 1221 447 Dei
1238 421 1351 449 minime
1362 426 1495 457 uteretur,
1509 428 1537 451 et
1547 425 1608 453 aliis
1619 433 1711 454 exem-

42 454 217 490 ελάμϐανε
235 455 289 492 (84)
301 477 309 490 ,
327 457 373 484 καὶ
391 458 599 495 ηὐχαρίστειτῷ
609 459 678 496 Θεῷ.
689 461 726 488 Οὐ
741 461 781 497 γὰλ

971 470 997 489 m
1019 464 1143 492 scandali
1166 465 1250 493 fleret.
1266 467 1362 495 Paruit
1380 468 1473 504 itaque
1488 454 1660 506 Alcibiades,
1683 478 1710 501 et

44 501 225 554 πίσκετξτοι
243 503 354 540 χάριτος
375 504 442 531 Θεοῦ
468 503 548 541 ἦσαν,
570 506 639 534 ἀλλὰ
659 507 690 534 τὸ
708 507 779 535 ΙΙνεῦ

972 509 1030 538 ictis
1045 510 1174 554 deinceps
1198 512 1267 540 cibis
1286 501 1443 548 promiscue
1468 516 1509 544 uti
1537 519 1629 553 cmpit,
1653 527 1711 554 gra-

45 548 147 583 ἆγιον
165 541 205 585 ἦν
221 550 370 586 σύμϐουλον
386 551 490 583 αὐτοῖς.

1141 541 1149 546 _
1287 541 1296 548 _
1326 541 1330 542 ,
1379 541 1441 543 αὴ
1539 541 1578 545 ἦ..
1600 541 1629 552 .-,

970 561 978 581 ;
991 562 1075 590 agens
1086 554 1151 584 Deo.
1167 550 1260 593 Neque
1273 558 1347 587 enim
1363 559 1454 588 divina
1469 562 1557 597 gratia
1573 541 1621 591 eros
1638 541 1709 599 pii-ze-

924 599 1011 627 sentia
1025 608 1076 629 sua
1098 602 1273 638 destituerat;
1298 605 1346 634 sed
1370 607 1555 637 consultorem
1574 609 1710 639 habebant

922 645 1054 682 Spiritum
1069 654 1205 677 sanctum.

185 733 647 785 Ἀνξέδτζνχᾳεςερξάμϐαξςε..ρυειοι·
659 736 784 779 ΕΙιῙοηὶεἰ
807 737 835 785 1Ρ

978 742 1008 783 οὐ
1022 743 1076 785 γὰρ
1089 744 1284 785 duntaxat-not
1298 744 1379 785 ἦσαν,
1396 749 1590 785 interpretandi
1605 759 1688 780 causa
1698 774 1705 785 ,

51 769 188 803 xviralis,
200 771 290 810 qui,ut
306 769 380 804 dixi,
396 769 454 799 haec
472 772 580 804 attulit,
600 773 725 809 φανερῶς
742 782 790 808 pro

52 803 113 838 δην
131 809 241 852 posutt.
266 804 299 832 Et
322 806 403 840 paulo
416 811 476 841 post
488 807 536 834 καὶ
551 807 664 841 δικαίως
679 809 784 837 addidit

965 777 968 804 l
978 769 1072 840 Eri-iter
1078 769 1704 823 damnifxéiiéuiﬁxﬁ'331';

965 821 976 839 r
988 821 1004 840 ο
1016 821 1040 841 c.

54 926 1686 957 Wa“

629 1046 1141 1128 APPENDIX.

863 1296 904 1339 Ι.

213 1411 458 1470 PASSIO
497 1411 598 1470 SS.
641 1412 958 1472 EPIPODII
998 1414 1090 1472 ET
1130 1414 1564 1477 ALEXANDRI.

360 1647 401 1681 (D.
414 1647 511 1674 Thcod.
524 1648 644 1681 “unum,
656 1651 716 1676 Actu
728 1654 866 1688 martyrum
877 1651 982 1680 sincera.
1001 1653 1115 1685 Veronae,
1129 1652 1199 1686 i731,
1215 1654 1321 1682 in-follo.
1334 1663 1357 1688 p.
1371 1656 1423 1689 62.)

735 1887 1049 1935 MONITUM.

104 2006 164 2035 Non
174 2006 262 2035 multo
275 2011 337 2042 post
351 2010 508 2034 sanctorum
529 2005 653 2040 Pothini,
668 2010 696 2034 et
723 2006 862 2034 sociorum
886 2006 947 2042 ejus
969 2007 1085 2041 caedem,
1102 2015 1172 2043 quos
1191 2015 1225 2036 ex
1244 2007 1361 2038 Eusebio
1378 2009 1406 2037 in
1430 2010 1497 2038 urbe
1520 2010 1694 2047 Lugdunensi

69 2055 168 2084 illustri
191 2055 324 2090 martyrio
345 2058 491 2082 coronatos
509 2053 640 2087 diximus,
656 2054 846 2089 comprehensi
865 2059 929 2082 sunt
944 2054 999 2082 duo
1017 2055 1064 2082 alii
1077 2055 1236 2090 ChriStiani,
1249 2057 1295 2092 qui
1317 2057 1440 2086 eamdem
1455 2059 1547 2087 urbem
1561 2060 1694 2095 sanguine

68 2111 118 2132 suo
133 2103 311 2131 illustrarunt.
324 2101 344 2129 li
359 2107 422 2130 sunt
437 2101 585 2136 Epipodius
597 2106 624 2129 et
638 2101 801 2133 Alcxandcr.
817 2109 934 2137 quorum
949 2102 1016 2129 Acta
1029 2110 1063 2130 ex
1075 2102 1160 2138 Aprili
1171 2103 1348 2132 Bollandiano
1363 2110 1390 2133 et
1405 2104 1487 2133 Surio
1499 2113 1561 2133 cum
1581 2106 1598 2133 2
1611 2106 1690 2134 codd.

67 2158 148 2184 mss.,
164 2157 219 2178 uno
234 2149 588 2182 Bibliothecaﬂolbertinw,
603 2149 689 2177 altero
703 2149 819 2185 insignis
837 2150 1075 2178 archimonasterii
1090 2150 1183 2178 Sancti
1198 2151 1314 2187 Remigii
1326 2151 1469 2181 Remensis
1490 2154 1588 2182 collata
1602 2154 1693 2189 profc-

67 2199 164 2225 rimus.
179 2197 217 2224 De
233 2197 328 2224 iisdem
343 2197 445 2225 sanctis
464 2197 630 2232 martyribus
646 2201 735 2224 exstat
746 2197 860 2225 homilia
871 2197 998 2226 Eucherii
1017 2198 1218 2234 Lugdunensis,
1235 2200 1286 2228 sub
1304 2199 1413 2228 Eusebii
1426 2201 1559 2230 Gallicani
1578 2203 1692 2231 nomine

70 2250 136 2272 tom.
155 2243 186 2278 V,
201 2249 272 2279 part.
293 2252 313 2278 ι,
329 2243 500 2271 Bibliotheca
517 2244 629 2271 Patrum
646 2245 710 2272 edit.
733 2244 915 2273 Coloniensis.

103 2291 160 2320 Non
175 2300 231 2320 uno
243 2298 270 2320 et
283 2292 378 2320 eodem
389 2292 433 2320 die
446 2292 497 2320 hos
511 2297 623 2320 sanctos
634 2297 769 2328 martyres
784 2298 898 2321 mortem
914 2293 1058 2329 pertulisse
1067 2301 1101 2321 ex
1111 2301 1205 2322 eorum
1218 2294 1293 2322 Actis
1304 2298 1421 2323 constat.
1435 2295 1503 2324 Hinc
1519 2296 1621 2324 factum
1633 2303 1688 2331 est,

68 2345 170 2369 meum
184 2340 299 2368 diversis
313 2340 410 2368 diebus
424 2347 519 2368 eorum
541 2339 673 2368 festivitas
693 2341 876 2369 celebraretur
913 2341 996 2378 (quod
1007 2341 1064 2376 jam
1077 2345 1198 2377 tempore
1212 2341 1340 2370 Eucherii
1355 2342 1447 2377 ﬁebat,
1463 2352 1497 2372 ex
1513 2345 1624 2373 laudata
1638 2345 1689 2372 ho—

69 2390 164 2422 milia),
175 2396 270 2416 eorum
286 2389 352 2416 Acta
366 2388 393 2415 iu
408 2387 476 2416 duas
489 2393 579 2424 partes
592 2388 678 2416 divisa
691 2390 755 2423 sint,
769 2389 873 2425 adjecta
893 2390 1040 2426 unicuique
1059 2389 1128 2426 parti
1145 2398 1194 2418 sua
1211 2389 1424 2425 praefatiuncula,
1446 2396 1477 2419 ut
1493 2392 1520 2419 in
1534 2392 1633 2420 officiis
1647 2393 1690 2420 di-

69 2437 137 2465 vinis
150 2437 257 2464 facilius
274 2437 324 2472 legi
338 2441 468 2472 possent;
488 2436 612 2472 quamvis
627 2444 658 2464 ea
671 2437 705 2464 ab
715 2437 811 2465 eodem
830 2442 941 2466 auctore
963 2437 1045 2467 simul
1068 2437 1223 2473 conscripta
1242 2436 1328 2465 fuisse
1349 2445 1430 2465 nemo
1452 2439 1541 2473 possit
1564 2439 1690 2467 inliciari.

70 2486 177 2519 l’rioris,
194 2485 296 2513 scilicet
312 2484 447 2521 Epipodii.
461 2484 560 2512 festum
575 2485 618 2512 die
630 2485 760 2521 vigesima
776 2486 894 2514 secunda
902 2486 1017 2521 Aprilis,
1026 2486 1173 2524 Alexandri
1181 2492 1246 2513 vero
1259 2485 1303 2513 die
1314 2485 1445 2520 vigesima
1456 2490 1553 2521 quarta
1567 2487 1690 2522 ejusdem

71 2533 168 2561 mensis
181 2533 263 2560 etiam
280 2533 435 2568 antiquiora
454 2531 647 2568 Martyrologia
663 2533 810 2562 celebrant.
831 2533 908 2562 Unde
919 2535 1082 2569 conjicimus
1096 2541 1192 2561 eorum
1206 2533 1367 2570 martyrium
1392 2533 1427 2560 ad
1439 2541 1541 2561 annum
1564 2535 1615 2562 178
1630 2542 1691 2562 esse

73 2580 249 2614 referendum,
266 2588 327 2608 cum
345 2581 391 2608 alii
404 2585 538 2616 martyres
560 2580 757 2616 Lugdunenses
775 2582 849 2609 circa
871 2589 994 2610 mensem
1017 2583 1170 2618 Augustum
1195 2581 1259 2608 anni
1278 2580 1455 2616 praecedentis
1476 2581 1550 2616 passi
1575 2581 1689 2609 fuerint.

74 2627 167 2655 Eorum
182 2635 247 2655 vero
261 2635 340 2656 sacra
355 2636 471 2663 corpora
492 2633 614 2662 tempore
627 2628 752 2664 Gregorii
773 2628 955 2662 Turonensis,
979 2630 1006 2657 in
1021 2634 1115 2666 crypta
1132 2628 1226 2656 Sancti
1239 2627 1353 2656 Joannis
1376 2628 1428 2656 sub
1444 2628 1523 2655 altari
1540 2636 1602 2655 cum
1617 2629 1690 2656 beati

73 2675 157 2703 lrcnaai
171 2676 293 2711 reliquiis
312 2676 410 2704 collata
423 2680 512 2709 erant,
524 2685 534 2702 ι
548 2676 581 2704 de
589 2683 707 2711 quorum
727 2678 921 2711 monumentis,
934 2681 964 2705 ut
974 2677 1013 2705 ait
1024 2678 1067 2705 ille
1082 2677 1120 2704 De
1136 2677 1223 2712 gloria
1242 2675 1402 2711 Martyrum,
1415 2683 1476 2711 cap.
1492 2675 1538 2709 50,
1561 2675 1584 2703 si
1599 2677 1690 2711 pulvis

73 2732 128 2751 cum
140 2723 190 2751 ﬁde
205 2724 360 2759 colligatur,
376 2723 515 2759 extemplo
530 2723 656 2752 medetur
671 2724 800 2752 inﬁrmis.
813 2734 822 2750 ι

105 2770 195 2798 Florus
209 2775 236 2798 et
252 2771 310 2798 Ado
325 2770 489 2799 Viennensis
500 2771 735 2807 archiepiscopus,
750 2777 877 2800 asserunt
892 2773 920 2800 in
932 2772 1206 2809 suis'Martyrologiis
1219 2772 1253 2800 ad
1269 2773 1340 2801 diem
1352 2772 1388 2800 94
1405 2772 1515 2807 Aprilis,
1530 2771 1611 2798 simul
1624 2779 1688 2799 cum

73 2818 225 2852 Alexandro,
242 2819 311 2847 alios
325 2819 436 2854 triginta
453 2823 572 2854 quatuor
587 2824 722 2855 martyres
737 2827 834 2855 passos
846 2820 941 2854 fuisse,
956 2829 1037 2856 quem
1050 2824 1208 2848 sanctorum
1222 2828 1365 2848 numerurm
1386 2820 1431 2847 alii
1445 2819 1572 2853 deinceps
1585 2817 1687 2855 Marty-

74 2866 227 2901 rologiorum
243 2867 390 2902 scriptores
403 2867 563 2895 retulerunt.
577 2866 613 2895 De
628 2867 662 2895 iis
679 2871 768 2896 tamen
785 2875 835 2896 nec
858 2868 884 2896 in
901 2869 991 2902 Actis,
1008 2876 1057 2896 ncc
1081 2869 1107 2896 in
1135 2867 1261 2896 Eucherii
1277 2868 1385 2896 laudata
1410 2867 1520 2896 homilia
1535 2866 1686 2902 quidquam

75 2915 186 2943 habetur.
