  <div class='ocr_page' id='page_1' title='image "/cluster/home/n/w/nwhite01/storage/ocr_20150623/5/njp.32101077772372/1027.png"; bbox 0 0 1873 3065; ppageno 0'>
   <div class='ocr_carea' id='block_1_1' title="bbox 180 157 1794 200">
    <p class='ocr_par' dir='ltr' id='par_1_1' title="bbox 180 157 1794 200">
     <span class='ocr_line' id='line_1_1' title="bbox 180 157 1794 200; baseline -0.009 0"><span class='ocrx_word' id='word_1_1' title='bbox 180 170 251 200; x_wconf 71' lang='grc' dir='ltr'><strong>Ηόἲὶ</strong></span> <span class='ocrx_word' id='word_1_2' title='bbox 677 162 800 191; x_wconf 79' lang='lat' dir='ltr'><strong>PASSIO</strong></span> <span class='ocrx_word' id='word_1_3' title='bbox 823 161 873 190; x_wconf 88' lang='lat' dir='ltr'><strong>SS.</strong></span> <span class='ocrx_word' id='word_1_4' title='bbox 891 160 1037 190; x_wconf 68' lang='lat' dir='ltr'><strong>EPIPGD’II</strong></span> <span class='ocrx_word' id='word_1_5' title='bbox 1057 161 1101 189; x_wconf 85' lang='lat' dir='ltr'><strong>ET</strong></span> <span class='ocrx_word' id='word_1_6' title='bbox 1119 159 1330 187; x_wconf 64' lang='lat' dir='ltr'><strong>ALEXAND“.</strong></span> <span class='ocrx_word' id='word_1_7' title='bbox 1741 157 1794 185; x_wconf 72' lang='lat'><strong>“56</strong></span> 
     </span>
    </p>
   </div>
   <div class='ocr_carea' id='block_1_2' title="bbox 214 216 1791 261">
    <p class='ocr_par' dir='ltr' id='par_1_2' title="bbox 214 216 1791 261">
     <span class='ocr_line' id='line_1_2' title="bbox 214 216 1791 261; baseline -0.008 -4"><span class='ocrx_word' id='word_1_8' title='bbox 214 230 315 257; x_wconf 76' lang='lat' dir='ltr'><strong>Praeter</strong></span> <span class='ocrx_word' id='word_1_9' title='bbox 330 228 382 255; x_wconf 82' lang='lat' dir='ltr'><strong>bos</strong></span> <span class='ocrx_word' id='word_1_10' title='bbox 395 229 528 261; x_wconf 74' lang='lat' dir='ltr'><strong>martyres</strong></span> <span class='ocrx_word' id='word_1_11' title='bbox 540 223 746 260; x_wconf 78' lang='lat' dir='ltr'><strong>Lugdunenses,</strong></span> <span class='ocrx_word' id='word_1_12' title='bbox 764 223 884 250; x_wconf 85' lang='lat' dir='ltr'><strong>celebres</strong></span> <span class='ocrx_word' id='word_1_13' title='bbox 894 227 958 250; x_wconf 85' lang='lat' dir='ltr'><strong>sunt</strong></span> <span class='ocrx_word' id='word_1_14' title='bbox 969 220 1113 249; x_wconf 70' lang='lat' dir='ltr'><strong>Marceilus</strong></span> <span class='ocrx_word' id='word_1_15' title='bbox 1126 225 1153 248; x_wconf 87' lang='lat' dir='ltr'><strong>et</strong></span> <span class='ocrx_word' id='word_1_16' title='bbox 1170 218 1342 249; x_wconf 75' lang='lat' dir='ltr'><strong>Valerianus,</strong></span> <span class='ocrx_word' id='word_1_17' title='bbox 1364 218 1424 253; x_wconf 83' lang='lat' dir='ltr'><strong>qui,</strong></span> <span class='ocrx_word' id='word_1_18' title='bbox 1435 216 1544 245; x_wconf 82' lang='lat' dir='ltr'><strong>furente</strong></span> <span class='ocrx_word' id='word_1_19' title='bbox 1558 216 1754 252; x_wconf 83' lang='lat' dir='ltr'><strong>persecutione,</strong></span> <span class='ocrx_word' id='word_1_20' title='bbox 1767 225 1791 245; x_wconf 77' lang='lat' dir='ltr'><strong>ex</strong></span> 
     </span>
    </p>
   </div>
   <div class='ocr_carea' id='block_1_3' title="bbox 179 263 1793 311">
    <p class='ocr_par' dir='ltr' id='par_1_3' title="bbox 179 263 1793 311">
     <span class='ocr_line' id='line_1_3' title="bbox 179 263 1793 311; baseline -0.009 -7"><span class='ocrx_word' id='word_1_21' title='bbox 179 277 248 304; x_wconf 86' lang='lat' dir='ltr'><strong>urbe</strong></span> <span class='ocrx_word' id='word_1_22' title='bbox 268 274 403 311; x_wconf 86' lang='lat' dir='ltr'><strong>Lugduno</strong></span> <span class='ocrx_word' id='word_1_23' title='bbox 417 272 480 309; x_wconf 77' lang='lat' dir='ltr'><strong>luga</strong></span> <span class='ocrx_word' id='word_1_24' title='bbox 496 271 592 307; x_wconf 87' lang='lat' dir='ltr'><strong>elapsi,</strong></span> <span class='ocrx_word' id='word_1_25' title='bbox 603 275 719 298; x_wconf 89' lang='lat' dir='ltr'><strong>mortem</strong></span> <span class='ocrx_word' id='word_1_26' title='bbox 733 278 815 305; x_wconf 88' lang='lat' dir='ltr'><strong>quam</strong></span> <span class='ocrx_word' id='word_1_27' title='bbox 832 269 887 297; x_wconf 91' lang='lat' dir='ltr'><strong>illic</strong></span> <span class='ocrx_word' id='word_1_28' title='bbox 905 273 1061 302; x_wconf 74' lang='lat' dir='ltr'><strong>evaserant,</strong></span> <span class='ocrx_word' id='word_1_29' title='bbox 1078 269 1160 304; x_wconf 86' lang='lat' dir='ltr'><strong>paulo</strong></span> <span class='ocrx_word' id='word_1_30' title='bbox 1180 272 1243 303; x_wconf 87' lang='lat' dir='ltr'><strong>post</strong></span> <span class='ocrx_word' id='word_1_31' title='bbox 1256 267 1282 294; x_wconf 92' lang='lat' dir='ltr'><strong>in</strong></span> <span class='ocrx_word' id='word_1_32' title='bbox 1298 267 1396 294; x_wconf 81' lang='lat' dir='ltr'><strong>vicinis</strong></span> <span class='ocrx_word' id='word_1_33' title='bbox 1416 265 1533 294; x_wconf 84' lang='lat' dir='ltr'><strong>urbibus</strong></span> <span class='ocrx_word' id='word_1_34' title='bbox 1546 264 1739 299; x_wconf 81' lang='lat' dir='ltr'><strong>oppetierunt;</strong></span> <span class='ocrx_word' id='word_1_35' title='bbox 1752 263 1793 290; x_wconf 80' lang='lat' dir='ltr'><strong>\‘a—</strong></span> 
     </span>
    </p>
   </div>
   <div class='ocr_carea' id='block_1_4' title="bbox 184 311 1792 357">
    <p class='ocr_par' dir='ltr' id='par_1_4' title="bbox 184 311 1792 357">
     <span class='ocr_line' id='line_1_4' title="bbox 184 311 1792 357; baseline -0.007 -7"><span class='ocrx_word' id='word_1_36' title='bbox 184 323 306 350; x_wconf 85' lang='lat' dir='ltr'><strong>lerianus</strong></span> <span class='ocrx_word' id='word_1_37' title='bbox 319 321 389 357; x_wconf 87' lang='lat' dir='ltr'><strong>apud</strong></span> <span class='ocrx_word' id='word_1_38' title='bbox 402 319 600 348; x_wconf 81' lang='lat' dir='ltr'><strong>Trenorcltium</strong></span> <span class='ocrx_word' id='word_1_39' title='bbox 611 318 753 353; x_wconf 87' lang='lat' dir='ltr'><strong>oppidum,</strong></span> <span class='ocrx_word' id='word_1_40' title='bbox 769 317 849 353; x_wconf 85' lang='lat' dir='ltr'><strong>vulgo</strong></span> <span class='ocrx_word' id='word_1_41' title='bbox 863 316 1009 351; x_wconf 84' lang='lat' dir='ltr'><strong>Tournus;</strong></span> <span class='ocrx_word' id='word_1_42' title='bbox 1024 317 1167 344; x_wconf 76' lang='lat' dir='ltr'><strong>Marcellus</strong></span> <span class='ocrx_word' id='word_1_43' title='bbox 1181 323 1247 343; x_wconf 88' lang='lat' dir='ltr'><strong>vero</strong></span> <span class='ocrx_word' id='word_1_44' title='bbox 1259 322 1344 350; x_wconf 87' lang='lat' dir='ltr'><strong>prope</strong></span> <span class='ocrx_word' id='word_1_45' title='bbox 1357 313 1535 346; x_wconf 87' lang='lat' dir='ltr'><strong>Cabilonum,</strong></span> <span class='ocrx_word' id='word_1_46' title='bbox 1548 313 1598 340; x_wconf 85' lang='lat' dir='ltr'><strong>ubi</strong></span> <span class='ocrx_word' id='word_1_47' title='bbox 1613 311 1722 347; x_wconf 87' lang='lat' dir='ltr'><strong>cingulo</strong></span> <span class='ocrx_word' id='word_1_48' title='bbox 1730 316 1792 339; x_wconf 81' lang='lat' dir='ltr'><strong>tenus</strong></span> 
     </span>
    </p>
   </div>
   <div class='ocr_carea' id='block_1_5' title="bbox 181 359 1792 402">
    <p class='ocr_par' dir='ltr' id='par_1_5' title="bbox 181 359 1792 402">
     <span class='ocr_line' id='line_1_5' title="bbox 181 359 1792 402; baseline -0.007 -5"><span class='ocrx_word' id='word_1_49' title='bbox 181 370 208 397; x_wconf 91' lang='lat' dir='ltr'><strong>in</strong></span> <span class='ocrx_word' id='word_1_50' title='bbox 225 374 297 397; x_wconf 80' lang='lat' dir='ltr'><strong>terra</strong></span> <span class='ocrx_word' id='word_1_51' title='bbox 311 368 448 401; x_wconf 72' lang='lat' dir='ltr'><strong>defossus,</strong></span> <span class='ocrx_word' id='word_1_52' title='bbox 465 366 545 394; x_wconf 87' lang='lat' dir='ltr'><strong>tertio</strong></span> <span class='ocrx_word' id='word_1_53' title='bbox 556 371 618 402; x_wconf 87' lang='lat' dir='ltr'><strong>post</strong></span> <span class='ocrx_word' id='word_1_54' title='bbox 629 365 673 393; x_wconf 90' lang='lat' dir='ltr'><strong>die</strong></span> <span class='ocrx_word' id='word_1_55' title='bbox 695 365 803 392; x_wconf 90' lang='lat' dir='ltr'><strong>beatum</strong></span> <span class='ocrx_word' id='word_1_56' title='bbox 819 365 944 400; x_wconf 78' lang='lat' dir='ltr'><strong>spiritum</strong></span> <span class='ocrx_word' id='word_1_57' title='bbox 966 364 1115 392; x_wconf 80' lang='lat' dir='ltr'><strong>exhalavit.</strong></span> <span class='ocrx_word' id='word_1_58' title='bbox 1136 361 1286 398; x_wconf 78' lang='lat' dir='ltr'><strong>Utriusque</strong></span> <span class='ocrx_word' id='word_1_59' title='bbox 1310 361 1434 390; x_wconf 76' lang='lat' dir='ltr'><strong>meminit</strong></span> <span class='ocrx_word' id='word_1_60' title='bbox 1461 361 1618 396; x_wconf 81' lang='lat' dir='ltr'><strong>Gregorius</strong></span> <span class='ocrx_word' id='word_1_61' title='bbox 1645 359 1792 387; x_wconf 79' lang='lat' dir='ltr'><strong>Turonensis</strong></span> 
     </span>
    </p>
   </div>
   <div class='ocr_carea' id='block_1_6' title="bbox 181 406 1789 451">
    <p class='ocr_par' dir='ltr' id='par_1_6' title="bbox 181 406 1789 451">
     <span class='ocr_line' id='line_1_6' title="bbox 181 406 1789 451; baseline -0.007 -7"><span class='ocrx_word' id='word_1_62' title='bbox 181 417 231 444; x_wconf 89' lang='lat' dir='ltr'><strong>lib.</strong></span> <span class='ocrx_word' id='word_1_63' title='bbox 246 423 266 449; x_wconf 92' lang='lat' dir='ltr'><strong>I,</strong></span> <span class='ocrx_word' id='word_1_64' title='bbox 283 415 322 443; x_wconf 85' lang='lat' dir='ltr'><strong>De</strong></span> <span class='ocrx_word' id='word_1_65' title='bbox 339 415 426 451; x_wconf 79' lang='lat' dir='ltr'><strong>gloria</strong></span> <span class='ocrx_word' id='word_1_66' title='bbox 443 419 590 449; x_wconf 68' lang='lat' dir='ltr'><strong>martyrum</strong></span> <span class='ocrx_word' id='word_1_67' title='bbox 617 420 677 448; x_wconf 86' lang='lat' dir='ltr'><strong>cap.</strong></span> <span class='ocrx_word' id='word_1_68' title='bbox 690 420 739 440; x_wconf 83' lang='lat' dir='ltr'>I.III</span> <span class='ocrx_word' id='word_1_69' title='bbox 752 417 779 440; x_wconf 91' lang='lat' dir='ltr'><strong>et</strong></span> <span class='ocrx_word' id='word_1_70' title='bbox 790 420 844 440; x_wconf 87' lang='lat' dir='ltr'><strong>LIv.</strong></span> <span class='ocrx_word' id='word_1_71' title='bbox 861 412 997 440; x_wconf 85' lang='lat' dir='ltr'><strong>Solemnis</strong></span> <span class='ocrx_word' id='word_1_72' title='bbox 1010 413 1066 448; x_wconf 84' lang='lat' dir='ltr'><strong>jam</strong></span> <span class='ocrx_word' id='word_1_73' title='bbox 1082 416 1139 440; x_wconf 88' lang='lat' dir='ltr'><strong>erat</strong></span> <span class='ocrx_word' id='word_1_74' title='bbox 1153 417 1274 446; x_wconf 91' lang='lat' dir='ltr'><strong>tempore</strong></span> <span class='ocrx_word' id='word_1_75' title='bbox 1290 409 1463 438; x_wconf 83' lang='lat' dir='ltr'><strong>Gumtramni</strong></span> <span class='ocrx_word' id='word_1_76' title='bbox 1477 409 1564 444; x_wconf 82' lang='lat' dir='ltr'><strong>regis,</strong></span> <span class='ocrx_word' id='word_1_77' title='bbox 1581 407 1675 435; x_wconf 82' lang='lat' dir='ltr'><strong>Sancti</strong></span> <span class='ocrx_word' id='word_1_78' title='bbox 1691 406 1789 434; x_wconf 69' lang='lat' dir='ltr'><strong>Marcelli</strong></span> 
     </span>
    </p>
   </div>
   <div class='ocr_carea' id='block_1_7' title="bbox 183 457 1791 498">
    <p class='ocr_par' dir='ltr' id='par_1_7' title="bbox 183 457 1791 498">
     <span class='ocr_line' id='line_1_7' title="bbox 183 457 1791 498; baseline -0.004 -9"><span class='ocrx_word' id='word_1_79' title='bbox 183 463 324 496; x_wconf 78' lang='lat' dir='ltr'><strong>festivitas,</strong></span> <span class='ocrx_word' id='word_1_80' title='bbox 337 462 371 490; x_wconf 90' lang='lat' dir='ltr'><strong>ad</strong></span> <span class='ocrx_word' id='word_1_81' title='bbox 385 470 478 498; x_wconf 85' lang='lat' dir='ltr'><strong>quam,</strong></span> <span class='ocrx_word' id='word_1_82' title='bbox 491 466 560 489; x_wconf 82' lang='lat' dir='ltr'><strong>teste</strong></span> <span class='ocrx_word' id='word_1_83' title='bbox 578 460 673 488; x_wconf 86' lang='lat' dir='ltr'><strong>eodem</strong></span> <span class='ocrx_word' id='word_1_84' title='bbox 687 459 819 495; x_wconf 88' lang='lat' dir='ltr'><strong>Gregorio</strong></span> <span class='ocrx_word' id='word_1_85' title='bbox 833 460 906 487; x_wconf 82' lang='lat' dir='ltr'><strong>Hist.</strong></span> <span class='ocrx_word' id='word_1_86' title='bbox 922 460 971 488; x_wconf 93' lang='lat' dir='ltr'><strong>lib.</strong></span> <span class='ocrx_word' id='word_1_87' title='bbox 986 469 1024 493; x_wconf 79' lang='lat' dir='ltr'><strong>Ix,</strong></span> <span class='ocrx_word' id='word_1_88' title='bbox 1037 468 1097 495; x_wconf 85' lang='lat' dir='ltr'><strong>cap.</strong></span> <span class='ocrx_word' id='word_1_89' title='bbox 1114 460 1141 494; x_wconf 74' lang='grc'><strong>5,</strong></span> <span class='ocrx_word' id='word_1_90' title='bbox 1155 460 1207 487; x_wconf 85' lang='lat' dir='ltr'><strong>iste</strong></span> <span class='ocrx_word' id='word_1_91' title='bbox 1219 458 1345 494; x_wconf 81' lang='lat' dir='ltr'><strong>princeps</strong></span> <span class='ocrx_word' id='word_1_92' title='bbox 1358 457 1484 485; x_wconf 81' lang='lat' dir='ltr'><strong>accessit.</strong></span> <span class='ocrx_word' id='word_1_93' title='bbox 1504 457 1576 484; x_wconf 88' lang='lat' dir='ltr'><strong>Eum</strong></span> <span class='ocrx_word' id='word_1_94' title='bbox 1595 461 1687 483; x_wconf 74' lang='lat' dir='ltr'><strong>autem</strong></span> <span class='ocrx_word' id='word_1_95' title='bbox 1707 460 1791 489; x_wconf 73' lang='lat' dir='ltr'><strong>marty-</strong></span> 
     </span>
    </p>
   </div>
   <div class='ocr_carea' id='block_1_8' title="bbox 183 501 1790 545">
    <p class='ocr_par' dir='ltr' id='par_1_8' title="bbox 183 501 1790 545">
     <span class='ocr_line' id='line_1_8' title="bbox 183 501 1790 545; baseline -0.006 -8"><span class='ocrx_word' id='word_1_96' title='bbox 183 518 241 538; x_wconf 83' lang='lat' dir='ltr'><strong>rem</strong></span> <span class='ocrx_word' id='word_1_97' title='bbox 258 517 305 537; x_wconf 82' lang='lat' dir='ltr'><strong>rex</strong></span> <span class='ocrx_word' id='word_1_98' title='bbox 322 509 464 545; x_wconf 77' lang='lat' dir='ltr'><strong>piissimus</strong></span> <span class='ocrx_word' id='word_1_99' title='bbox 483 508 568 537; x_wconf 84' lang='lat' dir='ltr'><strong>veluti</strong></span> <span class='ocrx_word' id='word_1_100' title='bbox 581 508 747 544; x_wconf 72' lang='lat' dir='ltr'><strong>praecipuum</strong></span> <span class='ocrx_word' id='word_1_101' title='bbox 769 508 845 544; x_wconf 85' lang='lat' dir='ltr'><strong>regni</strong></span> <span class='ocrx_word' id='word_1_102' title='bbox 868 508 911 535; x_wconf 91' lang='lat' dir='ltr'><strong>sui</strong></span> <span class='ocrx_word' id='word_1_103' title='bbox 932 510 1075 543; x_wconf 87' lang='lat' dir='ltr'><strong>patronum</strong></span> <span class='ocrx_word' id='word_1_104' title='bbox 1097 506 1224 541; x_wconf 84' lang='lat' dir='ltr'><strong>agnovit,</strong></span> <span class='ocrx_word' id='word_1_105' title='bbox 1249 505 1282 532; x_wconf 81' lang='lat' dir='ltr'><strong>ad</strong></span> <span class='ocrx_word' id='word_1_106' title='bbox 1307 505 1386 540; x_wconf 84' lang='lat' dir='ltr'><strong>cujus</strong></span> <span class='ocrx_word' id='word_1_107' title='bbox 1411 503 1573 538; x_wconf 85' lang='lat' dir='ltr'><strong>sepulcrum</strong></span> <span class='ocrx_word' id='word_1_108' title='bbox 1593 501 1729 529; x_wconf 75' lang='lat' dir='ltr'><strong>basilicam</strong></span> <span class='ocrx_word' id='word_1_109' title='bbox 1741 509 1790 529; x_wconf 84' lang='lat' dir='ltr'><strong>cum</strong></span> 
     </span>
    </p>
   </div>
   <div class='ocr_carea' id='block_1_9' title="bbox 184 549 1792 591">
    <p class='ocr_par' dir='ltr' id='par_1_9' title="bbox 184 549 1792 591">
     <span class='ocr_line' id='line_1_9' title="bbox 184 549 1792 591; baseline -0.006 -6"><span class='ocrx_word' id='word_1_110' title='bbox 184 558 349 586; x_wconf 85' lang='lat' dir='ltr'><strong>monasterio</strong></span> <span class='ocrx_word' id='word_1_111' title='bbox 368 556 489 585; x_wconf 87' lang='lat' dir='ltr'><strong>constIui</strong></span> <span class='ocrx_word' id='word_1_112' title='bbox 503 557 619 591; x_wconf 80' lang='lat' dir='ltr'><strong>curavit,</strong></span> <span class='ocrx_word' id='word_1_113' title='bbox 635 557 661 584; x_wconf 93' lang='lat' dir='ltr'><strong>in</strong></span> <span class='ocrx_word' id='word_1_114' title='bbox 679 564 759 591; x_wconf 89' lang='lat' dir='ltr'><strong>quem</strong></span> <span class='ocrx_word' id='word_1_115' title='bbox 772 556 861 583; x_wconf 91' lang='lat' dir='ltr'><strong>locum</strong></span> <span class='ocrx_word' id='word_1_116' title='bbox 877 555 912 583; x_wconf 75' lang='grc'><strong>40</strong></span> <span class='ocrx_word' id='word_1_117' title='bbox 924 555 1116 590; x_wconf 84' lang='lat' dir='ltr'><strong>episcoporum</strong></span> <span class='ocrx_word' id='word_1_118' title='bbox 1130 553 1276 582; x_wconf 89' lang='lat' dir='ltr'><strong>concilium</strong></span> <span class='ocrx_word' id='word_1_119' title='bbox 1292 553 1326 581; x_wconf 87' lang='lat' dir='ltr'><strong>ab</strong></span> <span class='ocrx_word' id='word_1_120' title='bbox 1338 553 1436 580; x_wconf 90' lang='lat' dir='ltr'><strong>eodem</strong></span> <span class='ocrx_word' id='word_1_121' title='bbox 1454 559 1518 587; x_wconf 86' lang='lat' dir='ltr'><strong>rege</strong></span> <span class='ocrx_word' id='word_1_122' title='bbox 1527 554 1710 578; x_wconf 82' lang='lat' dir='ltr'><strong>convocatum</strong></span> <span class='ocrx_word' id='word_1_123' title='bbox 1724 549 1792 577; x_wconf 75' lang='lat' dir='ltr'><strong>fuisse</strong></span> 
     </span>
    </p>
   </div>
   <div class='ocr_carea' id='block_1_10' title="bbox 185 597 1791 641">
    <p class='ocr_par' dir='ltr' id='par_1_10' title="bbox 185 597 1791 641">
     <span class='ocr_line' id='line_1_10' title="bbox 185 597 1791 641; baseline -0.005 -9"><span class='ocrx_word' id='word_1_124' title='bbox 185 609 279 634; x_wconf 87' lang='lat' dir='ltr'><strong>narrat</strong></span> <span class='ocrx_word' id='word_1_125' title='bbox 293 605 416 641; x_wconf 76' lang='lat' dir='ltr'><strong>Gregorii</strong></span> <span class='ocrx_word' id='word_1_126' title='bbox 433 605 608 633; x_wconf 88' lang='lat' dir='ltr'><strong>continuator</strong></span> <span class='ocrx_word' id='word_1_127' title='bbox 623 611 682 640; x_wconf 89' lang='lat' dir='ltr'><strong>cap.</strong></span> <span class='ocrx_word' id='word_1_128' title='bbox 700 604 712 631; x_wconf 79' lang='lat' dir='ltr'><strong>l</strong></span> <span class='ocrx_word' id='word_1_129' title='bbox 721 626 726 631; x_wconf 95' lang='lat'><strong>.</strong></span> <span class='ocrx_word' id='word_1_130' title='bbox 747 603 836 631; x_wconf 82' lang='lat' dir='ltr'><strong>Porro</strong></span> <span class='ocrx_word' id='word_1_131' title='bbox 850 603 922 631; x_wconf 90' lang='lat' dir='ltr'><strong>istud</strong></span> <span class='ocrx_word' id='word_1_132' title='bbox 935 603 1131 631; x_wconf 80' lang='lat' dir='ltr'><strong>monasterium</strong></span> <span class='ocrx_word' id='word_1_133' title='bbox 1147 602 1280 630; x_wconf 80' lang='lat' dir='ltr'><strong>hactenus</strong></span> <span class='ocrx_word' id='word_1_134' title='bbox 1293 604 1462 637; x_wconf 56' lang='lat' dir='ltr'><strong>perseverat,»</strong></span> <span class='ocrx_word' id='word_1_135' title='bbox 1472 600 1578 628; x_wconf 77' lang='lat' dir='ltr'><strong>nostris</strong></span> <span class='ocrx_word' id='word_1_136' title='bbox 1585 597 1791 626; x_wconf 83' lang='lat' dir='ltr'><strong>Cluniacenslbus</strong></span> 
     </span>
    </p>
   </div>
   <div class='ocr_carea' id='block_1_11' title="bbox 185 653 336 681">
    <p class='ocr_par' dir='ltr' id='par_1_11' title="bbox 185 653 336 681">
     <span class='ocr_line' id='line_1_11' title="bbox 185 653 336 681; baseline 0.007 -1"><span class='ocrx_word' id='word_1_137' title='bbox 185 653 336 681; x_wconf 88' lang='lat' dir='ltr'><strong>addictum.</strong></span> 
     </span>
    </p>
   </div>
   <div class='ocr_carea' id='block_1_12' title="bbox 195 771 1790 786">
    <p class='ocr_par' dir='ltr' id='par_1_12' title="bbox 195 771 1790 786">
     <span class='ocr_line' id='line_1_12' title="bbox 195 771 1790 786; baseline -0.007 0"><span class='ocrx_word' id='word_1_138' title='bbox 195 771 1790 786; x_wconf 60' lang='grc' dir='ltr'><em>Μ</em></span> 
     </span>
    </p>
   </div>
   <div class='ocr_carea' id='block_1_13' title="bbox 880 885 1127 943">
    <p class='ocr_par' dir='ltr' id='par_1_13' title="bbox 880 885 1127 943">
     <span class='ocr_line' id='line_1_13' title="bbox 880 885 1127 943; baseline -0.004 0"><span class='ocrx_word' id='word_1_139' title='bbox 880 885 1127 943; x_wconf 81' lang='lat' dir='ltr'><strong>PASSIO</strong></span> 
     </span>
    </p>
   </div>
   <div class='ocr_carea' id='block_1_14' title="bbox 414 1027 1613 1080">
    <p class='ocr_par' dir='ltr' id='par_1_14' title="bbox 414 1027 1613 1080">
     <span class='ocr_line' id='line_1_14' title="bbox 414 1027 1613 1080; baseline -0.008 -1"><span class='ocrx_word' id='word_1_140' title='bbox 414 1032 776 1080; x_wconf 75' lang='lat' dir='ltr'><strong>SANCTORUM</strong></span> <span class='ocrx_word' id='word_1_141' title='bbox 816 1030 1092 1079; x_wconf 82' lang='lat' dir='ltr'><strong>EPIPODII</strong></span> <span class='ocrx_word' id='word_1_142' title='bbox 1122 1030 1198 1075; x_wconf 89' lang='lat' dir='ltr'><strong>ET</strong></span> <span class='ocrx_word' id='word_1_143' title='bbox 1231 1027 1613 1074; x_wconf 73' lang='lat' dir='ltr'><strong>ALEXANDRI.</strong></span> 
     </span>
    </p>
   </div>
   <div class='ocr_carea' id='block_1_15' title="bbox 668 1135 1349 1179">
    <p class='ocr_par' dir='ltr' id='par_1_15' title="bbox 668 1135 1349 1179">
     <span class='ocr_line' id='line_1_15' title="bbox 668 1135 1349 1179; baseline -0.009 -7"><span class='ocrx_word' id='word_1_144' title='bbox 668 1141 722 1172; x_wconf 70' lang='lat' dir='ltr'><strong>Ex</strong></span> <span class='ocrx_word' id='word_1_145' title='bbox 743 1139 833 1172; x_wconf 86' lang='lat' dir='ltr'><strong>codd.</strong></span> <span class='ocrx_word' id='word_1_146' title='bbox 855 1150 928 1172; x_wconf 79' lang='lat' dir='ltr'><strong>mss.</strong></span> <span class='ocrx_word' id='word_1_147' title='bbox 954 1144 983 1171; x_wconf 75' lang='lat' dir='ltr'><strong>et</strong></span> <span class='ocrx_word' id='word_1_148' title='bbox 997 1139 1106 1179; x_wconf 79' lang='lat' dir='ltr'><strong>Aprili</strong></span> <span class='ocrx_word' id='word_1_149' title='bbox 1127 1135 1349 1168; x_wconf 74' lang='lat' dir='ltr'><strong>Bollandiano.</strong></span> 
     </span>
    </p>
   </div>
   <div class='ocr_carea' id='block_1_16' title="bbox 231 1236 1791 1281">
    <p class='ocr_par' dir='ltr' id='par_1_16' title="bbox 231 1236 1791 1281">
     <span class='ocr_line' id='line_1_16' title="bbox 231 1236 1791 1281; baseline -0.007 -7"><span class='ocrx_word' id='word_1_150' title='bbox 231 1248 249 1276; x_wconf 96' lang='lat' dir='ltr'><strong>I.</strong></span> <span class='ocrx_word' id='word_1_151' title='bbox 264 1248 294 1275; x_wconf 89' lang='lat' dir='ltr'><strong>Si</strong></span> <span class='ocrx_word' id='word_1_152' title='bbox 308 1248 404 1275; x_wconf 86' lang='lat' dir='ltr'><strong>merita</strong></span> <span class='ocrx_word' id='word_1_153' title='bbox 416 1246 540 1275; x_wconf 78' lang='lat' dir='ltr'><strong>virorum</strong></span> <span class='ocrx_word' id='word_1_154' title='bbox 555 1246 665 1275; x_wconf 78' lang='lat' dir='ltr'><strong>fortium</strong></span> <span class='ocrx_word' id='word_1_155' title='bbox 678 1267 686 1281; x_wconf 90' lang='lat'><strong>,</strong></span> <span class='ocrx_word' id='word_1_156' title='bbox 700 1252 727 1275; x_wconf 90' lang='lat' dir='ltr'><strong>et</strong></span> <span class='ocrx_word' id='word_1_157' title='bbox 741 1246 813 1275; x_wconf 79' lang='lat' dir='ltr'><strong>facta</strong></span> <span class='ocrx_word' id='word_1_158' title='bbox 829 1246 861 1274; x_wconf 90' lang='lat' dir='ltr'><strong>ad</strong></span> <span class='ocrx_word' id='word_1_159' title='bbox 878 1246 975 1274; x_wconf 90' lang='lat' dir='ltr'><strong>incita-</strong></span> <span class='ocrx_word' id='word_1_160' title='bbox 989 1248 1012 1278; x_wconf 77' lang='grc' dir='ltr'><strong>Α</strong></span> <span class='ocrx_word' id='word_1_161' title='bbox 1027 1252 1073 1272; x_wconf 88' lang='lat' dir='ltr'><strong>mo</strong></span> <span class='ocrx_word' id='word_1_162' title='bbox 1089 1244 1128 1280; x_wconf 78' lang='lat'><strong>(2)</strong></span> <span class='ocrx_word' id='word_1_163' title='bbox 1144 1243 1252 1279; x_wconf 86' lang='lat' dir='ltr'><strong>imperii</strong></span> <span class='ocrx_word' id='word_1_164' title='bbox 1268 1246 1361 1275; x_wconf 86' lang='lat' dir='ltr'><strong>anno&#39;,</strong></span> <span class='ocrx_word' id='word_1_165' title='bbox 1390 1249 1452 1268; x_wconf 90' lang='lat' dir='ltr'><strong>cum</strong></span> <span class='ocrx_word' id='word_1_166' title='bbox 1476 1248 1527 1276; x_wconf 89' lang='lat' dir='ltr'><strong>per</strong></span> <span class='ocrx_word' id='word_1_167' title='bbox 1551 1238 1705 1275; x_wconf 82' lang='lat' dir='ltr'><strong>provincias</strong></span> <span class='ocrx_word' id='word_1_168' title='bbox 1724 1236 1791 1272; x_wconf 73' lang='lat' dir='ltr'><strong>gutti-</strong></span> 
     </span>
    </p>
   </div>
   <div class='ocr_carea' id='block_1_17' title="bbox 194 1282 1790 1329">
    <p class='ocr_par' dir='ltr' id='par_1_17' title="bbox 194 1282 1790 1329">
     <span class='ocr_line' id='line_1_17' title="bbox 194 1282 1790 1329; baseline -0.008 -7"><span class='ocrx_word' id='word_1_169' title='bbox 194 1299 315 1322; x_wconf 87' lang='lat' dir='ltr'><strong>Iuentum</strong></span> <span class='ocrx_word' id='word_1_170' title='bbox 330 1292 511 1329; x_wconf 82' lang='lat' dir='ltr'><strong>posteritatis,</strong></span> <span class='ocrx_word' id='word_1_171' title='bbox 523 1293 688 1321; x_wconf 83' lang='lat' dir='ltr'><strong>mandantur</strong></span> <span class='ocrx_word' id='word_1_172' title='bbox 698 1293 852 1326; x_wconf 84' lang='lat' dir='ltr'><strong>annalibus,</strong></span> <span class='ocrx_word' id='word_1_173' title='bbox 868 1292 914 1328; x_wconf 93' lang='lat' dir='ltr'><strong>qui</strong></span> <span class='ocrx_word' id='word_1_174' title='bbox 928 1300 976 1327; x_wconf 88' lang='lat' dir='ltr'><strong>pro</strong></span> <span class='ocrx_word' id='word_1_175' title='bbox 1027 1291 1095 1318; x_wconf 92' lang='lat' dir='ltr'><strong>lium</strong></span> <span class='ocrx_word' id='word_1_176' title='bbox 1111 1290 1188 1318; x_wconf 75' lang='lat' dir='ltr'><strong>furor</strong></span> <span class='ocrx_word' id='word_1_177' title='bbox 1203 1288 1355 1321; x_wconf 70' lang='lat' dir='ltr'><strong>desaeviret,</strong></span> <span class='ocrx_word' id='word_1_178' title='bbox 1371 1287 1506 1322; x_wconf 67' lang='lat' dir='ltr'><strong>prtecipue</strong></span> <span class='ocrx_word' id='word_1_179' title='bbox 1519 1287 1548 1313; x_wconf 92' lang='lat' dir='ltr'><strong>in</strong></span> <span class='ocrx_word' id='word_1_180' title='bbox 1562 1283 1729 1320; x_wconf 84' lang='lat' dir='ltr'><strong>Lugdunensi</strong></span> <span class='ocrx_word' id='word_1_181' title='bbox 1739 1282 1790 1309; x_wconf 74' lang='lat' dir='ltr'><strong>urbe</strong></span> 
     </span>
    </p>
   </div>
   <div class='ocr_carea' id='block_1_18' title="bbox 194 1330 1789 1375">
    <p class='ocr_par' dir='ltr' id='par_1_18' title="bbox 194 1330 1789 1375">
     <span class='ocr_line' id='line_1_18' title="bbox 194 1330 1789 1375; baseline -0.009 -7"><span class='ocrx_word' id='word_1_182' title='bbox 194 1344 303 1368; x_wconf 82' lang='lat' dir='ltr'><strong>terrena</strong></span> <span class='ocrx_word' id='word_1_183' title='bbox 315 1339 458 1373; x_wconf 80' lang='lat' dir='ltr'><strong>libertate,</strong></span> <span class='ocrx_word' id='word_1_184' title='bbox 480 1339 520 1367; x_wconf 90' lang='lat' dir='ltr'><strong>vel</strong></span> <span class='ocrx_word' id='word_1_185' title='bbox 539 1339 626 1375; x_wconf 89' lang='lat' dir='ltr'><strong>patria</strong></span> <span class='ocrx_word' id='word_1_186' title='bbox 642 1339 715 1366; x_wconf 90' lang='lat' dir='ltr'><strong>inani</strong></span> <span class='ocrx_word' id='word_1_187' title='bbox 734 1339 885 1366; x_wconf 83' lang='lat' dir='ltr'><strong>intentione</strong></span> <span class='ocrx_word' id='word_1_188' title='bbox 905 1339 976 1366; x_wconf 88' lang='lat' dir='ltr'><strong>ceei-</strong></span> <span class='ocrx_word' id='word_1_189' title='bbox 1027 1337 1210 1364; x_wconf 86' lang='lat' dir='ltr'><strong>debacchatus</strong></span> <span class='ocrx_word' id='word_1_190' title='bbox 1221 1341 1273 1368; x_wconf 89' lang='lat' dir='ltr'><strong>est,</strong></span> <span class='ocrx_word' id='word_1_191' title='bbox 1284 1335 1311 1361; x_wconf 89' lang='lat' dir='ltr'><strong>in</strong></span> <span class='ocrx_word' id='word_1_192' title='bbox 1324 1341 1377 1369; x_wconf 88' lang='lat' dir='ltr'><strong>qua</strong></span> <span class='ocrx_word' id='word_1_193' title='bbox 1392 1340 1440 1368; x_wconf 92' lang='lat' dir='ltr'><strong>pro</strong></span> <span class='ocrx_word' id='word_1_194' title='bbox 1454 1333 1497 1361; x_wconf 90' lang='lat' dir='ltr'><strong>sui</strong></span> <span class='ocrx_word' id='word_1_195' title='bbox 1510 1330 1699 1367; x_wconf 84' lang='lat' dir='ltr'><strong>magnitudine</strong></span> <span class='ocrx_word' id='word_1_196' title='bbox 1708 1332 1789 1363; x_wconf 85' lang='lat' dir='ltr'><strong>quanto</strong></span> 
     </span>
    </p>
   </div>
   <div class='ocr_carea' id='block_1_19' title="bbox 194 1374 1788 1421">
    <p class='ocr_par' dir='ltr' id='par_1_19' title="bbox 194 1374 1788 1421">
     <span class='ocr_line' id='line_1_19' title="bbox 194 1374 1788 1421; baseline -0.008 -7"><span class='ocrx_word' id='word_1_197' title='bbox 194 1386 311 1419; x_wconf 87' lang='lat' dir='ltr'><strong>derunt,</strong></span> <span class='ocrx_word' id='word_1_198' title='bbox 333 1385 518 1421; x_wconf 77' lang='lat' dir='ltr'><strong>relinquentes</strong></span> <span class='ocrx_word' id='word_1_199' title='bbox 540 1374 698 1414; x_wconf 76' lang='lat' dir='ltr'><strong>carnalium</strong></span> <span class='ocrx_word' id='word_1_200' title='bbox 729 1385 861 1412; x_wconf 83' lang='lat' dir='ltr'><strong>virtutum</strong></span> <span class='ocrx_word' id='word_1_201' title='bbox 885 1384 976 1412; x_wconf 86' lang='lat' dir='ltr'><strong>brevia</strong></span> <span class='ocrx_word' id='word_1_202' title='bbox 1028 1383 1147 1416; x_wconf 69' lang='lat' dir='ltr'><strong>maiores</strong></span> <span class='ocrx_word' id='word_1_203' title='bbox 1177 1381 1310 1416; x_wconf 74' lang='lat' dir='ltr'><strong>degebant</strong></span> <span class='ocrx_word' id='word_1_204' title='bbox 1333 1380 1444 1414; x_wconf 88' lang='lat' dir='ltr'><strong>populi,</strong></span> <span class='ocrx_word' id='word_1_205' title='bbox 1466 1383 1547 1406; x_wconf 76' lang='lat' dir='ltr'><strong>tanto</strong></span> <span class='ocrx_word' id='word_1_206' title='bbox 1570 1377 1654 1405; x_wconf 85' lang='lat' dir='ltr'><strong>etiam</strong></span> <span class='ocrx_word' id='word_1_207' title='bbox 1675 1374 1788 1421; x_wconf 65' lang='lat' dir='ltr'><strong>gentilium</strong></span> 
     </span>
    </p>
   </div>
   <div class='ocr_carea' id='block_1_20' title="bbox 195 1429 978 1467">
    <p class='ocr_par' dir='ltr' id='par_1_20' title="bbox 195 1429 978 1467">
     <span class='ocr_line' id='line_1_20' title="bbox 195 1429 978 1467; baseline -0.005 -7"><span class='ocrx_word' id='word_1_208' title='bbox 195 1436 390 1465; x_wconf 86' lang='lat' dir='ltr'><strong>monumenta,</strong></span> <span class='ocrx_word' id='word_1_209' title='bbox 406 1431 471 1459; x_wconf 84' lang='lat' dir='ltr'><strong>dum</strong></span> <span class='ocrx_word' id='word_1_210' title='bbox 484 1435 614 1467; x_wconf 84' lang='lat' dir='ltr'><strong>pereunt;</strong></span> <span class='ocrx_word' id='word_1_211' title='bbox 629 1430 739 1466; x_wconf 77' lang='lat' dir='ltr'><strong>quantis</strong></span> <span class='ocrx_word' id='word_1_212' title='bbox 752 1429 895 1465; x_wconf 74' lang='lat' dir='ltr'><strong>praeconiis</strong></span> <span class='ocrx_word' id='word_1_213' title='bbox 907 1429 978 1457; x_wconf 82' lang='lat' dir='ltr'><strong>cele-</strong></span> 
     </span>
    </p>
   </div>
   <div class='ocr_carea' id='block_1_21' title="bbox 195 1475 977 1512">
    <p class='ocr_par' dir='ltr' id='par_1_21' title="bbox 195 1475 977 1512">
     <span class='ocr_line' id='line_1_21' title="bbox 195 1475 977 1512; baseline -0.003 -8"><span class='ocrx_word' id='word_1_214' title='bbox 195 1476 299 1504; x_wconf 83' lang='lat' dir='ltr'><strong>branda</strong></span> <span class='ocrx_word' id='word_1_215' title='bbox 314 1483 388 1504; x_wconf 86' lang='lat' dir='ltr'><strong>mors</strong></span> <span class='ocrx_word' id='word_1_216' title='bbox 403 1480 552 1512; x_wconf 88' lang='lat' dir='ltr'><strong>martyrum</strong></span> <span class='ocrx_word' id='word_1_217' title='bbox 564 1479 605 1503; x_wconf 87' lang='lat' dir='ltr'><strong>est</strong></span> <span class='ocrx_word' id='word_1_218' title='bbox 615 1495 622 1509; x_wconf 90' lang='lat'><strong>,</strong></span> <span class='ocrx_word' id='word_1_219' title='bbox 638 1476 684 1511; x_wconf 88' lang='lat' dir='ltr'><strong>qui</strong></span> <span class='ocrx_word' id='word_1_220' title='bbox 703 1475 855 1502; x_wconf 87' lang='lat' dir='ltr'><strong>admirabili</strong></span> <span class='ocrx_word' id='word_1_221' title='bbox 877 1475 977 1509; x_wconf 84' lang='lat' dir='ltr'><strong>glorio-</strong></span> 
     </span>
    </p>
   </div>
   <div class='ocr_carea' id='block_1_22' title="bbox 196 1522 978 1558">
    <p class='ocr_par' dir='ltr' id='par_1_22' title="bbox 196 1522 978 1558">
     <span class='ocr_line' id='line_1_22' title="bbox 196 1522 978 1558; baseline -0.001 -8"><span class='ocrx_word' id='word_1_222' title='bbox 196 1529 281 1558; x_wconf 87' lang='lat' dir='ltr'><strong>soque</strong></span> <span class='ocrx_word' id='word_1_223' title='bbox 294 1522 463 1557; x_wconf 89' lang='lat' dir='ltr'><strong>compendio,</strong></span> <span class='ocrx_word' id='word_1_224' title='bbox 480 1522 544 1550; x_wconf 92' lang='lat' dir='ltr'><strong>dum</strong></span> <span class='ocrx_word' id='word_1_225' title='bbox 559 1530 657 1550; x_wconf 88' lang='lat' dir='ltr'><strong>manus</strong></span> <span class='ocrx_word' id='word_1_226' title='bbox 673 1530 738 1549; x_wconf 88' lang='lat' dir='ltr'><strong>suas</strong></span> <span class='ocrx_word' id='word_1_227' title='bbox 755 1522 788 1549; x_wconf 89' lang='lat' dir='ltr'><strong>ad</strong></span> <span class='ocrx_word' id='word_1_228' title='bbox 799 1522 898 1550; x_wconf 66' lang='lat' dir='ltr'><strong>coelum</strong></span> <span class='ocrx_word' id='word_1_229' title='bbox 914 1529 978 1556; x_wconf 93' lang='lat' dir='ltr'><strong>por—</strong></span> 
     </span>
    </p>
   </div>
   <div class='ocr_carea' id='block_1_23' title="bbox 196 1567 977 1603">
    <p class='ocr_par' dir='ltr' id='par_1_23' title="bbox 196 1567 977 1603">
     <span class='ocr_line' id='line_1_23' title="bbox 196 1567 977 1603; baseline -0.001 -8"><span class='ocrx_word' id='word_1_230' title='bbox 196 1569 297 1603; x_wconf 85' lang='lat' dir='ltr'><strong>rigunt,</strong></span> <span class='ocrx_word' id='word_1_231' title='bbox 313 1568 374 1595; x_wconf 87' lang='lat' dir='ltr'><strong>lidei</strong></span> <span class='ocrx_word' id='word_1_232' title='bbox 385 1572 411 1595; x_wconf 92' lang='lat' dir='ltr'><strong>et</strong></span> <span class='ocrx_word' id='word_1_233' title='bbox 421 1567 572 1596; x_wconf 84' lang='lat' dir='ltr'><strong>devotionis</strong></span> <span class='ocrx_word' id='word_1_234' title='bbox 579 1567 701 1603; x_wconf 86' lang='lat' dir='ltr'><strong>exempla</strong></span> <span class='ocrx_word' id='word_1_235' title='bbox 716 1567 797 1595; x_wconf 90' lang='lat' dir='ltr'><strong>terris</strong></span> <span class='ocrx_word' id='word_1_236' title='bbox 809 1567 977 1602; x_wconf 85' lang='lat' dir='ltr'><strong>relinquunt,</strong></span> 
     </span>
    </p>
   </div>
   <div class='ocr_carea' id='block_1_24' title="bbox 197 1612 980 1649">
    <p class='ocr_par' dir='ltr' id='par_1_24' title="bbox 197 1612 980 1649">
     <span class='ocr_line' id='line_1_24' title="bbox 197 1612 980 1649; baseline -0.001 -8"><span class='ocrx_word' id='word_1_237' title='bbox 197 1618 380 1649; x_wconf 88' lang='lat' dir='ltr'><strong>propagantes</strong></span> <span class='ocrx_word' id='word_1_238' title='bbox 394 1614 536 1642; x_wconf 88' lang='lat' dir='ltr'><strong>hominum</strong></span> <span class='ocrx_word' id='word_1_239' title='bbox 551 1614 637 1641; x_wconf 89' lang='lat' dir='ltr'><strong>vitam</strong></span> <span class='ocrx_word' id='word_1_240' title='bbox 648 1613 783 1641; x_wconf 87' lang='lat' dir='ltr'><strong>mortibus</strong></span> <span class='ocrx_word' id='word_1_241' title='bbox 795 1613 872 1641; x_wconf 79' lang='lat' dir='ltr'><strong>suis?</strong></span> <span class='ocrx_word' id='word_1_242' title='bbox 886 1612 980 1648; x_wconf 81' lang='lat' dir='ltr'><strong>Neque</strong></span> 
     </span>
    </p>
   </div>
   <div class='ocr_carea' id='block_1_25' title="bbox 197 1657 979 1694">
    <p class='ocr_par' dir='ltr' id='par_1_25' title="bbox 197 1657 979 1694">
     <span class='ocr_line' id='line_1_25' title="bbox 197 1657 979 1694; baseline -0.001 -8"><span class='ocrx_word' id='word_1_243' title='bbox 197 1659 271 1686; x_wconf 92' lang='lat' dir='ltr'><strong>enim</strong></span> <span class='ocrx_word' id='word_1_244' title='bbox 284 1667 334 1694; x_wconf 91' lang='lat' dir='ltr'><strong>pro</strong></span> <span class='ocrx_word' id='word_1_245' title='bbox 348 1658 512 1694; x_wconf 86' lang='lat' dir='ltr'><strong>imperatore</strong></span> <span class='ocrx_word' id='word_1_246' title='bbox 523 1659 656 1692; x_wconf 84' lang='lat' dir='ltr'><strong>terrestri,</strong></span> <span class='ocrx_word' id='word_1_247' title='bbox 673 1659 719 1687; x_wconf 87' lang='lat' dir='ltr'><strong>sed</strong></span> <span class='ocrx_word' id='word_1_248' title='bbox 732 1666 781 1694; x_wconf 90' lang='lat' dir='ltr'><strong>pro</strong></span> <span class='ocrx_word' id='word_1_249' title='bbox 793 1657 865 1693; x_wconf 76' lang='lat' dir='ltr'><strong>Rege</strong></span> <span class='ocrx_word' id='word_1_250' title='bbox 875 1658 979 1686; x_wconf 63' lang='lat' dir='ltr'><strong>caelesti</strong></span> 
     </span>
    </p>
   </div>
   <div class='ocr_carea' id='block_1_26' title="bbox 197 1704 980 1741">
    <p class='ocr_par' dir='ltr' id='par_1_26' title="bbox 197 1704 980 1741">
     <span class='ocr_line' id='line_1_26' title="bbox 197 1704 980 1741; baseline -0.003 -8"><span class='ocrx_word' id='word_1_251' title='bbox 197 1705 357 1741; x_wconf 83' lang='lat' dir='ltr'><strong>sanguinem</strong></span> <span class='ocrx_word' id='word_1_252' title='bbox 372 1713 454 1733; x_wconf 87' lang='lat' dir='ltr'><strong>suum</strong></span> <span class='ocrx_word' id='word_1_253' title='bbox 465 1704 660 1740; x_wconf 80' lang='lat' dir='ltr'><strong>profundentes</strong></span> <span class='ocrx_word' id='word_1_254' title='bbox 669 1725 676 1737; x_wconf 91' lang='lat'><strong>,</strong></span> <span class='ocrx_word' id='word_1_255' title='bbox 689 1712 744 1732; x_wconf 88' lang='lat' dir='ltr'><strong>non</strong></span> <span class='ocrx_word' id='word_1_256' title='bbox 759 1712 809 1740; x_wconf 90' lang='lat' dir='ltr'><strong>pro</strong></span> <span class='ocrx_word' id='word_1_257' title='bbox 821 1704 909 1739; x_wconf 87' lang='lat' dir='ltr'><strong>patria</strong></span> <span class='ocrx_word' id='word_1_258' title='bbox 919 1712 980 1739; x_wconf 71' lang='lat' dir='ltr'><strong>qua:</strong></span> 
     </span>
    </p>
   </div>
   <div class='ocr_carea' id='block_1_27' title="bbox 197 1750 981 1787">
    <p class='ocr_par' dir='ltr' id='par_1_27' title="bbox 197 1750 981 1787">
     <span class='ocr_line' id='line_1_27' title="bbox 197 1750 981 1787; baseline 0 -10"><span class='ocrx_word' id='word_1_259' title='bbox 197 1751 284 1787; x_wconf 87' lang='lat' dir='ltr'><strong>gignit</strong></span> <span class='ocrx_word' id='word_1_260' title='bbox 304 1755 331 1779; x_wconf 88' lang='lat' dir='ltr'><strong>et</strong></span> <span class='ocrx_word' id='word_1_261' title='bbox 344 1751 455 1786; x_wconf 88' lang='lat' dir='ltr'><strong>recipit,</strong></span> <span class='ocrx_word' id='word_1_262' title='bbox 480 1758 534 1778; x_wconf 91' lang='lat' dir='ltr'><strong>non</strong></span> <span class='ocrx_word' id='word_1_263' title='bbox 553 1758 603 1786; x_wconf 92' lang='lat' dir='ltr'><strong>pro</strong></span> <span class='ocrx_word' id='word_1_264' title='bbox 625 1750 711 1785; x_wconf 89' lang='lat' dir='ltr'><strong>patria</strong></span> <span class='ocrx_word' id='word_1_265' title='bbox 733 1758 794 1785; x_wconf 72' lang='lat' dir='ltr'><strong>quae</strong></span> <span class='ocrx_word' id='word_1_266' title='bbox 819 1750 934 1777; x_wconf 84' lang='lat' dir='ltr'><strong>habetur</strong></span> <span class='ocrx_word' id='word_1_267' title='bbox 954 1755 981 1778; x_wconf 90' lang='lat' dir='ltr'><strong>et</strong></span> 
     </span>
    </p>
   </div>
   <div class='ocr_carea' id='block_1_28' title="bbox 196 1795 980 1832">
    <p class='ocr_par' dir='ltr' id='par_1_28' title="bbox 196 1795 980 1832">
     <span class='ocr_line' id='line_1_28' title="bbox 196 1795 980 1832; baseline 0 -8"><span class='ocrx_word' id='word_1_268' title='bbox 196 1796 342 1830; x_wconf 88' lang='lat' dir='ltr'><strong>amittitur,</strong></span> <span class='ocrx_word' id='word_1_269' title='bbox 356 1796 403 1825; x_wconf 89' lang='lat' dir='ltr'><strong>sed</strong></span> <span class='ocrx_word' id='word_1_270' title='bbox 417 1804 467 1832; x_wconf 90' lang='lat' dir='ltr'><strong>pro</strong></span> <span class='ocrx_word' id='word_1_271' title='bbox 479 1796 522 1823; x_wconf 91' lang='lat' dir='ltr'><strong>illa</strong></span> <span class='ocrx_word' id='word_1_272' title='bbox 529 1795 678 1824; x_wconf 83' lang='lat' dir='ltr'><strong>Jerusalem</strong></span> <span class='ocrx_word' id='word_1_273' title='bbox 685 1795 801 1828; x_wconf 81' lang='lat' dir='ltr'><strong>ccelesti,</strong></span> <span class='ocrx_word' id='word_1_274' title='bbox 810 1796 898 1830; x_wconf 90' lang='lat' dir='ltr'><strong>patria</strong></span> <span class='ocrx_word' id='word_1_275' title='bbox 911 1803 980 1824; x_wconf 85' lang='lat' dir='ltr'><strong>sem-</strong></span> 
     </span>
    </p>
   </div>
   <div class='ocr_carea' id='block_1_29' title="bbox 197 1842 979 1878">
    <p class='ocr_par' dir='ltr' id='par_1_29' title="bbox 197 1842 979 1878">
     <span class='ocr_line' id='line_1_29' title="bbox 197 1842 979 1878; baseline -0.003 -8"><span class='ocrx_word' id='word_1_276' title='bbox 197 1847 321 1878; x_wconf 86' lang='lat' dir='ltr'><strong>pIterna,</strong></span> <span class='ocrx_word' id='word_1_277' title='bbox 342 1849 404 1878; x_wconf 77' lang='lat' dir='ltr'><strong>quae</strong></span> <span class='ocrx_word' id='word_1_278' title='bbox 429 1842 534 1870; x_wconf 87' lang='lat' dir='ltr'><strong>meritis</strong></span> <span class='ocrx_word' id='word_1_279' title='bbox 559 1847 603 1870; x_wconf 89' lang='lat' dir='ltr'><strong>est</strong></span> <span class='ocrx_word' id='word_1_280' title='bbox 621 1846 776 1870; x_wconf 83' lang='lat' dir='ltr'><strong>constructa</strong></span> <span class='ocrx_word' id='word_1_281' title='bbox 804 1847 979 1875; x_wconf 80' lang='lat' dir='ltr'><strong>sanctorum,</strong></span> 
     </span>
    </p>
   </div>
   <div class='ocr_carea' id='block_1_30' title="bbox 196 1887 980 1923">
    <p class='ocr_par' dir='ltr' id='par_1_30' title="bbox 196 1887 980 1923">
     <span class='ocr_line' id='line_1_30' title="bbox 196 1887 980 1923; baseline -0.003 -7"><span class='ocrx_word' id='word_1_282' title='bbox 196 1896 257 1923; x_wconf 67' lang='lat' dir='ltr'><strong>qua:</strong></span> <span class='ocrx_word' id='word_1_283' title='bbox 272 1888 390 1916; x_wconf 87' lang='lat' dir='ltr'><strong>culmina</strong></span> <span class='ocrx_word' id='word_1_284' title='bbox 412 1895 461 1915; x_wconf 92' lang='lat' dir='ltr'><strong>sua</strong></span> <span class='ocrx_word' id='word_1_285' title='bbox 477 1887 546 1916; x_wconf 70' lang='lat' dir='ltr'><strong>coelo</strong></span> <span class='ocrx_word' id='word_1_286' title='bbox 568 1888 674 1921; x_wconf 89' lang='lat' dir='ltr'><strong>inserit,</strong></span> <span class='ocrx_word' id='word_1_287' title='bbox 686 1887 765 1922; x_wconf 89' lang='lat' dir='ltr'><strong>cujus</strong></span> <span class='ocrx_word' id='word_1_288' title='bbox 789 1887 886 1915; x_wconf 75' lang='lat' dir='ltr'><strong>incolae</strong></span> <span class='ocrx_word' id='word_1_289' title='bbox 909 1887 980 1914; x_wconf 86' lang='lat' dir='ltr'><strong>meri</strong></span> 
     </span>
    </p>
   </div>
   <div class='ocr_carea' id='block_1_31' title="bbox 1027 1419 1791 1464">
    <p class='ocr_par' dir='ltr' id='par_1_31' title="bbox 1027 1419 1791 1464">
     <span class='ocr_line' id='line_1_31' title="bbox 1027 1419 1791 1464; baseline -0.013 -8"><span class='ocrx_word' id='word_1_290' title='bbox 1027 1428 1164 1464; x_wconf 85' lang='lat' dir='ltr'><strong>copiosior</strong></span> <span class='ocrx_word' id='word_1_291' title='bbox 1186 1428 1276 1455; x_wconf 85' lang='lat' dir='ltr'><strong>rabies</strong></span> <span class='ocrx_word' id='word_1_292' title='bbox 1299 1427 1446 1459; x_wconf 68' lang='lat' dir='ltr'><strong>aestuabat;</strong></span> <span class='ocrx_word' id='word_1_293' title='bbox 1467 1424 1591 1459; x_wconf 89' lang='lat' dir='ltr'><strong>judices,</strong></span> <span class='ocrx_word' id='word_1_294' title='bbox 1607 1419 1791 1453; x_wconf 83' lang='lat' dir='ltr'><strong>oﬂiciales,tri-</strong></span> 
     </span>
    </p>
   </div>
   <div class='ocr_carea' id='block_1_32' title="bbox 1028 1466 1789 1509">
    <p class='ocr_par' dir='ltr' id='par_1_32' title="bbox 1028 1466 1789 1509">
     <span class='ocr_line' id='line_1_32' title="bbox 1028 1466 1789 1509; baseline -0.012 -7"><span class='ocrx_word' id='word_1_295' title='bbox 1028 1474 1112 1507; x_wconf 86' lang='lat' dir='ltr'><strong>buni,</strong></span> <span class='ocrx_word' id='word_1_296' title='bbox 1138 1474 1253 1506; x_wconf 75' lang='lat' dir='ltr'><strong>milites,</strong></span> <span class='ocrx_word' id='word_1_297' title='bbox 1273 1473 1371 1509; x_wconf 89' lang='lat' dir='ltr'><strong>vulgus</strong></span> <span class='ocrx_word' id='word_1_298' title='bbox 1394 1471 1518 1500; x_wconf 76' lang='lat' dir='ltr'><strong>certatim</strong></span> <span class='ocrx_word' id='word_1_299' title='bbox 1531 1491 1540 1504; x_wconf 91' lang='lat'><strong>,</strong></span> <span class='ocrx_word' id='word_1_300' title='bbox 1559 1470 1703 1496; x_wconf 81' lang='lat' dir='ltr'><strong>indiscreta</strong></span> <span class='ocrx_word' id='word_1_301' title='bbox 1726 1466 1789 1494; x_wconf 82' lang='lat' dir='ltr'><strong>etiam</strong></span> 
     </span>
    </p>
   </div>
   <div class='ocr_carea' id='block_1_33' title="bbox 1029 1513 1788 1553">
    <p class='ocr_par' dir='ltr' id='par_1_33' title="bbox 1029 1513 1788 1553">
     <span class='ocr_line' id='line_1_33' title="bbox 1029 1513 1788 1553; baseline -0.014 -4"><span class='ocrx_word' id='word_1_302' title='bbox 1029 1529 1112 1553; x_wconf 84' lang='lat' dir='ltr'><strong>sexu,</strong></span> <span class='ocrx_word' id='word_1_303' title='bbox 1126 1519 1299 1548; x_wconf 85' lang='lat' dir='ltr'><strong>Christianos</strong></span> <span class='ocrx_word' id='word_1_304' title='bbox 1317 1517 1459 1553; x_wconf 88' lang='lat' dir='ltr'><strong>multiplici</strong></span> <span class='ocrx_word' id='word_1_305' title='bbox 1475 1516 1644 1544; x_wconf 85' lang='lat' dir='ltr'><strong>crudelitate</strong></span> <span class='ocrx_word' id='word_1_306' title='bbox 1655 1513 1788 1541; x_wconf 80' lang='lat' dir='ltr'><strong>laniabant:</strong></span> 
     </span>
    </p>
   </div>
   <div class='ocr_carea' id='block_1_34' title="bbox 1029 1557 1787 1603">
    <p class='ocr_par' dir='ltr' id='par_1_34' title="bbox 1029 1557 1787 1603">
     <span class='ocr_line' id='line_1_34' title="bbox 1029 1557 1787 1603; baseline -0.013 -9"><span class='ocrx_word' id='word_1_307' title='bbox 1029 1574 1146 1603; x_wconf 88' lang='lat' dir='ltr'><strong>quorum</strong></span> <span class='ocrx_word' id='word_1_308' title='bbox 1161 1566 1272 1601; x_wconf 90' lang='lat' dir='ltr'><strong>plurimi</strong></span> <span class='ocrx_word' id='word_1_309' title='bbox 1286 1564 1424 1593; x_wconf 89' lang='lat' dir='ltr'><strong>distinctis</strong></span> <span class='ocrx_word' id='word_1_310' title='bbox 1437 1562 1616 1598; x_wconf 87' lang='lat' dir='ltr'><strong>passiouibus</strong></span> <span class='ocrx_word' id='word_1_311' title='bbox 1636 1565 1710 1595; x_wconf 86' lang='lat' dir='ltr'><strong>atque</strong></span> <span class='ocrx_word' id='word_1_312' title='bbox 1719 1557 1787 1586; x_wconf 89' lang='lat' dir='ltr'><strong>nomi-</strong></span> 
     </span>
    </p>
   </div>
   <div class='ocr_carea' id='block_1_35' title="bbox 1030 1608 1787 1647">
    <p class='ocr_par' dir='ltr' id='par_1_35' title="bbox 1030 1608 1787 1647">
     <span class='ocr_line' id='line_1_35' title="bbox 1030 1608 1787 1647; baseline -0.016 -5"><span class='ocrx_word' id='word_1_313' title='bbox 1030 1614 1133 1647; x_wconf 89' lang='lat' dir='ltr'><strong>nibus,</strong></span> <span class='ocrx_word' id='word_1_314' title='bbox 1158 1613 1192 1640; x_wconf 91' lang='lat' dir='ltr'><strong>ad</strong></span> <span class='ocrx_word' id='word_1_315' title='bbox 1213 1611 1416 1641; x_wconf 85' lang='lat' dir='ltr'><strong>succedentium</strong></span> <span class='ocrx_word' id='word_1_316' title='bbox 1440 1609 1592 1637; x_wconf 87' lang='lat' dir='ltr'><strong>memorias</strong></span> <span class='ocrx_word' id='word_1_317' title='bbox 1616 1608 1787 1642; x_wconf 83' lang='lat' dir='ltr'><strong>pervenerunt;</strong></span> 
     </span>
    </p>
   </div>
   <div class='ocr_carea' id='block_1_36' title="bbox 1030 1649 1788 1692">
    <p class='ocr_par' dir='ltr' id='par_1_36' title="bbox 1030 1649 1788 1692">
     <span class='ocr_line' id='line_1_36' title="bbox 1030 1649 1788 1692; baseline -0.016 -5"><span class='ocrx_word' id='word_1_318' title='bbox 1030 1660 1191 1687; x_wconf 91' lang='lat' dir='ltr'><strong>innumeros</strong></span> <span class='ocrx_word' id='word_1_319' title='bbox 1215 1666 1281 1685; x_wconf 89' lang='lat' dir='ltr'><strong>vero</strong></span> <span class='ocrx_word' id='word_1_320' title='bbox 1293 1679 1301 1690; x_wconf 91' lang='lat'><strong>,</strong></span> <span class='ocrx_word' id='word_1_321' title='bbox 1317 1657 1365 1692; x_wconf 89' lang='lat' dir='ltr'><strong>qui</strong></span> <span class='ocrx_word' id='word_1_322' title='bbox 1380 1656 1420 1684; x_wconf 79' lang='lat' dir='ltr'><strong>vel</strong></span> <span class='ocrx_word' id='word_1_323' title='bbox 1444 1655 1596 1682; x_wconf 84' lang='lat' dir='ltr'><strong>indiscreta</strong></span> <span class='ocrx_word' id='word_1_324' title='bbox 1618 1652 1688 1679; x_wconf 66' lang='lat' dir='ltr'><strong>caede</strong></span> <span class='ocrx_word' id='word_1_325' title='bbox 1707 1649 1788 1677; x_wconf 81' lang='lat' dir='ltr'><strong>concisi</strong></span> 
     </span>
    </p>
   </div>
   <div class='ocr_carea' id='block_1_37' title="bbox 1031 1696 1788 1738">
    <p class='ocr_par' dir='ltr' id='par_1_37' title="bbox 1031 1696 1788 1738">
     <span class='ocr_line' id='line_1_37' title="bbox 1031 1696 1788 1738; baseline -0.016 -5"><span class='ocrx_word' id='word_1_326' title='bbox 1031 1709 1110 1737; x_wconf 86' lang='lat' dir='ltr'><strong>sunt,</strong></span> <span class='ocrx_word' id='word_1_327' title='bbox 1126 1704 1169 1732; x_wconf 90' lang='lat' dir='ltr'><strong>vel</strong></span> <span class='ocrx_word' id='word_1_328' title='bbox 1180 1703 1263 1731; x_wconf 86' lang='lat' dir='ltr'><strong>vincti</strong></span> <span class='ocrx_word' id='word_1_329' title='bbox 1280 1703 1307 1730; x_wconf 94' lang='lat' dir='ltr'><strong>in</strong></span> <span class='ocrx_word' id='word_1_330' title='bbox 1329 1701 1473 1738; x_wconf 84' lang='lat' dir='ltr'><strong>ergastulis</strong></span> <span class='ocrx_word' id='word_1_331' title='bbox 1485 1699 1660 1730; x_wconf 82' lang='lat' dir='ltr'><strong>defecerunt,</strong></span> <span class='ocrx_word' id='word_1_332' title='bbox 1671 1696 1788 1729; x_wconf 82' lang='lat' dir='ltr'><strong>inscriptos</strong></span> 
     </span>
    </p>
   </div>
   <div class='ocr_carea' id='block_1_38' title="bbox 1031 1743 1787 1779">
    <p class='ocr_par' dir='ltr' id='par_1_38' title="bbox 1031 1743 1787 1779">
     <span class='ocr_line' id='line_1_38' title="bbox 1031 1743 1787 1779; baseline -0.016 0"><span class='ocrx_word' id='word_1_333' title='bbox 1031 1751 1150 1779; x_wconf 70' lang='lat' dir='ltr'><strong>cmleslis</strong></span> <span class='ocrx_word' id='word_1_334' title='bbox 1165 1749 1227 1777; x_wconf 71' lang='lat' dir='ltr'><strong>vitae</strong></span> <span class='ocrx_word' id='word_1_335' title='bbox 1242 1749 1312 1777; x_wconf 90' lang='lat' dir='ltr'><strong>liber</strong></span> <span class='ocrx_word' id='word_1_336' title='bbox 1323 1752 1429 1776; x_wconf 87' lang='lat' dir='ltr'><strong>tantum</strong></span> <span class='ocrx_word' id='word_1_337' title='bbox 1443 1745 1579 1775; x_wconf 89' lang='lat' dir='ltr'><strong>continet.</strong></span> <span class='ocrx_word' id='word_1_338' title='bbox 1597 1743 1663 1771; x_wconf 83' lang='lat' dir='ltr'><strong>Nam</strong></span> <span class='ocrx_word' id='word_1_339' title='bbox 1676 1746 1728 1778; x_wconf 88' lang='lat' dir='ltr'><strong>post</strong></span> <span class='ocrx_word' id='word_1_340' title='bbox 1753 1747 1787 1766; x_wconf 69' lang='lat' dir='ltr'><strong>ra-</strong></span> 
     </span>
    </p>
   </div>
   <div class='ocr_carea' id='block_1_39' title="bbox 1032 1788 1788 1832">
    <p class='ocr_par' dir='ltr' id='par_1_39' title="bbox 1032 1788 1788 1832">
     <span class='ocr_line' id='line_1_39' title="bbox 1032 1788 1788 1832; baseline -0.013 -10"><span class='ocrx_word' id='word_1_341' title='bbox 1032 1795 1180 1824; x_wconf 90' lang='lat' dir='ltr'><strong>stissimam</strong></span> <span class='ocrx_word' id='word_1_342' title='bbox 1194 1801 1342 1832; x_wconf 88' lang='lat' dir='ltr'><strong>martyrum</strong></span> <span class='ocrx_word' id='word_1_343' title='bbox 1362 1798 1496 1829; x_wconf 86' lang='lat' dir='ltr'><strong>stragem,</strong></span> <span class='ocrx_word' id='word_1_344' title='bbox 1518 1796 1548 1819; x_wconf 90' lang='lat' dir='ltr'><strong>et</strong></span> <span class='ocrx_word' id='word_1_345' title='bbox 1569 1788 1728 1818; x_wconf 66' lang='lat' dir='ltr'><strong>saevientium</strong></span> <span class='ocrx_word' id='word_1_346' title='bbox 1742 1791 1788 1832; x_wconf 60' lang='lat' dir='ltr'><strong>pas-</strong></span> 
     </span>
    </p>
   </div>
   <div class='ocr_carea' id='block_1_40' title="bbox 1032 1829 1787 1875">
    <p class='ocr_par' dir='ltr' id='par_1_40' title="bbox 1032 1829 1787 1875">
     <span class='ocr_line' id='line_1_40' title="bbox 1032 1829 1787 1875; baseline -0.02 -3"><span class='ocrx_word' id='word_1_347' title='bbox 1032 1844 1141 1872; x_wconf 88' lang='lat' dir='ltr'><strong>sionum</strong></span> <span class='ocrx_word' id='word_1_348' title='bbox 1158 1829 1357 1873; x_wconf 77' lang='lat' dir='ltr'><strong>crudelitatem,</strong></span> <span class='ocrx_word' id='word_1_349' title='bbox 1371 1840 1404 1868; x_wconf 93' lang='lat' dir='ltr'><strong>de</strong></span> <span class='ocrx_word' id='word_1_350' title='bbox 1418 1847 1471 1875; x_wconf 89' lang='lat' dir='ltr'><strong>qua</strong></span> <span class='ocrx_word' id='word_1_351' title='bbox 1488 1838 1574 1865; x_wconf 88' lang='lat' dir='ltr'><strong>etiam</strong></span> <span class='ocrx_word' id='word_1_352' title='bbox 1588 1833 1686 1863; x_wconf 84' lang='lat' dir='ltr'><strong>Christi</strong></span> <span class='ocrx_word' id='word_1_353' title='bbox 1702 1829 1787 1861; x_wconf 78' lang='lat' dir='ltr'><strong>famuli.</strong></span> 
     </span>
    </p>
   </div>
   <div class='ocr_carea' id='block_1_41' title="bbox 1032 1879 1788 1924">
    <p class='ocr_par' dir='ltr' id='par_1_41' title="bbox 1032 1879 1788 1924">
     <span class='ocr_line' id='line_1_41' title="bbox 1032 1879 1788 1924; baseline -0.02 -6"><span class='ocrx_word' id='word_1_354' title='bbox 1032 1896 1102 1924; x_wconf 88' lang='lat' dir='ltr'><strong>quos</strong></span> <span class='ocrx_word' id='word_1_355' title='bbox 1119 1893 1185 1916; x_wconf 86' lang='lat' dir='ltr'><strong>tunc</strong></span> <span class='ocrx_word' id='word_1_356' title='bbox 1196 1886 1387 1915; x_wconf 76' lang='lat' dir='ltr'><strong>illustrissimae</strong></span> <span class='ocrx_word' id='word_1_357' title='bbox 1403 1885 1484 1912; x_wconf 86' lang='lat' dir='ltr'><strong>urbes</strong></span> <span class='ocrx_word' id='word_1_358' title='bbox 1495 1883 1603 1910; x_wconf 82' lang='lat' dir='ltr'><strong>Vienna</strong></span> <span class='ocrx_word' id='word_1_359' title='bbox 1618 1885 1645 1908; x_wconf 89' lang='lat' dir='ltr'><strong>et</strong></span> <span class='ocrx_word' id='word_1_360' title='bbox 1658 1879 1788 1924; x_wconf 71' lang='lat' dir='ltr'><strong>Lugdunum</strong></span> 
     </span>
    </p>
   </div>
   <div class='ocr_carea' id='block_1_42' title="bbox 197 1922 1785 1968">
    <p class='ocr_par' dir='ltr' id='par_1_42' title="bbox 197 1922 1785 1968">
     <span class='ocr_line' id='line_1_42' title="bbox 197 1922 1785 1968; baseline -0.006 -8"><span class='ocrx_word' id='word_1_361' title='bbox 197 1922 340 1966; x_wconf 78' lang='lat' dir='ltr'><strong>nesciunt,</strong></span> <span class='ocrx_word' id='word_1_362' title='bbox 357 1932 435 1967; x_wconf 87' lang='lat' dir='ltr'><strong>cujus</strong></span> <span class='ocrx_word' id='word_1_363' title='bbox 446 1932 660 1968; x_wconf 83' lang='lat' dir='ltr'><strong>libertasjugum</strong></span> <span class='ocrx_word' id='word_1_364' title='bbox 676 1936 802 1960; x_wconf 67' lang='lat' dir='ltr'><strong>tartareae</strong></span> <span class='ocrx_word' id='word_1_365' title='bbox 815 1932 981 1968; x_wconf 87' lang='lat' dir='ltr'><strong>captivitatis</strong></span> <span class='ocrx_word' id='word_1_366' title='bbox 996 1930 1019 1958; x_wconf 81' lang='grc' dir='ltr'><strong><em>Β</em></strong></span> <span class='ocrx_word' id='word_1_367' title='bbox 1034 1922 1171 1967; x_wconf 50' lang='lat' dir='ltr'><strong>tenebant,</strong></span> <span class='ocrx_word' id='word_1_368' title='bbox 1185 1932 1219 1960; x_wconf 77' lang='lat' dir='ltr'><strong>ad</strong></span> <span class='ocrx_word' id='word_1_369' title='bbox 1236 1932 1370 1960; x_wconf 72' lang='lat' dir='ltr'><strong>Ecclesias</strong></span> <span class='ocrx_word' id='word_1_370' title='bbox 1380 1930 1452 1958; x_wconf 62' lang='lat' dir='ltr'><strong>Asiae</strong></span> <span class='ocrx_word' id='word_1_371' title='bbox 1467 1934 1494 1957; x_wconf 70' lang='lat' dir='ltr'><strong>et</strong></span> <span class='ocrx_word' id='word_1_372' title='bbox 1507 1928 1634 1963; x_wconf 69' lang='lat' dir='ltr'><strong>Phrygiae</strong></span> <span class='ocrx_word' id='word_1_373' title='bbox 1647 1925 1735 1959; x_wconf 86' lang='lat' dir='ltr'><strong>scripta</strong></span> <span class='ocrx_word' id='word_1_374' title='bbox 1747 1922 1785 1949; x_wconf 87' lang='lat' dir='ltr'><strong>mi-</strong></span> 
     </span>
    </p>
   </div>
   <div class='ocr_carea' id='block_1_43' title="bbox 196 1977 981 2014">
    <p class='ocr_par' dir='ltr' id='par_1_43' title="bbox 196 1977 981 2014">
     <span class='ocr_line' id='line_1_43' title="bbox 196 1977 981 2014; baseline 0 -9"><span class='ocrx_word' id='word_1_375' title='bbox 196 1979 313 2014; x_wconf 83' lang='lat' dir='ltr'><strong>ignorat,</strong></span> <span class='ocrx_word' id='word_1_376' title='bbox 331 1977 413 2012; x_wconf 86' lang='lat' dir='ltr'><strong>cujus</strong></span> <span class='ocrx_word' id='word_1_377' title='bbox 424 1977 535 2005; x_wconf 81' lang='lat' dir='ltr'><strong>libertas</strong></span> <span class='ocrx_word' id='word_1_378' title='bbox 545 1985 607 2005; x_wconf 87' lang='lat' dir='ltr'><strong>cum</strong></span> <span class='ocrx_word' id='word_1_379' title='bbox 621 1977 768 2005; x_wconf 82' lang='lat' dir='ltr'><strong>immortali</strong></span> <span class='ocrx_word' id='word_1_380' title='bbox 784 1978 868 2013; x_wconf 84' lang='lat' dir='ltr'><strong>gloria</strong></span> <span class='ocrx_word' id='word_1_381' title='bbox 879 1982 906 2006; x_wconf 87' lang='lat' dir='ltr'><strong>et</strong></span> <span class='ocrx_word' id='word_1_382' title='bbox 916 1978 981 2005; x_wconf 86' lang='lat' dir='ltr'><strong>bea—</strong></span> 
     </span>
    </p>
   </div>
   <div class='ocr_carea' id='block_1_44' title="bbox 199 2022 981 2060">
    <p class='ocr_par' dir='ltr' id='par_1_44' title="bbox 199 2022 981 2060">
     <span class='ocr_line' id='line_1_44' title="bbox 199 2022 981 2060; baseline 0 -10"><span class='ocrx_word' id='word_1_383' title='bbox 199 2023 315 2050; x_wconf 86' lang='lat' dir='ltr'><strong>titudine</strong></span> <span class='ocrx_word' id='word_1_384' title='bbox 338 2028 505 2057; x_wconf 86' lang='lat' dir='ltr'><strong>perseverat.</strong></span> <span class='ocrx_word' id='word_1_385' title='bbox 525 2022 558 2050; x_wconf 85' lang='lat' dir='ltr'><strong>Et</strong></span> <span class='ocrx_word' id='word_1_386' title='bbox 574 2023 637 2050; x_wconf 87' lang='lat' dir='ltr'><strong>licet</strong></span> <span class='ocrx_word' id='word_1_387' title='bbox 651 2023 685 2050; x_wconf 90' lang='lat' dir='ltr'><strong>de</strong></span> <span class='ocrx_word' id='word_1_388' title='bbox 698 2023 817 2058; x_wconf 60' lang='lat' dir='ltr'><strong>pram‘tis</strong></span> <span class='ocrx_word' id='word_1_389' title='bbox 831 2028 981 2060; x_wconf 77' lang='lat' dir='ltr'><strong>martyrum</strong></span> 
     </span>
    </p>
   </div>
   <div class='ocr_carea' id='block_1_45' title="bbox 197 2068 983 2105">
    <p class='ocr_par' dir='ltr' id='par_1_45' title="bbox 197 2068 983 2105">
     <span class='ocr_line' id='line_1_45' title="bbox 197 2068 983 2105; baseline -0.003 -8"><span class='ocrx_word' id='word_1_390' title='bbox 197 2075 286 2105; x_wconf 76' lang='lat' dir='ltr'><strong>pauca</strong></span> <span class='ocrx_word' id='word_1_391' title='bbox 308 2069 450 2103; x_wconf 85' lang='lat' dir='ltr'><strong>perstricta</strong></span> <span class='ocrx_word' id='word_1_392' title='bbox 478 2068 550 2101; x_wconf 84' lang='lat' dir='ltr'><strong>sint,</strong></span> <span class='ocrx_word' id='word_1_393' title='bbox 567 2068 631 2103; x_wconf 86' lang='lat' dir='ltr'><strong>quia</strong></span> <span class='ocrx_word' id='word_1_394' title='bbox 650 2075 822 2103; x_wconf 82' lang='lat' dir='ltr'><strong>nequaquam</strong></span> <span class='ocrx_word' id='word_1_395' title='bbox 842 2069 983 2103; x_wconf 72' lang='lat' dir='ltr'><strong>condigna:</strong></span> 
     </span>
    </p>
   </div>
   <div class='ocr_carea' id='block_1_46' title="bbox 199 2114 983 2150">
    <p class='ocr_par' dir='ltr' id='par_1_46' title="bbox 199 2114 983 2150">
     <span class='ocr_line' id='line_1_46' title="bbox 199 2114 983 2150; baseline -0.001 -8"><span class='ocrx_word' id='word_1_396' title='bbox 199 2119 264 2142; x_wconf 84' lang='lat' dir='ltr'><strong>sunt</strong></span> <span class='ocrx_word' id='word_1_397' title='bbox 288 2114 430 2150; x_wconf 85' lang='lat' dir='ltr'><strong>passiones</strong></span> <span class='ocrx_word' id='word_1_398' title='bbox 457 2114 602 2149; x_wconf 83' lang='lat' dir='ltr'><strong>praesentis</strong></span> <span class='ocrx_word' id='word_1_399' title='bbox 631 2114 722 2141; x_wconf 82' lang='lat' dir='ltr'><strong>saeculi</strong></span> <span class='ocrx_word' id='word_1_400' title='bbox 751 2114 784 2141; x_wconf 89' lang='lat' dir='ltr'><strong>ad</strong></span> <span class='ocrx_word' id='word_1_401' title='bbox 816 2114 983 2149; x_wconf 82' lang='lat' dir='ltr'><strong>magnitudi-</strong></span> 
     </span>
    </p>
   </div>
   <div class='ocr_carea' id='block_1_47' title="bbox 200 2162 985 2198">
    <p class='ocr_par' dir='ltr' id='par_1_47' title="bbox 200 2162 985 2198">
     <span class='ocr_line' id='line_1_47' title="bbox 200 2162 985 2198; baseline -0.004 -8"><span class='ocrx_word' id='word_1_402' title='bbox 200 2170 262 2190; x_wconf 89' lang='lat' dir='ltr'><strong>nem</strong></span> <span class='ocrx_word' id='word_1_403' title='bbox 279 2163 371 2198; x_wconf 74' lang='lat' dir='ltr'><strong>gloriae</strong></span> <span class='ocrx_word' id='word_1_404' title='bbox 389 2162 510 2191; x_wconf 70' lang='lat' dir='ltr'><strong>cmlestis</strong></span> <span class='ocrx_word' id='word_1_405' title='bbox 522 2162 530 2178; x_wconf 84' lang='lat'><strong>&#39;</strong></span> <span class='ocrx_word' id='word_1_406' title='bbox 547 2181 556 2195; x_wconf 83' lang='lat'><em>.</em></span> <span class='ocrx_word' id='word_1_407' title='bbox 572 2169 633 2197; x_wconf 67' lang='lat' dir='ltr'><strong>quae</strong></span> <span class='ocrx_word' id='word_1_408' title='bbox 648 2162 700 2190; x_wconf 88' lang='lat' dir='ltr'><strong>erit</strong></span> <span class='ocrx_word' id='word_1_409' title='bbox 725 2165 855 2197; x_wconf 79' lang='lat' dir='ltr'><strong>perpetua</strong></span> <span class='ocrx_word' id='word_1_410' title='bbox 869 2164 896 2188; x_wconf 87' lang='lat' dir='ltr'><strong>et</strong></span> <span class='ocrx_word' id='word_1_411' title='bbox 913 2167 985 2187; x_wconf 87' lang='lat' dir='ltr'><strong>sem-</strong></span> 
     </span>
    </p>
   </div>
   <div class='ocr_carea' id='block_1_48' title="bbox 200 2209 982 2244">
    <p class='ocr_par' dir='ltr' id='par_1_48' title="bbox 200 2209 982 2244">
     <span class='ocr_line' id='line_1_48' title="bbox 200 2209 982 2244; baseline -0.005 -8"><span class='ocrx_word' id='word_1_412' title='bbox 200 2209 325 2244; x_wconf 87' lang='lat' dir='ltr'><strong>piterna;</strong></span> <span class='ocrx_word' id='word_1_413' title='bbox 355 2213 474 2236; x_wconf 89' lang='lat' dir='ltr'><strong>attamen</strong></span> <span class='ocrx_word' id='word_1_414' title='bbox 505 2209 534 2236; x_wconf 88' lang='lat' dir='ltr'><strong>hi</strong></span> <span class='ocrx_word' id='word_1_415' title='bbox 558 2213 622 2236; x_wconf 82' lang='lat' dir='ltr'><strong>sunt</strong></span> <span class='ocrx_word' id='word_1_416' title='bbox 660 2209 782 2243; x_wconf 84' lang='lat' dir='ltr'><strong>perpetui</strong></span> <span class='ocrx_word' id='word_1_417' title='bbox 823 2211 982 2235; x_wconf 81' lang='lat' dir='ltr'><strong>sanctorum</strong></span> 
     </span>
    </p>
   </div>
   <div class='ocr_carea' id='block_1_49' title="bbox 201 2250 984 2290">
    <p class='ocr_par' dir='ltr' id='par_1_49' title="bbox 201 2250 984 2290">
     <span class='ocr_line' id='line_1_49' title="bbox 201 2250 984 2290; baseline -0.006 -8"><span class='ocrx_word' id='word_1_418' title='bbox 201 2254 332 2290; x_wconf 78' lang='lat' dir='ltr'><strong>triumphi</strong></span> <span class='ocrx_word' id='word_1_419' title='bbox 345 2273 353 2287; x_wconf 85' lang='lat'><strong>,</strong></span> <span class='ocrx_word' id='word_1_420' title='bbox 373 2254 420 2290; x_wconf 86' lang='lat' dir='ltr'><strong>qui</strong></span> <span class='ocrx_word' id='word_1_421' title='bbox 434 2254 534 2281; x_wconf 88' lang='lat' dir='ltr'><strong>merito</strong></span> <span class='ocrx_word' id='word_1_422' title='bbox 547 2253 656 2288; x_wconf 89' lang='lat' dir='ltr'><strong>scriptis</strong></span> <span class='ocrx_word' id='word_1_423' title='bbox 671 2253 770 2288; x_wconf 85' lang='lat' dir='ltr'><strong>proditi</strong></span> <span class='ocrx_word' id='word_1_424' title='bbox 787 2252 934 2279; x_wconf 87' lang='lat' dir='ltr'><strong>mittuntur</strong></span> <span class='ocrx_word' id='word_1_425' title='bbox 949 2250 984 2278; x_wconf 91' lang='lat' dir='ltr'><strong>ad</strong></span> 
     </span>
    </p>
   </div>
   <div class='ocr_carea' id='block_1_50' title="bbox 201 2296 983 2335">
    <p class='ocr_par' dir='ltr' id='par_1_50' title="bbox 201 2296 983 2335">
     <span class='ocr_line' id='line_1_50' title="bbox 201 2296 983 2335; baseline -0.006 -7"><span class='ocrx_word' id='word_1_426' title='bbox 201 2306 343 2335; x_wconf 86' lang='lat' dir='ltr'><strong>posteros;</strong></span> <span class='ocrx_word' id='word_1_427' title='bbox 368 2305 399 2328; x_wconf 88' lang='lat' dir='ltr'><strong>ut</strong></span> <span class='ocrx_word' id='word_1_428' title='bbox 421 2300 445 2328; x_wconf 91' lang='lat' dir='ltr'><strong>si</strong></span> <span class='ocrx_word' id='word_1_429' title='bbox 469 2307 523 2326; x_wconf 92' lang='lat' dir='ltr'><strong>non</strong></span> <span class='ocrx_word' id='word_1_430' title='bbox 546 2299 679 2334; x_wconf 80' lang='lat' dir='ltr'><strong>contingit</strong></span> <span class='ocrx_word' id='word_1_431' title='bbox 701 2297 809 2326; x_wconf 85' lang='lat' dir='ltr'><strong>occasio</strong></span> <span class='ocrx_word' id='word_1_432' title='bbox 829 2296 983 2332; x_wconf 88' lang='lat' dir='ltr'><strong>passionis,</strong></span> 
     </span>
    </p>
   </div>
   <div class='ocr_carea' id='block_1_51' title="bbox 200 2343 986 2375">
    <p class='ocr_par' dir='ltr' id='par_1_51' title="bbox 200 2343 986 2375">
     <span class='ocr_line' id='line_1_51' title="bbox 200 2343 986 2375; baseline -0.008 -1"><span class='ocrx_word' id='word_1_433' title='bbox 200 2354 340 2374; x_wconf 65' lang='lat' dir='ltr'><strong>succensae</strong></span> <span class='ocrx_word' id='word_1_434' title='bbox 356 2350 448 2373; x_wconf 87' lang='lat' dir='ltr'><strong>tamen</strong></span> <span class='ocrx_word' id='word_1_435' title='bbox 459 2344 557 2372; x_wconf 88' lang='lat' dir='ltr'><strong>mentis</strong></span> <span class='ocrx_word' id='word_1_436' title='bbox 568 2344 747 2372; x_wconf 75' lang='lat' dir='ltr'><strong>aemulationis</strong></span> <span class='ocrx_word' id='word_1_437' title='bbox 759 2344 855 2371; x_wconf 87' lang='lat' dir='ltr'><strong>ardore</strong></span> <span class='ocrx_word' id='word_1_438' title='bbox 864 2363 871 2375; x_wconf 90' lang='lat'><strong>,</strong></span> <span class='ocrx_word' id='word_1_439' title='bbox 886 2343 986 2369; x_wconf 85' lang='lat' dir='ltr'><strong>imma-</strong></span> 
     </span>
    </p>
   </div>
   <div class='ocr_carea' id='block_1_52' title="bbox 201 2388 984 2425">
    <p class='ocr_par' dir='ltr' id='par_1_52' title="bbox 201 2388 984 2425">
     <span class='ocr_line' id='line_1_52' title="bbox 201 2388 984 2425; baseline -0.01 -3"><span class='ocrx_word' id='word_1_440' title='bbox 201 2394 322 2422; x_wconf 82' lang='lat' dir='ltr'><strong>eulatam</strong></span> <span class='ocrx_word' id='word_1_441' title='bbox 337 2394 419 2420; x_wconf 92' lang='lat' dir='ltr'><strong>vitam</strong></span> <span class='ocrx_word' id='word_1_442' title='bbox 445 2397 473 2420; x_wconf 89' lang='lat' dir='ltr'><strong>et</strong></span> <span class='ocrx_word' id='word_1_443' title='bbox 497 2391 664 2420; x_wconf 85' lang='lat' dir='ltr'><strong>contritione</strong></span> <span class='ocrx_word' id='word_1_444' title='bbox 678 2397 825 2425; x_wconf 89' lang='lat' dir='ltr'><strong>corporum</strong></span> <span class='ocrx_word' id='word_1_445' title='bbox 844 2393 873 2416; x_wconf 89' lang='lat' dir='ltr'><strong>et</strong></span> <span class='ocrx_word' id='word_1_446' title='bbox 892 2388 984 2415; x_wconf 85' lang='lat' dir='ltr'><strong>imita-</strong></span> 
     </span>
    </p>
   </div>
   <div class='ocr_carea' id='block_1_53' title="bbox 199 2435 985 2475">
    <p class='ocr_par' dir='ltr' id='par_1_53' title="bbox 199 2435 985 2475">
     <span class='ocr_line' id='line_1_53' title="bbox 199 2435 985 2475; baseline -0.008 -7"><span class='ocrx_word' id='word_1_447' title='bbox 199 2441 275 2468; x_wconf 85' lang='lat' dir='ltr'><strong>tione</strong></span> <span class='ocrx_word' id='word_1_448' title='bbox 286 2440 420 2475; x_wconf 82' lang='lat' dir='ltr'><strong>martyrii,</strong></span> <span class='ocrx_word' id='word_1_449' title='bbox 433 2442 647 2474; x_wconf 83' lang='lat' dir='ltr'><strong>conscquantur.</strong></span> <span class='ocrx_word' id='word_1_450' title='bbox 659 2436 751 2471; x_wconf 87' lang='lat' dir='ltr'><strong>itaque</strong></span> <span class='ocrx_word' id='word_1_451' title='bbox 763 2435 985 2463; x_wconf 88' lang='lat' dir='ltr'><strong>beatissimorum</strong></span> 
     </span>
    </p>
   </div>
   <div class='ocr_carea' id='block_1_54' title="bbox 201 2481 984 2521">
    <p class='ocr_par' dir='ltr' id='par_1_54' title="bbox 201 2481 984 2521">
     <span class='ocr_line' id='line_1_54' title="bbox 201 2481 984 2521; baseline -0.006 -8"><span class='ocrx_word' id='word_1_452' title='bbox 201 2485 329 2521; x_wconf 79' lang='lat' dir='ltr'><strong>Epipodii</strong></span> <span class='ocrx_word' id='word_1_453' title='bbox 346 2485 386 2521; x_wconf 85' lang='lat' dir='ltr'><strong>(l)</strong></span> <span class='ocrx_word' id='word_1_454' title='bbox 395 2486 426 2513; x_wconf 73' lang='lat' dir='ltr'><strong>’et</strong></span> <span class='ocrx_word' id='word_1_455' title='bbox 442 2485 588 2512; x_wconf 81' lang='lat' dir='ltr'><strong>Alexandri</strong></span> <span class='ocrx_word' id='word_1_456' title='bbox 599 2482 741 2511; x_wconf 79' lang='lat' dir='ltr'><strong>conﬂictus</strong></span> <span class='ocrx_word' id='word_1_457' title='bbox 753 2486 834 2517; x_wconf 90' lang='lat' dir='ltr'><strong>atque</strong></span> <span class='ocrx_word' id='word_1_458' title='bbox 845 2481 984 2514; x_wconf 86' lang='lat' dir='ltr'><strong>victorias,</strong></span> 
     </span>
    </p>
   </div>
   <div class='ocr_carea' id='block_1_55' title="bbox 200 2527 986 2565">
    <p class='ocr_par' dir='ltr' id='par_1_55' title="bbox 200 2527 986 2565">
     <span class='ocr_line' id='line_1_55' title="bbox 200 2527 986 2565; baseline -0.008 -5"><span class='ocrx_word' id='word_1_459' title='bbox 200 2532 311 2560; x_wconf 82' lang='lat' dir='ltr'><strong>Christo</strong></span> <span class='ocrx_word' id='word_1_460' title='bbox 335 2532 363 2559; x_wconf 92' lang='lat' dir='ltr'><strong>in</strong></span> <span class='ocrx_word' id='word_1_461' title='bbox 384 2531 437 2558; x_wconf 83' lang='lat' dir='ltr'><strong>illis</strong></span> <span class='ocrx_word' id='word_1_462' title='bbox 457 2530 659 2565; x_wconf 88' lang='lat' dir='ltr'><strong>triumphante,</strong></span> <span class='ocrx_word' id='word_1_463' title='bbox 683 2527 846 2562; x_wconf 79' lang='lat' dir='ltr'><strong>referimus,</strong></span> <span class='ocrx_word' id='word_1_464' title='bbox 870 2532 901 2554; x_wconf 87' lang='lat' dir='ltr'><strong>ut</strong></span> <span class='ocrx_word' id='word_1_465' title='bbox 919 2527 986 2555; x_wconf 82' lang='lat' dir='ltr'><strong>ﬁdes</strong></span> 
     </span>
    </p>
   </div>
   <div class='ocr_carea' id='block_1_56' title="bbox 200 2574 986 2612">
    <p class='ocr_par' dir='ltr' id='par_1_56' title="bbox 200 2574 986 2612">
     <span class='ocr_line' id='line_1_56' title="bbox 200 2574 986 2612; baseline -0.006 -7"><span class='ocrx_word' id='word_1_466' title='bbox 200 2578 369 2606; x_wconf 87' lang='lat' dir='ltr'><strong>credentium</strong></span> <span class='ocrx_word' id='word_1_467' title='bbox 394 2576 566 2612; x_wconf 84' lang='lat' dir='ltr'><strong>praemissum</strong></span> <span class='ocrx_word' id='word_1_468' title='bbox 595 2579 622 2603; x_wconf 88' lang='lat' dir='ltr'><strong>et</strong></span> <span class='ocrx_word' id='word_1_469' title='bbox 643 2574 778 2602; x_wconf 90' lang='lat' dir='ltr'><strong>desideret</strong></span> <span class='ocrx_word' id='word_1_470' title='bbox 805 2578 832 2601; x_wconf 92' lang='lat' dir='ltr'><strong>et</strong></span> <span class='ocrx_word' id='word_1_471' title='bbox 854 2579 986 2609; x_wconf 88' lang='lat' dir='ltr'><strong>sequatur</strong></span> 
     </span>
    </p>
   </div>
   <div class='ocr_carea' id='block_1_57' title="bbox 199 2625 365 2660">
    <p class='ocr_par' dir='ltr' id='par_1_57' title="bbox 199 2625 365 2660">
     <span class='ocr_line' id='line_1_57' title="bbox 199 2625 365 2660; baseline 0 -7"><span class='ocrx_word' id='word_1_472' title='bbox 199 2625 365 2660; x_wconf 75' lang='lat' dir='ltr'><strong>exemplum.</strong></span> 
     </span>
    </p>
   </div>
   <div class='ocr_carea' id='block_1_58' title="bbox 235 2665 982 2706">
    <p class='ocr_par' dir='ltr' id='par_1_58' title="bbox 235 2665 982 2706">
     <span class='ocr_line' id='line_1_58' title="bbox 235 2665 982 2706; baseline -0.005 -7"><span class='ocrx_word' id='word_1_473' title='bbox 235 2671 268 2698; x_wconf 86' lang='lat' dir='ltr'><strong>ll.</strong></span> <span class='ocrx_word' id='word_1_474' title='bbox 285 2670 369 2706; x_wconf 81' lang='lat' dir='ltr'><strong>igitur</strong></span> <span class='ocrx_word' id='word_1_475' title='bbox 379 2670 511 2706; x_wconf 87' lang='lat' dir='ltr'><strong>principis</strong></span> <span class='ocrx_word' id='word_1_476' title='bbox 525 2668 654 2697; x_wconf 85' lang='lat' dir='ltr'><strong>Antonini</strong></span> <span class='ocrx_word' id='word_1_477' title='bbox 679 2667 744 2695; x_wconf 77' lang='lat' dir='ltr'><strong>Veri</strong></span> <span class='ocrx_word' id='word_1_478' title='bbox 770 2665 877 2694; x_wconf 76' lang='lat' dir='ltr'><strong>decimo</strong></span> <span class='ocrx_word' id='word_1_479' title='bbox 899 2667 982 2701; x_wconf 77' lang='lat' dir='ltr'><strong>septi-</strong></span> 
     </span>
    </p>
   </div>
   <div class='ocr_carea' id='block_1_59' title="bbox 237 2771 478 2806">
    <p class='ocr_par' dir='ltr' id='par_1_59' title="bbox 237 2771 478 2806">
     <span class='ocr_line' id='line_1_59' title="bbox 237 2771 478 2806; baseline 0 -7"><span class='ocrx_word' id='word_1_480' title='bbox 237 2773 244 2787; x_wconf 85' lang='lat'>&#39;</span> <span class='ocrx_word' id='word_1_481' title='bbox 265 2771 344 2799; x_wconf 79' lang='lat' dir='ltr'><strong>Rom.</strong></span> <span class='ocrx_word' id='word_1_482' title='bbox 359 2779 418 2806; x_wconf 80' lang='lat' dir='ltr'>VIII,</span> <span class='ocrx_word' id='word_1_483' title='bbox 434 2772 478 2800; x_wconf 84' lang='lat' dir='ltr'><strong>l8.</strong></span> 
     </span>
    </p>
   </div>
   <div class='ocr_carea' id='block_1_60' title="bbox 237 2864 978 2905">
    <p class='ocr_par' dir='ltr' id='par_1_60' title="bbox 237 2864 978 2905">
     <span class='ocr_line' id='line_1_60' title="bbox 237 2864 978 2905; baseline 0.005 -15"><span class='ocrx_word' id='word_1_484' title='bbox 237 2866 274 2904; x_wconf 30' lang='lat' dir='ltr'><strong>(il)</strong></span> <span class='ocrx_word' id='word_1_485' title='bbox 288 2864 317 2905; x_wconf 34' lang='lat' dir='ltr'><strong>lin</strong></span> <span class='ocrx_word' id='word_1_486' title='bbox 343 2866 522 2905; x_wconf 77' lang='lat' dir='ltr'><strong>codd.__Rem.</strong></span> <span class='ocrx_word' id='word_1_487' title='bbox 537 2867 666 2905; x_wconf 21' lang='lat' dir='ltr'><strong>\et_Col_b».</strong></span> <span class='ocrx_word' id='word_1_488' title='bbox 694 2867 834 2905; x_wconf 66' lang='lat' dir='ltr'><strong>scribitur</strong></span> <span class='ocrx_word' id='word_1_489' title='bbox 858 2874 978 2905; x_wconf 77' lang='lat' dir='ltr'><strong>semper,</strong></span> 
     </span>
    </p>
   </div>
   <div class='ocr_carea' id='block_1_61' title="bbox 203 2898 979 2938">
    <p class='ocr_par' dir='ltr' id='par_1_61' title="bbox 203 2898 979 2938">
     <span class='ocr_line' id='line_1_61' title="bbox 203 2898 979 2938; baseline 0.006 -12"><span class='ocrx_word' id='word_1_490' title='bbox 203 2898 366 2933; x_wconf 68' lang='grc' dir='ltr'><strong>Ῑμίροιϋικιι</strong></span> <span class='ocrx_word' id='word_1_491' title='bbox 381 2901 408 2927; x_wconf 92' lang='lat' dir='ltr'><strong>in</strong></span> <span class='ocrx_word' id='word_1_492' title='bbox 418 2901 609 2937; x_wconf 79' lang='lat' dir='ltr'><strong>Martyrologio</strong></span> <span class='ocrx_word' id='word_1_493' title='bbox 628 2901 702 2930; x_wconf 83' lang='lat' dir='ltr'><strong>Flori</strong></span> <span class='ocrx_word' id='word_1_494' title='bbox 721 2902 873 2938; x_wconf 70' lang='lat' dir='ltr'><strong>Upipodut;</strong></span> <span class='ocrx_word' id='word_1_495' title='bbox 885 2898 979 2931; x_wconf 53' lang='lat' dir='ltr'><strong>inito;</strong></span> 
     </span>
    </p>
   </div>
   <div class='ocr_carea' id='block_1_62' title="bbox 1034 1971 1787 2013">
    <p class='ocr_par' dir='ltr' id='par_1_62' title="bbox 1034 1971 1787 2013">
     <span class='ocr_line' id='line_1_62' title="bbox 1034 1971 1787 2013; baseline -0.02 -4"><span class='ocrx_word' id='word_1_496' title='bbox 1034 1984 1150 2013; x_wconf 71' lang='lat' dir='ltr'><strong>serunt,</strong></span> <span class='ocrx_word' id='word_1_497' title='bbox 1179 1986 1241 2007; x_wconf 90' lang='lat' dir='ltr'><strong>cum</strong></span> <span class='ocrx_word' id='word_1_498' title='bbox 1271 1984 1340 2013; x_wconf 84' lang='lat' dir='ltr'><strong>pene</strong></span> <span class='ocrx_word' id='word_1_499' title='bbox 1361 1976 1396 2003; x_wconf 89' lang='lat' dir='ltr'><strong>ad</strong></span> <span class='ocrx_word' id='word_1_500' title='bbox 1419 1976 1557 2010; x_wconf 79' lang='lat' dir='ltr'><strong>integrum</strong></span> <span class='ocrx_word' id='word_1_501' title='bbox 1582 1971 1683 2000; x_wconf 80' lang='lat' dir='ltr'><strong>Christi</strong></span> <span class='ocrx_word' id='word_1_502' title='bbox 1709 1973 1787 1996; x_wconf 79' lang='lat' dir='ltr'><strong>nomen</strong></span> 
     </span>
    </p>
   </div>
   <div class='ocr_carea' id='block_1_63' title="bbox 1034 2013 1785 2062">
    <p class='ocr_par' dir='ltr' id='par_1_63' title="bbox 1034 2013 1785 2062">
     <span class='ocr_line' id='line_1_63' title="bbox 1034 2013 1785 2062; baseline -0.019 -7"><span class='ocrx_word' id='word_1_503' title='bbox 1034 2035 1050 2056; x_wconf 84' lang='lat' dir='ltr'><strong>a</strong></span> <span class='ocrx_word' id='word_1_504' title='bbox 1076 2026 1221 2062; x_wconf 86' lang='lat' dir='ltr'><strong>gentilibus</strong></span> <span class='ocrx_word' id='word_1_505' title='bbox 1237 2025 1394 2052; x_wconf 88' lang='lat' dir='ltr'><strong>crederetur</strong></span> <span class='ocrx_word' id='word_1_506' title='bbox 1409 2022 1579 2051; x_wconf 82' lang='lat' dir='ltr'><strong>exstinctum</strong></span> <span class='ocrx_word' id='word_1_507' title='bbox 1598 2029 1605 2047; x_wconf 88' lang='lat'><strong>:</strong></span> <span class='ocrx_word' id='word_1_508' title='bbox 1621 2026 1666 2054; x_wconf 87' lang='lat' dir='ltr'><strong>per</strong></span> <span class='ocrx_word' id='word_1_509' title='bbox 1682 2013 1785 2062; x_wconf 68' lang='lat' dir='ltr'><strong>proditio-</strong></span> 
     </span>
    </p>
   </div>
   <div class='ocr_carea' id='block_1_64' title="bbox 1034 2058 1786 2104">
    <p class='ocr_par' dir='ltr' id='par_1_64' title="bbox 1034 2058 1786 2104">
     <span class='ocr_line' id='line_1_64' title="bbox 1034 2058 1786 2104; baseline -0.019 -4"><span class='ocrx_word' id='word_1_510' title='bbox 1034 2058 1096 2100; x_wconf 72' lang='lat' dir='ltr'><strong>IIem</strong></span> <span class='ocrx_word' id='word_1_511' title='bbox 1120 2071 1298 2100; x_wconf 82' lang='lat' dir='ltr'><strong>domesticam</strong></span> <span class='ocrx_word' id='word_1_512' title='bbox 1322 2069 1471 2104; x_wconf 78' lang='lat' dir='ltr'><strong>Epipodius</strong></span> <span class='ocrx_word' id='word_1_513' title='bbox 1490 2073 1518 2095; x_wconf 85' lang='lat' dir='ltr'><strong>et</strong></span> <span class='ocrx_word' id='word_1_514' title='bbox 1542 2064 1690 2093; x_wconf 82' lang='lat' dir='ltr'><strong>Alexander</strong></span> <span class='ocrx_word' id='word_1_515' title='bbox 1706 2058 1786 2088; x_wconf 75' lang='lat' dir='ltr'><strong>ocle</strong></span> 
     </span>
    </p>
   </div>
   <div class='ocr_carea' id='block_1_65' title="bbox 1034 2105 1786 2153">
    <p class='ocr_par' dir='ltr' id='par_1_65' title="bbox 1034 2105 1786 2153">
     <span class='ocr_line' id='line_1_65' title="bbox 1034 2105 1786 2153; baseline -0.02 -7"><span class='ocrx_word' id='word_1_516' title='bbox 1034 2125 1144 2153; x_wconf 83' lang='lat' dir='ltr'><strong>operam</strong></span> <span class='ocrx_word' id='word_1_517' title='bbox 1157 2117 1223 2144; x_wconf 84' lang='lat' dir='ltr'><strong>dare</strong></span> <span class='ocrx_word' id='word_1_518' title='bbox 1232 2115 1367 2143; x_wconf 78' lang='lat' dir='ltr'><strong>catholico</strong></span> <span class='ocrx_word' id='word_1_519' title='bbox 1380 2114 1441 2141; x_wconf 82' lang='lat' dir='ltr'><strong>tidci</strong></span> <span class='ocrx_word' id='word_1_520' title='bbox 1455 2113 1551 2145; x_wconf 88' lang='lat' dir='ltr'><strong>cultui,</strong></span> <span class='ocrx_word' id='word_1_521' title='bbox 1569 2108 1671 2147; x_wconf 65' lang='lat' dir='ltr'><strong>praesidi</strong></span> <span class='ocrx_word' id='word_1_522' title='bbox 1687 2105 1786 2153; x_wconf 77' lang='lat' dir='ltr'><strong>nuntian-</strong></span> 
     </span>
    </p>
   </div>
   <div class='ocr_carea' id='block_1_66' title="bbox 1036 2149 1786 2198">
    <p class='ocr_par' dir='ltr' id='par_1_66' title="bbox 1036 2149 1786 2198">
     <span class='ocr_line' id='line_1_66' title="bbox 1036 2149 1786 2198; baseline -0.015 -7"><span class='ocrx_word' id='word_1_523' title='bbox 1036 2149 1080 2191; x_wconf 83' lang='lat' dir='ltr'><strong>tur</strong></span> <span class='ocrx_word' id='word_1_524' title='bbox 1094 2173 1102 2197; x_wconf 85' lang='lat'><strong>;</strong></span> <span class='ocrx_word' id='word_1_525' title='bbox 1126 2170 1196 2198; x_wconf 91' lang='lat' dir='ltr'><strong>quos</strong></span> <span class='ocrx_word' id='word_1_526' title='bbox 1221 2162 1266 2189; x_wconf 90' lang='lat' dir='ltr'><strong>ille</strong></span> <span class='ocrx_word' id='word_1_527' title='bbox 1286 2161 1414 2196; x_wconf 80' lang='lat' dir='ltr'><strong>indagine</strong></span> <span class='ocrx_word' id='word_1_528' title='bbox 1430 2159 1563 2192; x_wconf 86' lang='lat' dir='ltr'><strong>sollicita,</strong></span> <span class='ocrx_word' id='word_1_529' title='bbox 1579 2163 1666 2184; x_wconf 67' lang='lat' dir='ltr'><strong>exosa:</strong></span> <span class='ocrx_word' id='word_1_530' title='bbox 1676 2149 1786 2198; x_wconf 48' lang='lat' dir='ltr'><strong>religioniS</strong></span> 
     </span>
    </p>
   </div>
   <div class='ocr_carea' id='block_1_67' title="bbox 1035 2196 1784 2244">
    <p class='ocr_par' dir='ltr' id='par_1_67' title="bbox 1035 2196 1784 2244">
     <span class='ocr_line' id='line_1_67' title="bbox 1035 2196 1784 2244; baseline -0.012 -7"><span class='ocrx_word' id='word_1_531' title='bbox 1035 2196 1165 2244; x_wconf 66' lang='lat' dir='ltr'><strong>reliquias</strong></span> <span class='ocrx_word' id='word_1_532' title='bbox 1197 2209 1225 2235; x_wconf 94' lang='lat' dir='ltr'><strong>in</strong></span> <span class='ocrx_word' id='word_1_533' title='bbox 1251 2207 1306 2235; x_wconf 81' lang='lat' dir='ltr'><strong>illis</strong></span> <span class='ocrx_word' id='word_1_534' title='bbox 1340 2206 1514 2241; x_wconf 70' lang='lat' dir='ltr'><strong>exstinguere</strong></span> <span class='ocrx_word' id='word_1_535' title='bbox 1539 2203 1668 2239; x_wconf 85' lang='lat' dir='ltr'><strong>cupiens,</strong></span> <span class='ocrx_word' id='word_1_536' title='bbox 1692 2196 1784 2234; x_wconf 60' lang='grc' dir='ltr'><strong>ρηείρίι</strong></span> 
     </span>
    </p>
   </div>
   <div class='ocr_carea' id='block_1_68' title="bbox 1036 2254 1764 2288">
    <p class='ocr_par' dir='ltr' id='par_1_68' title="bbox 1036 2254 1764 2288">
     <span class='ocr_line' id='line_1_68' title="bbox 1036 2254 1764 2288; baseline -0.007 -7"><span class='ocrx_word' id='word_1_537' title='bbox 1036 2254 1148 2288; x_wconf 89' lang='lat' dir='ltr'><strong>inquiri.</strong></span> <span class='ocrx_word' id='word_1_538' title='bbox 1760 2283 1764 2288; x_wconf 80' lang='lat'><strong>_</strong></span> 
     </span>
    </p>
   </div>
   <div class='ocr_carea' id='block_1_69' title="bbox 1071 2287 1782 2334">
    <p class='ocr_par' dir='ltr' id='par_1_69' title="bbox 1071 2287 1782 2334">
     <span class='ocr_line' id='line_1_69' title="bbox 1071 2287 1782 2334; baseline 0.01 -8"><span class='ocrx_word' id='word_1_539' title='bbox 1071 2287 1115 2327; x_wconf 76' lang='lat' dir='ltr'><strong>ill.</strong></span> <span class='ocrx_word' id='word_1_540' title='bbox 1127 2299 1228 2327; x_wconf 79' lang='lat' dir='ltr'><strong>Verum</strong></span> <span class='ocrx_word' id='word_1_541' title='bbox 1239 2298 1398 2326; x_wconf 84' lang='lat' dir='ltr'><strong>intermisso</strong></span> <span class='ocrx_word' id='word_1_542' title='bbox 1410 2296 1550 2332; x_wconf 70' lang='grc' dir='ltr'><strong>ιιτιυιίεβθτ</strong></span> <span class='ocrx_word' id='word_1_543' title='bbox 1566 2293 1658 2321; x_wconf 60' lang='lat' dir='ltr'><strong>“dine</strong></span> <span class='ocrx_word' id='word_1_544' title='bbox 1667 2287 1782 2334; x_wconf 25' lang='lat' dir='ltr'><strong>passm???</strong></span> 
     </span>
    </p>
   </div>
   <div class='ocr_carea' id='block_1_70' title="bbox 1036 2331 1783 2382">
    <p class='ocr_par' dir='ltr' id='par_1_70' title="bbox 1036 2331 1783 2382">
     <span class='ocr_line' id='line_1_70' title="bbox 1036 2331 1783 2382; baseline -0.016 -8"><span class='ocrx_word' id='word_1_545' title='bbox 1036 2346 1132 2382; x_wconf 90' lang='lat' dir='ltr'><strong>quanti</strong></span> <span class='ocrx_word' id='word_1_546' title='bbox 1146 2345 1274 2381; x_wconf 87' lang='lat' dir='ltr'><strong>qualesve</strong></span> <span class='ocrx_word' id='word_1_547' title='bbox 1288 2344 1398 2376; x_wconf 85' lang='lat' dir='ltr'><strong>fuerint,</strong></span> <span class='ocrx_word' id='word_1_548' title='bbox 1412 2331 1543 2370; x_wconf 75' lang='lat' dir='ltr'><strong>convenit</strong></span> <span class='ocrx_word' id='word_1_549' title='bbox 1555 2340 1596 2367; x_wconf 91' lang='lat' dir='ltr'><strong>vel</strong></span> <span class='ocrx_word' id='word_1_550' title='bbox 1606 2337 1711 2366; x_wconf 74' lang='lat' dir='ltr'><strong>breviter</strong></span> 
     </span>
    </p>
   </div>
   <div class='ocr_carea' id='block_1_71' title="bbox 1036 2378 1781 2424">
    <p class='ocr_par' dir='ltr' id='par_1_71' title="bbox 1036 2378 1781 2424">
     <span class='ocr_line' id='line_1_71' title="bbox 1036 2378 1781 2424; baseline -0.02 -4"><span class='ocrx_word' id='word_1_551' title='bbox 1036 2378 1105 2420; x_wconf 78' lang='lat' dir='ltr'><strong>cari.</strong></span> <span class='ocrx_word' id='word_1_552' title='bbox 1123 2378 1163 2420; x_wconf 39' lang='lat' dir='ltr'><strong>Et.</strong></span> <span class='ocrx_word' id='word_1_553' title='bbox 1174 2391 1328 2419; x_wconf 77' lang='lat' dir='ltr'><strong>Alexander</strong></span> <span class='ocrx_word' id='word_1_554' title='bbox 1348 2389 1458 2424; x_wconf 88' lang='lat' dir='ltr'><strong>quidem</strong></span> <span class='ocrx_word' id='word_1_555' title='bbox 1483 2387 1596 2415; x_wconf 85' lang='lat' dir='ltr'><strong>natione</strong></span> <span class='ocrx_word' id='word_1_556' title='bbox 1622 2383 1718 2412; x_wconf 69' lang='lat' dir='ltr'><strong>Gnarus</strong></span> <span class='ocrx_word' id='word_1_557' title='bbox 1731 2378 1781 2405; x_wconf 76' lang='lat' dir='ltr'><strong>luit.</strong></span> 
     </span>
    </p>
   </div>
   <div class='ocr_carea' id='block_1_72' title="bbox 1037 2426 1779 2474">
    <p class='ocr_par' dir='ltr' id='par_1_72' title="bbox 1037 2426 1779 2474">
     <span class='ocr_line' id='line_1_72' title="bbox 1037 2426 1779 2474; baseline -0.009 -8"><span class='ocrx_word' id='word_1_558' title='bbox 1037 2438 1186 2474; x_wconf 88' lang='lat' dir='ltr'><strong>Epipodius</strong></span> <span class='ocrx_word' id='word_1_559' title='bbox 1215 2445 1280 2465; x_wconf 84' lang='lat' dir='ltr'><strong>vero</strong></span> <span class='ocrx_word' id='word_1_560' title='bbox 1305 2435 1496 2472; x_wconf 84' lang='lat' dir='ltr'><strong>Lugdunensis</strong></span> <span class='ocrx_word' id='word_1_561' title='bbox 1528 2432 1645 2461; x_wconf 82' lang='lat' dir='ltr'><strong>civitatis</strong></span> <span class='ocrx_word' id='word_1_562' title='bbox 1670 2426 1779 2474; x_wconf 57' lang='grc' dir='ltr'><strong>ἰηῷεετῖκ</strong></span> 
     </span>
    </p>
   </div>
   <div class='ocr_carea' id='block_1_73' title="bbox 1037 2472 1780 2520">
    <p class='ocr_par' dir='ltr' id='par_1_73' title="bbox 1037 2472 1780 2520">
     <span class='ocr_line' id='line_1_73' title="bbox 1037 2472 1780 2520; baseline -0.022 -7"><span class='ocrx_word' id='word_1_563' title='bbox 1037 2493 1106 2520; x_wconf 90' lang='lat' dir='ltr'><strong>quos</strong></span> <span class='ocrx_word' id='word_1_564' title='bbox 1126 2484 1253 2520; x_wconf 85' lang='lat' dir='ltr'><strong>parvulos</strong></span> <span class='ocrx_word' id='word_1_565' title='bbox 1273 2483 1398 2511; x_wconf 88' lang='lat' dir='ltr'><strong>scholare</strong></span> <span class='ocrx_word' id='word_1_566' title='bbox 1419 2479 1628 2509; x_wconf 86' lang='lat' dir='ltr'><strong>contubernium</strong></span> <span class='ocrx_word' id='word_1_567' title='bbox 1647 2480 1671 2502; x_wconf 91' lang='lat' dir='ltr'><strong>et</strong></span> <span class='ocrx_word' id='word_1_568' title='bbox 1691 2472 1780 2520; x_wconf 58' lang='lat' dir='ltr'><strong>olnt“de</strong></span> 
     </span>
    </p>
   </div>
   <div class='ocr_carea' id='block_1_74' title="bbox 1036 2518 1779 2567">
    <p class='ocr_par' dir='ltr' id='par_1_74' title="bbox 1036 2518 1779 2567">
     <span class='ocr_line' id='line_1_74' title="bbox 1036 2518 1779 2567; baseline -0.011 -8"><span class='ocrx_word' id='word_1_569' title='bbox 1036 2532 1092 2567; x_wconf 87' lang='lat' dir='ltr'><strong>jam</strong></span> <span class='ocrx_word' id='word_1_570' title='bbox 1104 2518 1190 2558; x_wconf 77' lang='lat' dir='ltr'><strong>virilis</strong></span> <span class='ocrx_word' id='word_1_571' title='bbox 1212 2530 1239 2557; x_wconf 93' lang='lat' dir='ltr'><strong>in</strong></span> <span class='ocrx_word' id='word_1_572' title='bbox 1263 2530 1391 2564; x_wconf 74' lang='lat' dir='ltr'><strong>primaeva</strong></span> <span class='ocrx_word' id='word_1_573' title='bbox 1413 2532 1493 2555; x_wconf 64' lang='lat' dir='ltr'><strong>aetate</strong></span> <span class='ocrx_word' id='word_1_574' title='bbox 1508 2524 1694 2560; x_wconf 72' lang='lat' dir='ltr'><strong>conjunxcral;</strong></span> <span class='ocrx_word' id='word_1_575' title='bbox 1715 2521 1736 2544; x_wconf 70' lang='grc' dir='ltr'>εί</span> <span class='ocrx_word' id='word_1_576' title='bbox 1750 2518 1779 2567; x_wconf 50' lang='grc' dir='ltr'><strong>ἠδ</strong></span> 
     </span>
    </p>
   </div>
   <div class='ocr_carea' id='block_1_75' title="bbox 1038 2560 1779 2608">
    <p class='ocr_par' dir='ltr' id='par_1_75' title="bbox 1038 2560 1779 2608">
     <span class='ocr_line' id='line_1_75' title="bbox 1038 2560 1779 2608; baseline -0.015 -3"><span class='ocrx_word' id='word_1_577' title='bbox 1038 2560 1136 2605; x_wconf 68' lang='lat' dir='ltr'><strong>litteris</strong></span> <span class='ocrx_word' id='word_1_578' title='bbox 1160 2560 1361 2608; x_wconf 77' lang='lat' dir='ltr'><strong>eruditissimi,</strong></span> <span class='ocrx_word' id='word_1_579' title='bbox 1386 2572 1535 2601; x_wconf 85' lang='lat' dir='ltr'><strong>concordia</strong></span> <span class='ocrx_word' id='word_1_580' title='bbox 1562 2571 1708 2599; x_wconf 74' lang='lat' dir='ltr'><strong>crescente,</strong></span> 
     </span>
    </p>
   </div>
   <div class='ocr_carea' id='block_1_76' title="bbox 997 2605 1778 2657">
    <p class='ocr_par' dir='ltr' id='par_1_76' title="bbox 997 2605 1778 2657">
     <span class='ocr_line' id='line_1_76' title="bbox 997 2605 1778 2657; baseline -0.015 -7"><span class='ocrx_word' id='word_1_581' title='bbox 997 2607 1019 2637; x_wconf 57' lang='grc' dir='ltr'><strong>θ</strong></span> <span class='ocrx_word' id='word_1_582' title='bbox 1036 2621 1156 2657; x_wconf 84' lang='lat' dir='ltr'><strong>provecti</strong></span> <span class='ocrx_word' id='word_1_583' title='bbox 1170 2625 1250 2654; x_wconf 84' lang='lat' dir='ltr'><strong>sunt,</strong></span> <span class='ocrx_word' id='word_1_584' title='bbox 1274 2625 1303 2648; x_wconf 88' lang='lat' dir='ltr'><strong>ut</strong></span> <span class='ocrx_word' id='word_1_585' title='bbox 1316 2605 1379 2648; x_wconf 87' lang='lat' dir='ltr'><strong>cum</strong></span> <span class='ocrx_word' id='word_1_586' title='bbox 1394 2619 1498 2646; x_wconf 78' lang='lat' dir='ltr'><strong>fuerint</strong></span> <span class='ocrx_word' id='word_1_587' title='bbox 1509 2613 1667 2645; x_wconf 74' lang='lat' dir='ltr'><strong>christiani,</strong></span> <span class='ocrx_word' id='word_1_588' title='bbox 1682 2614 1706 2637; x_wconf 81' lang='lat' dir='ltr'><strong>et</strong></span> <span class='ocrx_word' id='word_1_589' title='bbox 1716 2615 1729 2634; x_wconf 73' lang='lat' dir='ltr'><strong>tl</strong></span> 
     </span>
    </p>
   </div>
   <div class='ocr_carea' id='block_1_77' title="bbox 1038 2655 1777 2702">
    <p class='ocr_par' dir='ltr' id='par_1_77' title="bbox 1038 2655 1777 2702">
     <span class='ocr_line' id='line_1_77' title="bbox 1038 2655 1777 2702; baseline -0.014 -6"><span class='ocrx_word' id='word_1_590' title='bbox 1038 2655 1156 2696; x_wconf 73' lang='lat' dir='ltr'><strong>rissimis</strong></span> <span class='ocrx_word' id='word_1_591' title='bbox 1171 2666 1330 2702; x_wconf 84' lang='lat' dir='ltr'><strong>parentibus</strong></span> <span class='ocrx_word' id='word_1_592' title='bbox 1344 2665 1480 2697; x_wconf 78' lang='lat' dir='ltr'><strong>instituti,</strong></span> <span class='ocrx_word' id='word_1_593' title='bbox 1502 2663 1535 2691; x_wconf 88' lang='lat' dir='ltr'><strong>ad</strong></span> <span class='ocrx_word' id='word_1_594' title='bbox 1551 2661 1698 2695; x_wconf 70' lang='lat' dir='ltr'><strong>religionem</strong></span> <span class='ocrx_word' id='word_1_595' title='bbox 1711 2655 1777 2681; x_wconf 54' lang='lat' dir='ltr'><strong>“me”</strong></span> 
     </span>
    </p>
   </div>
   <div class='ocr_carea' id='block_1_78' title="bbox 1032 2861 1649 2898">
    <p class='ocr_par' dir='ltr' id='par_1_78' title="bbox 1032 2861 1649 2898">
     <span class='ocr_line' id='line_1_78' title="bbox 1032 2861 1649 2898; baseline -0.016 -4"><span class='ocrx_word' id='word_1_596' title='bbox 1032 2867 1107 2894; x_wconf 88' lang='lat' dir='ltr'><strong>milia</strong></span> <span class='ocrx_word' id='word_1_597' title='bbox 1125 2865 1154 2893; x_wconf 90' lang='lat' dir='ltr'><strong>S.</strong></span> <span class='ocrx_word' id='word_1_598' title='bbox 1171 2864 1308 2897; x_wconf 84' lang='lat' dir='ltr'><strong>Eucherii,</strong></span> <span class='ocrx_word' id='word_1_599' title='bbox 1326 2861 1529 2898; x_wconf 33' lang='lat' dir='ltr'><strong>Ephiphodiusz‘</strong></span> <span class='ocrx_word' id='word_1_600' title='bbox 1608 2896 1613 2898; x_wconf 83' lang='lat'>_</span> <span class='ocrx_word' id='word_1_601' title='bbox 1644 2894 1649 2898; x_wconf 77' lang='lat'><em>_</em></span> 
     </span>
    </p>
   </div>
   <div class='ocr_carea' id='block_1_79' title="bbox 1069 2892 1770 2938">
    <p class='ocr_par' dir='ltr' id='par_1_79' title="bbox 1069 2892 1770 2938">
     <span class='ocr_line' id='line_1_79' title="bbox 1069 2892 1770 2938; baseline -0.029 -3"><span class='ocrx_word' id='word_1_602' title='bbox 1122 2901 1190 2930; x_wconf 83' lang='lat' dir='ltr'><strong>Cod.</strong></span> <span class='ocrx_word' id='word_1_603' title='bbox 1210 2892 1288 2928; x_wconf 71' lang='lat' dir='ltr'><strong>item.</strong></span> <span class='ocrx_word' id='word_1_604' title='bbox 1303 2892 1368 2928; x_wconf 70' lang='lat' dir='ltr'><strong>cum</strong></span> <span class='ocrx_word' id='word_1_605' title='bbox 1389 2892 1468 2926; x_wconf 77' lang='lat' dir='ltr'><strong>Coto.</strong></span> <span class='ocrx_word' id='word_1_606' title='bbox 1485 2896 1586 2929; x_wconf 74' lang='lat' dir='ltr'><strong>habet,</strong></span> <span class='ocrx_word' id='word_1_607' title='bbox 1597 2894 1685 2921; x_wconf 72' lang='lat' dir='ltr'><strong>decimo</strong></span> <span class='ocrx_word' id='word_1_608' title='bbox 1700 2892 1770 2916; x_wconf 68' lang='grc' dir='ltr'><strong>κωνο-</strong></span> 
     </span>
    </p>
   </div>
  </div>
