1873 3065
75 153 178 181 1437

586 157 710 186 PASSIO
732 158 782 186 SS.
804 158 951 187 EPIPODll
979 159 1022 187 ET
1047 157 1258 186 ALEXANDN.

1664 159 1738 188 1858

77 222 127 241 se
150 214 336 242 incitamentis
349 220 444 243 mutuo
454 218 652 252 provocarentj;
662 225 724 245 nam
738 218 895 252 sobrietate,
911 220 934 249 Α
949 224 1003 246 tur.
1017 217 1073 245 Nos
1087 217 1154 245 deos
1171 217 1288 245 colimus
1300 215 1405 250 laetitia,
1421 215 1554 244 conviviis
1567 237 1575 250 ,
1597 217 1733 244 cantioni-

76 262 296 296 parcimonia,
320 264 464 296 castitate,
486 263 557 294 ﬁde.
579 272 662 299 opere
688 265 895 299 misericordia,

77 307 138 334 ita
183 307 238 334 Deo
283 309 367 335 sese'
412 309 516 336 hostias
550 309 647 344 dignas
687 310 894 344 praeparabant,

78 357 127 379 ut.
163 354 191 380 in
221 354 467 383 consummationis
488 355 616 384 meritum
638 355 780 390 profuerit
807 356 895 391 gloria

78 401 211 433 prolata
228 401 362 435 martyrii.
379 400 464 429 Erant
483 403 564 430 ambo
577 402 729 436 iuventutis
744 401 811 429 flore
827 409 893 429 con-

79 446 206 480 spicui,
219 453 306 481 neque
317 447 368 474 adh
374 454 407 474 uc
421 447 614 483 coniugalibus
626 447 743 476 nexibus
753 447 890 482 implicati.

81 491 240 519 Saevientc
255 496 346 520 autem
362 493 563 527 persecutione,
580 493 723 529 implentes
737 493 894 528 evangelica

79 538 266 570 constituta,
279 538 408 573 quoniam
423 539 457 566 ad
474 540 555 566 aliam
573 539 616 567 vel
634 539 716 567 etiam
729 539 836 567 tertiam
852 540 893 567 ci-

80 585 217 611 vitatem
244 584 321 611 abire
340 592 394 611 non
421 590 553 620 possent,
574 586 705 613 latebram
718 585 893 621 ibi.qutesie-

80 634 180 657 runt.
194 630 301 665 Egressi
315 638 381 658 vero
399 631 505 659 occulte
526 635 602 666 septa
626 639 767 659 murorum
780 653 787 665 ,
813 632 840 659 in
860 639 893 660 eo

78 676 164 703 vico
179 677 226 712 qui
244 674 355 711 propter
369 677 610 712 lncisam-petram
627 677 667 713 (3)
683 677 753 706 situs
766 682 825 710 est,
844 683 891 706 tu-

81 723 183 756 gurio
199 729 229 750 se
245 723 386 757 cujusdam
400 723 535 758 religiosa:
552 728 580 751 et
604 724 694 752 ﬁdelis
719 724 807 752 viduae
832 724 891 753 sine

80 765 166 793 ullis
189 767 337 794 comitibus
356 767 530 796 abdiderunt.
547 768 673 804 Cumque
693 769 749 797 illic
765 770 891 805 aliquan-

79 811 159 841 diu,
176 812 239 839 tccti
255 811 307 840 [ide
323 813 492 840 mulierculae
505 818 532 841 et
547 814 599 842 loci
616 814 780 849 humilitate,
794 816 890 844 latuis-

80 860 181 888 sent,
198 857 305 884 tandem
331 857 392 885 illos
410 865 495 893 sagax
514 859 662 894 inquisitor
679 860 798 894 invenit,
820 869 889 896 quos

947 264 1008 297 bus,
1024 264 1106 295 ludis,
1120 263 1320 290 comessationc
1340 267 1368 290 et
1386 262 1518 296 lascivia;
1539 270 1588 291 vos
1600 270 1666 290 vero
1680 263 1730 291 ho-

946 310 1048 337 minem
1060 309 1221 337 crucifixum
1230 329 1237 342 ,
1248 309 1293 337 cui
1308 309 1418 344 placere
1431 316 1486 337 non
1498 313 1614 344 possunt
1628 309 1675 346 qui
1689 309 1733 338 his

945 353 1075 380 omnibus
1088 352 1283 388 perfruuntur,
1301 354 1348 390 qui
1361 354 1483 381 laetitiam
1499 354 1538 390 (6)
1552 354 1669 390 respuit,
1684 355 1731 390 qui

942 399 1056 434 ieiuniis
1067 399 1234 433 delectatur,
1245 400 1292 435 qui
1314 400 1450 427 damnatis
1465 400 1651 437 voluptatibus
1683 402 1732 427 tri-

942 446 1011 471 stem
1020 449 1044 472 et
1055 444 1229 473 infecundam
1241 445 1330 480 diligit
1344 445 1508 473 castitatem.
1521 445 1592 479 Quid
1605 454 1670 474 vero
1679 447 1731 475 tri-

944 490 1027 518 buere
1040 491 1166 518 beneﬁcii
1182 491 1312 526 cuiquam
1331 490 1413 524 valet,
1426 490 1474 526 qui
1491 498 1522 519 se
1536 491 1608 519 tueri
1624 499 1640 518 a
1652 491 1731 519 vilis-

944 535 1076 564 simorum
1094 537 1273 565 insectatione
1290 544 1343 565 non
1353 536 1460 572 potuit?
1472 536 1538 570 Quae
1546 537 1656 573 quidem
1671 544 1732 564 om.

943 582 988 609 nia
1007 583 1109 611 idcirco
1130 584 1180 611 tibi
1202 583 1353 616 contexui,
1376 586 1407 611 ut
1431 590 1494 610 cum
1509 583 1690 611 oblectatione
1703 586 1732 610 ct

942 637 1005 657 cum
1023 629 1123 665 gaudio
1137 650 1145 664 ,
1161 631 1241 666 quasi
1250 629 1568 666 iuvenis,austeritatem
1580 628 1728 664 refugiens,

941 677 1036 704 mundi
1051 677 1132 711 hujus
1147 677 1315 705 beatitudine
1327 676 1486 712 perfruaris.

977 721 1010 748 V.
1024 720 1065 748 Ad
1076 721 1134 749 haec
1147 722 1242 750 beatus
1257 722 1406 758 Epipodius
1419 731 1426 749 :
1444 721 1506 749 Non
1520 722 1560 750 ita
1575 729 1616 748 me
1626 720 1728 749 Christi

941 775 972 795 ac
986 767 1048 802 ﬁdei
1063 768 1201 796 catholicw
1215 770 1329 796 armauit
1341 770 1463 804 affectus,
1479 773 1509 796 ut
1525 776 1629 796 sensum
1641 776 1728 796 meum

940 814 1128 842 misericordiae
1145 818 1198 842 tute
1215 814 1341 850 ﬁgmenta
1353 819 1529 850 permoveant.
1549 813 1641 841 Pietas
1658 814 1728 841 enim

940 860 992 887 ista
1017 860 1161 888 crudelitas
1184 865 1245 893 est;
1264 861 1448 897 nobiscumque
1460 862 1565 894 viuere,
1591 868 1661 887 mors
1688 864 1728 886 est

80 909 146 936 per
163 907 309 937 angustum
326 904 431 932 cellula!
449 893 559 933 aditum,
573 905 710 941 fugientes
731 893 889 936 manus-in-
904 893 926 921 Β
939 909 1058 936 (eterna;
1077 909 1200 932 ueterum
1211 914 1227 932 a
1243 904 1315 933 vobis
1328 893 1413 940 perire
1422 893 1567 940 gloriosum
1586 908 1636 930 est.
1652 901 1727 930 Sem-

85 948 173 975 festa
193 949 345 984 corripuit;
362 950 409 985 qui
425 950 463 978 ita
482 951 578 986 trepidi
595 952 667 979 inter
680 952 832 981 insilientes
849 953 889 980 ir-

82 998 246 1029 ruperant,
263 1000 292 1022 ut
306 999 418 1024 sanctus
432 995 583 1032 Epipodius
600 998 787 1026 calceamento
811 999 888 1034 pedis

81 1041 180 1068 unius
192 1041 364 1076 privaretur;
379 1042 453 1077 quod
473 1049 570 1078 postea
587 1044 675 1072 ﬁdelis
690 1045 789 1072 mulier
802 1065 810 1078 ,
825 1050 887 1073 tan-

82 1094 183 1122 quam
199 1087 358 1115 tbesaurum
377 1089 430 1117 sibi
447 1095 584 1124 repertum
595 1091 727 1119 occuluit.

131 1131 177 1159 IV.
200 1131 293 1167 Itaque
309 1138 406 1168 captos
418 1134 500 1162 etiam
525 1140 588 1165 ante
608 1135 809 1165 discussionern
824 1144 887 1165 car-

81 1185 143 1204 ccr
168 1178 290 1213 accepit;
318 1178 384 1214 quia
419 1180 559 1209 manifesti
586 1181 735 1216 putabatur
760 1182 887 1210 criminis

83 1233 198 1253 nomen
214 1233 276 1254 esse
287 1228 347 1262 ipsa
365 1227 511 1263 appellatio
519 1227 688 1257 Christiana.
704 1228 808 1257 Deinde
822 1233 885 1263 post

84 1271 218 1300 triduum
230 1273 330 1301 vinctis
346 1280 411 1309 post
425 1279 530 1310 tergum
544 1275 670 1303 manibus
688 1280 750 1303 ante
763 1276 886 1310 praesidis

84 1322 257 1346 statuuntur
271 1318 408 1353 tribunal;
422 1327 494 1355 quos
503 1320 674 1349 saevissimus
681 1320 765 1355 iudex
780 1324 886 1348 astante

84 1368 122 1391 et
146 1364 310 1393 infremente
330 1366 475 1401 gentilium
485 1366 674 1399 multitudine,
689 1366 723 1395 de
734 1366 846 1394 nomine
859 1371 886 1394 et

87 1410 268 1446 professione
284 1412 473 1447 interrogavit.
489 1412 530 1441 illi
550 1420 616 1441 vero
635 1417 665 1441 et
685 1413 819 1441 voeabula
834 1422 885 1442 sua

89 1458 294 1493 prodiderunt,
310 1463 338 1487 et
348 1458 525 1488 Christianos
538 1467 568 1489 se
588 1467 650 1488 esse
670 1460 814 1495 perspicue
842 1464 884 1487 te—

85 1505 157 1532 stati
164 1511 237 1535 sunt.
247 1505 414 1533 Accenditur
427 1513 493 1541 ergo
502 1506 587 1542 index
596 1527 604 1540 ,
621 1510 650 1534 et
663 1507 804 1542 popularis
818 1515 885 1536 con-

87 1549 222 1577 clamatio
233 1550 380 1585 attollitur,
394 1555 422 1579 et
436 1551 465 1579 in
479 1551 639 1580 innocentes
657 1552 740 1582 simul
757 1554 881 1581 omnium
895 1565 917 1594 ο

88 1595 202 1623 insania
220 1597 371 1632 consurgit.
390 1596 516 1626 Potestas
535 1605 583 1626 eos
597 1598 741 1633 increpat,
759 1598 881 1627 furorem

89 1649 175 1669 suum
190 1641 349 1676 huiusmodi
359 1642 481 1671 clamore
492 1647 610 1672 testatur
622 1653 629 1671 :
642 1643 732 1672 Etiam
748 1652 822 1672 nunc
834 1645 882 1672 ad-

88 1695 188 1716 versus
200 1688 268 1716 deos
279 1688 450 1717 immortales
465 1689 589 1718 humana
605 1690 744 1718 temeritas
755 1698 882 1725 perseve-

88 1732 154 1760 rat?
167 1731 257 1760 Etiam
272 1740 347 1761 nunc
368 1734 561 1762 convehuntur
586 1735 739 1771 principum
761 1736 882 1764 sanctio—

88 1787 141 1807 nes
154 1799 162 1812 ,
182 1783 210 1806 et
223 1787 278 1807 uno
293 1779 447 1814 eodemque
460 1781 612 1816 maiestatis
626 1781 744 1809 crimine
763 1782 881 1819 impera-

89 1829 134 1852 tor
152 1825 328 1859 impugnatur
347 1829 376 1852 et
399 1825 533 1853 numina?
554 1825 606 1854 Ubi
634 1831 701 1859 sunt
724 1831 858 1855 tormenta
871 1846 879 1859 ,

88 1878 153 1906 quae
166 1870 383 1898 intulimus?ubi
398 1872 512 1899 cruces?
525 1871 570 1898 ubi
588 1871 690 1907 gladii?
707 1873 751 1900 ubi
768 1873 881 1900 bestim?

89 1916 138 1944 ubi
155 1917 246 1951 ignitae
259 1917 384 1944 laminae?
400 1917 446 1944 ubi
462 1918 608 1952 districtio,
623 1919 706 1946 etiam
723 1920 792 1946 ultra
810 1926 879 1946 mor-

88 1963 128 1990 tis
150 1963 282 1990 terminos
301 1963 467 1998 procurata?
491 1963 626 1992 Exstincti
653 1970 718 1992 sunt
734 1965 878 1999 homines,

93 2008 219 2043 sepulcra
233 2008 272 2044 (4)
292 2016 346 2036 non
366 2013 491 2042 exstant,
508 2013 536 2037 ct
550 2016 641 2037 tamen
653 2009 754 2038 Christi
773 2018 879 2038 memo-

92 2056 135 2084 ria
153 2061 318 2090 perseVerat.
338 2056 363 2084 0
382 2056 524 2091 puniendi,
538 2065 593 2092 quo
608 2065 678 2089 ausu
700 2057 727 2084 in
749 2057 880 2093 religione

89 2100 174 2128 vetita
187 2101 376 2135 perdurastis'.‘
389 2100 452 2131 ιω
467 2109 541 2129 nunc
552 2109 601 2136 pro
615 2105 712 2129 vestrae
744 2108 879 2134 prmum-

91 2147 193 2183 ptionis
201 2148 353 2175 temeritate
368 2153 463 2180 poenas
471 2147 582 2175 dabitis.
597 2147 637 2177 Ac
657 2155 691 2175 ne
710 2156 740 2175 se
761 2147 876 2175 invicem

90 2191 268 2218 exliortentur
281 2196 471 2220 antmoneant
487 2192 526 2228 (5)
543 2200 671 2221 sermone
689 2193 730 2220 vel
749 2193 875 2224 nutibus,

939 951 1071 985 piternum
1088 958 1146 978 vero
1163 950 1307 978 Dominum
1330 955 1451 978 nostrum
1466 949 1559 977 Jesum
1578 949 1726 982 Christum,

938 1005 1014 1032 quem
1030 997 1189 1031 cruciﬁxum
1203 1005 1344 1029 memoras,
1369 996 1545 1024 resurrexisse
1572 1003 1624 1022 non
1645 994 1731 1027 nosti,

938 1043 984 1078 qui
999 1042 1128 1077 ineffabili
1151 1042 1276 1077 mysterio
1301 1042 1340 1077 (7)
1368 1042 1446 1070 homo
1466 1042 1567 1077 pariter
1591 1046 1616 1068 et
1643 1040 1725 1070 Dequ

939 1089 1047 1124 famulis
1062 1090 1117 1116 suis
1133 1089 1265 1116 tramitem
1280 1089 1493 1116 immortalitatis
1507 1087 1636 1120 instituit,
1650 1091 1676 1114 et
1689 1085 1725 1114 ad

937 1134 1054 1162 caelestia
1070 1143 1150 1170 regna
1174 1135 1304 1170 perducit.
1327 1134 1378 1161 Sed
1402 1139 1431 1162 ut
1446 1134 1621 1161 communiter
1640 1137 1726 1160 tecum

937 1180 1041 1216 loquar,
1056 1181 1121 1216 quia
1137 1181 1194 1208 alta
1222 1189 1274 1208 non
1297 1181 1408 1216 recipis;
1424 1179 1542 1215 nunquid
1564 1179 1604 1206 ita
1625 1183 1725 1206 caecata

938 1236 1010 1255 mens
1025 1232 1072 1254 tua
1082 1232 1133 1260 est,
1155 1232 1184 1255 ut
1198 1227 1299 1255 nescias
1314 1227 1444 1254 hominem
1459 1234 1492 1253 ea:
1507 1225 1604 1252 animo:
1623 1228 1648 1251 et
1666 1231 1726 1250 cor-

936 1274 1008 1308 poris
1025 1272 1126 1308 duplici
1140 1277 1262 1300 constare
1284 1271 1457 1299 substantia?
1479 1270 1582 1297 Anima:
1601 1270 1724 1304 imperio,

936 1321 1054 1355 corporis
1065 1319 1171 1347 servitio
1192 1319 1276 1355 magis
1292 1319 1402 1346 utimur.
1426 1316 1613 1352 Turpitudines
1627 1315 1724 1351 quibus

935 1365 1065 1394 d¢mones
1081 1370 1180 1393 vestros
1201 1365 1305 1399 colitis,
1320 1363 1449 1391 oblectant
1464 1361 1580 1390 membra
1593 1361 1722 1396 corporis,

935 1416 1032 1439 mentes
1048 1411 1214 1438 interimunt.
1231 1410 1299 1443 Qua:
1309 1415 1397 1437 autem
1408 1408 1456 1436 illa
1470 1408 1525 1435 vita
1538 1411 1588 1440 est,
1601 1406 1645 1434 ubi
1659 1414 1723 1441 par-

935 1458 969 1485 tis
982 1459 1094 1493 potioris
1109 1458 1267 1486 detrimenta
1291 1456 1468 1492 proveniunt?
1485 1455 1541 1483 Nos
1563 1463 1611 1490 pro
1630 1454 1722 1481 anima

935 1505 1059 1531 adversus
1082 1513 1176 1538 corpus
1201 1504 1269 1531 bella
1294 1503 1471 1537 suscipimus;
1496 1509 1543 1529 nos
1563 1509 1611 1536 pro
1631 1500 1722 1528 anima

935 1550 1060 1578 adversus
1075 1550 1140 1578 vitia
1155 1550 1334 1582 dimicamus;
1349 1549 1420 1576 vobis
1435 1552 1525 1575 uenter
1541 1547 1610 1573 Deus
1627 1550 1682 1579 est,
1695 1550 1721 1572 et

934 1598 961 1624 in
975 1605 1073 1623 morem
1088 1596 1229 1631 pecudum,
1246 1600 1304 1631 post
1320 1595 1461 1631 ingluviem
1478 1593 1627 1630 prodigam,
1642 1592 1721 1626 linem

934 1644 995 1672 villo
1005 1643 1159 1678 prwsentis,
1178 1643 1270 1669 mortis
1282 1641 1413 1677 judicatis
1434 1648 1568 1667 occasum.
1589 1638 1720 1667 Craterum

932 1698 977 1717 nos
983 1690 1134 1725 quicunque
1142 1688 1212 1716 vobis
1218 1687 1429 1723 persequentibus
1439 1687 1591 1720 interimus,
1600 1685 1663 1712 dum
1672 1693 1719 1712 nos

931 1735 1088 1770 temporalia
1105 1735 1260 1768 deserimus,
1272 1735 1354 1762 vitam.
1367 1734 1531 1770 ingredimur
1544 1732 1717 1761 (eternitatis.

969 1782 1012 1810 Vl.
1027 1782 1113 1810 Judex
1128 1789 1204 1816 vero,
1215 1780 1340 1816 responsi
1357 1780 1440 1815 huius
1454 1780 1539 1808 livore
1553 1783 1580 1807 et
1599 1779 1719 1806 adrnira-

931 1828 1005 1861 tione
1018 1827 1124 1856 deﬁxus
1136 1848 1144 1861 ,
1160 1827 1356 1862 iracundiaque
1376 1825 1533 1854 stimulante
1547 1829 1717 1857 commotus,

930 1873 1101 1903 admirabilis
1113 1873 1277 1908 eloquentiae
1290 1870 1460 1899 domicilium
1471 1891 1479 1904 ,
1496 1870 1522 1898 id
1537 1875 1579 1898 est
1596 1877 1627 1897 os
1641 1877 1717 1897 mar-

930 1917 998 1954 tyris
1024 1918 1088 1945 elidi
1116 1924 1270 1953 pugnorum
1293 1915 1394 1943 ictibus
1416 1915 1503 1951 iubet.
1525 1914 1565 1942 Ac
1590 1913 1718 1948 deinceps

929 1970 1043 1995 sanctus
1060 1964 1220 2000 Epipodius,
1232 1964 1306 1991 illato
1318 1963 1412 1991 dolore
1428 1961 1613 1994 constantior,
1628 1959 1718 1988 mistis

929 2020 1028 2040 cruore
1042 2011 1180 2043 dentibus,
1193 2011 1251 2039 hzec
1264 2009 1346 2037 verba
1361 2008 1481 2044 profudit
1492 2017 1498 2036 :
1510 2007 1644 2035 Christum
1657 2014 1717 2033 cum

929 2057 1014 2085 Patre
1025 2065 1056 2086 ac
1063 2056 1166 2091 Spiritu
1177 2061 1268 2083 sancto
1280 2055 1364 2083 Deum
1377 2063 1433 2083 esse
1445 2055 1581 2089 conﬁteor,
1589 2052 1717 2088 dignum-

928 2112 978 2140 que
990 2107 1028 2130 est
1043 2107 1071 2130 ut
1086 2102 1127 2129 illi
1140 2103 1258 2129 animam
1276 2109 1361 2128 meum
1383 2101 1534 2136 refundam,
1547 2100 1592 2135 qui
1608 2098 1672 2125 mihi
1690 2102 1716 2124 et

928 2153 1034 2175 creator
1046 2153 1084 2175 est
1100 2154 1125 2175 et
1148 2147 1317 2182 Redemptor.
1342 2148 1386 2173 Ita
1405 2147 1475 2174 enim
1500 2146 1564 2172 mihi
1588 2145 1642 2174 vita
1664 2151 1716 2170 non

929 2195 1042 2226 tollitur,
1058 2194 1103 2222 sed
1119 2198 1237 2221 mutalur
1249 2193 1276 2220 in
1292 2193 1396 2220 melius.
1411 2193 1466 2220 Nec
1478 2193 1585 2220 interest
1601 2191 1716 2226 inﬁrmi.

90 2237 179 2272 ciecm
200 2237 355 2266 Alexandro
375 2239 422 2274 qui
437 2243 480 2266 est
495 2243 574 2271 aetate
590 2240 695 2267 lirmior
705 2261 713 2274 ,
727 2239 875 2275 Epipodius
891 2242 914 2270 D
929 2244 969 2268 tas
985 2247 1110 2275 corporea
1123 2247 1173 2275 quo
1187 2239 1240 2274 [ine
1254 2238 1389 2272 solvatur,
1400 2238 1543 2267 dunmwdo
1559 2237 1651 2267 animo
1664 2244 1715 2266 ca:-

90 2283 250 2318 applicetur.
273 2283 359 2317 Quem
380 2285 486 2313 scilicet
511 2285 688 2321 singulariter
701 2286 874 2320 destitutum,

90 2329 153 2356 dum
169 2336 218 2363 pro
231 2329 389 2364 coniectura
403 2330 491 2358 aetatis
512 2332 675 2359 teneriorem
696 2332 788 2359 animo
799 2333 875 2368 indi-

91 2375 184 2407 cabat,
201 2375 336 2410 serpentis
349 2375 454 2411 antiqui
483 2384 549 2404 usus
563 2377 726 2410 calliditate,
742 2383 873 2406 venenata

91 2421 337 2449 blandimentorum
352 2425 411 2449 arte
426 2422 566 2450 sollicitat.
585 2422 670 2450 Video
687 2423 759 2456 enim
774 2428 812 2457 te,
824 2425 873 2458 ait,

90 2467 214 2502 iuvenem
232 2472 261 2495 et
282 2467 359 2496 nefas
372 2472 458 2496 estut
471 2468 499 2495 in
517 2469 668 2497 intentione
703 2470 780 2503 pravi
807 2478 873 2505 pro-

91 2513 167 2547 positi
186 2521 344 2548 perseveres
367 2518 395 2541 et
416 2521 522 2549 pereas.
545 2513 601 2542 Nos
617 2515 786 2544 immortales
806 2516 873 2544 deos

92 2560 213 2593 colimus,
230 2567 300 2595 quos
319 2560 486 2588 universitas
507 2561 679 2596 populorum,
703 2570 774 2598 quos
789 2563 871 2590 etiam

93 2605 243 2633 nominibus
256 2607 375 2641 propriis
389 2607 569 2637 sacratissimi
587 2607 725 2643 principes
741 2617 871 2637 veneran-

125 2672 135 2687 '
152 2678 214 2698 mss.
233 2674 260 2702 in
276 2683 313 2702 se,

127 2740 163 2772 (5)
177 2739 372 2774 Incisa-petra,
385 2740 467 2775 vulgo
478 2739 682 2772 Picrre-encise,
692 2749 740 2768 arx
753 2750 800 2769 seu
823 2748 870 2768 oa-

93 2780 173 2803 strum
188 2777 221 2803 ad
235 2783 329 2802 muros
353 2775 429 2802 urbis
450 2775 640 2810 Lugdunensis
663 2784 745 2811 super
773 2785 868 2812 rupem

94 2812 321 2880 prfﬁ'ﬁd‘rtyrum
345 2845 465 2880 priorum
489 2853 604 2880 corpora
628 2850 747 2874 cremata
771 2846 867 2880 fuisse,

95 2879 250 2909 nctidelium
269 2879 443 2910 veneratione
458 2879 619 2912 habt-rentur
642 2881 759 2915 vidimus
786 2890 869 2917 supra

925 2287 959 2315 lis
980 2288 1081 2313 inuecta
1096 2286 1130 2312 ad
1149 2293 1226 2313 suum
1247 2289 1394 2311 revertatur
1416 2289 1559 2313 auctorem.
1572 2283 1640 2311 Cum
1656 2286 1715 2312 haec

924 2332 1021 2360 beatus
1034 2331 1182 2367 Epipodius
1207 2330 1342 2358 constanti
1367 2331 1519 2358 assertione
1539 2330 1712 2365 loqueretur,

925 2378 1039 2414 imperio
1054 2377 1304 2413 truculentijudicis
1321 2376 1438 2411 equulco
1452 2377 1642 2412 suspenditur,
1659 2376 1713 2404 cir-

924 2425 1127 2454 cumstantibus
1145 2425 1208 2452 hinc
1230 2424 1293 2451 inde
1317 2424 1471 2457 lictoribus,
1492 2428 1523 2451 ut
1544 2424 1629 2451 latera
1652 2424 1712 2459 ejus

925 2471 1066 2506 impressis
1079 2471 1188 2506 unguntis
1203 2470 1386 2498 sulcarcnlur.
1414 2468 1492 2496 Tunc
1511 2469 1602 2497 subito
1618 2469 1711 2504 populi

924 2518 1055 2545 terribilis
1068 2517 1172 2547 clamor
1186 2516 1273 2544 factus
1293 2520 1344 2548 est,
1358 2515 1478 2550 petentis
1500 2519 1530 2542 ut
1551 2515 1602 2542 sibi
1619 2516 1708 2549 detur,

923 2568 954 2593 ut
964 2563 1125 2590 obrueretur
1137 2563 1225 2590 imbre
1242 2569 1389 2595 saxorum,
1407 2565 1454 2588 aut
1473 2561 1645 2588 membratim
1667 2561 1709 2588 di-

923 2610 999 2638 visus
1021 2610 1191 2637 srevicntium
1208 2608 1324 2636 -insania
1352 2611 1519 2642 carperetur.
1546 2607 1585 2635 lta
1615 2607 1709 2635 furore

922 2744 948 2771 in
964 2743 1076 2778 cpistola
1092 2744 1125 2770 ad
1143 2743 1279 2771 Ecclesias
1290 2742 1372 2769 Asiae.

957 2778 1064 2794 IKtDnll
1091 2783 1113 2794 AI
1132 2777 1186 2794 ειη-
1213 2778 1331 2794 ..ηιηὶηηί

968 2777 994 2842 ἷῖξ
1008 2778 1076 2805 Boll.
1090 2783 1116 2805 et
1132 2777 1196 2805 Sur.
1212 2778 1344 2805 muniant.
1537 2811 1543 2818 ⁴
1607 2811 1612 2816 .

967 2816 982 2840 6
1010 2814 1077 2840 Cod.
1094 2813 1170 2842 Cnlb.
1187 2821 1250 2841 cum
1263 2813 1326 2840 Snr.
1342 2817 1369 2840 ct
1383 2811 1513 2840 Bollando
1524 2811 1668 2840 licentiam.

955 2849 993 2884 (7)
1013 2849 1069 2879 Cod
1088 2848 1192 2884 tinnis.
1205 2849 1311 2886 pietate.
