1873 3065
183 183 195 210 Ι
201 183 252 211 459

677 183 801 212 PASSIO
823 183 873 212 SS.
894 183 1040 211 EPIPODII
1056 183 1100 211 ET
1113 183 1321 213 ALEXANDRI.

1745 191 1803 220 H60

181 243 304 271 omnium
327 243 405 272 tarda
428 247 488 272 erat
503 243 651 272 crudelitas
672 243 833 279 iudicantis.
846 244 970 272 Metuens
985 247 1071 276 Aest,
1088 247 1154 271 utet
1177 244 1231 271 vita
1255 245 1392 272 hominum
1415 246 1607 280 custodiatur,
1631 252 1660 274 et
1685 249 1801 278 monitu

182 294 272 317 autem
285 297 386 325 praeses
400 297 433 318 ne
445 290 532 325 magis
548 290 604 317 vim
628 290 778 324 inferrent,
795 295 822 318 et
837 298 886 326 per
901 290 973 318 sedi-

183 337 285 364 tionem
306 341 429 372 potestas
452 345 484 365 ac
499 337 597 373 judicii
616 337 770 365 reverentia
792 337 950 365 turbaretur
962 358 969 369 ,

181 383 217 411 ad
229 383 381 411 sedandum
401 383 583 412 circumfusae
603 383 788 411 multitudinis
804 384 971 419 praecipitem

181 434 209 457 et
227 430 355 457 insanum
370 429 502 463 furorem,
519 438 686 466 causamque
707 430 901 458 commotionis
921 438 971 457 ex-

182 475 344 511 stinguens,
368 475 495 504 eductum
515 481 590 504 extra
613 473 734 504 tribun‘al
759 476 849 512 gladio
871 476 970 511 raptim

181 522 255 549 feriri
268 522 356 557 jubet.
368 515 462 558 Itaque
473 528 576 558 quanto
592 522 717 551 infestior
731 522 782 550 fuit
796 523 971 550 inimicorum

180 569 326 603 tumultus,
339 574 414 597 tanto
425 569 518 602 citius.
533 570 714 606 dispositione
728 569 831 603 divina,
841 577 971 597 consum-

181 615 266 642 matio
282 616 433 643 accelerata
447 620 489 643 est
502 608 626 651 martyrii
640 608 694 649 ;‘ut
710 622 824 651 puerum
844 622 923 642 suum
937 615 971 642 de

179 665 309 699 passione
323 672 356 692 ac
374 666 596 700 persecutoribus
612 665 836 701 triumphantem,
849 665 970 693 velocius

180 709 308 742 Christus
323 715 515 745 remunerator
529 713 672 747 reciperet,
689 712 735 748 qui
748 717 790 740 est
810 707 970 740 benedictus

179 757 208 784 in
222 758 321 785 saecula
337 757 388 792 (8).

215 802 270 831 νη.
287 803 386 832 Beatos
406 808 540 841 martyres
565 804 727 841 Epipodium
744 809 771 832 et
785 804 969 833 Alexandrum

178 849 299 884 primum
316 850 461 885 conjunxit
472 849 598 883 infantia,
608 851 706 880 deinde
721 851 749 878 in
765 851 862 878 timore
876 850 970 878 divino

180 894 302 922 instituit
317 895 512 927 adolescentia,
525 895 644 923 ﬁrmavit
657 896 797 931 juventus,
809 896 895 923 donec
908 895 970 923 ani-

1023 294 1193 324 propagetur.
1216 289 1288 317 Deus
1303 295 1390 318 noster
1403 291 1482 319 ctelos
1496 301 1562 328 quos
1586 293 1653 327 fecit
1677 295 1800 329 possidet,-

1024 339 1121 361 terram
1150 340 1228 366 tenet.
1251 336 1355 371 inferna
1383 338 1559 373 moderatur,
1579 344 1605 366 et
1630 340 1735 367 animos
1745 349 1800 376 qua

1022 381 1193 413 interemptus
1219 382 1329 417 judicas
1344 404 1351 415 ,
1365 392 1474 418 regnum
1491 385 1595 411 caeleste
1618 386 1749 419 suscepit;
1763 395 1799 414 vos

1022 433 1081 453 vero
1097 435 1158 453 cum
1187 428 1240 455 diis
1261 429 1353 455 uestris
1377 429 1482 464 inferna
1503 430 1668 458 retinebunt.
1694 431 1727 458 Et
1746 433 1799 467 quia

1022 472 1133 507 fratrem
1148 473 1205 507 (10)
1218 482 1303 501 meum
1317 475 1503 502 charissimum
1518 476 1547 502 in
1559 484 1667 504 summa
1681 477 1734 512 (il)
1745 486 1799 512 gau-

1022 519 1065 546 dio
1082 519 1242 547 collocatum
1257 521 1322 554 scio,
1340 522 1459 549 securior
1472 523 1543 550 viam
1556 522 1707 550 deuotionis
1725 523 1798 559 ingre-

1021 565 1090 595 dior.
1105 567 1162 603 Ego
1178 568 1346 596 Christianus
1361 578 1431 604 sum,
1447 574 1472 597 et
1482 570 1521 605 fui
1535 579 1652 606 semper,
1665 576 1690 598 et
1706 571 1798 606 futurus

1022 621 1081 639 sum
1101 613 1129 639 in
1144 613 1257 648 gloriam
1272 613 1330 642 Dei.
1353 613 1392 641 Tu
1417 622 1476 641 vero
1499 622 1593 642 exerce
1622 616 1797 650 corpus,quod

1020 667 1069 694 pro
1085 659 1270 687 imbecillitate
1285 664 1388 687 terrena
1400 661 1516 687 sortibus
1531 661 1628 688 mundi
1645 661 1744 687 videtur
1757 661 1798 687 ad-

1020 706 1121 734 dictum
1134 716 1143 740 ;
1170 711 1294 734 caeterum
1314 708 1419 737 animus
1433 711 1538 735 nostras
1565 707 1700 734 custodiet
1711 708 1800 734 et-reri—

1020 751 1074 786 piet
1088 752 1133 779 ille
1143 753 1188 787 qui
1201 752 1323 780 contulit.

1055 797 1091 825 Χ.
1123 798 1164 826 Ad
1193 799 1250 826 haec
1274 807 1374 834 praeses
1394 799 1476 827 misto
1493 799 1600 835 pudore
1613 803 1644 827 et
1660 798 1748 827 furore
1760 799 1798 826 de-

1022 845 1285 877 satviens,sanctum
1307 845 1492 873 Alexandrum
1517 845 1704 873 divaricatum
1726 846 1797 873 ternis

1021 891 1188 919 caedentibus
1212 892 1342 927 praecepit
1361 892 1518 926 verberari;
1545 892 1594 927 qui
1618 892 1693 919 nulla
1715 891 1797 919 humili

179 941 233 968 mis
245 941 406 976 meritisque
428 942 587 976 conjuncti,
604 934 637 970 ad
662 942 821 979 martyrium
840 949 970 977 pervene~
985 933 1006 961 Β
1022 938 1202 972 responsione
1218 938 1289 966 inter
1304 943 1438 966 tormenta
1463 938 1604 973 deiectus,
1631 938 1681 966 Dei
1705 945 1796 974 sentiet

178 991 254 1020 runt,
270 987 343 1022 quod
357 988 494 1015 tribuente
516 987 563 1016 Dei
583 996 696 1016 munere
723 988 826 1023 pariter
842 995 969 1023 suscepe-

178 1037 251 1060 runt.
271 1031 323 1060 Sed
337 1033 402 1060 dum
417 1033 549 1062 Dominus
570 1038 663 1061 noster
686 1033 766 1061 Jesus
788 1033 916 1061 Christus
932 1034 969 1062 ita

180 1078 298 1116 militum
315 1086 429 1106 suorum
447 1079 574 1108 victrices
585 1079 726 1114 dispensat
740 1087 866 1112 coronas,
882 1084 912 1107 ut
921 1080 969 1114 qui

179 1118 400 1159 eijungebantur
418 1124 590 1154 confessione
606 1125 765 1161 temporali,
785 1125 970 1154 dividerentur

178 1177 291 1208 occasu,
311 1170 408 1199 merito
422 1166 505 1198 nobis
514 1171 664 1206 praestitum
677 1169 834 1207 judicamus
844 1192 852 1205 ,
866 1175 897 1198 ut
916 1171 969 1199 du-

179 1215 279 1250 plicata
293 1216 320 1243 in
336 1209 390 1244 illis
414 1217 586 1245 solemnitate
600 1212 765 1245 fruerémur.
782 1217 851 1245 Nam
864 1223 891 1246 et
903 1217 969 1246 dum

179 1263 292 1290 alternis
307 1263 403 1291 diebus
418 1263 486 1292 festa
501 1264 608 1292 illorum
623 1265 797 1300 proveniunt,
809 1269 836 1292 et
851 1265 912 1293 illos
926 1265 970 1292 in-

179 1309 325 1344 separabili
345 1317 508 1350 veneramur
520 1311 619 1339 aﬂ‘ectu
632 1332 640 1345 ,
660 1319 714 1338 non
730 1311 845 1346 singulis
860 1311 967 1345 diebus,

179 1356 227 1383 sed
244 1356 389 1391 geminatis
410 1357 549 1393 obsequiis
564 1363 714 1394 utrumque
728 1357 770 1386 bis
785 1358 902 1386 colimus
916 1357 966 1394 (9).

181 1400 216 1428 Et
246 1402 318 1430 sicut
344 1402 544 1431 nudiustertius
565 1404 724 1433 solemnitas
747 1405 817 1433 εωιο
836 1405 967 1433 insertum

179 1447 343 1485 Epipodium
357 1449 519 1483 celebravit,
537 1450 574 1477 ita
593 1450 725 1479 hodierna
745 1451 891 1480 festivitate
905 1451 969 1479 bea-

178 1497 237 1520 tum
268 1492 454 1537 Alexandrum
488 1495 645 1530 pervenisse
671 1496 705 1524 ad
735 1504 818 1532 regna
845 1496 967 1524 ctelestia

179 1539 358 1573 gaudeamus.
385 1541 489 1569 Idcirco
514 1545 603 1569 autem
633 1549 706 1570 nunc
733 1547 903 1570 revertamur
932 1542 966 1570 ad

180 1584 324 1626 historiam
341 1578 488 1622 passionis.

216 1630 283 1658 Vlll.
300 1631 466 1668 Interempto
482 1641 547 1670 ergo
559 1633 694 1670 Epipodio
709 1638 828 1669 martyre
841 1641 969 1670 persecu-

181 1682 224 1719 tor
240 1678 342 1706 recenti
359 1679 448 1708 adhuc
460 1688 558 1708 cruore
571 1689 723 1716 respersus,
736 1682 806 1710 beati
822 1681 967 1710 Alexandri

180 1724 340 1760 sanguinem
360 1725 480 1753 sitiebat.
504 1726 590 1760 Quem
617 1733 755 1763 receptum
786 1735 820 1755 ex
832 1735 942 1756 carcere
957 1748 966 1761 .

179 1771 423 1806 comperendinato
448 1772 584 1805 examine,
610 1773 655 1800 die
678 1770 862 1808 interposito,
881 1772 967 1800 furori

179 1823 231 1843 suo
251 1816 378 1853 praecepit
390 1816 481 1845 oﬂ’erri
494 1838 502 1851 ,
520 1822 550 1845 ut
563 1818 623 1853 ejus
644 1818 786 1853 suppliciis
809 1825 864 1845 non
878 1818 967 1845 solum

180 1861 284 1889 rabiem
306 1870 397 1896 suam,
413 1871 509 1890 verum
525 1864 607 1891 etiam
634 1864 769 1892 insaniam
789 1864 918 1892 commoti
941 1868 968 1892 et

180 1907 318 1936 saevientis
333 1908 425 1943 populi
450 1913 624 1944 temperaret.
645 1910 731 1942 Quem
758 1913 848 1937 tamen
868 1910 967 1937 etiam-

180 1961 254 1982 nunc
268 1954 320 1982 hac
333 1955 558 1991 percunctatione
574 1956 704 1984 tentavit:
717 1956 814 1984 Adhuc
839 1956 866 1984 in
891 1961 967 1992 pote-

181 2005 251 2028 state
267 2005 312 2028 tua
328 2005 370 2029 est
397 2006 426 2029 ut
450 2002 552 2030 evadas
575 2002 808 2038 praedecessorum
831 2003 965 2038 exempla,

179 2047 330 2082 videasque
341 2055 403 2082 quae
419 2052 521 2076 teneas.
546 2048 583 2075 ita
610 2048 682 2076 enim
697 2049 834 2083 persecuti
850 2048 968 2078 Christi-

180 2092 255 2120 colas
280 2100 391 2127 sumus,
412 2097 441 2120 ut
461 2100 533 2129 pene
547 2097 573 2120 te
587 2094 675 2121 solum
691 2094 807 2122 arbitrer
822 2095 965 2124 resedisse.

180 2137 248 2166 Nam
264 2143 363 2174 prteter
382 2135 449 2166 alias
467 2147 600 2167 caesorum
623 2145 765 2174 catervas,
777 2141 859 2169 etiam
876 2143 967 2171 stulti-

181 2185 226 2212 tiae
238 2189 292 2212 tuae
303 2184 408 2220 collega
421 2184 580 2218 succubuit;
599 2189 682 2220 atque
702 2177 780 2218 ideo,
799 2186 847 2213 tibi
868 2194 968 2215 consu-

182 2228 254 2264 lens,
267 2230 434 2258 immortales
447 2222 512 2258 deos
530 2231 620 2259 thuris
632 2232 794 2260 accensione
808 2240 947 2261 venerare.

1020 983 1176 1019 praesidium
1207 983 1352 1020 ﬂagitavit.
1380 983 1506 1019 Cumque
1534 984 1700 1020 longissimo
1723 984 1796 1019 spatio

1020 1029 1182 1058 caedentium
1200 1029 1331 1058 succidua
1346 1030 1535 1058 vicissitudine
1547 1038 1605 1058 non
1631 1029 1794 1065 frangeretur,

1019 1083 1120 1111 praeses
1136 1076 1296 1112 interrogat,
1311 1080 1403 1104 utrum
1417 1076 1567 1104 etiamnum
1592 1076 1624 1104 in
1640 1076 1692 1104 hac
1704 1076 1796 1104 confes-

1019 1123 1097 1150 sione
1119 1122 1241 1150 duraret.
1272 1122 1359 1158 Cujus
1392 1124 1617 1157 percunctationi
1647 1124 1793 1151 inconcussa

1019 1162 1183 1196 auctoritate
1195 1167 1336 1203 respondit
1346 1177 1352 1195 :
1365 1167 1432 1195 Deos
1441 1168 1582 1203 gentilium
1600 1168 1732 1196 daemonia
1740 1175 1793 1198 esse;

1019 1213 1103 1240 Deum
1115 1221 1173 1240 vero
1188 1214 1402 1248 omnipotentem,
1426 1214 1600 1246 inuisibilem,
1623 1214 1793 1249 sempiternum

1018 1260 1062 1286 sui
1071 1256 1199 1294 propositi
1211 1268 1266 1287 esse
1280 1260 1425 1288 custodem.

1053 1304 1189 1333 XLTunc
1209 1305 1292 1341 judex
1318 1316 1326 1334 :
1347 1305 1496 1335 Christiani
1518 1306 1553 1334 ad
1578 1306 1664 1334 istam
1676 1306 1791 1334 insaniam

1018 1356 1214 1386 proruperunt,
1233 1356 1264 1380 ut
1279 1352 1437 1387 prolixitate
1461 1360 1612 1388 pcenarum
1627 1353 1737 1388 gloriam
1750 1353 1792 1380 sibi

1019 1397 1175 1426 existiment
1188 1399 1351 1434 comparari,
1367 1395 1394 1427 et
1409 1403 1602 1434 persecutores
1619 1407 1686 1428 suos
1710 1399 1792 1426 vicisse

1019 1452 1048 1472 se
1059 1444 1193 1480 judicent,
1208 1452 1279 1480 quos
1293 1450 1402 1480 oportet
1411 1445 1493 1473 celeri
1507 1445 1562 1475 (ine
1585 1445 1722 1473 consumi.
1735 1444 1791 1478 Quia

1017 1499 1084 1526 ergo
1101 1491 1128 1518 in
1141 1491 1292 1526 pertinacia
1312 1499 1363 1520 sua
1375 1496 1403 1520 et
1416 1492 1505 1520 audiri
1518 1491 1600 1520 nefas
1616 1497 1658 1520 est
1677 1496 1703 1520 et
1713 1491 1790 1524 videri.

1018 1537 1123 1565 idcirco
1132 1536 1287 1566 Alexander
1299 1537 1370 1566 ﬁxus
1386 1538 1473 1571 cruci,
1484 1538 1624 1571 animum.
1642 1537 1710 1565 sicut
1719 1543 1792 1564 mere-

1019 1586 1076 1615 tur,
1091 1581 1223 1614 cifundat.
1237 1582 1303 1610 Post
1315 1590 1398 1618 quam
1414 1583 1576 1611 sententiam
1597 1583 1714 1611 ministri
1729 1582 1791 1611 satri-

1018 1636 1071 1664 que
1081 1628 1223 1657 carniﬁces
1239 1633 1403 1664 acceperunt
1419 1627 1529 1657 beatum
1546 1629 1791 1663 Alexandrum,'sa-

1018 1673 1155 1708 lutarique
1183 1674 1262 1710 signo
1278 1681 1352 1708 eum,
1372 1674 1495 1702 extensis
1520 1675 1549 1702 in
1564 1675 1677 1703 diversa
1691 1673 1791 1702 brachiis

1018 1728 1051 1748 ac
1068 1721 1194 1749 manibus
1209 1725 1374 1749 nexuerunt.
1386 1721 1443 1749 Nec
1455 1726 1548 1750 tamen
1560 1722 1612 1750 diu
1624 1722 1694 1750 beati
1707 1726 1790 1756 marty-

1018 1766 1057 1794 ris
1074 1770 1213 1794 tormenta
1224 1771 1350 1801 porrecta
1363 1771 1446 1800 sunt;
1459 1767 1497 1795 ita
1509 1767 1584 1795 enirn
1600 1767 1727 1795 laniatum
1742 1765 1789 1794 fue-

1018 1816 1062 1839 rat
1076 1819 1178 1846 corpus
1204 1812 1366 1840 crudelitate
1379 1812 1601 1846 verberantium,
1624 1818 1656 1842 ut
1667 1820 1743 1842 care
1754 1819 1790 1839 so-

1018 1860 1075 1888 luta
1097 1865 1249 1893 costarum,
1278 1860 1480 1896 patefactisque
1508 1862 1682 1895 visceribus.
1703 1867 1788 1890 secreta

1019 1907 1117 1935 animae
1133 1907 1327 1943 panderentur.
1341 1906 1410 1935 Nam
1419 1908 1485 1936 dum
1496 1913 1569 1936 totus
1584 1908 1615 1936 in
1634 1909 1736 1937 Christo
1747 1912 1788 1940 est,

1019 1961 1138 1988 eumque
1150 1953 1207 1988 jam
1226 1953 1316 1982 fessus
1333 1953 1390 1989 (l2)
1403 1954 1540 1988 supremis
1552 1954 1670 1983 vocibus
1688 1955 1787 1987 invocat,

1018 2000 1128 2028 beatum
1148 2000 1274 2035 spiritum
1288 2000 1462 2028 examinatus
1477 2000 1580 2030 emisit.

1054 2035 1113 2075 Χιιξ
1127 2046 1180 2074 llos
1192 2046 1285 2081 itaque
1299 2054 1407 2081 semper
1422 2047 1576 2075 concordes
1586 2052 1616 2075 et
1629 2047 1724 2079 socios.
1736 2046 1787 2082 quia

1018 2100 1095 2121 mors
1106 2093 1247 2126 diviserat,
1265 2093 1405 2128 sepultura
1422 2092 1577 2128 conjunxit,
1601 2094 1665 2122 dum
1688 2092 1787 2121 functi-

1019 2139 1363 2172 busChristianis,educta
1379 2140 1487 2168 occulte
1505 2145 1583 2168 extra
1604 2140 1697 2168 urbem
1706 2146 1786 2174 corpo-

1019 2195 1050 2215 ra
1065 2187 1200 2215 absconsa
1213 2187 1381 2215 conduntur.
1398 2187 1463 2216 Erat
1477 2187 1551 2216 enim
1573 2186 1605 2214 in
1624 2186 1691 2215 colle
1705 2193 1785 2219 super-

1019 2234 1110 2269 posito
1123 2233 1227 2261 civitati
1246 2233 1382 2261 concretis
1399 2232 1530 2261 densatus
1555 2232 1693 2268 stipitibus
1713 2231 1783 2260 locus,

215 2275 261 2304 ιχ,
278 2276 377 2304 Beatus
391 2276 544 2304 Alexander
557 2276 646 2305 dixit:
663 2277 771 2306 Gratias
783 2287 831 2313 ago
843 2279 967 2313 Domino,
984 2284 1007 2312 1)
1022 2279 1113 2314 ibique
1133 2279 1161 2306 in
1182 2279 1294 2307 modum
1312 2279 1449 2314 spelunca:
1472 2279 1603 2307 conclusa
1634 2277 1747 2306 iructetis
1759 2282 1784 2302 ac

179 2324 249 2358 quod
265 2323 330 2350 dum
344 2323 472 2359 gloriosos
488 2329 636 2360 martyrum
655 2325 750 2353 evolvis
766 2326 924 2361 triumphos,
944 2331 969 2354 et

181 2369 260 2396 illata
284 2375 415 2397 tormenta
445 2378 649 2404 commemoras,
678 2372 713 2398 ad
740 2371 901 2399 devotionem
928 2381 969 2400 me

179 2424 281 2451 quoque
292 2417 433 2456 conﬁrmas
452 2417 588 2452 exemplis.
606 2417 722 2445 Putasne
744 2427 805 2454 ergo
823 2419 968 2446 exstinctus

180 2462 285 2489 animus
298 2471 364 2498 quas
378 2463 492 2498 fudisti?
506 2463 567 2490 Illa:
577 2463 682 2499 quidem
701 2465 793 2491 cwlum
815 2465 968 2500 possident;

180 2509 226 2536 sed
244 2517 317 2536 versa
331 2510 385 2536 vice
399 2514 579 2544 persecutores
599 2511 625 2536 in
646 2510 693 2537 illo
717 2519 800 2545 agone
823 2511 965 2545 pet-ierunt.

183 2554 268 2581 Fallit
283 2556 351 2582 enim
368 2560 392 2582 te
406 2555 494 2590 opinio
509 2560 565 2582 tua.
586 2555 729 2591 Exstingtti
748 2564 798 2582 non
814 2561 898 2590 potest
920 2564 968 2583 no-

182 2610 241 2629 men
255 2601 446 2636 Christianum,
461 2603 530 2638 quod
542 2604 593 2637 ita,
609 2603 662 2630 Deo
680 2603 816 2638 fundante,
831 2604 968 2638 ﬁrmatum

217 2709 258 2748 (8)_
276 2709 326 2748 llic
341 2710 441 2748 desinit
469 2712 563 2748 passio
583 2712 670 2739 sancti
696 2712 821 2748 Epipodii
845 2714 872 2741 in
902 2715 964 2742 cod.

183 2742 353 2782 iit-niigiatio,
374 2747 446 2774 sicut
461 2742 533 2781 apud
549 2747 658 2774 Suriunt
673 2748 699 2775 in
715 2742 771 2782 ἰμίο
783 2749 875 2776 codice
891 2757 967 2777 seor~

183 2778 235 2804 sim
248 2780 369 2820 habetur
385 2778 486 2815 passio'
498 2778 761 2820 sancti-Alexandi'i,
778 2791 811 2811 eo
833 2785 906 2820 quod
925 2785 967 2813 di-

183 2814 269 2852 versis
282 2814 641 2852 diebuseorumfestivitas
653 2814 788 2852 ageretur.

218 2848 258 2883 (9)
280 2850 309 2877 S.
327 2849 479 2878 Eucherius
496 2851 523 2878 in
541 2853 652 2879 hotnilia
670 2848 703 2880 de
718 2853 760 2880 Itis
771 2855 894 2882 sanctis:
911 2854 965 2882 Du-

181 2882 406 2922 p‘li'ciaEpip/todii
415 2891 439 2922 et
449 2886 596 2922 Alexandri
610 2893 718 2921 tropwa,
730 2888 855 2916 Ecclesiw
868 2895 965 2918 nostra:

182 2916 256 2959 ﬁdos,
277 2916 411 2952 ittterjecta
428 2920 501 2947 bidui
515 2921 554 2948 vel
567 2916 830 2952 tridui'dislittctionc
847 2916 963 2952 console:

1020 2325 1144 2354 sentibus
1158 2325 1237 2352 vallis
1247 2324 1357 2357 latebat,
1368 2329 1396 2352 et
1408 2329 1438 2352 ut
1450 2325 1490 2357 ﬁt,
1502 2325 1548 2353 ubi
1563 2324 1664 2352 humor
1672 2321 1783 2352 decidens

1020 2379 1068 2407 per
1082 2371 1207 2400 naturale
1221 2371 1404 2399 ministerium
1417 2371 1582 2404 infunditur,
1597 2371 1694 2398 inculta
1705 2369 1783 2396 fecun-

1020 2418 1102 2451 ditas,
1117 2425 1173 2453 quo
1189 2417 1216 2445 in
1230 2425 1342 2446 recessu
1368 2417 1535 2445 venerabilia
1552 2423 1666 2452 corpora
1678 2414 1782 2450 religiosa

1020 2464 1179 2499 provisione
1204 2464 1332 2491 demersa
1354 2469 1435 2497 sunt;
1458 2463 1522 2498 quia
1547 2463 1684 2498 gentilium
1711 2460 1779 2490 furor.

1018 2514 1170 2538 extremam
1183 2509 1320 2545 denegans
1339 2509 1519 2544 sepulturam,
1538 2510 1621 2536 etiam
1640 2509 1666 2536 in
1687 2511 1778 2540 corpora

1018 2556 1173 2584 exanimata
1183 2556 1320 2584 saeviebat.
1335 2555 1434 2584 Postea
1443 2563 1507 2584 vero
1518 2555 1694 2583 venerabilem
1709 2553 1778 2580 locum

1018 2602 1212 2638 religiosorum
1225 2602 1315 2630 cultus
1330 2601 1459 2634 servavit,
1474 2605 1501 2629 et
1515 2600 1635 2636 prodidit
1651 2595 1777 2626 reverentia

1018 2713 1109 2787 mihi)
1129 2747 1189 2776 Non
1202 2747 1455 2787 indeinferendum
1469 2752 1515 2787 est
1527 2747 1576 2780 hos
1591 2742 1774 2787 martyres]?-

1017 2780 1072 2810 tre‘s
1084 2780 1230 2824 germanos
1240 2783 1337 2816 fuisse,
1349 2783 1395 2811 sed
1407 2792 1488 2824 suum
1498 2780 1614 2824 fratrem
1627 2780 1772 2824 Epipodint‘ﬂ‘.

1016 2811 1480 2860 utpoie“Christian_u_m,'_appellat.
1496 2818 1615 2860 sicutuin
1630 2811 1734 2852 cpistola
1746 2811 1771 2839 ad

1017 2855 1088 2881 Asiae
1104 2853 1252 2887 Ecclesias,
1265 2853 1398 2880 Blandina
1414 2862 1491 2880 soror
1501 2853 1658 2891 appellatur.

1051 2889 1107 2921 (Η)
1127 2889 1193 2916 Cod.
1211 2889 1314 2920 licmiu.
1333 2893 1399 2916 tuto.

1052 2924 1107 2960 (ΡΞ)
1127 2924 1195 2952 Cod.
1212 2924 1315 2960 ﬂentiig.
1332 2924 1475 2959 cattfcsaus.
