1866 3073
189 148 234 176 ΙῖὶΙ

664 150 693 177 S.
713 147 888 177 IGNATIUS.
909 163 943 169 —
963 145 1229 174 PROLEGOMLhA.

1767 135 1783 163 1
1790 134 1838 162 52

199 211 290 238 cntias
301 210 507 246 decerpserunt.
524 211 638 238 llecolat
653 210 771 238 Dallznus
785 210 867 238 verba
883 217 933 237 sua
944 209 978 236 de
991 213 1014 241 Α
1029 208 1113 236 scribi
1127 207 1210 235 etiam
1225 215 1280 235 non
1294 205 1379 234 semel
1399 212 1454 234 non
1476 204 1604 240 potuerit.
1622 202 1772 230 Maximus
1788 200 1845 227 at-

189 254 319 291 Dionysio
333 264 341 283 :
357 256 425 289 Quce
436 257 511 288 citat,
527 264 586 283 cum
602 256 710 283 totidem
722 256 807 282 verbis
823 256 851 282 in
862 254 976 290 epistola

187 301 223 327 ad
237 301 368 329 Romanos
385 301 531 337 Ignatiana
541 302 674 337 legantur.
687 301 812 336 frivolum
821 306 845 328 et
857 301 975 336 ineptum

188 351 238 378 est,
253 355 285 373 ea
294 347 403 375 aliunde
413 356 493 384 quam
503 355 537 375 ea:
555 348 605 374 hac
622 347 734 383 cpistola
755 348 839 374 citata
854 355 910 374 esse
927 347 975 373 ha—

188 393 293 420 riolari.
313 394 384 422 Cum
400 395 472 422 enim
489 401 551 430 quae
564 394 632 422 citat
648 393 766 422 lrenteus
781 393 895 421 totidem
914 401 976 421 ver-

188 439 231 467 bis
245 439 272 466 in
285 440 399 474 epistola
412 440 446 467 ad
465 439 604 468 Romanos
617 439 757 475 lgnatiana
774 439 910 474 lcgantur,
925 446 976 467 cur

188 492 244 512 non
257 493 333 520 atque
345 485 471 513 frivolum
487 489 515 513 et
525 486 646 520 ineptum
663 489 714 516 est,
727 492 758 512 ea
769 485 880 512 aliunde
891 491 974 519 quam

187 539 221 558 ex
243 533 293 559 hac
307 531 420 566 epistola
439 532 521 559 citata
535 539 598 560 esse
610 531 762 558 hariolari?

224 574 277 604 Sed
291 577 372 604 habet.
387 578 460 613 quod
476 582 588 612 reponat
604 584 637 605 ex
655 576 775 604 Parkero
788 576 831 604 vir
845 576 974 604 doctissi-

188 630 250 650 mus
264 631 271 649 :
289 622 364 650 Nihil
379 624 454 650 aliud
468 624 561 650 scribit
584 623 720 654 Irenteus.
735 623 789 650 nisi
813 622 862 649 hoc
881 623 973 655 istum,

187 670 262 704 cujus
277 671 408 704 meminit,
420 672 530 699 dixisse.
548 670 578 699 Si
593 671 688 698 saltem
702 671 757 698 hwc
768 679 828 699 eum
839 671 976 705 scripsisse

187 716 296 748 diceret,
312 717 426 744 colorem
439 739 446 750 ,
457 717 518 744 licet
536 717 635 752 falsum
650 721 676 744 et
689 717 841 749 evanidum,
857 717 974 752 aliquant

187 766 274 788 tamen
302 762 408 789 haberet
438 763 645 798 argumentatio.
673 762 717 790 Sic
737 763 807 790 enim
833 771 866 789 ea:
885 763 975 798 aliquo

186 807 289 842 lgnatii
302 809 400 843 scripto
417 809 472 836 harc
487 809 544 843 ejus
559 809 636 836 verba
657 809 789 837 Irenteum
803 808 926 836 habuisse
935 808 976 836 le-

187 854 278 888 gitime
293 854 461 882 concluderes
477 862 487 881 :
508 856 615 882 tametsi
631 855 699 882 illud
712 855 780 882 unde
793 862 826 881 ea
847 854 974 888 sumpsis-

186 905 224 926 set
241 898 342 935 Ignatit'
353 901 482 935 scriptum
493 908 524 928 ne
538 901 576 928 sic
586 901 692 936 quidem
703 901 843 935 conﬁceret
854 900 973 927 eamdem
989 888 1010 917 Β

186 945 261 972 illam
281 954 353 980 esse,
377 954 457 982 quam
476 955 523 974 nos
547 946 624 974 hodie
640 946 766 974 habemus
783 947 818 973 ad
839 945 973 973 Romanos

185 993 242 1027 ejus
257 993 361 1020 nomine
377 993 533 1028 inscriptam
548 993 698 1028 epistolam.
719 992 778 1021 Duo
794 992 877 1028 igitur
891 1000 974 1027 repo-

186 1038 246 1065 nit:
260 1038 331 1073 apud
348 1038 480 1066 lrenmum
492 1039 545 1074 legi
565 1046 619 1066 non
636 1039 783 1073 scripsisse,
801 1039 848 1066 sed
862 1038 972 1072 dixisse,

186 1083 238 1111 hoc
253 1084 391 1119 primum;
406 1085 430 1113 si
447 1085 599 1120 legeremus
615 1085 764 1120 scripsisse,
780 1089 972 1121 argumentum

185 1135 274 1158 tamen
290 1135 414 1159 nostrum
426 1132 541 1159 colorem
554 1136 660 1159 tantum
678 1131 776 1166 falsum
791 1135 817 1159 et
833 1131 974 1158 evanidum

186 1176 308 1209 haberet,
335 1177 388 1205 boe
413 1178 578 1205 secundum.
598 1178 622 1205 Λ
643 1177 788 1213 posteriori
812 1177 924 1212 incipio.
947 1182 975 1205 et

185 1222 285 1251 Dallzeo
303 1223 433 1251 Dallzeum
457 1231 568 1259 oppono
582 1244 591 1257 ,
615 1231 665 1259 pro
683 1223 766 1252 simili
788 1223 923 1251 Sententia
939 1230 971 1251 ex

183 1269 278 1296 eadem
292 1268 409 1303 epistola
427 1277 442 1296 a
459 1268 709 1305 pseudo-Dionysio
723 1269 855 1304 producta
876 1269 973 1297 adver-

184 1322 232 1341 sus
255 1314 365 1341 Maximi
383 1314 515 1350 eﬂ’ugium
539 1314 647 1342 fortiter
667 1319 845 1350 pugnantem.
869 1315 974 1342 Auctor

184 1360 452 1396 Areopagiticorum,
468 1361 596 1396 quisquis
604 1365 657 1394 est,
669 1361 836 1396 produxerat
848 1362 973 1389 testimo-

184 1407 260 1434 nium
274 1414 308 1434 ex
322 1406 417 1442 Iguatii
433 1407 547 1442 epistola
560 1407 594 1434 ad
612 1406 769 1440 RomanOs;
784 1407 927 1442 epistolam
941 1408 974 1435 il-

183 1456 238 1483 lam
247 1456 353 1479 veteres
365 1459 463 1479 omnes
474 1449 530 1479 sub
543 1450 662 1486 Traiano
673 1451 802 1486 scriptam
817 1451 899 1486 paulo
910 1455 974 1479 ante

183 1498 344 1533 martyrium
359 1496 457 1533 lgnatii
472 1496 657 1525 crediderunt.
671 1495 833 1532 Dionysium
850 1496 974 1532 Areopa-

183 1544 267 1579 gitam
282 1544 335 1571 sub
349 1542 504 1572 Domitiano
519 1547 665 1594 mortuum
675 1541 763 1570 fuisse
783 1542 865 1572 iidem
891 1546 972 1577 puta-
986 1562 1008 1594 ε

183 1594 257 1616 runt.
285 1589 350 1617 Indc
370 1589 572 1617 validissimum
598 1587 754 1616 confectum
779 1593 971 1624 argumentum

181 1641 240 1669 est,
261 1642 358 1664 verum
383 1634 545 1671 Dionysium
567 1635 619 1662 ista
633 1635 754 1663 scribere
773 1642 828 1663 non
850 1635 974 1670 potuisse

183 1683 331 1718 pnesertiu.
348 1683 376 1710 in
388 1689 472 1717 opere
489 1681 634 1709 Timotheo
654 1681 759 1709 dicato.
771 1681 908 1709 Maximos
920 1681 972 1709 hac

182 1729 339 1764 objectione
356 1735 470 1764 pressus
482 1727 552 1755 mira
564 1727 664 1763 etl‘ugia
678 1728 856 1763 excogitavit,
871 1732 899 1755 et
914 1728 973 1763 pla-

184 1783 219 1803 nc
232 1775 378 1803 Dallzana.
394 1774 499 1807 Primo,
516 1774 589 1809 quod
603 1774 637 1801 ad
652 1781 709 1801 rem
719 1778 840 1802 nostram
854 1779 972 1809 spectat,

182 1821 252 1857 τάχα
262 1821 376 1857 σύνηθες
392 1820 467 1856 αὺτῷ
481 1818 551 1847 εἶναι
567 1820 742 1856 ἀπόφθεγμα,
752 1820 791 1853 ὡς
807 1821 854 1848 καὶ
870 1821 900 1848 τὺ
909 1822 975 1849 Θεο-

181 1866 276 1901 φόρος
299 1866 430 1898 πολλάκις
454 1865 529 1902 αὐτῷ
554 1865 700 1902 λεγόμενόν
716 1875 746 1893 τε
763 1866 809 1894 καὶ
834 1867 975 1903 γραφόμε-

182 1921 239 1944 νον,
257 1912 326 1940 forte
343 1913 400 1940 haec
418 1913 501 1940 verba
521 1921 528 1940 :
551 1912 635 1940 Antor
661 1920 733 1940 meus
755 1913 900 1947 cruciﬁxus
922 1917 971 1946 est,

182 1959 382 1994 apophthcgma
403 1966 465 1987 esse
488 1958 595 1994 lgnatio
619 1959 764 1987 familiare.
784 1960 824 1987 Ita
845 1959 890 1987 ille
909 1967 973 1988 cum

184 2004 287 2032 Itallseo
297 2005 331 2032 ad
345 2005 574 2041 apopbtbegmata
588 2005 714 2037 recurrit,
728 2010 756 2032 ct
764 2005 851 2033 multo
861 2005 972 2041 quidem

183 2051 274 2079 adhuc
296 2052 458 2086 speciosius.
481 2052 510 2079 Ὀ
527 2052 594 2088 ἐμὸς
610 2052 680 2088 ἔρως
696 2051 867 2088 ἐσταύρωται
883 2052 974 2087 perfe-

183 2097 336 2125 ctissimam
361 2098 599 2133 apophtbegmatis
625 2098 742 2133 speciem
758 2098 858 2131 habet,
871 2102 900 2126 et
913 2099 973 2126 viro

183 2148 280 2171 sancto
295 2151 343 2178 per
354 2148 441 2171 totum
458 2144 520 2172 vita:
534 2153 646 2172 cursum
657 2150 715 2172 tum
730 2144 758 2172 in
773 2145 856 2172 dictis
870 2149 928 2172 tum
944 2145 971 2172 iu

182 2189 294 2224 scriptis
309 2189 444 2218 familiam
465 2198 526 2218 esse
542 2191 641 2225 potuit.
657 2190 716 2218 Non
729 2191 763 2219 ad
778 2191 889 2226 Traiani
904 2195 972 2219 tem-

1027 257 1129 287 tlrmat,
1145 255 1350 290 apoplrtbegma
1367 253 1433 281 illud
1449 252 1521 280 forte
1537 252 1572 279 ab
1583 250 1687 286 lgnatio
1702 256 1765 276 non
1785 255 1844 275 se-

1025 301 1079 328 mel
1093 301 1210 332 dictum,
1226 307 1315 334 neque
1327 299 1412 326 semel
1428 299 1560 332 scriptum
1578 296 1681 329 fuisse;
1692 295 1758 323 sive
1776 293 1845 328 igi—

1025 351 1071 374 tur
1086 346 1234 382 Dionysius
1252 346 1353 373 dixisse
1374 345 1433 373 sive
1451 343 1588 378 scripsisse
1605 343 1748 378 lgnatium
1773 340 1845 367 ista

1025 393 1178 428 scripserit,
1195 393 1308 428 perinde
1322 392 1385 419 erit.
1401 392 1592 419 Commentum
1608 392 1683 416 certe
1706 385 1846 413 Manil-ti

1026 439 1079 467 hoc
1093 439 1176 466 modo
1191 439 1305 466 refutari
1322 446 1376 465 non
1392 442 1498 472 potest;
1514 442 1544 464 ut
1560 435 1658 463 frivola
1674 434 1767 469 plane
1796 433 1847 459 sit

1026 484 1085 511 base
1096 484 1252 516 distinctio,
1268 487 1295 511 ct
1313 482 1413 510 Dalbeo
1425 483 1544 517 indigna.
1563 482 1624 516 Ipse
1637 480 1715 508 enim
1734 479 1766 506 in
1783 486 1846 504 co-

1025 530 1087 557 dem
1108 537 1190 564 opere
1212 537 1266 557 non
1290 529 1399 557 dubitat
1422 536 1485 557 cum
1508 527 1648 555 Albertino
1672 532 1844 554 asserere.

1025 575 1302 611 pseudo-Dionysium
1321 575 1379 603 [nec
1398 575 1455 610 ipsa
1471 576 1507 602 ab
1531 573 1648 609 Origene
1665 571 1815 599 hausisse
1832 579 1842 601 ;

1024 620 1157 656 Origenes
1168 625 1259 648 autem
1273 628 1328 648 non
1341 621 1437 648 scribit
1451 620 1586 655 lgnatium
1600 619 1651 646 ista
1664 616 1842 651 scripsisse.

1025 668 1072 694 sed
1083 667 1185 694 dixisse
1201 672 1317 694 tantum.
1334 667 1424 694 Verba
1442 667 1503 702 ejus
1519 670 1585 693 sunt
1599 674 1606 692 :
1631 664 1756 698 Denique
1775 670 1841 688 me-

1025 714 1150 741 minimus
1169 713 1284 749 aliquem
1300 718 1453 740 sanctorum
1474 712 1584 743 dixisse,
1604 710 1750 746 Ignoti-tm
1782 716 1845 734 n0—

1025 760 1106 792 minc,
1121 759 1154 787 de
1166 759 1283 792 Christo,
1297 769 1307 785 ι
1317 759 1392 786 Heus
1403 764 1492 786 autem
1501 766 1576 785 amor
1590 756 1742 790 cruciﬁxus
1753 760 1816 781 est.
1827 764 1839 779 ι

1025 806 1133 834 Dixisse
1165 806 1248 842 igitur
1267 810 1296 834 et
1325 806 1463 840 scripsisse
1484 806 1511 832 in
1534 805 1586 832 hoc
1602 803 1714 838 negotio
1742 802 1843 837 plane

1026 853 1116 887 idem;
1131 860 1220 888 neque
1235 857 1283 880 aut
1295 852 1348 880 hoc
1363 857 1408 879 aut
1424 852 1489 879 illud
1504 850 1614 878 Maximi
1627 854 1838 877 commentum

1025 900 1066 926 vel
1079 899 1167 934 juvat,
1188 899 1229 926 vel
1243 899 1325 926 laedit.
1340 898 1450 926 Omissa
1465 898 1546 932 plane
1561 897 1611 924 bac
1630 895 1706 923 inani
1719 895 1840 922 distin-

1024 945 1126 977 ctione,
1141 949 1188 972 ant
1199 945 1276 978 illud,
1292 949 1339 972 aut
1358 944 1425 971 nihil
1439 964 1447 976 ,
1461 943 1534 978 quod
1550 942 1672 977 apposite
1687 941 1838 969 observat

1025 993 1152 1026 llallaaus,
1164 992 1312 1020 Maximum
1323 992 1440 1028 jugulat.
1460 991 1528 1024 Qui:
1540 990 1617 1023 citat,
1630 998 1691 1016 cum
1705 990 1838 1016 totidem

1023 1039 1108 1066 verbis
1126 1039 1154 1066 in
1170 1038 1282 1074 epistola
1305 1039 1339 1066 ad
1359 1037 1490 1066 Romanos
1511 1036 1656 1072 Ignatiana
1678 1035 1834 1070 legantur,

1024 1085 1150 1120 frivolum
1161 1090 1188 1112 et
1200 1086 1317 1120 ineptum
1328 1089 1378 1117 est,
1393 1093 1423 1111 ca
1434 1083 1544 1110 aliunde
1557 1089 1635 1114 quam
1645 1089 1678 1108 ex
1693 1081 1750 1108 hac
1763 1081 1836 1115 ipsa

1022 1131 1137 1167 epistola
1152 1133 1237 1158 citata
1247 1139 1303 1158 esse
1313 1130 1454 1158 hariolari.

1060 1178 1188 1206 Secundo
1200 1198 1207 1209 ,
1224 1177 1361 1205 Maximus
1377 1181 1408 1203 ut
1424 1175 1550 1203 ostendat
1573 1174 1639 1202 illud
1662 1181 1728 1201 esse
1754 1181 1830 1208 apo-

1025 1223 1284 1259 plttbegmalgnatio
1295 1228 1352 1250 tum
1368 1223 1430 1250 viva
1443 1229 1510 1249 voce
1527 1226 1583 1248 tum
1596 1220 1702 1255 scripto
1715 1220 1835 1254 saepius

1025 1274 1198 1305 usurpatum,
1214 1269 1303 1304 inquit
1326 1277 1333 1295 :
1359 1269 1515 1304 Τεκμήριον
1529 1267 1567 1298 δὲ,
1585 1266 1615 1293 τὸ
1632 1266 1669 1301 μὴ
1686 1267 1835 1301 προσκεῖ-

1024 1315 1096 1348 σθαι,
1107 1313 1211 1350 τιοὰφει
1220 1313 1257 1342 δέ
1263 1323 1332 1347 τισι,
1343 1314 1465 1341 τουτέστι
1473 1313 1628 1349 Ῥωμαιοις·
1640 1312 1698 1339 ἀλλ’
1708 1311 1831 1343 ἁπλῶς,

1023 1361 1135 1396 Γράφει
1147 1361 1182 1388 δὲ
1195 1362 1212 1388 ὁ
1223 1360 1302 1394 θεῖος
1322 1359 1474 1395 Ἰγνάτιος.
1487 1360 1647 1395 Argumenta
1658 1364 1754 1386 autem
1768 1364 1831 1389 est.

1023 1408 1058 1435 de
1071 1407 1302 1443 apophthegmate
1315 1406 1409 1441 Ignatii
1428 1407 1548 1434 locutum
1563 1413 1624 1434 esse
1641 1405 1830 1441 Dionysi-sm,

1023 1453 1093 1487 quod
1105 1460 1157 1479 non
1169 1452 1302 1487 adjectum
1317 1453 1363 1484 sit,
1379 1461 1389 1478 s
1401 1451 1499 1479 Scribit
1513 1456 1600 1478 autent
1615 1450 1799 1486 quibusdam,
1815 1460 1826 1476 ι

1024 1497 1125 1525 scilicet
1133 1497 1268 1531 Romanis,
1276 1498 1321 1525 sed
1330 1498 1498 1533 simpliciter,
1512 1507 1521 1524 ι
1535 1497 1636 1525 Scribit
1649 1502 1739 1523 autem
1747 1496 1829 1524 diri-

1025 1550 1074 1571 nus
1087 1542 1238 1579 Ignatius.s
1251 1544 1291 1570 Ad
1308 1543 1366 1571 haec
1380 1543 1496 1572 Dallzeus
1510 1551 1518 1569 :
1530 1543 1607 1576 Quod
1621 1547 1716 1570 contra
1737 1542 1828 1576 dfert

1027 1589 1161 1618 Maximus
1182 1598 1260 1617 suum
1277 1589 1433 1625 Dionysium
1450 1590 1606 1624 simpliciter
1615 1589 1714 1622 dicere,
1736 1588 1830 1624 Igna-

1025 1637 1091 1663 tium
1106 1635 1238 1668 scribere,
1251 1644 1302 1662 non
1319 1640 1406 1662 autem
1417 1635 1575 1670 quibusdam
1596 1634 1722 1666 scribere,
1740 1633 1829 1668 quasi

1023 1682 1073 1709 hoc
1084 1681 1160 1709 aliud
1175 1689 1254 1716 quam
1262 1682 1388 1716 scriptam
1403 1681 1438 1707 ad
1446 1680 1578 1708 Romanos
1590 1680 1731 1715 epistolam
1742 1681 1830 1706 inte.-

1023 1728 1072 1764 ligi
1081 1728 1223 1763 signiﬁcet,
1236 1728 1275 1760 id,
1287 1728 1407 1762 inquam,
1418 1735 1526 1762 prorsus
1543 1727 1644 1754 nullam
1656 1727 1709 1754 vim
1719 1726 1803 1753 habet
1814 1736 1825 1759 ;

1023 1783 1083 1802 cum
1097 1779 1188 1802 notum
1200 1775 1236 1801 sit
1248 1779 1387 1801 auctorum
1401 1774 1546 1800 sententias
1564 1778 1589 1800 et
1604 1773 1662 1800 loca
1678 1781 1749 1808 sape
1764 1779 1792 1800 e:
1806 1783 1827 1802 ει

1024 1821 1122 1849 nostris
1131 1828 1202 1848 nunc
1212 1820 1341 1847 litteratis
1355 1820 1445 1853 citari,
1454 1819 1540 1846 multo
1550 1827 1609 1846 vero
1621 1821 1701 1846 etin."
1716 1820 1825 1854 sepius

1024 1876 1041 1895 a
1053 1868 1182 1896 veteribus
1199 1869 1283 1895 citata
1295 1876 1362 1901 esse,
1387 1866 1460 1894 nullo
1476 1866 1595 1893 auctoris
1611 1870 1682 1892 certo
1694 1866 1735 1892 vel
1749 1866 1825 1893 libro

1023 1914 1062 1942 vel
1078 1915 1174 1950 capite,
1190 1915 1260 1942 unde
1279 1914 1328 1941 illa
1338 1914 1478 1946 habentur,
1491 1913 1648 1940 nominatim
1665 1913 1751 1940 edito.
1767 1913 1826 1940 ιω

1024 1967 1067 1990 ctc
1095 1963 1153 1990 hanc
1177 1963 1288 1998 quidem
1310 1967 1338 1990 ct
1356 1962 1490 1998 apposite.
1514 1960 1582 1988 Nam
1607 1969 1670 1989 cum
1696 1961 1825 1990 Dallaaus

1023 2013 1118 2037 contra
1134 2012 1244 2036 nostr-cs
1261 2009 1393 2043 disputat,
1408 2008 1544 2035 Maximus
1555 2011 1616 2041 est;
1632 2015 1696 2034 cum
1718 2008 1823 2035 adver—

1024 2061 1073 2082 sus
1087 2053 1250 2088 Maximum,
1263 2054 1345 2089 plane
1368 2058 1462 2082 noster
1480 2057 1532 2081 est.
1551 2053 1675 2080 Dicimus
1694 2053 1782 2088 igitur
1794 2059 1825 2081 et

1025 2107 1086 2133 nos,
1111 2099 1134 2127 si
1159 2099 1279 2128 Irenzens
1292 2100 1418 2132 dixisset,
1435 2100 1569 2134 lgnatium
1589 2099 1642 2127 ista
1667 2100 1826 2134 scripsisse

1023 2150 1086 2178 quas
1106 2144 1236 2178 protulit,
1256 2148 1448 2179 argumentum
1473 2149 1596 2171 nostrum
1617 2152 1672 2171 non
1694 2145 1824 2172 colorem

1026 2193 1131 2217 tantum
1148 2190 1247 2218 falsum
1263 2195 1291 2218 et
1311 2191 1473 2222 evanidum,
1490 2191 1537 2218 sed
1555 2191 1627 2218 illius
1642 2191 1754 2226 negatio
1770 2198 1826 2225 po-

182 2244 249 2271 pora
269 2235 419 2271 confugere
435 2244 546 2264 necesse
561 2237 629 2270 fuit;
647 2238 729 2264 etiam
742 2237 795 2265 sub
815 2237 972 2265 Domitiano
988 2244 1010 2272 ι)
1024 2236 1081 2264 tius
1093 2237 1194 2264 nullam
1207 2245 1317 2272 prorsus
1331 2238 1384 2264 vim
1396 2237 1501 2264 haberet
1515 2246 1526 2270 ;
1539 2245 1598 2264 cum
1614 2242 1706 2264 notum
1717 2238 1754 2264 sit
1768 2246 1825 2264 ou-

183 2282 236 2309 hoc
260 2282 459 2317 apophtbcgma
481 2287 509 2309 et
533 2282 632 2317 saepius
653 2283 757 2310 dixisse
777 2287 805 2310 et
823 2283 972 2319 aliquando

183 2328 327 2362 scripsisse
347 2332 454 2363 poterat
475 2328 607 2362 lgnatius.
626 2327 685 2356 Non
704 2329 799 2356 eadem
819 2335 917 2357 natura
930 2335 973 2358 est

183 2373 312 2402 Dallzeani
323 2374 563 2410 apopbtbcgmatis
578 2374 649 2408 apud
667 2375 798 2402 Irenaeum
816 2384 823 2403 :
840 2375 973 2404 Frumen-

183 2425 239 2446 tum
255 2428 315 2447 tum
335 2420 435 2448 Christi
449 2424 474 2446 et
489 2427 535 2454 per
555 2419 645 2446 dentes
664 2419 808 2446 bestiarum
828 2421 924 2454 nwlor,
943 2426 974 2449 stt

183 2466 298 2493 ntundus
306 2466 384 2501 panis
397 2465 446 2493 Dei
463 2464 592 2492 inveniar.
612 2463 680 2497 Quis
695 2465 746 2492 hoc
761 2465 795 2492 ab
810 2466 916 2501 Ignatio
929 2467 973 2493 tli-

183 2516 257 2540 ctum
277 2519 326 2547 per
340 2516 427 2540 totum
446 2511 509 2539 vita:
527 2519 639 2540 cursum
663 2511 835 2539 lanuliariter
859 2521 974 2547 usurpa-

182 2563 252 2589 tum,
267 2557 331 2592 quis
341 2561 405 2585 ante
418 2557 674 2585 condemnationem
688 2557 722 2585 ad
739 2557 842 2586 bestias
851 2566 973 2593 unquam

182 2603 335 2639 prolatum,
346 2603 409 2637 quis
425 2603 454 2630 in
468 2603 522 2630 alia
532 2610 616 2638 quam
629 2602 676 2630 illa
687 2603 802 2638 epistola
813 2611 874 2639 qua:
890 2604 917 2631 in
930 2604 974 2631 iti-

182 2658 248 2678 nere
264 2654 376 2677 exarata
399 2654 453 2684 est,
471 2651 604 2686 scriptum
622 2650 723 2686 putet?
745 2649 778 2678 Et
801 2655 892 2678 tamen
921 2651 974 2680 hoc

185 2696 285 2724 Dallzeo
308 2697 507 2732 spopbthegma
528 2701 580 2730 est,
597 2697 670 2732 quod
696 2697 754 2732 ipse
776 2697 854 2726 alteri
881 2704 972 2733 negat.

189 2742 305 2775 Valeret,
325 2743 425 2778 inquit,
438 2743 582 2778 etfugium,
607 2743 632 2770 si
647 2743 702 2770 hec
718 2742 855 2779 Ignatium
871 2744 974 2772 dixisse

184 2789 311 2816 scriberet
334 2788 561 2824 Dtonysianorum
585 2794 680 2816 auctor
695 2797 705 2816 :
727 2790 772 2817 sed
796 2790 874 2825 plane
895 2791 974 2818 aliter

183 2843 245 2862 sum
262 2835 301 2863 ait
315 2835 370 2862 haec
379 2835 535 2870 scripsisse,
548 2844 598 2862 non
612 2836 723 2873 dixisse,
731 2837 832 2872 γράφει
841 2837 870 2863 δὲ
879 2838 892 2864 ὁ
902 2837 973 2869 θεῖος

190 2879 328 2915 Ἰγνάτιος·
347 2882 427 2917 quasi
441 2889 506 2910 vero
529 2882 556 2910 id
576 2882 650 2918 quod
671 2883 771 2918 sal-pius
796 2884 899 2913 dictum
919 2889 971 2919 est,

1023 2287 1127 2310 ctorum
1141 2284 1283 2311 sententias
1294 2289 1318 2311 et
1333 2284 1393 2311 loca
1413 2292 1482 2319 stt-pe
1500 2289 1524 2311 et
1544 2293 1560 2310 a
1576 2284 1675 2311 nostris
1689 2292 1761 2310 nunc
1771 2283 1823 2310 lit-

1025 2331 1118 2358 teratis
1129 2330 1226 2364 citari,
1241 2330 1324 2357 multo
1349 2338 1409 2357 vero
1431 2331 1512 2357 etiam
1530 2329 1626 2365 εωρὶιὶι
1648 2338 1664 2356 a
1684 2329 1821 2356 veteribus

1024 2377 1109 2403 citata
1121 2384 1192 2409 esse,
1206 2376 1279 2403 nullo
1298 2377 1415 2403 auctoris
1429 2381 1500 2403 certo
1519 2377 1557 2403 vel
1572 2376 1651 2408 libro,
1667 2375 1707 2402 vel
1718 2375 1821 2410 capite,

1024 2423 1093 2450 unde
1106 2422 1155 2450 illa
1165 2422 1303 2455 habentur,
1320 2423 1479 2449 nominatim
1493 2423 1574 2449 edito.
1587 2421 1633 2449 Sic
1648 2421 1734 2457 igitur
1750 2430 1820 2450 con-

1025 2470 1146 2502 ficimus,
1164 2474 1302 2504 prmeunte
1322 2469 1382 2496 viro
1403 2469 1579 2501 doctissimo,
1593 2476 1627 2496 ex
1640 2476 1693 2496 usu
1707 2474 1821 2496 nostro-

1025 2523 1087 2543 rum
1110 2523 1184 2543 nunc
1196 2515 1378 2543 littertorum
1392 2519 1420 2542 ct
1433 2515 1521 2542 multo
1535 2515 1623 2550 magis
1639 2520 1775 2549 veterum,
1795 2517 1819 2543 si

1024 2559 1142 2587 lren:eus
1153 2560 1268 2587 dixisset
1282 2560 1417 2595 lgnatium
1439 2567 1471 2587 ea
1485 2568 1547 2595 quae
1561 2560 1645 2587 refert
1665 2560 1817 2594 scripsisse,

1024 2606 1119 2634 eadem
1132 2607 1167 2634 ab
1185 2607 1235 2634 illo
1247 2614 1281 2634 ex
1296 2607 1412 2642 epistola
1425 2607 1458 2634 ad
1471 2606 1611 2635 Romanos
1623 2607 1684 2643 ejus
1703 2608 1820 2636 nomine

1025 2653 1156 2688 inscripta
1171 2657 1279 2688 sumpta
1292 2653 1388 2681 fuisse.

1061 2698 1097 2726 Ut
1109 2699 1143 2726 ad
1162 2699 1281 2734 primum
1297 2704 1428 2733 revertar,
1450 2699 1653 2728 distinctionem
1675 2700 1752 2728 illam
1773 2700 1819 2728 in-

1025 2750 1067 2772 ter
1084 2745 1136 2773 ista
1150 2746 1206 2773 duo
1223 2746 1293 2772 dixit
1313 2750 1341 2773 et
1355 2747 1472 2781 scripsit,
1489 2754 1551 2774 cum
1574 2745 1657 2774 verba
1671 2747 1732 2782 ipsa
1748 2748 1817 2774 scri-

1025 2795 1070 2825 pta
1082 2799 1143 2818 esse
1157 2791 1288 2825 sciamus,
1303 2791 1404 2818 nullam
1419 2799 1528 2826 prorsus
1538 2792 1591 2818 vim
1601 2792 1698 2819 habere
1713 2793 1817 2827 pariter

1025 2837 1096 2870 dico,
1109 2845 1168 2863 cum
1187 2842 1277 2864 notum
1289 2837 1325 2863 sit
1336 2838 1479 2864 sententias
1492 2843 1516 2864 et
1529 2837 1586 2865 loco
1599 2846 1614 2864 η
1630 2837 1762 2865 veteribus
1778 2839 1817 2865 ci-

1027 2889 1082 2912 tata
1096 2892 1151 2912 esse
1163 2891 1209 2919 per
1223 2884 1335 2912 verbum
1350 2884 1402 2912 hoc
1418 2883 1486 2912 dixit
1503 2891 1555 2912 non
1571 2884 1674 2919 minus,
1694 2884 1751 2912 into
1764 2891 1815 2913 sa-
