1873 3065
141 132 210 162 N63

724 131 847 162 PASSIO
867 132 896 160 S.
926 131 1166 159 SYMPHORIANI.

1697 126 1778 155 "Si

137 192 1761 212 _____________________________

475 278 681 325 PASSIO
718 279 926 324 SANCTI
966 277 1363 324 SYMPHORIAN
1376 278 1414 321 Ι.

819 365 872 398 Ea:
892 363 981 395 codd.
1001 373 1073 395 mss.

168 438 188 466 I.
203 438 683 474 SubAureliano(M)principe,cum
693 437 824 467 adversus
834 435 915 464 Chri-
929 439 952 472 Α
965 433 1138 461 Christianus
1160 433 1211 461 es?
1234 437 1366 468 quantum
1387 432 1465 460 video
1486 430 1596 459 latuisti
1618 437 1680 461 nos,
1702 437 1768 458 nam

133 485 250 513 stianum
258 492 355 513 nomen
363 484 560 520 persecutionis
566 483 633 511 dim
639 483 757 518 procella
763 483 914 514 detonaret,

133 536 160 559 et
176 531 210 558 ad
223 531 367 559 delendam
382 531 540 566 religionem
558 529 703 558 catholicae
724 529 793 564 legis
808 528 916 563 imperii

133 577 176 605 sui
196 577 305 604 decreta
323 579 505 609 converteret,
520 580 580 604 erat
604 580 670 603 tunc
686 575 714 602 in
738 574 915 610 Augustodu-

132 623 211 650 nensi
233 623 312 656 urbe,
339 621 434 650 Fausti
450 622 508 657 (i5)
524 621 624 649 nobilis
644 621 697 648 viri
712 620 786 648 ﬁlius
804 620 916 648 nomine

133 668 349 704 SymphOrianus
364 667 527 695 Christianae
543 667 662 700 familiae,
677 666 777 695 litteris
792 665 861 694 bene
875 666 916 693 in-

132 719 254 742 structus
267 717 295 741 ct
309 713 443 747 moribus,
459 712 496 740 ita
512 717 542 740 ut
554 713 690 748 primaevae
703 712 803 752 indolis
818 712 917 739 floren-

130 764 172 788 tes
197 767 295 793 annos,
321 767 418 787 senum
436 759 590 795 anticipans
612 754 713 792 vitam,
733 759 917 786 immaculata:

134 804 236 832 mentis
263 803 423 832 sinceritate
449 807 601 838 superaret.
617 801 668 830 Hic
688 802 781 837 itaque
801 809 863 830 cum
888 803 915 829 in

131 849 344 878 adolescentiam
355 856 483 877 crescens
496 848 626 876 transiret
637 849 672 877 ab
687 847 812 881 infantia,
821 852 848 876 et
860 847 917 883 jam

129 899 197 923 aetas
209 895 325 923 feliciter
337 895 477 931 auspicata
486 896 513 922 in
527 895 843 930 roburvirilemigraret,
856 901 917 922 tan-

130 945 186 968 tam
201 949 278 976 spem
292 940 426 968 virtutum
438 948 553 968 suarum
564 940 695 968 omnibus
710 939 783 971 fecit.
800 944 830 967 ut
842 938 916 968 illum

127 986 184 1021 jam
196 993 292 1014 omnes
306 986 370 1013 boni
379 993 442 1013 cum
455 985 735 1020 supernisvirtutibus
743 985 844 1013 habere
851 993 918 1012 con-

129 1033 261 1066 sortium,
281 1032 443 1060 meritorum
465 1031 649 1059 admiratione
666 1031 832 1066 judicarent.
853 1031 916 1058 Illu-

129 1078 235 1106 strabat
242 1085 359 1113 namque
372 1084 435 1105 eum
446 1077 568 1106 cmlestis
581 1077 759 1112 sapientia,et
770 1076 919 1112 spirituali-

949 479 951 481 ’
968 480 1089 508 nominis
1106 479 1188 514 hujus
1204 479 1274 515 apud
1291 487 1343 507 nos
1358 486 1412 506 non
1432 485 1534 514 magna
1552 476 1695 513 professio
1713 482 1765 504 est.

965 526 1022 554 Cur
1039 526 1096 553 dese
1115 526 1211 553 matris
1230 525 1343 561 elligient
1369 524 1484 560 profana
1509 523 1651 552 abusione
1676 523 1769 558 despi-

966 575 1052 607 ciens.
1071 575 1186 602 adorare
1204 574 1334 602 noluisti?
1347 573 1463 601 Sanctus
1481 571 1709 608 Symphorianns
1723 580 1768 600 re-

967 621 1096 656 spondit:
1121 619 1184 647 Jam
1208 620 1264 647 dixi
1294 619 1358 653 tibi,
1383 619 1554 646 Christianus
1578 627 1653 646 sum.
1680 617 1768 645 Deur-

967 675 1054 694 verum
1076 667 1159 693 adoro
1173 666 1219 701 qui
1236 671 1327 701 regnat
1355 667 1383 692 in
1399 666 1470 693 uelis
1480 673 1490 692 :
1505 665 1690 692 simulacrum
1705 673 1767 691 vero

965 713 1093 741 daemonis
1109 721 1160 740 non
1175 712 1260 740 solum
1275 720 1326 739 non
1338 712 1430 746 adoro,
1444 719 1533 738 rerum
1550 711 1648 743 etiam,
1662 710 1687 736 si
1706 718 1768 744 per-

967 759 1070 791 mittis,
1091 766 1149 785 mea
1172 758 1349 789 auctoritate,
1376 757 1479 784 malleis
1502 756 1574 783 illud
1599 756 1763 783 comminuto.

966 804 1054 832 Judex
1064 804 1148 832 dixit:
1162 804 1215 832 iste
1226 811 1279 832 non
1291 804 1378 831 solum
1392 803 1554 838 sacrilegus,
1565 809 1667 829 verum
1681 802 1763 830 etiam

967 850 1076 878 rebellis
1092 854 1208 878 conatur
1227 849 1368 883 exsistere,
1389 856 1423 876 an
1445 849 1527 884 hujus
1547 848 1604 875 loci
1627 847 1699 876 civis
1715 849 1763 882 sit,

967 896 1056 924 edicat
1075 895 1203 923 cilicium.
1226 895 1265 923 Ex
1285 895 1374 923 oliicio
1396 895 1499 922 dictum
1515 898 1575 922 est:
1597 893 1672 922 Hinc
1699 900 1762 928 est,

966 946 994 969 et
1020 942 1129 977 quidem
1153 941 1252 969 nobilis
1276 941 1394 969 familiae.
1422 940 1509 968 Judex
1535 940 1630 968 dixit:
1655 940 1763 969 locaris

967 987 1028 1020 tibi,
1036 987 1232 1023 Symphoriane
1243 987 1368 1023 gloriosa:
1376 987 1486 1019 indolis,
1504 986 1560 1014 hoc
1571 987 1624 1014 tibi
1638 987 1692 1014 sub
1704 995 1764 1014 am-

967 1032 1050 1069 biguo
1062 1033 1134 1061 fama
1146 1033 1229 1068 cmpit
1243 1033 1358 1060 suadere
1370 1032 1554 1060 mendacium.
1572 1031 1690 1068 Ignoras
1706 1032 1763 1060 for-

968 1079 1040 1108 sitan
1060 1079 1132 1114 quod
1155 1079 1308 1114 principum
1332 1083 1456 1107 nostrum
1488 1079 1558 1109 scita
1584 1079 1763 1106 sanxerunt?

128 1124 181 1152 bus
189 1123 408 1159 gemmisornata
415 1123 577 1158 simplicitas
586 1132 594 1156 ;
603 1122 740 1158 etjustum
749 1123 811 1150 vitae
823 1123 917 1151 trami-
931 1119 953 1147 Β
967 1126 1060 1155 οωρίο
1070 1127 1203 1155 recitante
1215 1126 1362 1161 pandatur.
1377 1125 1417 1153 Ex
1431 1125 1521 1154 omcio
1535 1125 1687 1153 recitatum
1703 1130 1760 1153 est:

129 1174 183 1198 tem
196 1173 301 1203 tenens,
312 1168 399 1199 felicis
409 1169 752 1205 gubernaculidefensione
771 1173 895 1197 servatus
905 1188 913 1201 .

127 1215 301 1252 naufragium
312 1215 383 1242 male
394 1214 560 1243 blandientis
572 1213 665 1247 saeculi
675 1214 784 1249 elapsus
793 1217 835 1240 est
846 1207 912 1248 (16).

162 1260 194 1289 ll.
219 1259 284 1287 Erat
303 1264 368 1288 tunc
384 1260 473 1288 Edua
491 1260 589 1290 civitas
607 1259 727 1294 antiquae
745 1258 912 1292 nobilitatis,

126 1307 214 1335 titulis
239 1311 266 1335 et
290 1307 429 1342 sacrilegae
451 1305 592 1341 religionis
612 1304 710 1333 referta
731 1305 911 1337 caeremOniis,

127 1358 208 1389 atque
221 1353 308 1381 errori
319 1352 462 1388 gentilium
477 1351 624 1385 famulans,
645 1351 761 1379 diversis
776 1345 912 1378 idolorum

126 1398 254 1433 templis,
273 1402 300 1426 et
315 1405 392 1425 vanae
412 1397 617 1432 superstitionis
639 1403 734 1424 amore
758 1395 911 1424 tenebatur.

125 1442 193 1471 Nam
218 1443 421 1479 Berecynthite,
455 1441 588 1478 Apollinis
635 1446 662 1469 et
689 1438 782 1469 Diana:
808 1441 911 1469 cultum

126 1489 235 1524 speciali
249 1488 393 1516 dilectione
409 1494 536 1516 venerata
556 1492 609 1515 est.
625 1486 718 1522 Itaque
729 1487 763 1515 ad
776 1480 914 1523 BerecynJ

125 1535 190 1571 tbilze
200 1535 255 1570 (l7)
270 1535 366 1562 matris
380 1535 535 1562 damonum
552 1532 694 1569 profanam
711 1533 911 1561 solemnitatem

125 1581 288 1615 populorum
303 1579 450 1608 multitudo
464 1583 640 1606 convenerat.
652 1578 795 1606 Heraclius
807 1579 864 1615 (18)
876 1580 911 1606 il-

124 1626 159 1654 lis
171 1625 338 1661 temporibus
349 1624 390 1652 vir
401 1624 552 1653 consularis
562 1623 588 1651 in
599 1623 693 1651 eadem
702 1623 768 1651 urbe
777 1624 910 1659 residens,

124 1669 159 1697 ad
177 1670 355 1706 inquirendos
375 1669 616 1704 discutiendosque
629 1669 800 1699 Christianos
819 1674 910 1707 sagaci

124 1716 299 1752 inquisitione
315 1716 448 1744 sollicitus
462 1721 535 1750 erat;
554 1717 599 1744 cui
613 1721 724 1745 sanctus
736 1716 911 1752 Symphoria-

124 1770 177 1790 nus
201 1761 300 1790 adfuit.
315 1761 367 1795 Qui
393 1770 456 1790 cum
472 1766 591 1790 statuam
615 1760 801 1797 Berecyntius).
815 1781 823 1794 ,
848 1770 910 1797 qute

123 1812 253 1843 carpento
272 1808 430 1843 portabatur
444 1807 599 1842 agminibus
619 1806 718 1845 stipata
731 1806 906 1842 populorum.

123 1854 277 1888 despcctam
291 1853 406 1881 adorare
420 1853 563 1886 noluisset,
579 1853 694 1888 publicae
706 1852 847 1880 seditionis
861 1853 908 1880 ob-

123 1902 199 1926 tentu
214 1898 428 1933 comprehensus
445 1895 567 1931 tenetur,
582 1902 609 1926 et
628 1897 753 1925 Heraclio
770 1897 908 1925 consulari

123 1944 214 1971 statim
234 1944 290 1980 (19)
314 1944 456 1979 ingeritur.
481 1943 623 1972 Heraclius
646 1944 686 1971 vir
706 1943 860 1972 consularis
881 1943 907 1970 in

122 1990 251 2018 tribunali
276 1990 398 2018 residens
420 1990 489 2018 dixit
509 1990 588 2018 beato
615 1989 833 2026 Symphoriano:
855 1988 910 2017 No-

122 2044 185 2063 men
199 2035 437 2071 conditionemque
451 2036 574 2071 designa.
591 2035 638 2063 lllc
650 2036 810 2070 respondit:
830 2035 909 2063 Clu-i-

122 2083 225 2109 stianus
249 2090 328 2114 sum;
350 2081 558 2117 Symphorianus
586 2090 673 2109 vocor.
700 2081 786 2109 Judex
818 2080 906 2109 dixit:

159 2139 169 2155 '
192 2139 236 2166 Al.
262 2143 378 2174 urgente.

157 2195 213 2230 (ll;
233 2195 298 2231 Legi
315 2196 394 2223 debet
416 2196 463 2223 sub
480 2196 597 2228 Aurelio,
621 2201 650 2223 ut
666 2197 785 2224 diximus
808 2198 836 2224 in
850 2197 907 2225 Ad—

122 2230 285 2266 monitione.
302 2231 329 2258 In
347 2231 408 2258 cod.
430 2231 535 2259 Conch.
552 2230 687 2266 incipiunt
703 2232 770 2260 Acta
793 2233 836 2261 his
848 2240 908 2265 ver—

121 2265 164 2293 bis
177 2264 259 2292 :Cum
269 2266 403 2296 adversus.
419 2271 471 2293 etc.

157 2300 215 2335 (l5)
232 2301 374 2329 (Ionsentit
389 2300 497 2328 Missale
513 2300 658 2328 Gothicum
672 2301 717 2328 ubi
733 2301 791 2329 haec
808 2302 908 2329 haben-

120 2339 165 2362 tur
183 2345 188 2362 :
208 2335 270 2362 Non
290 2336 376 2363 solum
399 2341 561 2363 terrenarum
575 2336 697 2364 claritate
713 2337 845 2364 natalium
860 2356 906 2365 ....

120 2376 144 2397 et
163 2369 260 2406 Fausti
273 2371 390 2406 [algidus
406 2379 507 2406 genere,
523 2376 577 2398 etc.

156 2405 213 2442 (716)
231 2405 281 2433 Hic
300 2405 328 2433 in
351 2405 430 2442 codd.
453 2406 589 2440 plerisque
606 2413 673 2434 mss.
691 2406 907 2442 Symphorianus

119 2440 220 2467 dicitur
242 2448 257 2467 a
279 2445 376 2469 sancto
396 2441 515 2476 Benigno
538 2440 793 2476 baptizatus,’et'a
811 2442 908 2470 sancto

119 2475 262 2503 Andocbio
277 2481 430 2510 susceptus.
457 2475 515 2503 Non
538 2475 664 2503 dissentit
684 2476 793 2504 Missale
811 2477 906 2504 Gothi-

119 2518 194 2543 cum,
218 2518 295 2538 num.
311 2510 346 2537 65
360 2511 470 2538 laudato
481 2530 489 2543 ,
513 2511 570 2538 haec
588 2511 728 2540 referens:
750 2513 802 2544 Qui
818 2513 906 2540 beatos

121 2545 216 2582 Patres
229 2545 414 2582 Andocllium,
425 2545 620 2581 Benignumque
637 2551 751 2582 secutus,
771 2556 817 2582 per
836 2556 908 2574 mar—

120 2581 182 2614 tyrii
200 2581 376 2615 fragrantiam
390 2580 486 2608 electus
502 2580 615 2615 pervenit
634 2581 668 2607 ad
686 2580 811 2616 palmam.
828 2582 908 2610 Beni-

120 2623 202 2649 gnum
216 2620 243 2642 et
257 2615 430 2652 Atttlocbium
447 2617 619 2652 presbyteros
634 2615 704 2652 funt
726 2616 831 2652 Thyrso
845 2618 906 2644 dia-

120 2658 190 2687 t_-o_no
213 2655 239 2677 et
261 2649 350 2687 Felice
363 2650 389 2677 in
411 2649 564 2687 Gallianfa
586 2651 617 2678 Β.
633 2649 784 2687 Polycat‘po
806 2652 906 2680 missos

119 2683 204 2721 fuisse
219 2685 329 2721 tradunt
340 2690 430 2721 vetera
445 2686 646 2721 Martyrologia,
661 2683 739 2714 Beda:
750 2683 905 2720 'sincerum,

119 2720 232 2751 Adonis,
256 2719 383 2754 Usuardi,
406 2719 523 2753 Rabani,
541 2719 663 2753 Notkrri,
684 2727 737 2749 etc.
755 2721 806 2749 Ubi
827 2721 906 2749 Betti-

120 2762 188 2788 gnus
213 2754 327 2782 Divione
349 2763 446 2789 passus
470 2756 569 2782 dicitur
594 2756 708 2783 Kalend.
726 2755 903 2790 Novembris,

121 2794 201 2829 atque
227 2797 241 2816 a
264 2790 382 2829 Leonilla
403 2791 531 2829 sepultus
544 2811 551 2823 ,
576 2791 733 2829 Andocltius
754 2800 825 2829 vero
841 2800 903 2829 cum

121 2822 226 2863 ‘l‘ltyrso
241 2829 267 2850 et
281 2824 386 2863 Ifelice_
394 2822 492 2863 ditia!
511 2822 573 2860 Sep.
590 2826 792 2863 Augustuduni.
809 2827 838 2853 S.
855 2826 904 2854 lle—

122 2859 196 2897 "igni
220 2859 342 2886 tttctltiltit
367 2859 446 2893 (ἔτος.
464 2859 566 2890 Turoti.
590 2861 616 2887 in
633 2859 706 2888 Hist.
731 2860 858 2888 Francor.
877 2866 904 2889 et

968 1183 978 1210 t_
995 1173 1123 1201 Aurelius
1139 1172 1195 1208 (20)
1212 1173 1359 1208 imperator
1377 1172 1505 1200 omnibus
1518 1172 1760 1199 administratori—

964 1220 1016 1249 bus
1037 1219 1095 1247 suis
1119 1223 1201 1255 atque
1218 1219 1381 1246 rectoribus.
1393 1217 1588 1253 Comperimus
1602 1218 1640 1245 ab
1654 1218 1698 1246 bis
1711 1218 1761 1253 qui

963 1273 993 1294 se
1020 1265 1190 1300 temporibus
1213 1265 1315 1292 nostris
1336 1264 1508 1292 Christianos
1527 1264 1645 1297 dicunt‘,
1667 1264 1758 1299 legum

963 1315 1098 1346 praecepta
1106 1310 1215 1339 violari.
1226 1309 1281 1337 Hos
1289 1310 1510 1345 comprehensos,
1518 1310 1575 1338 nisi
1584 1310 1642 1337 diis
1655 1310 1760 1338 nostris

962 1356 1186 1388 sacriﬁcaverint,
1199 1356 1314 1384 diversis
1325 1356 1419 1391 puttite
1427 1356 1610 1389 cruciatibus,
1620 1360 1760 1391 quatenus

962 1401 1062 1429 habeat
1078 1400 1211 1429 districtio
1224 1401 1331 1437 prolata
1347 1401 1497 1435 justitiam,
1511 1405 1539 1429 et
1552 1401 1582 1429 in
1595 1401 1760 1429 resecandis

961 1447 1124 1475 criminibus
1135 1447 1201 1475 ultio
1214 1440 1360 1475 tterminata
1372 1447 1429 1483 jam
1445 1447 1537 1475 ﬁnem.
1553 1456 1578 1481 »ρ

996 1492 1040 1520 lll.
1059 1492 1148 1521 Lectis
1173 1493 1356 1529 imperatoriis
1382 1493 1636 1529 praeceptionibus,
1665 1493 1754 1529 judex

961 1538 1048 1574 dixit:
1074 1539 1146 1572 Quid
1170 1539 1204 1566 ad
1230 1539 1307 1572 haec,
1337 1538 1557 1575 Symphoriane,
1581 1540 1759 1575 respondes?

961 1584 1088 1619 Nunquid
1105 1592 1251 1619 possumus
1265 1584 1324 1611 11230
1336 1584 1445 1612 decreta
1461 1585 1634 1613 convellere?
1651 1585 1758 1620 Duplex

961 1629 1008 1656 tibi
1027 1629 1130 1657 crimen
1146 1629 1327 1664 impenditur:
1344 1630 1446 1658 videris
1468 1635 1495 1658 et
1510 1638 1561 1665 pro
1572 1630 1692 1658 deorum
1708 1631 1759 1659 de-

961 1674 1099 1708 spectione
1113 1674 1287 1709 sacrilegium
1297 1679 1462 1710 perpetrare,
1474 1679 1501 1702 et
1514 1683 1565 1710 pro
1579 1675 1671 1711 legum
1687 1676 1759 1704 abu-

962 1719 1039 1746 sione
1055 1724 1226 1754 contemptor
1252 1720 1405 1753 exsistere;
1428 1720 1500 1748 unde
1525 1720 1581 1748 nisi
1608 1721 1756 1756 praeceptis

961 1763 1136 1796 satisfeceris,
1155 1764 1212 1792 haec
1226 1765 1319 1792 omnia
1335 1765 1477 1800 sanguinis
1491 1765 1530 1793 tui
1550 1765 1672 1799 placabit
1685 1765 1756 1793 επη-

960 1810 1011 1838 sio.
1033 1809 1150 1838 Sanctus
1173 1809 1390 1846 Sympborianus
1414 1811 1578 1845 respondit:
1605 1811 1756 1847 Nunquam

958 1863 1005 1890 ego
1025 1855 1092 1882 hanc
1110 1855 1251 1890 imaginem
1271 1856 1323 1882 nisi
1345 1855 1485 1884 diabolica:
1504 1857 1688 1890 persuasionis
1711 1857 1756 1884 ia-

960 1901 1078 1935 fauslum
1094 1901 1276 1934 simulacrum,
1293 1906 1317 1928 et
1328 1901 1481 1935 perditionis
1491 1903 1684 1929 exsecrandum
1697 1902 1755 1930 da:-

959 1955 1061 1974 monem
1077 1947 1215 1982 judicabo.
1238 1947 1269 1977 1η
1290 1948 1369 1975 chaos
1382 1947 1439 1982 (21)
1454 1956 1554 1982 semper
1573 1949 1670 1974 semita
1697 1957 1754 1975 rer-

958 1999 1032 2028 gente
1054 1993 1065 2008 ⁸
1084 1993 1236 2026 collabitur,
1261 1994 1378 2029 quisquis
1401 1993 1587 2025 Christianus,
1606 1994 1753 2021 damnatus

958 2040 1123 2075 passioutbus
1139 2041 1276 2068 deterioris
1290 2042 1360 2075 uiue,
1385 2041 1457 2068 mala
1482 2046 1626 2068 retrorsum
1642 2049 1753 2068 conver-

958 2097 1003 2131 sus
1018 2090 1175 2122 respexerit;
1193 2089 1335 2124 statimque
1347 2097 1394 2124 per
1404 2089 1508 2116 devium
1521 2088 1637 2124 gradum
1653 2089 1751 2116 sentite

957 2198 1006 2225 lib.
1026 2206 1034 2225 ι
1056 2197 1094 2225 De
1114 2198 1201 2233 gloria
1219 2203 1300 2225 man.
1322 2205 1382 2233 cap.
1401 2197 1446 2230 5i,
1464 2197 1516 2224 sub
1533 2197 1614 2232 cujus
1636 2198 1751 2224 nomine

958 2233 1072 2260 Divione
1092 2232 1182 2261 exstat
1206 2232 1297 2260 nobile
1310 2232 1506 2260 monasterium
1526 2233 1633 2259 ordinis
1657 2233 1750 2260 nostri

957 2267 1134 2295 Benedictini.
1153 2267 1202 2295 SS.
1215 2268 1360 2301 Andocbii,
1374 2267 1492 2295 Ferreoli
1506 2272 1533 2295 et
1545 2267 1658 2302 Reginae.
1673 2275 1749 2294 mar-

958 2307 1063 2338 tyrum,
1088 2303 1221 2338 meminit
1232 2302 1379 2330 Widradus
1401 2303 1429 2329 in
1450 2307 1566 2337 utroque
1580 2309 1642 2338 suo
1660 2306 1751 2338 testa-

956 2343 1051 2369 mento
1067 2345 1131 2365 sazc.
1149 2346 1191 2365 ιιι.
1208 2337 1345 2365 Benedict.
1360 2342 1431 2372 part.
1446 2345 1466 2368 t.
1479 2345 1558 2372 pagg.
1574 2337 1638 2369 683,
1653 2337 1718 2363 688.

993 2373 1050 2407 (l7)
1067 2373 1119 2400 Diu
1139 2373 1325 2408 perseveravit
1345 2372 1416 2407 apud
1438 2372 1593 2408 Eduenses
1610 2372 1670 2399 haec
1683 2379 1749 2406 erga

957 2406 1162 2443 Berecynthiam
1178 2407 1246 2443 falsa
1263 2406 1469 2443 religio,_cujus
1484 2407 1748 2443 simulacrumcum

958 2441 1058 2477 pariter
1075 2445 1199 2477 tempore
1207 2441 1340 2476 Simplicii
1359 2441 1506 2470 AZduensis
1523 2442 1647 2477 episcopi
1661 2441 1748 2468 defer-

921 2466 945 2496 υ
959 2466 1044 2510 ietui‘,
1060 2466 1290 2512 hujusr'antistitirs
1307 2466 1748 2512 precibusVin-‘t'er'rzmvr'uitruce

959 2513 1015 2540 ullo
1031 2511 1110 2547 pacto
1124 2513 1226 2540 moveri
1242 2511 1313 2540 ultra
1325 2513 1427 2547 potuit,
1449 2519 1504 2547 quo
1520 2511 1747 2547 miraculomnlti

994 2546 1074 2575 rm’oti
1087 2548 1166 2575 fidem
1189 2546 1376 2583 susceperunt,
1393 2546 1528 2583 utinarrat
1542 2546 1625 2582 Greg.
1640 2546 1746 2574 Turon.

968 2582 1004 2610 ib.
1024 2583 1059 2610 De
1073 2582 1159 2618 gloria
1168 2582 1309 2618 confessor.
1325 2589 1385 2618 cap.
1402 2582 1445 2618 77.

994 2597 1004 2609 η.
1024 2590 1059 2610 ue
1073 2590 1159 2618 gloria
1168 2590 1309 2617 conlessor.
1325 2590 1355 2610 ca
1378 2602 1385 2609 .
1406 2590 1445 2609 ll.

994 2618 1050 2652 (i8)
1065 2618 1158 2645 Codex
1174 2617 1256 2644 Resb.
1270 2590 1409 2652 Heracgus
1424 2617 1496 2644 illius
1513 2618 1640 2650 temporis
1653 2625 1748 2643 consu-

957 2652 1023 2679 laris
1046 2653 1073 2679 in
1087 2652 1178 2681 eadem
1195 2652 1258 2679 urbe
1271 2651 1374 2679 sedebat
1388 2652 1423 2678 ad
1438 2652 1553 2686 inquiin,
1567 2657 1622 2679 etc.

992 2688 1049 2723 (i9)
1075 2687 1121 2715 Sic
1147 2688 1216 2715 idem
1242 2688 1337 2715 codex.
1359 2687 1429 2719 Alii,
1452 2686 1603 2722 arguendos
1632 2695 1747 2721 ρτωεαι-

957 2726 1040 2749 tatur.

993 2757 1050 2792 (20)
1065 2756 1111 2785 Sic
1132 2757 1193 2785 cod.
1211 2757 1324 2785 Resbac.
1351 2761 1378 2783 et
1399 2756 1502 2791 optime
1520 2756 1651 2791 quidem,
1669 2762 1701 2784 ut
1721 2757 1747 2784 in

956 2793 1148 2819 Admonitionc
1162 2793 1261 2827 praevia
1275 2792 1404 2827 diximus.

990 2827 1048 2888 (21:
1061 2827 1089 2854 In
1104 2825 1170 2854 cod:
1181 2828 1331 2862 Compcnd.
1352 2825 1385 2852 In
1401 2826 1450 2853 hac
1467 2835 1549 2853 causa
1564 2835 1678 2860 semper,
1693 2833 1745 2855 etc.

990 2863 1021 2888 ιιι.
1048 2862 1119 2888 lcsb.
1137 2862 1264 2888 Incitatus
1285 2862 1377 2888 semita
1395 2866 1512 2888 t'cracute
1525 2862 1681 2888 collabitur.

955 2862 1021 2889 Cod.
1038 2862 1119 2889 Rcsb.
1137 2862 1264 2889 lncatttus
1285 2862 1377 2889 semita
1395 2866 1512 2895 vergente
1525 2862 1681 2890 collabitur.
