  <div class='ocr_page' id='page_1' title='image "/cluster/home/n/w/nwhite01/storage/ocr_20150623/5/njp.32101077772372/1033.png"; bbox 0 0 1873 3065; ppageno 0'>
   <div class='ocr_carea' id='block_1_1' title="bbox 176 150 243 178">
    <p class='ocr_par' dir='ltr' id='par_1_1' title="bbox 176 150 243 178">
     <span class='ocr_line' id='line_1_1' title="bbox 176 150 243 178; baseline 0 0"><span class='ocrx_word' id='word_1_1' title='bbox 176 150 243 178; x_wconf 68' lang='grc'><strong>1467</strong></span> 
     </span>
    </p>
   </div>
   <div class='ocr_carea' id='block_1_2' title="bbox 660 148 1372 181">
    <p class='ocr_par' dir='ltr' id='par_1_2' title="bbox 660 148 1372 181">
     <span class='ocr_line' id='line_1_2' title="bbox 660 148 1372 181; baseline 0.007 -5"><span class='ocrx_word' id='word_1_2' title='bbox 660 148 752 177; x_wconf 83' lang='lat' dir='ltr'><strong>ACTA</strong></span> <span class='ocrx_word' id='word_1_3' title='bbox 771 149 822 177; x_wconf 84' lang='lat' dir='ltr'><strong>SS.</strong></span> <span class='ocrx_word' id='word_1_4' title='bbox 840 149 1148 179; x_wconf 74' lang='lat' dir='ltr'><strong>ANDOCHII.TllYRSl</strong></span> <span class='ocrx_word' id='word_1_5' title='bbox 1168 152 1212 180; x_wconf 82' lang='lat' dir='ltr'><strong>ET</strong></span> <span class='ocrx_word' id='word_1_6' title='bbox 1231 152 1372 181; x_wconf 81' lang='lat' dir='ltr'><strong>FELICIS.</strong></span> 
     </span>
    </p>
   </div>
   <div class='ocr_carea' id='block_1_3' title="bbox 1746 152 1822 182">
    <p class='ocr_par' dir='ltr' id='par_1_3' title="bbox 1746 152 1822 182">
     <span class='ocr_line' id='line_1_3' title="bbox 1746 152 1822 182; baseline -0.053 0"><span class='ocrx_word' id='word_1_7' title='bbox 1746 152 1822 182; x_wconf 55' lang='grc' dir='ltr'><strong>Ιεῦ</strong></span> 
     </span>
    </p>
   </div>
   <div class='ocr_carea' id='block_1_4' title="bbox 176 208 1822 245">
    <p class='ocr_par' dir='ltr' id='par_1_4' title="bbox 176 208 1822 245">
     <span class='ocr_line' id='line_1_4' title="bbox 176 208 1822 245; baseline -0.001 -8"><span class='ocrx_word' id='word_1_8' title='bbox 176 217 257 238; x_wconf 92' lang='lat' dir='ltr'><strong>muro</strong></span> <span class='ocrx_word' id='word_1_9' title='bbox 279 213 342 236; x_wconf 89' lang='lat' dir='ltr'><strong>nota</strong></span> <span class='ocrx_word' id='word_1_10' title='bbox 361 208 437 236; x_wconf 91' lang='lat' dir='ltr'><strong>illum</strong></span> <span class='ocrx_word' id='word_1_11' title='bbox 460 214 527 235; x_wconf 89' lang='lat' dir='ltr'><strong>voce</strong></span> <span class='ocrx_word' id='word_1_12' title='bbox 551 208 722 235; x_wconf 89' lang='lat' dir='ltr'><strong>commonuit</strong></span> <span class='ocrx_word' id='word_1_13' title='bbox 743 208 837 235; x_wconf 87' lang='lat' dir='ltr'><strong>dicens</strong></span> <span class='ocrx_word' id='word_1_14' title='bbox 864 208 938 243; x_wconf 78' lang='grc'>(50)</span> <span class='ocrx_word' id='word_1_15' title='bbox 954 217 961 235; x_wconf 74' lang='grc' dir='ltr'>ε</span> <span class='ocrx_word' id='word_1_16' title='bbox 977 210 998 239; x_wconf 80' lang='grc' dir='ltr'>Α</span> <span class='ocrx_word' id='word_1_17' title='bbox 1014 209 1116 236; x_wconf 87' lang='lat' dir='ltr'><strong>celsum</strong></span> <span class='ocrx_word' id='word_1_18' title='bbox 1131 210 1243 244; x_wconf 85' lang='lat' dir='ltr'><strong>protulit</strong></span> <span class='ocrx_word' id='word_1_19' title='bbox 1254 210 1386 238; x_wconf 62' lang='lat' dir='ltr'><strong>aediﬁcata</strong></span> <span class='ocrx_word' id='word_1_20' title='bbox 1405 209 1568 245; x_wconf 72' lang='lat' dir='ltr'><strong>fastigium;</strong></span> <span class='ocrx_word' id='word_1_21' title='bbox 1583 208 1673 244; x_wconf 79' lang='lat' dir='ltr'><strong>fulget</strong></span> <span class='ocrx_word' id='word_1_22' title='bbox 1687 217 1743 237; x_wconf 86' lang='lat' dir='ltr'><strong>non</strong></span> <span class='ocrx_word' id='word_1_23' title='bbox 1760 218 1822 237; x_wconf 79' lang='lat' dir='ltr'><strong>uno</strong></span> 
     </span>
    </p>
   </div>
   <div class='ocr_carea' id='block_1_5' title="bbox 179 254 960 291">
    <p class='ocr_par' dir='ltr' id='par_1_5' title="bbox 179 254 960 291">
     <span class='ocr_line' id='line_1_5' title="bbox 179 254 960 291; baseline -0.004 -8"><span class='ocrx_word' id='word_1_24' title='bbox 179 267 188 282; x_wconf 79' lang='grc' dir='ltr'><strong>ι</strong></span> <span class='ocrx_word' id='word_1_25' title='bbox 207 255 290 288; x_wconf 86' lang='lat' dir='ltr'><strong>Nate,</strong></span> <span class='ocrx_word' id='word_1_26' title='bbox 313 260 375 282; x_wconf 88' lang='lat' dir='ltr'><strong>nate</strong></span> <span class='ocrx_word' id='word_1_27' title='bbox 394 254 603 291; x_wconf 83' lang='lat' dir='ltr'><strong>Symphoriane,</strong></span> <span class='ocrx_word' id='word_1_28' title='bbox 624 254 652 280; x_wconf 85' lang='lat' dir='ltr'><strong>in</strong></span> <span class='ocrx_word' id='word_1_29' title='bbox 676 258 767 281; x_wconf 89' lang='lat' dir='ltr'><strong>mente</strong></span> <span class='ocrx_word' id='word_1_30' title='bbox 787 254 856 281; x_wconf 90' lang='lat' dir='ltr'><strong>habe</strong></span> <span class='ocrx_word' id='word_1_31' title='bbox 877 254 960 282; x_wconf 85' lang='lat' dir='ltr'><strong>Deum</strong></span> 
     </span>
    </p>
   </div>
   <div class='ocr_carea' id='block_1_6' title="bbox 175 298 962 333">
    <p class='ocr_par' dir='ltr' id='par_1_6' title="bbox 175 298 962 333">
     <span class='ocr_line' id='line_1_6' title="bbox 175 298 962 333; baseline -0.004 -4"><span class='ocrx_word' id='word_1_32' title='bbox 175 302 280 329; x_wconf 89' lang='lat' dir='ltr'><strong>vivum.</strong></span> <span class='ocrx_word' id='word_1_33' title='bbox 302 300 420 328; x_wconf 79' lang='lat' dir='ltr'><strong>Resume</strong></span> <span class='ocrx_word' id='word_1_34' title='bbox 432 300 627 332; x_wconf 81' lang='lat' dir='ltr'><strong>constantiam,</strong></span> <span class='ocrx_word' id='word_1_35' title='bbox 643 299 691 327; x_wconf 86' lang='lat' dir='ltr'><strong>liii.</strong></span> <span class='ocrx_word' id='word_1_36' title='bbox 707 298 816 326; x_wconf 88' lang='lat' dir='ltr'><strong>Timere</strong></span> <span class='ocrx_word' id='word_1_37' title='bbox 830 307 884 326; x_wconf 90' lang='lat' dir='ltr'><strong>non</strong></span> <span class='ocrx_word' id='word_1_38' title='bbox 898 306 962 333; x_wconf 86' lang='lat' dir='ltr'><strong>pos-</strong></span> 
     </span>
    </p>
   </div>
   <div class='ocr_carea' id='block_1_7' title="bbox 175 344 960 381">
    <p class='ocr_par' dir='ltr' id='par_1_7' title="bbox 175 344 960 381">
     <span class='ocr_line' id='line_1_7' title="bbox 175 344 960 381; baseline -0.005 -6"><span class='ocrx_word' id='word_1_39' title='bbox 175 355 271 376; x_wconf 83' lang='lat' dir='ltr'><strong>sumus</strong></span> <span class='ocrx_word' id='word_1_40' title='bbox 286 351 412 379; x_wconf 84' lang='lat' dir='ltr'><strong>mortem,</strong></span> <span class='ocrx_word' id='word_1_41' title='bbox 427 354 488 381; x_wconf 69' lang='lat' dir='ltr'><strong>quae</strong></span> <span class='ocrx_word' id='word_1_42' title='bbox 504 345 563 372; x_wconf 87' lang='lat' dir='ltr'><strong>sine</strong></span> <span class='ocrx_word' id='word_1_43' title='bbox 579 345 662 372; x_wconf 92' lang='lat' dir='ltr'><strong>dubio</strong></span> <span class='ocrx_word' id='word_1_44' title='bbox 676 344 800 380; x_wconf 81' lang='lat' dir='ltr'><strong>perducit</strong></span> <span class='ocrx_word' id='word_1_45' title='bbox 818 345 850 372; x_wconf 89' lang='lat' dir='ltr'><strong>ad</strong></span> <span class='ocrx_word' id='word_1_46' title='bbox 866 344 960 371; x_wconf 90' lang='lat' dir='ltr'><strong>vitam.</strong></span> 
     </span>
    </p>
   </div>
   <div class='ocr_carea' id='block_1_8' title="bbox 177 390 963 426">
    <p class='ocr_par' dir='ltr' id='par_1_8' title="bbox 177 390 963 426">
     <span class='ocr_line' id='line_1_8' title="bbox 177 390 963 426; baseline -0.006 -5"><span class='ocrx_word' id='word_1_47' title='bbox 177 395 292 421; x_wconf 86' lang='lat' dir='ltr'><strong>Sursum</strong></span> <span class='ocrx_word' id='word_1_48' title='bbox 307 401 356 420; x_wconf 87' lang='lat' dir='ltr'><strong>cor</strong></span> <span class='ocrx_word' id='word_1_49' title='bbox 366 391 512 426; x_wconf 86' lang='lat' dir='ltr'><strong>suspende,</strong></span> <span class='ocrx_word' id='word_1_50' title='bbox 531 391 579 423; x_wconf 80' lang='lat' dir='ltr'><strong>ﬁli,</strong></span> <span class='ocrx_word' id='word_1_51' title='bbox 600 390 691 425; x_wconf 83' lang='lat' dir='ltr'><strong>aspice</strong></span> <span class='ocrx_word' id='word_1_52' title='bbox 714 390 791 417; x_wconf 90' lang='lat' dir='ltr'><strong>illum</strong></span> <span class='ocrx_word' id='word_1_53' title='bbox 808 390 854 424; x_wconf 85' lang='lat' dir='ltr'><strong>qui</strong></span> <span class='ocrx_word' id='word_1_54' title='bbox 869 394 963 425; x_wconf 77' lang='lat' dir='ltr'><strong>regnat</strong></span> 
     </span>
    </p>
   </div>
   <div class='ocr_carea' id='block_1_9' title="bbox 176 436 963 469">
    <p class='ocr_par' dir='ltr' id='par_1_9' title="bbox 176 436 963 469">
     <span class='ocr_line' id='line_1_9' title="bbox 176 436 963 469; baseline -0.006 -2"><span class='ocrx_word' id='word_1_55' title='bbox 176 440 204 467; x_wconf 93' lang='lat' dir='ltr'><strong>in</strong></span> <span class='ocrx_word' id='word_1_56' title='bbox 219 439 306 467; x_wconf 68' lang='lat' dir='ltr'><strong>caelis.</strong></span> <span class='ocrx_word' id='word_1_57' title='bbox 329 437 416 466; x_wconf 77' lang='lat' dir='ltr'><strong>Hodie</strong></span> <span class='ocrx_word' id='word_1_58' title='bbox 432 437 479 464; x_wconf 90' lang='lat' dir='ltr'><strong>tibi</strong></span> <span class='ocrx_word' id='word_1_59' title='bbox 499 437 553 464; x_wconf 87' lang='lat' dir='ltr'><strong>vita</strong></span> <span class='ocrx_word' id='word_1_60' title='bbox 573 444 626 464; x_wconf 91' lang='lat' dir='ltr'><strong>non</strong></span> <span class='ocrx_word' id='word_1_61' title='bbox 643 436 760 469; x_wconf 87' lang='lat' dir='ltr'><strong>tollitur,</strong></span> <span class='ocrx_word' id='word_1_62' title='bbox 777 436 824 463; x_wconf 84' lang='lat' dir='ltr'><strong>sed</strong></span> <span class='ocrx_word' id='word_1_63' title='bbox 843 440 963 463; x_wconf 77' lang='lat' dir='ltr'><strong>mutatur</strong></span> 
     </span>
    </p>
   </div>
   <div class='ocr_carea' id='block_1_10' title="bbox 176 482 962 518">
    <p class='ocr_par' dir='ltr' id='par_1_10' title="bbox 176 482 962 518">
     <span class='ocr_line' id='line_1_10' title="bbox 176 482 962 518; baseline -0.005 -5"><span class='ocrx_word' id='word_1_64' title='bbox 176 487 204 513; x_wconf 90' lang='lat' dir='ltr'><strong>in</strong></span> <span class='ocrx_word' id='word_1_65' title='bbox 224 485 330 513; x_wconf 85' lang='lat' dir='ltr'><strong>melius.</strong></span> <span class='ocrx_word' id='word_1_66' title='bbox 355 484 450 517; x_wconf 83' lang='lat' dir='ltr'><strong>Hodie,</strong></span> <span class='ocrx_word' id='word_1_67' title='bbox 470 489 551 516; x_wconf 88' lang='lat' dir='ltr'><strong>nate,</strong></span> <span class='ocrx_word' id='word_1_68' title='bbox 572 483 605 511; x_wconf 90' lang='lat' dir='ltr'><strong>ad</strong></span> <span class='ocrx_word' id='word_1_69' title='bbox 626 490 772 518; x_wconf 83' lang='lat' dir='ltr'><strong>supernam</strong></span> <span class='ocrx_word' id='word_1_70' title='bbox 790 483 873 509; x_wconf 88' lang='lat' dir='ltr'><strong>vitam</strong></span> <span class='ocrx_word' id='word_1_71' title='bbox 893 482 962 510; x_wconf 83' lang='lat' dir='ltr'><strong>felici</strong></span> 
     </span>
    </p>
   </div>
   <div class='ocr_carea' id='block_1_11' title="bbox 175 528 965 566">
    <p class='ocr_par' dir='ltr' id='par_1_11' title="bbox 175 528 965 566">
     <span class='ocr_line' id='line_1_11' title="bbox 175 528 965 566; baseline -0.004 -7"><span class='ocrx_word' id='word_1_72' title='bbox 175 531 391 559; x_wconf 81' lang='lat' dir='ltr'><strong>commutatione</strong></span> <span class='ocrx_word' id='word_1_73' title='bbox 408 531 548 566; x_wconf 78' lang='lat' dir='ltr'><strong>migrabis.</strong></span> <span class='ocrx_word' id='word_1_74' title='bbox 570 540 578 555; x_wconf 79' lang='grc' dir='ltr'><strong>ι</strong></span> <span class='ocrx_word' id='word_1_75' title='bbox 594 529 640 557; x_wconf 88' lang='lat' dir='ltr'><strong>Sic</strong></span> <span class='ocrx_word' id='word_1_76' title='bbox 655 533 768 557; x_wconf 89' lang='lat' dir='ltr'><strong>sanctus</strong></span> <span class='ocrx_word' id='word_1_77' title='bbox 786 528 965 564; x_wconf 86' lang='lat' dir='ltr'><strong>Symphoria-</strong></span> 
     </span>
    </p>
   </div>
   <div class='ocr_carea' id='block_1_12' title="bbox 176 576 966 610">
    <p class='ocr_par' dir='ltr' id='par_1_12' title="bbox 176 576 966 610">
     <span class='ocr_line' id='line_1_12' title="bbox 176 576 966 610; baseline -0.001 -6"><span class='ocrx_word' id='word_1_78' title='bbox 176 585 228 604; x_wconf 82' lang='lat' dir='ltr'><strong>nus</strong></span> <span class='ocrx_word' id='word_1_79' title='bbox 248 582 323 604; x_wconf 82' lang='lat' dir='ltr'><strong>extra</strong></span> <span class='ocrx_word' id='word_1_80' title='bbox 340 584 447 604; x_wconf 89' lang='lat' dir='ltr'><strong>murum</strong></span> <span class='ocrx_word' id='word_1_81' title='bbox 464 576 573 609; x_wconf 86' lang='lat' dir='ltr'><strong>ductus,</strong></span> <span class='ocrx_word' id='word_1_82' title='bbox 596 584 611 602; x_wconf 71' lang='lat'><strong>8</strong></span> <span class='ocrx_word' id='word_1_83' title='bbox 633 583 794 610; x_wconf 79' lang='lat' dir='ltr'><strong>percussore</strong></span> <span class='ocrx_word' id='word_1_84' title='bbox 813 580 966 610; x_wconf 87' lang='lat' dir='ltr'><strong>prostratus</strong></span> 
     </span>
    </p>
   </div>
   <div class='ocr_carea' id='block_1_13' title="bbox 175 621 965 658">
    <p class='ocr_par' dir='ltr' id='par_1_13' title="bbox 175 621 965 658">
     <span class='ocr_line' id='line_1_13' title="bbox 175 621 965 658; baseline -0.003 -8"><span class='ocrx_word' id='word_1_85' title='bbox 175 628 233 656; x_wconf 83' lang='lat' dir='ltr'><strong>est;</strong></span> <span class='ocrx_word' id='word_1_86' title='bbox 253 622 382 658; x_wconf 89' lang='lat' dir='ltr'><strong>purpurei</strong></span> <span class='ocrx_word' id='word_1_87' title='bbox 400 622 542 657; x_wconf 81' lang='lat' dir='ltr'><strong>sanguinis</strong></span> <span class='ocrx_word' id='word_1_88' title='bbox 561 622 603 649; x_wconf 90' lang='lat' dir='ltr'><strong>sui</strong></span> <span class='ocrx_word' id='word_1_89' title='bbox 618 621 689 649; x_wconf 90' lang='lat' dir='ltr'><strong>unda</strong></span> <span class='ocrx_word' id='word_1_90' title='bbox 710 621 847 656; x_wconf 80' lang='lat' dir='ltr'><strong>perfusus,</strong></span> <span class='ocrx_word' id='word_1_91' title='bbox 865 629 881 648; x_wconf 87' lang='lat' dir='ltr'><strong>a</strong></span> <span class='ocrx_word' id='word_1_92' title='bbox 902 621 965 649; x_wconf 78' lang='lat' dir='ltr'><strong>reli-</strong></span> 
     </span>
    </p>
   </div>
   <div class='ocr_carea' id='block_1_14' title="bbox 176 668 674 705">
    <p class='ocr_par' dir='ltr' id='par_1_14' title="bbox 176 668 674 705">
     <span class='ocr_line' id='line_1_14' title="bbox 176 668 674 705; baseline -0.006 -9"><span class='ocrx_word' id='word_1_93' title='bbox 176 669 262 705; x_wconf 76' lang='lat' dir='ltr'><strong>giosis</strong></span> <span class='ocrx_word' id='word_1_94' title='bbox 278 669 391 696; x_wconf 81' lang='lat' dir='ltr'><strong>latenter</strong></span> <span class='ocrx_word' id='word_1_95' title='bbox 408 668 470 695; x_wconf 88' lang='lat' dir='ltr'><strong>inde</strong></span> <span class='ocrx_word' id='word_1_96' title='bbox 485 668 608 695; x_wconf 88' lang='lat' dir='ltr'><strong>sublatus</strong></span> <span class='ocrx_word' id='word_1_97' title='bbox 622 671 674 695; x_wconf 88' lang='lat' dir='ltr'><strong>est.</strong></span> 
     </span>
    </p>
   </div>
   <div class='ocr_carea' id='block_1_15' title="bbox 214 713 1002 760">
    <p class='ocr_par' dir='ltr' id='par_1_15' title="bbox 214 713 1002 760">
     <span class='ocr_line' id='line_1_15' title="bbox 214 713 1002 760; baseline -0.001 -20"><span class='ocrx_word' id='word_1_98' title='bbox 214 714 279 741; x_wconf 83' lang='lat' dir='ltr'><strong>Vill.</strong></span> <span class='ocrx_word' id='word_1_99' title='bbox 299 714 346 742; x_wconf 90' lang='lat' dir='ltr'><strong>Sic</strong></span> <span class='ocrx_word' id='word_1_100' title='bbox 373 718 476 749; x_wconf 83' lang='lat' dir='ltr'><strong>martyr</strong></span> <span class='ocrx_word' id='word_1_101' title='bbox 497 714 602 740; x_wconf 76' lang='lat' dir='ltr'><strong>delatus</strong></span> <span class='ocrx_word' id='word_1_102' title='bbox 623 713 656 740; x_wconf 89' lang='lat' dir='ltr'><strong>ad</strong></span> <span class='ocrx_word' id='word_1_103' title='bbox 674 713 794 745; x_wconf 79' lang='lat' dir='ltr'><strong>fontem,</strong></span> <span class='ocrx_word' id='word_1_104' title='bbox 818 713 865 748; x_wconf 86' lang='lat' dir='ltr'><strong>qui</strong></span> <span class='ocrx_word' id='word_1_105' title='bbox 886 717 963 740; x_wconf 80' lang='lat' dir='ltr'><strong>extra</strong></span> <span class='ocrx_word' id='word_1_106' title='bbox 981 732 1002 760; x_wconf 77' lang='grc' dir='ltr'><strong><em>Β</em></strong></span> 
     </span>
    </p>
   </div>
   <div class='ocr_carea' id='block_1_16' title="bbox 176 759 966 796">
    <p class='ocr_par' dir='ltr' id='par_1_16' title="bbox 176 759 966 796">
     <span class='ocr_line' id='line_1_16' title="bbox 176 759 966 796; baseline -0.003 -8"><span class='ocrx_word' id='word_1_107' title='bbox 176 761 316 796; x_wconf 90' lang='lat' dir='ltr'><strong>publicum</strong></span> <span class='ocrx_word' id='word_1_108' title='bbox 330 766 457 795; x_wconf 83' lang='lat' dir='ltr'><strong>campum</strong></span> <span class='ocrx_word' id='word_1_109' title='bbox 477 764 529 792; x_wconf 86' lang='lat' dir='ltr'><strong>est,</strong></span> <span class='ocrx_word' id='word_1_110' title='bbox 551 763 579 787; x_wconf 90' lang='lat' dir='ltr'><strong>et</strong></span> <span class='ocrx_word' id='word_1_111' title='bbox 594 759 631 786; x_wconf 88' lang='lat' dir='ltr'><strong>ibi</strong></span> <span class='ocrx_word' id='word_1_112' title='bbox 653 760 680 786; x_wconf 94' lang='lat' dir='ltr'><strong>in</strong></span> <span class='ocrx_word' id='word_1_113' title='bbox 700 767 783 794; x_wconf 88' lang='lat' dir='ltr'><strong>parva</strong></span> <span class='ocrx_word' id='word_1_114' title='bbox 803 759 900 787; x_wconf 93' lang='lat' dir='ltr'><strong>cellula</strong></span> <span class='ocrx_word' id='word_1_115' title='bbox 921 767 966 786; x_wconf 78' lang='lat' dir='ltr'><strong>se-</strong></span> 
     </span>
    </p>
   </div>
   <div class='ocr_carea' id='block_1_17' title="bbox 177 805 966 842">
    <p class='ocr_par' dir='ltr' id='par_1_17' title="bbox 177 805 966 842">
     <span class='ocr_line' id='line_1_17' title="bbox 177 805 966 842; baseline -0.003 -8"><span class='ocrx_word' id='word_1_116' title='bbox 177 807 279 842; x_wconf 73' lang='lat' dir='ltr'><strong>pullus,</strong></span> <span class='ocrx_word' id='word_1_117' title='bbox 296 814 403 841; x_wconf 85' lang='lat' dir='ltr'><strong>semper</strong></span> <span class='ocrx_word' id='word_1_118' title='bbox 423 811 515 833; x_wconf 86' lang='lat' dir='ltr'><strong>tamen</strong></span> <span class='ocrx_word' id='word_1_119' title='bbox 530 805 677 833; x_wconf 87' lang='lat' dir='ltr'><strong>virtutibus</strong></span> <span class='ocrx_word' id='word_1_120' title='bbox 697 813 726 833; x_wconf 84' lang='lat' dir='ltr'><strong>se</strong></span> <span class='ocrx_word' id='word_1_121' title='bbox 743 805 908 840; x_wconf 81' lang='lat' dir='ltr'><strong>publicavit,</strong></span> <span class='ocrx_word' id='word_1_122' title='bbox 929 805 966 832; x_wconf 88' lang='lat' dir='ltr'><strong>ita</strong></span> 
     </span>
    </p>
   </div>
   <div class='ocr_carea' id='block_1_18' title="bbox 178 851 967 888">
    <p class='ocr_par' dir='ltr' id='par_1_18' title="bbox 178 851 967 888">
     <span class='ocr_line' id='line_1_18' title="bbox 178 851 967 888; baseline -0.004 -7"><span class='ocrx_word' id='word_1_123' title='bbox 178 859 208 882; x_wconf 89' lang='lat' dir='ltr'><strong>ut</strong></span> <span class='ocrx_word' id='word_1_124' title='bbox 227 853 294 888; x_wconf 78' lang='lat' dir='ltr'><strong>ipsis</strong></span> <span class='ocrx_word' id='word_1_125' title='bbox 312 860 422 888; x_wconf 87' lang='lat' dir='ltr'><strong>quoque</strong></span> <span class='ocrx_word' id='word_1_126' title='bbox 438 852 598 888; x_wconf 78' lang='lat' dir='ltr'><strong>gentilibus,</strong></span> <span class='ocrx_word' id='word_1_127' title='bbox 614 852 650 880; x_wconf 93' lang='lat' dir='ltr'><strong>ob</strong></span> <span class='ocrx_word' id='word_1_128' title='bbox 665 851 797 879; x_wconf 88' lang='lat' dir='ltr'><strong>miracula</strong></span> <span class='ocrx_word' id='word_1_129' title='bbox 817 857 844 879; x_wconf 88' lang='lat' dir='ltr'><strong>et</strong></span> <span class='ocrx_word' id='word_1_130' title='bbox 864 851 967 879; x_wconf 84' lang='lat' dir='ltr'><strong>sanita-</strong></span> 
     </span>
    </p>
   </div>
   <div class='ocr_carea' id='block_1_19' title="bbox 177 897 965 933">
    <p class='ocr_par' dir='ltr' id='par_1_19' title="bbox 177 897 965 933">
     <span class='ocr_line' id='line_1_19' title="bbox 177 897 965 933; baseline -0.003 -7"><span class='ocrx_word' id='word_1_131' title='bbox 177 905 235 927; x_wconf 89' lang='lat' dir='ltr'><strong>tum</strong></span> <span class='ocrx_word' id='word_1_132' title='bbox 257 899 388 926; x_wconf 81' lang='lat' dir='ltr'><strong>beneticia</strong></span> <span class='ocrx_word' id='word_1_133' title='bbox 407 898 580 933; x_wconf 81' lang='lat' dir='ltr'><strong>stupentibus</strong></span> <span class='ocrx_word' id='word_1_134' title='bbox 594 919 602 931; x_wconf 90' lang='lat'><strong>,</strong></span> <span class='ocrx_word' id='word_1_135' title='bbox 625 898 654 925; x_wconf 90' lang='lat' dir='ltr'><strong>in</strong></span> <span class='ocrx_word' id='word_1_136' title='bbox 672 897 793 925; x_wconf 81' lang='lat' dir='ltr'><strong>maximo</strong></span> <span class='ocrx_word' id='word_1_137' title='bbox 811 898 914 925; x_wconf 86' lang='lat' dir='ltr'><strong>honore</strong></span> <span class='ocrx_word' id='word_1_138' title='bbox 933 905 965 924; x_wconf 89' lang='lat' dir='ltr'><strong>ea</strong></span> 
     </span>
    </p>
   </div>
   <div class='ocr_carea' id='block_1_20' title="bbox 178 943 966 980">
    <p class='ocr_par' dir='ltr' id='par_1_20' title="bbox 178 943 966 980">
     <span class='ocr_line' id='line_1_20' title="bbox 178 943 966 980; baseline -0.004 -7"><span class='ocrx_word' id='word_1_139' title='bbox 178 950 338 980; x_wconf 83' lang='lat' dir='ltr'><strong>tempestate</strong></span> <span class='ocrx_word' id='word_1_140' title='bbox 364 945 508 972; x_wconf 85' lang='lat' dir='ltr'><strong>haberetur</strong></span> <span class='ocrx_word' id='word_1_141' title='bbox 523 944 592 979; x_wconf 80' lang='lat' dir='ltr'><strong>(3i)</strong></span> <span class='ocrx_word' id='word_1_142' title='bbox 605 965 614 978; x_wconf 97' lang='lat'><strong>,</strong></span> <span class='ocrx_word' id='word_1_143' title='bbox 638 953 694 972; x_wconf 89' lang='lat' dir='ltr'><strong>non</strong></span> <span class='ocrx_word' id='word_1_144' title='bbox 714 944 795 979; x_wconf 74' lang='lat' dir='ltr'><strong>longe</strong></span> <span class='ocrx_word' id='word_1_145' title='bbox 819 952 835 971; x_wconf 91' lang='lat' dir='ltr'><strong>a</strong></span> <span class='ocrx_word' id='word_1_146' title='bbox 853 943 966 971; x_wconf 81' lang='lat' dir='ltr'><strong>basilica</strong></span> 
     </span>
    </p>
   </div>
   <div class='ocr_carea' id='block_1_21' title="bbox 178 989 967 1028">
    <p class='ocr_par' dir='ltr' id='par_1_21' title="bbox 178 989 967 1028">
     <span class='ocr_line' id='line_1_21' title="bbox 178 989 967 1028; baseline -0.004 -9"><span class='ocrx_word' id='word_1_147' title='bbox 178 999 300 1028; x_wconf 68' lang='lat' dir='ltr'><strong>sua,quze</strong></span> <span class='ocrx_word' id='word_1_148' title='bbox 306 991 396 1019; x_wconf 89' lang='lat' dir='ltr'><strong>studio</strong></span> <span class='ocrx_word' id='word_1_149' title='bbox 403 996 512 1019; x_wconf 90' lang='lat' dir='ltr'><strong>summo</strong></span> <span class='ocrx_word' id='word_1_150' title='bbox 521 989 650 1019; x_wconf 83' lang='lat' dir='ltr'><strong>antistitis</strong></span> <span class='ocrx_word' id='word_1_151' title='bbox 658 989 714 1025; x_wconf 73' lang='lat'><strong>(52)</strong></span> <span class='ocrx_word' id='word_1_152' title='bbox 722 996 823 1018; x_wconf 68' lang='lat' dir='ltr'><strong>nostra:</strong></span> <span class='ocrx_word' id='word_1_153' title='bbox 841 989 967 1018; x_wconf 74' lang='lat' dir='ltr'><strong>ecclesiae</strong></span> 
     </span>
    </p>
   </div>
   <div class='ocr_carea' id='block_1_22' title="bbox 1014 255 1824 291">
    <p class='ocr_par' dir='ltr' id='par_1_22' title="bbox 1014 255 1824 291">
     <span class='ocr_line' id='line_1_22' title="bbox 1014 255 1824 291; baseline 0.002 -10"><span class='ocrx_word' id='word_1_154' title='bbox 1014 256 1136 283; x_wconf 85' lang='lat' dir='ltr'><strong>muneris</strong></span> <span class='ocrx_word' id='word_1_155' title='bbox 1155 256 1196 283; x_wconf 89' lang='lat' dir='ltr'><strong>sui</strong></span> <span class='ocrx_word' id='word_1_156' title='bbox 1217 261 1311 283; x_wconf 87' lang='lat' dir='ltr'><strong>ornata</strong></span> <span class='ocrx_word' id='word_1_157' title='bbox 1323 256 1478 291; x_wconf 82' lang='lat' dir='ltr'><strong>privilegio,</strong></span> <span class='ocrx_word' id='word_1_158' title='bbox 1500 255 1611 290; x_wconf 84' lang='lat' dir='ltr'><strong>patroni</strong></span> <span class='ocrx_word' id='word_1_159' title='bbox 1629 256 1719 282; x_wconf 82' lang='lat' dir='ltr'><strong>nostri</strong></span> <span class='ocrx_word' id='word_1_160' title='bbox 1737 257 1824 291; x_wconf 70' lang='lat' dir='ltr'><strong>Sym-</strong></span> 
     </span>
    </p>
   </div>
   <div class='ocr_carea' id='block_1_23' title="bbox 1016 301 1825 337">
    <p class='ocr_par' dir='ltr' id='par_1_23' title="bbox 1016 301 1825 337">
     <span class='ocr_line' id='line_1_23' title="bbox 1016 301 1825 337; baseline 0.001 -10"><span class='ocrx_word' id='word_1_161' title='bbox 1016 301 1141 335; x_wconf 84' lang='lat' dir='ltr'><strong>phoriani</strong></span> <span class='ocrx_word' id='word_1_162' title='bbox 1158 303 1284 337; x_wconf 77' lang='lat' dir='ltr'><strong>martyris</strong></span> <span class='ocrx_word' id='word_1_163' title='bbox 1300 301 1400 329; x_wconf 80' lang='lat' dir='ltr'><strong>referta</strong></span> <span class='ocrx_word' id='word_1_164' title='bbox 1418 301 1581 332; x_wconf 81' lang='lat' dir='ltr'><strong>virtutibus,</strong></span> <span class='ocrx_word' id='word_1_165' title='bbox 1599 301 1648 335; x_wconf 89' lang='lat' dir='ltr'><strong>qui</strong></span> <span class='ocrx_word' id='word_1_166' title='bbox 1667 306 1825 335; x_wconf 66' lang='lat' dir='ltr'><strong>praetervo-</strong></span> 
     </span>
    </p>
   </div>
   <div class='ocr_carea' id='block_1_24' title="bbox 1015 346 1824 383">
    <p class='ocr_par' dir='ltr' id='par_1_24' title="bbox 1015 346 1824 383">
     <span class='ocr_line' id='line_1_24' title="bbox 1015 346 1824 383; baseline 0.001 -11"><span class='ocrx_word' id='word_1_167' title='bbox 1015 346 1096 374; x_wconf 88' lang='lat' dir='ltr'><strong>lantis</strong></span> <span class='ocrx_word' id='word_1_168' title='bbox 1111 346 1172 374; x_wconf 60' lang='lat' dir='ltr'><strong>vita;</strong></span> <span class='ocrx_word' id='word_1_169' title='bbox 1187 347 1339 383; x_wconf 77' lang='lat' dir='ltr'><strong>naufragia,</strong></span> <span class='ocrx_word' id='word_1_170' title='bbox 1355 347 1420 374; x_wconf 94' lang='lat' dir='ltr'><strong>dum</strong></span> <span class='ocrx_word' id='word_1_171' title='bbox 1437 347 1471 374; x_wconf 91' lang='lat' dir='ltr'><strong>de</strong></span> <span class='ocrx_word' id='word_1_172' title='bbox 1488 346 1601 374; x_wconf 86' lang='lat' dir='ltr'><strong>diabolo</strong></span> <span class='ocrx_word' id='word_1_173' title='bbox 1619 347 1824 381; x_wconf 64' lang='lat' dir='ltr'><strong>triumpharet~</strong></span> 
     </span>
    </p>
   </div>
   <div class='ocr_carea' id='block_1_25' title="bbox 1014 392 1823 428">
    <p class='ocr_par' dir='ltr' id='par_1_25' title="bbox 1014 392 1823 428">
     <span class='ocr_line' id='line_1_25' title="bbox 1014 392 1823 428; baseline -0.001 -8"><span class='ocrx_word' id='word_1_174' title='bbox 1014 392 1138 424; x_wconf 81' lang='lat' dir='ltr'><strong>exclusit.</strong></span> <span class='ocrx_word' id='word_1_175' title='bbox 1154 392 1280 420; x_wconf 81' lang='lat' dir='ltr'><strong>defensor</strong></span> <span class='ocrx_word' id='word_1_176' title='bbox 1295 393 1383 421; x_wconf 80' lang='lat' dir='ltr'><strong>iactus</strong></span> <span class='ocrx_word' id='word_1_177' title='bbox 1395 393 1492 428; x_wconf 62' lang='lat' dir='ltr'><strong>patrim</strong></span> <span class='ocrx_word' id='word_1_178' title='bbox 1503 401 1573 425; x_wconf 67' lang='lat' dir='ltr'><strong>sum,</strong></span> <span class='ocrx_word' id='word_1_179' title='bbox 1590 393 1659 420; x_wconf 90' lang='lat' dir='ltr'><strong>dum</strong></span> <span class='ocrx_word' id='word_1_180' title='bbox 1673 394 1708 420; x_wconf 90' lang='lat' dir='ltr'><strong>ad</strong></span> <span class='ocrx_word' id='word_1_181' title='bbox 1723 400 1823 420; x_wconf 76' lang='lat' dir='ltr'><strong>veram</strong></span> 
     </span>
    </p>
   </div>
   <div class='ocr_carea' id='block_1_26' title="bbox 1015 438 1826 474">
    <p class='ocr_par' dir='ltr' id='par_1_26' title="bbox 1015 438 1826 474">
     <span class='ocr_line' id='line_1_26' title="bbox 1015 438 1826 474; baseline 0.001 -10"><span class='ocrx_word' id='word_1_182' title='bbox 1015 438 1128 473; x_wconf 87' lang='lat' dir='ltr'><strong>patriam</strong></span> <span class='ocrx_word' id='word_1_183' title='bbox 1152 438 1307 471; x_wconf 83' lang='lat' dir='ltr'><strong>festinaret;</strong></span> <span class='ocrx_word' id='word_1_184' title='bbox 1329 440 1512 474; x_wconf 83' lang='lat' dir='ltr'><strong>apparuitque</strong></span> <span class='ocrx_word' id='word_1_185' title='bbox 1529 439 1620 466; x_wconf 87' lang='lat' dir='ltr'><strong>turris</strong></span> <span class='ocrx_word' id='word_1_186' title='bbox 1645 438 1826 466; x_wconf 82' lang='lat' dir='ltr'><strong>fortitudinis</strong></span> 
     </span>
    </p>
   </div>
   <div class='ocr_carea' id='block_1_27' title="bbox 1016 483 1827 520">
    <p class='ocr_par' dir='ltr' id='par_1_27' title="bbox 1016 483 1827 520">
     <span class='ocr_line' id='line_1_27' title="bbox 1016 483 1827 520; baseline 0.002 -10"><span class='ocrx_word' id='word_1_187' title='bbox 1016 487 1111 511; x_wconf 89' lang='lat' dir='ltr'><strong>contra</strong></span> <span class='ocrx_word' id='word_1_188' title='bbox 1130 483 1225 511; x_wconf 77' lang='lat' dir='ltr'><strong>faciem</strong></span> <span class='ocrx_word' id='word_1_189' title='bbox 1237 484 1407 512; x_wconf 85' lang='lat' dir='ltr'><strong>adversantis</strong></span> <span class='ocrx_word' id='word_1_190' title='bbox 1430 485 1548 518; x_wconf 86' lang='lat' dir='ltr'><strong>inimici,</strong></span> <span class='ocrx_word' id='word_1_191' title='bbox 1569 492 1661 518; x_wconf 89' lang='lat' dir='ltr'><strong>quam</strong></span> <span class='ocrx_word' id='word_1_192' title='bbox 1676 485 1827 520; x_wconf 80' lang='lat' dir='ltr'><strong>sanguinis</strong></span> 
     </span>
    </p>
   </div>
   <div class='ocr_carea' id='block_1_28' title="bbox 1018 530 1827 565">
    <p class='ocr_par' dir='ltr' id='par_1_28' title="bbox 1018 530 1827 565">
     <span class='ocr_line' id='line_1_28' title="bbox 1018 530 1827 565; baseline 0 -7"><span class='ocrx_word' id='word_1_193' title='bbox 1018 530 1061 558; x_wconf 90' lang='lat' dir='ltr'><strong>sui</strong></span> <span class='ocrx_word' id='word_1_194' title='bbox 1084 530 1217 558; x_wconf 70' lang='lat' dir='ltr'><strong>eﬂ&#39;usione</strong></span> <span class='ocrx_word' id='word_1_195' title='bbox 1237 531 1401 559; x_wconf 72' lang='lat' dir='ltr'><strong>construxit.</strong></span> <span class='ocrx_word' id='word_1_196' title='bbox 1430 530 1686 565; x_wconf 77' lang='lat' dir='ltr'><strong>Inexpugnabilem</strong></span> <span class='ocrx_word' id='word_1_197' title='bbox 1710 539 1827 558; x_wconf 76' lang='lat' dir='ltr'><strong>murum</strong></span> 
     </span>
    </p>
   </div>
   <div class='ocr_carea' id='block_1_29' title="bbox 1017 577 1828 613">
    <p class='ocr_par' dir='ltr' id='par_1_29' title="bbox 1017 577 1828 613">
     <span class='ocr_line' id='line_1_29' title="bbox 1017 577 1828 613; baseline 0.001 -9"><span class='ocrx_word' id='word_1_198' title='bbox 1017 577 1120 605; x_wconf 80' lang='lat' dir='ltr'><strong>auxilio</strong></span> <span class='ocrx_word' id='word_1_199' title='bbox 1140 577 1263 612; x_wconf 88' lang='lat' dir='ltr'><strong>corporis</strong></span> <span class='ocrx_word' id='word_1_200' title='bbox 1287 577 1329 605; x_wconf 86' lang='lat' dir='ltr'><strong>sui</strong></span> <span class='ocrx_word' id='word_1_201' title='bbox 1350 578 1480 613; x_wconf 86' lang='lat' dir='ltr'><strong>perennis</strong></span> <span class='ocrx_word' id='word_1_202' title='bbox 1505 578 1664 613; x_wconf 87' lang='lat' dir='ltr'><strong>patrocinii</strong></span> <span class='ocrx_word' id='word_1_203' title='bbox 1690 578 1828 605; x_wconf 80' lang='lat' dir='ltr'><strong>mediator</strong></span> 
     </span>
    </p>
   </div>
   <div class='ocr_carea' id='block_1_30' title="bbox 1017 622 1827 654">
    <p class='ocr_par' dir='ltr' id='par_1_30' title="bbox 1017 622 1827 654">
     <span class='ocr_line' id='line_1_30' title="bbox 1017 622 1827 654; baseline -0.001 -5"><span class='ocrx_word' id='word_1_204' title='bbox 1017 623 1123 654; x_wconf 79' lang='lat' dir='ltr'><strong>attollit,</strong></span> <span class='ocrx_word' id='word_1_205' title='bbox 1143 622 1301 650; x_wconf 89' lang='lat' dir='ltr'><strong>innumeras</strong></span> <span class='ocrx_word' id='word_1_206' title='bbox 1324 623 1482 650; x_wconf 86' lang='lat' dir='ltr'><strong>curationes</strong></span> <span class='ocrx_word' id='word_1_207' title='bbox 1506 623 1685 649; x_wconf 87' lang='lat' dir='ltr'><strong>meritorum</strong></span> <span class='ocrx_word' id='word_1_208' title='bbox 1709 629 1827 649; x_wconf 72' lang='lat' dir='ltr'><strong>suorum</strong></span> 
     </span>
    </p>
   </div>
   <div class='ocr_carea' id='block_1_31' title="bbox 1015 666 1827 702">
    <p class='ocr_par' dir='ltr' id='par_1_31' title="bbox 1015 666 1827 702">
     <span class='ocr_line' id='line_1_31' title="bbox 1015 666 1827 702; baseline -0.001 -9"><span class='ocrx_word' id='word_1_209' title='bbox 1015 667 1116 694; x_wconf 90' lang='lat' dir='ltr'><strong>virtute</strong></span> <span class='ocrx_word' id='word_1_210' title='bbox 1129 667 1223 694; x_wconf 84' lang='lat' dir='ltr'><strong>donat.</strong></span> <span class='ocrx_word' id='word_1_211' title='bbox 1243 666 1365 702; x_wconf 88' lang='lat' dir='ltr'><strong>Denique</strong></span> <span class='ocrx_word' id='word_1_212' title='bbox 1381 675 1430 702; x_wconf 85' lang='lat' dir='ltr'><strong>per</strong></span> <span class='ocrx_word' id='word_1_213' title='bbox 1448 674 1512 694; x_wconf 89' lang='lat' dir='ltr'><strong>eum</strong></span> <span class='ocrx_word' id='word_1_214' title='bbox 1529 666 1618 694; x_wconf 90' lang='lat' dir='ltr'><strong>nobis</strong></span> <span class='ocrx_word' id='word_1_215' title='bbox 1635 666 1714 701; x_wconf 84' lang='lat' dir='ltr'><strong>apud</strong></span> <span class='ocrx_word' id='word_1_216' title='bbox 1731 666 1827 693; x_wconf 84' lang='lat' dir='ltr'><strong>Domi-</strong></span> 
     </span>
    </p>
   </div>
   <div class='ocr_carea' id='block_1_32' title="bbox 1016 712 1827 747">
    <p class='ocr_par' dir='ltr' id='par_1_32' title="bbox 1016 712 1827 747">
     <span class='ocr_line' id='line_1_32' title="bbox 1016 712 1827 747; baseline -0.002 -6"><span class='ocrx_word' id='word_1_217' title='bbox 1016 722 1080 741; x_wconf 91' lang='lat' dir='ltr'><strong>num</strong></span> <span class='ocrx_word' id='word_1_218' title='bbox 1095 713 1187 741; x_wconf 79' lang='lat' dir='ltr'><strong>Jesum</strong></span> <span class='ocrx_word' id='word_1_219' title='bbox 1199 713 1339 741; x_wconf 84' lang='lat' dir='ltr'><strong>Christum</strong></span> <span class='ocrx_word' id='word_1_220' title='bbox 1352 713 1465 740; x_wconf 86' lang='lat' dir='ltr'><strong>evidens</strong></span> <span class='ocrx_word' id='word_1_221' title='bbox 1477 713 1688 740; x_wconf 63' lang='lat' dir='ltr'><strong>misericordia</strong></span> <span class='ocrx_word' id='word_1_222' title='bbox 1698 712 1827 747; x_wconf 78' lang='lat' dir='ltr'><strong>panditur</strong></span> 
     </span>
    </p>
   </div>
   <div class='ocr_carea' id='block_1_33' title="bbox 1020 757 1826 793">
    <p class='ocr_par' dir='ltr' id='par_1_33' title="bbox 1020 757 1826 793">
     <span class='ocr_line' id='line_1_33' title="bbox 1020 757 1826 793; baseline -0.001 -8"><span class='ocrx_word' id='word_1_223' title='bbox 1020 759 1074 792; x_wconf 90' lang='lat' dir='ltr'><strong>via,</strong></span> <span class='ocrx_word' id='word_1_224' title='bbox 1089 763 1117 786; x_wconf 93' lang='lat' dir='ltr'><strong>ut</strong></span> <span class='ocrx_word' id='word_1_225' title='bbox 1133 759 1159 785; x_wconf 90' lang='lat' dir='ltr'><strong>in</strong></span> <span class='ocrx_word' id='word_1_226' title='bbox 1174 759 1297 786; x_wconf 89' lang='lat' dir='ltr'><strong>omnium</strong></span> <span class='ocrx_word' id='word_1_227' title='bbox 1308 763 1436 786; x_wconf 77' lang='lat' dir='ltr'><strong>votorum</strong></span> <span class='ocrx_word' id='word_1_228' title='bbox 1449 758 1661 793; x_wconf 88' lang='lat' dir='ltr'><strong>plenitudinem</strong></span> <span class='ocrx_word' id='word_1_229' title='bbox 1679 757 1746 784; x_wconf 76' lang='lat' dir='ltr'><strong>felix</strong></span> <span class='ocrx_word' id='word_1_230' title='bbox 1758 766 1826 792; x_wconf 76' lang='lat' dir='ltr'><strong>ape-</strong></span> 
     </span>
    </p>
   </div>
   <div class='ocr_carea' id='block_1_34' title="bbox 1019 803 1822 840">
    <p class='ocr_par' dir='ltr' id='par_1_34' title="bbox 1019 803 1822 840">
     <span class='ocr_line' id='line_1_34' title="bbox 1019 803 1822 840; baseline -0.001 -9"><span class='ocrx_word' id='word_1_231' title='bbox 1019 805 1107 831; x_wconf 85' lang='lat' dir='ltr'><strong>riatur</strong></span> <span class='ocrx_word' id='word_1_232' title='bbox 1126 805 1284 839; x_wconf 75' lang='lat' dir='ltr'><strong>ingressus,</strong></span> <span class='ocrx_word' id='word_1_233' title='bbox 1308 808 1455 840; x_wconf 64' lang='lat' dir='ltr'><strong>prazstante</strong></span> <span class='ocrx_word' id='word_1_234' title='bbox 1478 803 1604 831; x_wconf 90' lang='lat' dir='ltr'><strong>Domino</strong></span> <span class='ocrx_word' id='word_1_235' title='bbox 1630 807 1734 830; x_wconf 83' lang='lat' dir='ltr'><strong>nostro</strong></span> <span class='ocrx_word' id='word_1_236' title='bbox 1759 803 1822 830; x_wconf 79' lang='lat' dir='ltr'><strong>Jesn</strong></span> 
     </span>
    </p>
   </div>
   <div class='ocr_carea' id='block_1_35' title="bbox 1019 849 1823 885">
    <p class='ocr_par' dir='ltr' id='par_1_35' title="bbox 1019 849 1823 885">
     <span class='ocr_line' id='line_1_35' title="bbox 1019 849 1823 885; baseline -0.001 -8"><span class='ocrx_word' id='word_1_237' title='bbox 1019 849 1140 884; x_wconf 82' lang='lat' dir='ltr'><strong>Christo,</strong></span> <span class='ocrx_word' id='word_1_238' title='bbox 1153 851 1199 885; x_wconf 87' lang='lat' dir='ltr'><strong>qui</strong></span> <span class='ocrx_word' id='word_1_239' title='bbox 1223 854 1265 878; x_wconf 88' lang='lat' dir='ltr'><strong>est</strong></span> <span class='ocrx_word' id='word_1_240' title='bbox 1278 850 1333 877; x_wconf 90' lang='lat' dir='ltr'><strong>vita</strong></span> <span class='ocrx_word' id='word_1_241' title='bbox 1348 850 1474 877; x_wconf 90' lang='lat' dir='ltr'><strong>omnium</strong></span> <span class='ocrx_word' id='word_1_242' title='bbox 1495 850 1560 877; x_wconf 90' lang='lat' dir='ltr'><strong>sine</strong></span> <span class='ocrx_word' id='word_1_243' title='bbox 1573 850 1634 876; x_wconf 82' lang='lat' dir='ltr'><strong>[ine</strong></span> <span class='ocrx_word' id='word_1_244' title='bbox 1650 854 1823 880; x_wconf 80' lang='lat' dir='ltr'><strong>sanctorum.</strong></span> 
     </span>
    </p>
   </div>
   <div class='ocr_carea' id='block_1_36' title="bbox 1018 895 1821 931">
    <p class='ocr_par' dir='ltr' id='par_1_36' title="bbox 1018 895 1821 931">
     <span class='ocr_line' id='line_1_36' title="bbox 1018 895 1821 931; baseline 0 -7"><span class='ocrx_word' id='word_1_245' title='bbox 1018 901 1045 925; x_wconf 92' lang='lat' dir='ltr'><strong>et</strong></span> <span class='ocrx_word' id='word_1_246' title='bbox 1061 901 1157 931; x_wconf 80' lang='lat' dir='ltr'><strong>regnat</strong></span> <span class='ocrx_word' id='word_1_247' title='bbox 1168 904 1230 924; x_wconf 91' lang='lat' dir='ltr'><strong>cum</strong></span> <span class='ocrx_word' id='word_1_248' title='bbox 1244 896 1324 924; x_wconf 84' lang='lat' dir='ltr'><strong>Patre</strong></span> <span class='ocrx_word' id='word_1_249' title='bbox 1339 897 1366 924; x_wconf 93' lang='lat' dir='ltr'><strong>in</strong></span> <span class='ocrx_word' id='word_1_250' title='bbox 1380 896 1488 924; x_wconf 85' lang='lat' dir='ltr'><strong>unitate</strong></span> <span class='ocrx_word' id='word_1_251' title='bbox 1500 895 1631 931; x_wconf 84' lang='lat' dir='ltr'><strong>Spiritus</strong></span> <span class='ocrx_word' id='word_1_252' title='bbox 1644 896 1734 924; x_wconf 82' lang='lat' dir='ltr'><strong>sancti</strong></span> <span class='ocrx_word' id='word_1_253' title='bbox 1741 895 1821 924; x_wconf 63' lang='lat' dir='ltr'><strong>Deut.</strong></span> 
     </span>
    </p>
   </div>
   <div class='ocr_carea' id='block_1_37' title="bbox 1019 942 1597 978">
    <p class='ocr_par' dir='ltr' id='par_1_37' title="bbox 1019 942 1597 978">
     <span class='ocr_line' id='line_1_37' title="bbox 1019 942 1597 978; baseline -0.002 -7"><span class='ocrx_word' id='word_1_254' title='bbox 1019 951 1068 978; x_wconf 81' lang='lat' dir='ltr'><strong>per</strong></span> <span class='ocrx_word' id='word_1_255' title='bbox 1078 943 1172 971; x_wconf 88' lang='lat' dir='ltr'><strong>omnia</strong></span> <span class='ocrx_word' id='word_1_256' title='bbox 1186 943 1285 971; x_wconf 63' lang='lat' dir='ltr'><strong>sarcula</strong></span> <span class='ocrx_word' id='word_1_257' title='bbox 1298 943 1477 971; x_wconf 71' lang='lat' dir='ltr'><strong>saeculorum.</strong></span> <span class='ocrx_word' id='word_1_258' title='bbox 1491 942 1597 970; x_wconf 81' lang='lat' dir='ltr'><strong>Amen.</strong></span> 
     </span>
    </p>
   </div>
   <div class='ocr_carea' id='block_1_38' title="bbox 974 1181 1078 1238">
    <p class='ocr_par' dir='ltr' id='par_1_38' title="bbox 974 1181 1078 1238">
     <span class='ocr_line' id='line_1_38' title="bbox 974 1181 1078 1238; baseline -0.019 0"><span class='ocrx_word' id='word_1_259' title='bbox 974 1181 1078 1238; x_wconf 82' lang='lat' dir='ltr'><strong>HL</strong></span> 
     </span>
    </p>
   </div>
   <div class='ocr_carea' id='block_1_39' title="bbox 652 1301 1332 1361">
    <p class='ocr_par' dir='ltr' id='par_1_39' title="bbox 652 1301 1332 1361">
     <span class='ocr_line' id='line_1_39' title="bbox 652 1301 1332 1361; baseline -0.004 0"><span class='ocrx_word' id='word_1_260' title='bbox 652 1302 840 1361; x_wconf 86' lang='lat' dir='ltr'><strong>ACTA</strong></span> <span class='ocrx_word' id='word_1_261' title='bbox 900 1301 1332 1360; x_wconf 82' lang='lat' dir='ltr'><strong>SANCTORUM</strong></span> 
     </span>
    </p>
   </div>
   <div class='ocr_carea' id='block_1_40' title="bbox 362 1422 1619 1502">
    <p class='ocr_par' dir='ltr' id='par_1_40' title="bbox 362 1422 1619 1502">
     <span class='ocr_line' id='line_1_40' title="bbox 362 1422 1619 1502; baseline 0.001 -14"><span class='ocrx_word' id='word_1_262' title='bbox 362 1422 766 1502; x_wconf 80' lang='lat' dir='ltr'><strong>ANDOCHII,</strong></span> <span class='ocrx_word' id='word_1_263' title='bbox 816 1424 1113 1490; x_wconf 77' lang='lat' dir='ltr'><strong>THYRSI</strong></span> <span class='ocrx_word' id='word_1_264' title='bbox 1160 1425 1260 1488; x_wconf 88' lang='lat' dir='ltr'><strong>ET</strong></span> <span class='ocrx_word' id='word_1_265' title='bbox 1300 1423 1619 1489; x_wconf 85' lang='lat' dir='ltr'><strong>FELICIS</strong></span> 
     </span>
    </p>
   </div>
   <div class='ocr_carea' id='block_1_41' title="bbox 836 1553 1179 1608">
    <p class='ocr_par' dir='ltr' id='par_1_41' title="bbox 836 1553 1179 1608">
     <span class='ocr_line' id='line_1_41' title="bbox 836 1553 1179 1608; baseline 0.003 -12"><span class='ocrx_word' id='word_1_266' title='bbox 836 1553 1179 1608; x_wconf 72' lang='lat' dir='ltr'><strong>MARTYRUM</strong></span> 
     </span>
    </p>
   </div>
   <div class='ocr_carea' id='block_1_42' title="bbox 503 1649 1506 1689">
    <p class='ocr_par' dir='ltr' id='par_1_42' title="bbox 503 1649 1506 1689">
     <span class='ocr_line' id='line_1_42' title="bbox 503 1649 1506 1689; baseline 0.003 -9"><span class='ocrx_word' id='word_1_267' title='bbox 503 1649 597 1689; x_wconf 85' lang='lat' dir='ltr'><strong>Apud</strong></span> <span class='ocrx_word' id='word_1_268' title='bbox 612 1649 794 1681; x_wconf 87' lang='lat' dir='ltr'><strong>Sidolocum</strong></span> <span class='ocrx_word' id='word_1_269' title='bbox 809 1651 842 1681; x_wconf 93' lang='lat' dir='ltr'><strong>in</strong></span> <span class='ocrx_word' id='word_1_270' title='bbox 859 1650 1022 1682; x_wconf 83' lang='lat' dir='ltr'><strong>territorio</strong></span> <span class='ocrx_word' id='word_1_271' title='bbox 1038 1650 1326 1689; x_wconf 82' lang='lat' dir='ltr'><strong>Augustodunensi</strong></span> <span class='ocrx_word' id='word_1_272' title='bbox 1340 1650 1374 1681; x_wconf 90' lang='lat' dir='ltr'><strong>in</strong></span> <span class='ocrx_word' id='word_1_273' title='bbox 1390 1650 1506 1683; x_wconf 83' lang='lat' dir='ltr'><strong>Gallia.</strong></span> 
     </span>
    </p>
   </div>
   <div class='ocr_carea' id='block_1_43' title="bbox 764 1732 1190 1778">
    <p class='ocr_par' dir='ltr' id='par_1_43' title="bbox 764 1732 1190 1778">
     <span class='ocr_line' id='line_1_43' title="bbox 764 1732 1190 1778; baseline 0.002 -16"><span class='ocrx_word' id='word_1_274' title='bbox 764 1732 954 1778; x_wconf 77' lang='lat' dir='ltr'><strong>AUCTORE</strong></span> <span class='ocrx_word' id='word_1_275' title='bbox 975 1732 1190 1763; x_wconf 79' lang='lat' dir='ltr'><strong>ANONYMO.</strong></span> 
     </span>
    </p>
   </div>
   <div class='ocr_carea' id='block_1_44' title="bbox 212 1812 1791 1848">
    <p class='ocr_par' dir='ltr' id='par_1_44' title="bbox 212 1812 1791 1848">
     <span class='ocr_line' id='line_1_44' title="bbox 212 1812 1791 1848; baseline 0.003 -9"><span class='ocrx_word' id='word_1_276' title='bbox 212 1814 282 1847; x_wconf 75' lang='lat' dir='ltr'><strong>(Acta</strong></span> <span class='ocrx_word' id='word_1_277' title='bbox 296 1814 439 1839; x_wconf 80' lang='lat' dir='ltr'><strong>Sanctorum</strong></span> <span class='ocrx_word' id='word_1_278' title='bbox 452 1812 577 1844; x_wconf 81' lang='lat' dir='ltr'><strong>Bollaud.,</strong></span> <span class='ocrx_word' id='word_1_279' title='bbox 587 1812 729 1845; x_wconf 81' lang='lat' dir='ltr'><strong>Septembr.</strong></span> <span class='ocrx_word' id='word_1_280' title='bbox 743 1816 802 1838; x_wconf 86' lang='lat' dir='ltr'><strong>tom.</strong></span> <span class='ocrx_word' id='word_1_281' title='bbox 816 1814 857 1844; x_wconf 82' lang='lat' dir='ltr'><strong>Vl,</strong></span> <span class='ocrx_word' id='word_1_282' title='bbox 871 1814 913 1839; x_wconf 81' lang='lat' dir='ltr'><strong>die</strong></span> <span class='ocrx_word' id='word_1_283' title='bbox 925 1813 965 1844; x_wconf 64' lang='lat' dir='ltr'><strong>2i,</strong></span> <span class='ocrx_word' id='word_1_284' title='bbox 978 1821 1002 1845; x_wconf 93' lang='lat' dir='ltr'><strong>p.</strong></span> <span class='ocrx_word' id='word_1_285' title='bbox 1014 1813 1069 1845; x_wconf 76' lang='lat'><strong>665,</strong></span> <span class='ocrx_word' id='word_1_286' title='bbox 1081 1821 1113 1841; x_wconf 75' lang='lat' dir='ltr'><strong>ex</strong></span> <span class='ocrx_word' id='word_1_287' title='bbox 1127 1816 1272 1846; x_wconf 84' lang='lat' dir='ltr'><strong>pervelusto</strong></span> <span class='ocrx_word' id='word_1_288' title='bbox 1282 1814 1368 1840; x_wconf 81' lang='lat' dir='ltr'><strong>codice</strong></span> <span class='ocrx_word' id='word_1_289' title='bbox 1378 1821 1426 1840; x_wconf 86' lang='lat' dir='ltr'><strong>ms.</strong></span> <span class='ocrx_word' id='word_1_290' title='bbox 1439 1816 1466 1841; x_wconf 86' lang='lat' dir='ltr'><strong>S.</strong></span> <span class='ocrx_word' id='word_1_291' title='bbox 1482 1815 1592 1848; x_wconf 76' lang='lat' dir='ltr'><strong>Benigni</strong></span> <span class='ocrx_word' id='word_1_292' title='bbox 1604 1817 1791 1848; x_wconf 72' lang='lat' dir='ltr'><strong>Divinum-is.)</strong></span> 
     </span>
    </p>
   </div>
   <div class='ocr_carea' id='block_1_45' title="bbox 219 1962 1809 2000">
    <p class='ocr_par' dir='ltr' id='par_1_45' title="bbox 219 1962 1809 2000">
     <span class='ocr_line' id='line_1_45' title="bbox 219 1962 1809 2000; baseline -0.001 -8"><span class='ocrx_word' id='word_1_293' title='bbox 219 1965 242 1992; x_wconf 90' lang='lat' dir='ltr'><strong>l.</strong></span> <span class='ocrx_word' id='word_1_294' title='bbox 261 1963 410 1999; x_wconf 82' lang='lat' dir='ltr'><strong>Postquam</strong></span> <span class='ocrx_word' id='word_1_295' title='bbox 430 1963 569 1998; x_wconf 78' lang='lat' dir='ltr'><strong>gloriosus</strong></span> <span class='ocrx_word' id='word_1_296' title='bbox 587 1962 706 1991; x_wconf 66' lang='lat' dir='ltr'><strong>lrenaeus</strong></span> <span class='ocrx_word' id='word_1_297' title='bbox 730 1963 798 2000; x_wconf 77' lang='lat'><strong>(55),</strong></span> <span class='ocrx_word' id='word_1_298' title='bbox 820 1964 966 1999; x_wconf 83' lang='lat' dir='ltr'><strong>episcopus</strong></span> <span class='ocrx_word' id='word_1_299' title='bbox 981 1967 1001 1995; x_wconf 87' lang='lat' dir='ltr'><strong>C</strong></span> <span class='ocrx_word' id='word_1_300' title='bbox 1019 1964 1105 1993; x_wconf 75' lang='lat' dir='ltr'><strong>fuisse</strong></span> <span class='ocrx_word' id='word_1_301' title='bbox 1128 1965 1294 1993; x_wconf 88' lang='lat' dir='ltr'><strong>ministrum.</strong></span> <span class='ocrx_word' id='word_1_302' title='bbox 1318 1965 1388 1993; x_wconf 86' lang='lat' dir='ltr'><strong>Ecce</strong></span> <span class='ocrx_word' id='word_1_303' title='bbox 1410 1965 1569 2000; x_wconf 87' lang='lat' dir='ltr'><strong>accepimus</strong></span> <span class='ocrx_word' id='word_1_304' title='bbox 1597 1965 1809 2000; x_wconf 79' lang='lat' dir='ltr'><strong>promissionem</strong></span> 
     </span>
    </p>
   </div>
   <div class='ocr_carea' id='block_1_46' title="bbox 179 2009 967 2046">
    <p class='ocr_par' dir='ltr' id='par_1_46' title="bbox 179 2009 967 2046">
     <span class='ocr_line' id='line_1_46' title="bbox 179 2009 967 2046; baseline -0.003 -8"><span class='ocrx_word' id='word_1_305' title='bbox 179 2016 207 2038; x_wconf 84' lang='lat' dir='ltr'><strong>ct</strong></span> <span class='ocrx_word' id='word_1_306' title='bbox 220 2015 332 2046; x_wconf 80' lang='lat' dir='ltr'><strong>martyr,</strong></span> <span class='ocrx_word' id='word_1_307' title='bbox 347 2009 474 2044; x_wconf 69' lang='lat' dir='ltr'><strong>migravit</strong></span> <span class='ocrx_word' id='word_1_308' title='bbox 490 2009 524 2036; x_wconf 89' lang='lat' dir='ltr'><strong>ad</strong></span> <span class='ocrx_word' id='word_1_309' title='bbox 545 2009 645 2037; x_wconf 70' lang='lat' dir='ltr'><strong>coa&#39;lum</strong></span> <span class='ocrx_word' id='word_1_310' title='bbox 663 2010 732 2045; x_wconf 69' lang='grc'><strong>(54),</strong></span> <span class='ocrx_word' id='word_1_311' title='bbox 746 2009 836 2036; x_wconf 90' lang='lat' dir='ltr'><strong>medio</strong></span> <span class='ocrx_word' id='word_1_312' title='bbox 852 2009 908 2036; x_wconf 77' lang='lat' dir='ltr'><strong>fere</strong></span> <span class='ocrx_word' id='word_1_313' title='bbox 919 2017 967 2036; x_wconf 92' lang='lat' dir='ltr'><strong>no-</strong></span> 
     </span>
    </p>
   </div>
   <div class='ocr_carea' id='block_1_47' title="bbox 179 2055 967 2090">
    <p class='ocr_par' dir='ltr' id='par_1_47' title="bbox 179 2055 967 2090">
     <span class='ocr_line' id='line_1_47' title="bbox 179 2055 967 2090; baseline -0.003 -6"><span class='ocrx_word' id='word_1_314' title='bbox 179 2060 232 2084; x_wconf 84' lang='lat' dir='ltr'><strong>ctis</strong></span> <span class='ocrx_word' id='word_1_315' title='bbox 245 2057 319 2083; x_wconf 88' lang='lat' dir='ltr'><strong>vultu</strong></span> <span class='ocrx_word' id='word_1_316' title='bbox 337 2056 453 2083; x_wconf 87' lang='lat' dir='ltr'><strong>terribili</strong></span> <span class='ocrx_word' id='word_1_317' title='bbox 465 2075 472 2088; x_wconf 84' lang='lat'><em>.</em></span> <span class='ocrx_word' id='word_1_318' title='bbox 491 2056 595 2083; x_wconf 80' lang='lat' dir='ltr'><strong>umer</strong></span> <span class='ocrx_word' id='word_1_319' title='bbox 614 2056 728 2089; x_wconf 79' lang='lat' dir='ltr'><strong>paciﬁca</strong></span> <span class='ocrx_word' id='word_1_320' title='bbox 741 2055 808 2090; x_wconf 78' lang='lat'><strong>(55),</strong></span> <span class='ocrx_word' id='word_1_321' title='bbox 822 2063 884 2082; x_wconf 92' lang='lat' dir='ltr'><strong>cum</strong></span> <span class='ocrx_word' id='word_1_322' title='bbox 896 2055 967 2082; x_wconf 74' lang='lat' dir='ltr'><strong>mul~</strong></span> 
     </span>
    </p>
   </div>
   <div class='ocr_carea' id='block_1_48' title="bbox 180 2100 968 2137">
    <p class='ocr_par' dir='ltr' id='par_1_48' title="bbox 180 2100 968 2137">
     <span class='ocr_line' id='line_1_48' title="bbox 180 2100 968 2137; baseline -0.003 -7"><span class='ocrx_word' id='word_1_323' title='bbox 180 2103 297 2130; x_wconf 87' lang='lat' dir='ltr'><strong>titudine</strong></span> <span class='ocrx_word' id='word_1_324' title='bbox 312 2106 462 2137; x_wconf 83' lang='lat' dir='ltr'><strong>martyrum</strong></span> <span class='ocrx_word' id='word_1_325' title='bbox 475 2101 508 2128; x_wconf 86' lang='lat' dir='ltr'><strong>ad</strong></span> <span class='ocrx_word' id='word_1_326' title='bbox 524 2105 650 2129; x_wconf 89' lang='lat' dir='ltr'><strong>sanctum</strong></span> <span class='ocrx_word' id='word_1_327' title='bbox 662 2101 842 2136; x_wconf 86' lang='lat' dir='ltr'><strong>Polycarpum</strong></span> <span class='ocrx_word' id='word_1_328' title='bbox 855 2100 912 2135; x_wconf 75' lang='lat'><strong>(36)</strong></span> <span class='ocrx_word' id='word_1_329' title='bbox 922 2107 968 2128; x_wconf 86' lang='lat' dir='ltr'><strong>ve-</strong></span> 
     </span>
    </p>
   </div>
   <div class='ocr_carea' id='block_1_49' title="bbox 180 2146 966 2183">
    <p class='ocr_par' dir='ltr' id='par_1_49' title="bbox 180 2146 966 2183">
     <span class='ocr_line' id='line_1_49' title="bbox 180 2146 966 2183; baseline -0.005 -7"><span class='ocrx_word' id='word_1_330' title='bbox 180 2150 274 2182; x_wconf 87' lang='lat' dir='ltr'><strong>niens,</strong></span> <span class='ocrx_word' id='word_1_331' title='bbox 296 2148 334 2176; x_wconf 88' lang='lat' dir='ltr'><strong>ait</strong></span> <span class='ocrx_word' id='word_1_332' title='bbox 350 2158 356 2174; x_wconf 95' lang='lat'>:</span> <span class='ocrx_word' id='word_1_333' title='bbox 374 2148 498 2183; x_wconf 69' lang='lat' dir='ltr'><strong>Agnosee</strong></span> <span class='ocrx_word' id='word_1_334' title='bbox 517 2147 604 2174; x_wconf 86' lang='lat' dir='ltr'><strong>ﬁlium</strong></span> <span class='ocrx_word' id='word_1_335' title='bbox 625 2151 713 2180; x_wconf 88' lang='lat' dir='ltr'><strong>tuum,</strong></span> <span class='ocrx_word' id='word_1_336' title='bbox 729 2154 812 2182; x_wconf 89' lang='lat' dir='ltr'><strong>quem</strong></span> <span class='ocrx_word' id='word_1_337' title='bbox 825 2146 940 2173; x_wconf 71' lang='lat' dir='ltr'><strong>erutlisti</strong></span> <span class='ocrx_word' id='word_1_338' title='bbox 957 2165 966 2178; x_wconf 96' lang='lat'><strong>,</strong></span> 
     </span>
    </p>
   </div>
   <div class='ocr_carea' id='block_1_50' title="bbox 178 2192 965 2229">
    <p class='ocr_par' dir='ltr' id='par_1_50' title="bbox 178 2192 965 2229">
     <span class='ocr_line' id='line_1_50' title="bbox 178 2192 965 2229; baseline -0.001 -9"><span class='ocrx_word' id='word_1_339' title='bbox 178 2193 265 2223; x_wconf 83' lang='lat' dir='ltr'><strong>Pater.</strong></span> <span class='ocrx_word' id='word_1_340' title='bbox 296 2194 395 2222; x_wconf 87' lang='lat' dir='ltr'><strong>Sancte</strong></span> <span class='ocrx_word' id='word_1_341' title='bbox 428 2194 577 2227; x_wconf 82' lang='lat' dir='ltr'><strong>sacerdos,</strong></span> <span class='ocrx_word' id='word_1_342' title='bbox 610 2201 728 2229; x_wconf 80' lang='lat' dir='ltr'><strong>agnosce</strong></span> <span class='ocrx_word' id='word_1_343' title='bbox 757 2192 889 2220; x_wconf 69' lang='lat' dir='ltr'><strong>Irenaaum</strong></span> <span class='ocrx_word' id='word_1_344' title='bbox 917 2192 965 2220; x_wconf 85' lang='lat' dir='ltr'><strong>tibi</strong></span> 
     </span>
    </p>
   </div>
   <div class='ocr_carea' id='block_1_51' title="bbox 216 2272 966 2309">
    <p class='ocr_par' dir='ltr' id='par_1_51' title="bbox 216 2272 966 2309">
     <span class='ocr_line' id='line_1_51' title="bbox 216 2272 966 2309; baseline 0 -9"><span class='ocrx_word' id='word_1_345' title='bbox 216 2274 272 2306; x_wconf 75' lang='lat'><strong>(50)</strong></span> <span class='ocrx_word' id='word_1_346' title='bbox 287 2273 350 2301; x_wconf 59' lang='lat' dir='ltr'><strong>llaec</strong></span> <span class='ocrx_word' id='word_1_347' title='bbox 366 2274 463 2301; x_wconf 89' lang='lat' dir='ltr'><strong>matris</strong></span> <span class='ocrx_word' id='word_1_348' title='bbox 483 2273 678 2309; x_wconf 83' lang='lat' dir='ltr'><strong>Symphoriaui</strong></span> <span class='ocrx_word' id='word_1_349' title='bbox 699 2272 779 2309; x_wconf 80' lang='lat' dir='ltr'><strong>verba</strong></span> <span class='ocrx_word' id='word_1_350' title='bbox 796 2272 910 2309; x_wconf 80' lang='lat' dir='ltr'><strong>egregie</strong></span> <span class='ocrx_word' id='word_1_351' title='bbox 918 2281 966 2300; x_wconf 76' lang='lat' dir='ltr'><strong>ex—</strong></span> 
     </span>
    </p>
   </div>
   <div class='ocr_carea' id='block_1_52' title="bbox 180 2308 968 2340">
    <p class='ocr_par' dir='ltr' id='par_1_52' title="bbox 180 2308 968 2340">
     <span class='ocr_line' id='line_1_52' title="bbox 180 2308 968 2340; baseline -0.001 -4"><span class='ocrx_word' id='word_1_352' title='bbox 180 2310 251 2336; x_wconf 89' lang='lat' dir='ltr'><strong>tollit</strong></span> <span class='ocrx_word' id='word_1_353' title='bbox 267 2309 375 2336; x_wconf 70' lang='lat' dir='ltr'><strong>Missalc</strong></span> <span class='ocrx_word' id='word_1_354' title='bbox 391 2310 546 2340; x_wconf 82' lang='lat' dir='ltr'><strong>Gothicum,</strong></span> <span class='ocrx_word' id='word_1_355' title='bbox 564 2308 610 2335; x_wconf 91' lang='lat' dir='ltr'><strong>ubi</strong></span> <span class='ocrx_word' id='word_1_356' title='bbox 626 2309 652 2334; x_wconf 89' lang='lat' dir='ltr'><strong>in</strong></span> <span class='ocrx_word' id='word_1_357' title='bbox 674 2308 859 2334; x_wconf 85' lang='lat' dir='ltr'><strong>immolatione</strong></span> <span class='ocrx_word' id='word_1_358' title='bbox 877 2308 968 2335; x_wconf 63' lang='lat' dir='ltr'><strong>missa:</strong></span> 
     </span>
    </p>
   </div>
   <div class='ocr_carea' id='block_1_53' title="bbox 180 2343 968 2378">
    <p class='ocr_par' dir='ltr' id='par_1_53' title="bbox 180 2343 968 2378">
     <span class='ocr_line' id='line_1_53' title="bbox 180 2343 968 2378; baseline -0.003 -7"><span class='ocrx_word' id='word_1_359' title='bbox 180 2345 220 2372; x_wconf 83' lang='lat' dir='ltr'><strong>sic</strong></span> <span class='ocrx_word' id='word_1_360' title='bbox 235 2345 347 2378; x_wconf 72' lang='lat' dir='ltr'><strong>legitur:</strong></span> <span class='ocrx_word' id='word_1_361' title='bbox 362 2345 395 2371; x_wconf 79' lang='lat' dir='ltr'><strong>Et</strong></span> <span class='ocrx_word' id='word_1_362' title='bbox 406 2349 524 2370; x_wconf 80' lang='lat' dir='ltr'><strong>materno</strong></span> <span class='ocrx_word' id='word_1_363' title='bbox 538 2344 679 2378; x_wconf 82' lang='lat' dir='ltr'><strong>colloquio,</strong></span> <span class='ocrx_word' id='word_1_364' title='bbox 694 2344 791 2378; x_wconf 83' lang='lat' dir='ltr'><strong>pietate</strong></span> <span class='ocrx_word' id='word_1_365' title='bbox 807 2343 968 2376; x_wconf 78' lang='lat' dir='ltr'><strong>transfertur</strong></span> 
     </span>
    </p>
   </div>
   <div class='ocr_carea' id='block_1_54' title="bbox 180 2377 968 2414">
    <p class='ocr_par' dir='ltr' id='par_1_54' title="bbox 180 2377 968 2414">
     <span class='ocr_line' id='line_1_54' title="bbox 180 2377 968 2414; baseline -0.003 -8"><span class='ocrx_word' id='word_1_366' title='bbox 180 2380 215 2406; x_wconf 86' lang='lat' dir='ltr'><strong>ad</strong></span> <span class='ocrx_word' id='word_1_367' title='bbox 231 2377 380 2414; x_wconf 69' lang='lat' dir='ltr'><strong>prtemium,</strong></span> <span class='ocrx_word' id='word_1_368' title='bbox 401 2387 459 2406; x_wconf 84' lang='lat' dir='ltr'><strong>cum</strong></span> <span class='ocrx_word' id='word_1_369' title='bbox 473 2380 495 2405; x_wconf 72' lang='lat' dir='ltr'><strong>ei</strong></span> <span class='ocrx_word' id='word_1_370' title='bbox 510 2377 662 2406; x_wconf 76' lang='lat' dir='ltr'><strong>insinuatur</strong></span> <span class='ocrx_word' id='word_1_371' title='bbox 683 2387 733 2405; x_wconf 84' lang='lat' dir='ltr'><strong>mm</strong></span> <span class='ocrx_word' id='word_1_372' title='bbox 755 2377 846 2404; x_wconf 81' lang='lat' dir='ltr'><strong>debere</strong></span> <span class='ocrx_word' id='word_1_373' title='bbox 858 2383 968 2405; x_wconf 81' lang='lat' dir='ltr'><strong>mortem</strong></span> 
     </span>
    </p>
   </div>
   <div class='ocr_carea' id='block_1_55' title="bbox 180 2413 967 2449">
    <p class='ocr_par' dir='ltr' id='par_1_55' title="bbox 180 2413 967 2449">
     <span class='ocr_line' id='line_1_55' title="bbox 180 2413 967 2449; baseline -0.001 -9"><span class='ocrx_word' id='word_1_374' title='bbox 180 2420 306 2446; x_wconf 80' lang='lat' dir='ltr'><strong>metuere;</strong></span> <span class='ocrx_word' id='word_1_375' title='bbox 324 2415 385 2449; x_wconf 83' lang='lat' dir='ltr'><strong>quia</strong></span> <span class='ocrx_word' id='word_1_376' title='bbox 402 2414 560 2449; x_wconf 70' lang='lat' dir='ltr'><strong>martyribus</strong></span> <span class='ocrx_word' id='word_1_377' title='bbox 575 2415 629 2441; x_wconf 75' lang='lat' dir='ltr'><strong>vita</strong></span> <span class='ocrx_word' id='word_1_378' title='bbox 648 2422 699 2440; x_wconf 82' lang='lat' dir='ltr'><strong>non</strong></span> <span class='ocrx_word' id='word_1_379' title='bbox 717 2413 830 2446; x_wconf 74' lang='lat' dir='ltr'><strong>tollitur,</strong></span> <span class='ocrx_word' id='word_1_380' title='bbox 844 2414 888 2439; x_wconf 81' lang='lat' dir='ltr'><strong>sed</strong></span> <span class='ocrx_word' id='word_1_381' title='bbox 908 2422 967 2439; x_wconf 87' lang='lat' dir='ltr'><strong>mu-</strong></span> 
     </span>
    </p>
   </div>
   <div class='ocr_carea' id='block_1_56' title="bbox 181 2448 967 2476">
    <p class='ocr_par' dir='ltr' id='par_1_56' title="bbox 181 2448 967 2476">
     <span class='ocr_line' id='line_1_56' title="bbox 181 2448 967 2476; baseline 0 -2"><span class='ocrx_word' id='word_1_382' title='bbox 181 2454 263 2476; x_wconf 82' lang='lat' dir='ltr'><strong>tatur.</strong></span> <span class='ocrx_word' id='word_1_383' title='bbox 287 2449 314 2476; x_wconf 89' lang='lat' dir='ltr'><strong>lu</strong></span> <span class='ocrx_word' id='word_1_384' title='bbox 330 2448 495 2476; x_wconf 33' lang='lat' dir='ltr'><strong>&#39;l’raefatiOnc</strong></span> <span class='ocrx_word' id='word_1_385' title='bbox 517 2457 598 2476; x_wconf 84' lang='lat' dir='ltr'><strong>vero:</strong></span> <span class='ocrx_word' id='word_1_386' title='bbox 621 2449 695 2476; x_wconf 82' lang='lat' dir='ltr'><strong>Sicut</strong></span> <span class='ocrx_word' id='word_1_387' title='bbox 713 2449 790 2475; x_wconf 80' lang='lat' dir='ltr'><strong>illum</strong></span> <span class='ocrx_word' id='word_1_388' title='bbox 816 2448 967 2475; x_wconf 68' lang='lat' dir='ltr'><strong>exhortatio</strong></span> 
     </span>
    </p>
   </div>
   <div class='ocr_carea' id='block_1_57' title="bbox 179 2484 966 2519">
    <p class='ocr_par' dir='ltr' id='par_1_57' title="bbox 179 2484 966 2519">
     <span class='ocr_line' id='line_1_57' title="bbox 179 2484 966 2519; baseline -0.003 -8"><span class='ocrx_word' id='word_1_389' title='bbox 179 2485 230 2519; x_wconf 71' lang='lat' dir='ltr'><strong>pitu</strong></span> <span class='ocrx_word' id='word_1_390' title='bbox 246 2485 338 2511; x_wconf 78' lang='lat' dir='ltr'><strong>matris</strong></span> <span class='ocrx_word' id='word_1_391' title='bbox 353 2485 447 2511; x_wconf 71' lang='lat' dir='ltr'><strong>extulit</strong></span> <span class='ocrx_word' id='word_1_392' title='bbox 468 2484 502 2510; x_wconf 75' lang='lat' dir='ltr'><strong>ad</strong></span> <span class='ocrx_word' id='word_1_393' title='bbox 521 2484 696 2519; x_wconf 80' lang='lat' dir='ltr'><strong>peragendum</strong></span> <span class='ocrx_word' id='word_1_394' title='bbox 717 2484 869 2510; x_wconf 82' lang='lat' dir='ltr'><strong>certaminis</strong></span> <span class='ocrx_word' id='word_1_395' title='bbox 889 2484 966 2518; x_wconf 75' lang='lat' dir='ltr'><strong>hujus</strong></span> 
     </span>
    </p>
   </div>
   <div class='ocr_carea' id='block_1_58' title="bbox 179 2519 965 2553">
    <p class='ocr_par' dir='ltr' id='par_1_58' title="bbox 179 2519 965 2553">
     <span class='ocr_line' id='line_1_58' title="bbox 179 2519 965 2553; baseline 0 -7"><span class='ocrx_word' id='word_1_396' title='bbox 179 2520 332 2551; x_wconf 68' lang='lat' dir='ltr'><strong>victoriam;</strong></span> <span class='ocrx_word' id='word_1_397' title='bbox 352 2520 429 2546; x_wconf 76' lang='lat' dir='ltr'><strong>itaet</strong></span> <span class='ocrx_word' id='word_1_398' title='bbox 447 2528 504 2552; x_wconf 71' lang='lat' dir='ltr'><strong>nos,</strong></span> <span class='ocrx_word' id='word_1_399' title='bbox 525 2524 576 2546; x_wconf 87' lang='lat' dir='ltr'><strong>etc.</strong></span> <span class='ocrx_word' id='word_1_400' title='bbox 601 2519 676 2546; x_wconf 89' lang='lat' dir='ltr'><strong>Unde</strong></span> <span class='ocrx_word' id='word_1_401' title='bbox 695 2524 807 2553; x_wconf 81' lang='lat' dir='ltr'><strong>apparet</strong></span> <span class='ocrx_word' id='word_1_402' title='bbox 819 2526 850 2546; x_wconf 89' lang='lat' dir='ltr'><strong>ea</strong></span> <span class='ocrx_word' id='word_1_403' title='bbox 864 2527 924 2552; x_wconf 69' lang='lat' dir='ltr'><strong>quae</strong></span> <span class='ocrx_word' id='word_1_404' title='bbox 939 2519 965 2546; x_wconf 93' lang='lat' dir='ltr'><strong>in</strong></span> 
     </span>
    </p>
   </div>
   <div class='ocr_carea' id='block_1_59' title="bbox 1020 2010 1810 2046">
    <p class='ocr_par' dir='ltr' id='par_1_59' title="bbox 1020 2010 1810 2046">
     <span class='ocr_line' id='line_1_59' title="bbox 1020 2010 1810 2046; baseline -0.003 -8"><span class='ocrx_word' id='word_1_405' title='bbox 1020 2019 1101 2046; x_wconf 92' lang='lat' dir='ltr'><strong>quam</strong></span> <span class='ocrx_word' id='word_1_406' title='bbox 1117 2011 1196 2038; x_wconf 85' lang='lat' dir='ltr'><strong>nobis</strong></span> <span class='ocrx_word' id='word_1_407' title='bbox 1210 2011 1338 2046; x_wconf 90' lang='lat' dir='ltr'><strong>promisit</strong></span> <span class='ocrx_word' id='word_1_408' title='bbox 1353 2011 1412 2039; x_wconf 80' lang='lat' dir='ltr'><strong>Rex</strong></span> <span class='ocrx_word' id='word_1_409' title='bbox 1431 2011 1565 2039; x_wconf 78' lang='lat' dir='ltr'><strong>ccelorum</strong></span> <span class='ocrx_word' id='word_1_410' title='bbox 1588 2016 1618 2038; x_wconf 82' lang='lat' dir='ltr'><strong>et</strong></span> <span class='ocrx_word' id='word_1_411' title='bbox 1633 2016 1725 2038; x_wconf 73' lang='lat' dir='ltr'><strong>terrae.</strong></span> <span class='ocrx_word' id='word_1_412' title='bbox 1744 2010 1810 2037; x_wconf 65' lang='lat' dir='ltr'><strong>Nihil</strong></span> 
     </span>
    </p>
   </div>
   <div class='ocr_carea' id='block_1_60' title="bbox 1020 2055 1811 2091">
    <p class='ocr_par' dir='ltr' id='par_1_60' title="bbox 1020 2055 1811 2091">
     <span class='ocr_line' id='line_1_60' title="bbox 1020 2055 1811 2091; baseline -0.003 -7"><span class='ocrx_word' id='word_1_413' title='bbox 1020 2057 1100 2084; x_wconf 87' lang='lat' dir='ltr'><strong>nobis</strong></span> <span class='ocrx_word' id='word_1_414' title='bbox 1111 2056 1144 2084; x_wconf 90' lang='lat' dir='ltr'><strong>de</strong></span> <span class='ocrx_word' id='word_1_415' title='bbox 1158 2057 1343 2091; x_wconf 87' lang='lat' dir='ltr'><strong>promissione</strong></span> <span class='ocrx_word' id='word_1_416' title='bbox 1358 2064 1408 2084; x_wconf 90' lang='lat' dir='ltr'><strong>sua</strong></span> <span class='ocrx_word' id='word_1_417' title='bbox 1426 2056 1564 2084; x_wconf 78' lang='lat' dir='ltr'><strong>fraudavit</strong></span> <span class='ocrx_word' id='word_1_418' title='bbox 1578 2055 1751 2090; x_wconf 80' lang='lat' dir='ltr'><strong>Redemer</strong></span> <span class='ocrx_word' id='word_1_419' title='bbox 1763 2063 1811 2082; x_wconf 81' lang='lat' dir='ltr'><strong>no-</strong></span> 
     </span>
    </p>
   </div>
   <div class='ocr_carea' id='block_1_61' title="bbox 1021 2102 1812 2136">
    <p class='ocr_par' dir='ltr' id='par_1_61' title="bbox 1021 2102 1812 2136">
     <span class='ocr_line' id='line_1_61' title="bbox 1021 2102 1812 2136; baseline -0.003 -6"><span class='ocrx_word' id='word_1_420' title='bbox 1021 2107 1087 2131; x_wconf 87' lang='lat' dir='ltr'><strong>ster.</strong></span> <span class='ocrx_word' id='word_1_421' title='bbox 1103 2102 1173 2130; x_wconf 76' lang='lat' dir='ltr'><strong>Audi</strong></span> <span class='ocrx_word' id='word_1_422' title='bbox 1184 2123 1191 2136; x_wconf 94' lang='lat'><strong>,</strong></span> <span class='ocrx_word' id='word_1_423' title='bbox 1210 2102 1303 2136; x_wconf 86' lang='lat' dir='ltr'><strong>Pater,</strong></span> <span class='ocrx_word' id='word_1_424' title='bbox 1321 2103 1405 2130; x_wconf 87' lang='lat' dir='ltr'><strong>verba</strong></span> <span class='ocrx_word' id='word_1_425' title='bbox 1418 2102 1465 2130; x_wconf 85' lang='lat' dir='ltr'><strong>ﬁlii</strong></span> <span class='ocrx_word' id='word_1_426' title='bbox 1481 2102 1521 2129; x_wconf 84' lang='lat' dir='ltr'><strong>tui</strong></span> <span class='ocrx_word' id='word_1_427' title='bbox 1541 2111 1548 2128; x_wconf 84' lang='lat'><strong>:</strong></span> <span class='ocrx_word' id='word_1_428' title='bbox 1565 2102 1726 2129; x_wconf 81' lang='lat' dir='ltr'><strong>transmitte</strong></span> <span class='ocrx_word' id='word_1_429' title='bbox 1741 2108 1812 2128; x_wconf 84' lang='lat' dir='ltr'><strong>nunc</strong></span> 
     </span>
    </p>
   </div>
   <div class='ocr_carea' id='block_1_62' title="bbox 1021 2147 1809 2184">
    <p class='ocr_par' dir='ltr' id='par_1_62' title="bbox 1021 2147 1809 2184">
     <span class='ocr_line' id='line_1_62' title="bbox 1021 2147 1809 2184; baseline -0.004 -8"><span class='ocrx_word' id='word_1_430' title='bbox 1021 2149 1092 2176; x_wconf 89' lang='lat' dir='ltr'><strong>duos</strong></span> <span class='ocrx_word' id='word_1_431' title='bbox 1105 2149 1293 2184; x_wconf 84' lang='lat' dir='ltr'><strong>presbyteros,</strong></span> <span class='ocrx_word' id='word_1_432' title='bbox 1317 2148 1342 2176; x_wconf 88' lang='lat' dir='ltr'><strong>id</strong></span> <span class='ocrx_word' id='word_1_433' title='bbox 1357 2153 1400 2176; x_wconf 88' lang='lat' dir='ltr'><strong>est</strong></span> <span class='ocrx_word' id='word_1_434' title='bbox 1412 2148 1585 2176; x_wconf 76' lang='lat' dir='ltr'><strong>Andochium</strong></span> <span class='ocrx_word' id='word_1_435' title='bbox 1601 2153 1630 2175; x_wconf 86' lang='lat' dir='ltr'><strong>et</strong></span> <span class='ocrx_word' id='word_1_436' title='bbox 1646 2147 1809 2183; x_wconf 77' lang='lat' dir='ltr'><strong>Benignum,</strong></span> 
     </span>
    </p>
   </div>
   <div class='ocr_carea' id='block_1_63' title="bbox 1021 2194 1810 2231">
    <p class='ocr_par' dir='ltr' id='par_1_63' title="bbox 1021 2194 1810 2231">
     <span class='ocr_line' id='line_1_63' title="bbox 1021 2194 1810 2231; baseline -0.003 -9"><span class='ocrx_word' id='word_1_437' title='bbox 1021 2200 1046 2222; x_wconf 87' lang='lat' dir='ltr'><strong>et</strong></span> <span class='ocrx_word' id='word_1_438' title='bbox 1067 2195 1202 2231; x_wconf 89' lang='lat' dir='ltr'><strong>Thyrsum</strong></span> <span class='ocrx_word' id='word_1_439' title='bbox 1227 2195 1384 2229; x_wconf 78' lang='lat' dir='ltr'><strong>diaconum,</strong></span> <span class='ocrx_word' id='word_1_440' title='bbox 1408 2194 1559 2222; x_wconf 83' lang='lat' dir='ltr'><strong>Galliarum</strong></span> <span class='ocrx_word' id='word_1_441' title='bbox 1582 2194 1713 2227; x_wconf 67' lang='lat' dir='ltr'><strong>urhiius,</strong></span> <span class='ocrx_word' id='word_1_442' title='bbox 1738 2194 1810 2221; x_wconf 79' lang='lat' dir='ltr'><strong>viros</strong></span> 
     </span>
    </p>
   </div>
   <div class='ocr_carea' id='block_1_64' title="bbox 1019 2273 1808 2309">
    <p class='ocr_par' dir='ltr' id='par_1_64' title="bbox 1019 2273 1808 2309">
     <span class='ocr_line' id='line_1_64' title="bbox 1019 2273 1808 2309; baseline -0.004 -7"><span class='ocrx_word' id='word_1_443' title='bbox 1019 2275 1109 2302; x_wconf 72' lang='lat' dir='ltr'><strong>sazculi</strong></span> <span class='ocrx_word' id='word_1_444' title='bbox 1124 2274 1210 2309; x_wconf 85' lang='lat' dir='ltr'><strong>quinti</strong></span> <span class='ocrx_word' id='word_1_445' title='bbox 1229 2273 1348 2301; x_wconf 86' lang='lat' dir='ltr'><strong>medium</strong></span> <span class='ocrx_word' id='word_1_446' title='bbox 1359 2273 1462 2309; x_wconf 76' lang='lat' dir='ltr'><strong>ﬂoruit,</strong></span> <span class='ocrx_word' id='word_1_447' title='bbox 1475 2280 1530 2307; x_wconf 86' lang='lat' dir='ltr'><strong>quo</strong></span> <span class='ocrx_word' id='word_1_448' title='bbox 1545 2278 1680 2309; x_wconf 80' lang='lat' dir='ltr'><strong>tempore,</strong></span> <span class='ocrx_word' id='word_1_449' title='bbox 1702 2280 1734 2299; x_wconf 82' lang='lat' dir='ltr'><strong>ea</strong></span> <span class='ocrx_word' id='word_1_450' title='bbox 1749 2281 1808 2307; x_wconf 71' lang='lat' dir='ltr'><strong>qua:</strong></span> 
     </span>
    </p>
   </div>
   <div class='ocr_carea' id='block_1_65' title="bbox 1019 2308 1807 2344">
    <p class='ocr_par' dir='ltr' id='par_1_65' title="bbox 1019 2308 1807 2344">
     <span class='ocr_line' id='line_1_65' title="bbox 1019 2308 1807 2344; baseline -0.005 -6"><span class='ocrx_word' id='word_1_451' title='bbox 1019 2315 1179 2344; x_wconf 83' lang='lat' dir='ltr'><strong>sequunturI</strong></span> <span class='ocrx_word' id='word_1_452' title='bbox 1200 2310 1274 2336; x_wconf 85' lang='lat' dir='ltr'><strong>Actis</strong></span> <span class='ocrx_word' id='word_1_453' title='bbox 1289 2309 1359 2336; x_wconf 84' lang='lat' dir='ltr'><strong>beati</strong></span> <span class='ocrx_word' id='word_1_454' title='bbox 1375 2308 1568 2344; x_wconf 75' lang='lat' dir='ltr'><strong>Symphoriani</strong></span> <span class='ocrx_word' id='word_1_455' title='bbox 1583 2309 1714 2343; x_wconf 83' lang='lat' dir='ltr'><strong>adjuncta</strong></span> <span class='ocrx_word' id='word_1_456' title='bbox 1736 2314 1807 2341; x_wconf 85' lang='lat' dir='ltr'><strong>sunt,</strong></span> 
     </span>
    </p>
   </div>
   <div class='ocr_carea' id='block_1_66' title="bbox 1019 2343 1747 2380">
    <p class='ocr_par' dir='ltr' id='par_1_66' title="bbox 1019 2343 1747 2380">
     <span class='ocr_line' id='line_1_66' title="bbox 1019 2343 1747 2380; baseline -0.004 -8"><span class='ocrx_word' id='word_1_457' title='bbox 1019 2343 1079 2380; x_wconf 73' lang='lat' dir='ltr'><strong>quie</strong></span> <span class='ocrx_word' id='word_1_458' title='bbox 1092 2346 1152 2372; x_wconf 87' lang='lat' dir='ltr'><strong>ideo</strong></span> <span class='ocrx_word' id='word_1_459' title='bbox 1167 2345 1193 2371; x_wconf 93' lang='lat' dir='ltr'><strong>in</strong></span> <span class='ocrx_word' id='word_1_460' title='bbox 1210 2345 1347 2380; x_wconf 75' lang='lat' dir='ltr'><strong>plerisque</strong></span> <span class='ocrx_word' id='word_1_461' title='bbox 1362 2343 1526 2380; x_wconf 33' lang='lat' dir='ltr'><strong>coddrmss.</strong></span> <span class='ocrx_word' id='word_1_462' title='bbox 1542 2343 1747 2380; x_wconf 69' lang='lat' dir='ltr'><strong>desiderantur.</strong></span> 
     </span>
    </p>
   </div>
   <div class='ocr_carea' id='block_1_67' title="bbox 1056 2378 1804 2414">
    <p class='ocr_par' dir='ltr' id='par_1_67' title="bbox 1056 2378 1804 2414">
     <span class='ocr_line' id='line_1_67' title="bbox 1056 2378 1804 2414; baseline -0.005 -7"><span class='ocrx_word' id='word_1_463' title='bbox 1056 2381 1112 2414; x_wconf 78' lang='grc'><strong>(55)</strong></span> <span class='ocrx_word' id='word_1_464' title='bbox 1137 2380 1230 2407; x_wconf 85' lang='lat' dir='ltr'><strong>Sancti</strong></span> <span class='ocrx_word' id='word_1_465' title='bbox 1254 2378 1348 2406; x_wconf 70' lang='lat' dir='ltr'><strong>lrentei</strong></span> <span class='ocrx_word' id='word_1_466' title='bbox 1379 2378 1572 2413; x_wconf 73' lang='lat' dir='ltr'><strong>Lugdunensis</strong></span> <span class='ocrx_word' id='word_1_467' title='bbox 1595 2379 1623 2405; x_wconf 94' lang='lat' dir='ltr'><strong>in</strong></span> <span class='ocrx_word' id='word_1_468' title='bbox 1643 2378 1732 2405; x_wconf 83' lang='lat' dir='ltr'><strong>Gallia</strong></span> <span class='ocrx_word' id='word_1_469' title='bbox 1748 2379 1804 2412; x_wconf 85' lang='lat' dir='ltr'><strong>epi-</strong></span> 
     </span>
    </p>
   </div>
   <div class='ocr_carea' id='block_1_68' title="bbox 1020 2413 1805 2450">
    <p class='ocr_par' dir='ltr' id='par_1_68' title="bbox 1020 2413 1805 2450">
     <span class='ocr_line' id='line_1_68' title="bbox 1020 2413 1805 2450; baseline -0.004 -8"><span class='ocrx_word' id='word_1_470' title='bbox 1020 2416 1094 2450; x_wconf 85' lang='lat' dir='ltr'><strong>scopi</strong></span> <span class='ocrx_word' id='word_1_471' title='bbox 1106 2421 1133 2442; x_wconf 89' lang='lat' dir='ltr'><strong>et</strong></span> <span class='ocrx_word' id='word_1_472' title='bbox 1146 2415 1274 2450; x_wconf 85' lang='lat' dir='ltr'><strong>martyris</strong></span> <span class='ocrx_word' id='word_1_473' title='bbox 1291 2419 1366 2450; x_wconf 81' lang='lat' dir='ltr'><strong>gesta</strong></span> <span class='ocrx_word' id='word_1_474' title='bbox 1381 2414 1452 2448; x_wconf 89' lang='lat' dir='ltr'><strong>apud</strong></span> <span class='ocrx_word' id='word_1_475' title='bbox 1466 2422 1518 2441; x_wconf 81' lang='lat' dir='ltr'><strong>nos</strong></span> <span class='ocrx_word' id='word_1_476' title='bbox 1534 2413 1672 2450; x_wconf 61' lang='lat' dir='ltr'><strong>illustrata</strong></span> <span class='ocrx_word' id='word_1_477' title='bbox 1690 2414 1805 2450; x_wconf 17' lang='lat' dir='ltr'><strong>rsuntad</strong></span> 
     </span>
    </p>
   </div>
   <div class='ocr_carea' id='block_1_69' title="bbox 1019 2423 1806 2482">
    <p class='ocr_par' dir='ltr' id='par_1_69' title="bbox 1019 2423 1806 2482">
     <span class='ocr_line' id='line_1_69' title="bbox 1020 2423 1805 2450; baseline -0.004 -8"><span class='ocrx_word' id='word_1_478' title='bbox 1020 2424 1094 2450; x_wconf 68' lang='lat' dir='ltr'><strong>SCOPI</strong></span> <span class='ocrx_word' id='word_1_479' title='bbox 1106 2423 1133 2442; x_wconf 73' lang='lat' dir='ltr'><strong>Cl</strong></span> <span class='ocrx_word' id='word_1_480' title='bbox 1146 2423 1274 2445; x_wconf 65' lang='lat' dir='ltr'><strong>&quot;larlvrls</strong></span> <span class='ocrx_word' id='word_1_481' title='bbox 1307 2423 1366 2441; x_wconf 74' lang='lat' dir='ltr'><strong>eSl-a</strong></span> <span class='ocrx_word' id='word_1_482' title='bbox 1381 2423 1452 2448; x_wconf 79' lang='lat' dir='ltr'><strong>apuu</strong></span> <span class='ocrx_word' id='word_1_483' title='bbox 1466 2423 1518 2441; x_wconf 72' lang='lat' dir='ltr'><strong>“US</strong></span> <span class='ocrx_word' id='word_1_484' title='bbox 1534 2423 1672 2441; x_wconf 63' lang='lat' dir='ltr'><strong>Illustrat:</strong></span> <span class='ocrx_word' id='word_1_485' title='bbox 1697 2423 1761 2440; x_wconf 88' lang='lat' dir='ltr'><strong>sum</strong></span> <span class='ocrx_word' id='word_1_486' title='bbox 1775 2423 1805 2439; x_wconf 61' lang='grc'><strong>341</strong></span> 
     </span>
     <span class='ocr_line' id='line_1_70' title="bbox 1019 2423 1806 2482; baseline -0.004 -4"><span class='ocrx_word' id='word_1_487' title='bbox 1019 2451 1090 2479; x_wconf 90' lang='lat' dir='ltr'><strong>diem</strong></span> <span class='ocrx_word' id='word_1_488' title='bbox 1106 2451 1141 2477; x_wconf 74' lang='lat'><strong>28</strong></span> <span class='ocrx_word' id='word_1_489' title='bbox 1166 2445 1250 2482; x_wconf 81' lang='lat' dir='ltr'><strong>Junii,</strong></span> <span class='ocrx_word' id='word_1_490' title='bbox 1278 2423 1322 2477; x_wconf 59' lang='lat' dir='ltr'><strong>uliii</strong></span> <span class='ocrx_word' id='word_1_491' title='bbox 1343 2456 1397 2475; x_wconf 90' lang='lat' dir='ltr'><strong>non</strong></span> <span class='ocrx_word' id='word_1_492' title='bbox 1421 2453 1486 2476; x_wconf 81' lang='lat' dir='ltr'><strong>ante</strong></span> <span class='ocrx_word' id='word_1_493' title='bbox 1506 2456 1613 2476; x_wconf 85' lang='lat' dir='ltr'><strong>annum</strong></span> <span class='ocrx_word' id='word_1_494' title='bbox 1627 2449 1733 2476; x_wconf 89' lang='lat' dir='ltr'><strong>Christi</strong></span> <span class='ocrx_word' id='word_1_495' title='bbox 1757 2448 1806 2475; x_wconf 61' lang='grc' dir='ltr'><strong>ωε</strong></span> 
     </span>
    </p>
   </div>
   <div class='ocr_carea' id='block_1_70' title="bbox 1019 2485 1395 2521">
    <p class='ocr_par' dir='ltr' id='par_1_70' title="bbox 1019 2485 1395 2521">
     <span class='ocr_line' id='line_1_71' title="bbox 1019 2485 1395 2521; baseline -0.005 -9"><span class='ocrx_word' id='word_1_496' title='bbox 1019 2493 1114 2521; x_wconf 83' lang='lat' dir='ltr'><strong>passus</strong></span> <span class='ocrx_word' id='word_1_497' title='bbox 1130 2485 1215 2513; x_wconf 77' lang='lat' dir='ltr'><strong>fuisse</strong></span> <span class='ocrx_word' id='word_1_498' title='bbox 1234 2485 1395 2521; x_wconf 78' lang='lat' dir='ltr'><strong>ostenditur.</strong></span> 
     </span>
    </p>
   </div>
   <div class='ocr_carea' id='block_1_71' title="bbox 1056 2518 1806 2555">
    <p class='ocr_par' dir='ltr' id='par_1_71' title="bbox 1056 2518 1806 2555">
     <span class='ocr_line' id='line_1_72' title="bbox 1056 2518 1806 2555; baseline -0.001 -8"><span class='ocrx_word' id='word_1_499' title='bbox 1056 2521 1112 2555; x_wconf 73' lang='grc'><strong>(54)</strong></span> <span class='ocrx_word' id='word_1_500' title='bbox 1128 2520 1209 2548; x_wconf 83' lang='lat' dir='ltr'><strong>Notat</strong></span> <span class='ocrx_word' id='word_1_501' title='bbox 1228 2519 1377 2547; x_wconf 86' lang='lat' dir='ltr'><strong>Cbillletius</strong></span> <span class='ocrx_word' id='word_1_502' title='bbox 1395 2519 1423 2546; x_wconf 92' lang='lat' dir='ltr'><strong>in</strong></span> <span class='ocrx_word' id='word_1_503' title='bbox 1444 2518 1540 2546; x_wconf 78' lang='lat' dir='ltr'><strong>codice</strong></span> <span class='ocrx_word' id='word_1_504' title='bbox 1553 2518 1690 2547; x_wconf 82' lang='lat' dir='ltr'><strong>Vaticano</strong></span> <span class='ocrx_word' id='word_1_505' title='bbox 1705 2520 1750 2547; x_wconf 87' lang='lat' dir='ltr'><strong>hic</strong></span> <span class='ocrx_word' id='word_1_506' title='bbox 1763 2528 1806 2555; x_wconf 84' lang='lat' dir='ltr'><strong>ap-</strong></span> 
     </span>
    </p>
   </div>
   <div class='ocr_carea' id='block_1_72' title="bbox 180 2552 1399 2592">
    <p class='ocr_par' dir='ltr' id='par_1_72' title="bbox 180 2552 1399 2592">
     <span class='ocr_line' id='line_1_73' title="bbox 180 2552 1399 2592; baseline -0.001 -11"><span class='ocrx_word' id='word_1_507' title='bbox 180 2554 232 2592; x_wconf 66' lang='lat' dir='ltr'><strong>lgac</strong></span> <span class='ocrx_word' id='word_1_508' title='bbox 245 2555 327 2582; x_wconf 83' lang='lat' dir='ltr'><strong>missa</strong></span> <span class='ocrx_word' id='word_1_509' title='bbox 336 2555 380 2592; x_wconf 36' lang='lat' dir='ltr'><strong>Ade</strong></span> <span class='ocrx_word' id='word_1_510' title='bbox 401 2554 601 2590; x_wconf 82' lang='lat' dir='ltr'><strong>Symphoriano</strong></span> <span class='ocrx_word' id='word_1_511' title='bbox 621 2552 764 2586; x_wconf 81' lang='lat' dir='ltr'><strong>habentur,</strong></span> <span class='ocrx_word' id='word_1_512' title='bbox 785 2562 817 2581; x_wconf 77' lang='lat' dir='ltr'><strong>ex</strong></span> <span class='ocrx_word' id='word_1_513' title='bbox 834 2553 876 2581; x_wconf 89' lang='lat' dir='ltr'><strong>his</strong></span> <span class='ocrx_word' id='word_1_514' title='bbox 891 2554 968 2582; x_wconf 83' lang='lat' dir='ltr'><strong>Actis</strong></span> <span class='ocrx_word' id='word_1_515' title='bbox 984 2552 1005 2580; x_wconf 90' lang='lat' dir='ltr'><strong>D</strong></span> <span class='ocrx_word' id='word_1_516' title='bbox 1020 2552 1202 2592; x_wconf 66' lang='lat' dir='ltr'><strong>positlimlegi</strong></span> <span class='ocrx_word' id='word_1_517' title='bbox 1220 2555 1330 2592; x_wconf 56' lang='lat' dir='ltr'><strong>septimo</strong></span> <span class='ocrx_word' id='word_1_518' title='bbox 1347 2555 1399 2581; x_wconf 82' lang='lat' dir='ltr'><strong>die.</strong></span> 
     </span>
    </p>
   </div>
   <div class='ocr_carea' id='block_1_73' title="bbox 180 2589 429 2623">
    <p class='ocr_par' dir='ltr' id='par_1_73' title="bbox 180 2589 429 2623">
     <span class='ocr_line' id='line_1_74' title="bbox 180 2589 429 2623; baseline 0.004 -8"><span class='ocrx_word' id='word_1_519' title='bbox 180 2590 321 2623; x_wconf 82' lang='lat' dir='ltr'><strong>desumpta</strong></span> <span class='ocrx_word' id='word_1_520' title='bbox 333 2589 429 2616; x_wconf 64' lang='lat' dir='ltr'><strong>fuisse;</strong></span> 
     </span>
    </p>
   </div>
   <div class='ocr_carea' id='block_1_74' title="bbox 217 2623 968 2659">
    <p class='ocr_par' dir='ltr' id='par_1_74' title="bbox 217 2623 968 2659">
     <span class='ocr_line' id='line_1_75' title="bbox 217 2623 968 2659; baseline -0.003 -6"><span class='ocrx_word' id='word_1_521' title='bbox 217 2625 272 2658; x_wconf 72' lang='grc'>(51)</span> <span class='ocrx_word' id='word_1_522' title='bbox 287 2624 352 2658; x_wconf 72' lang='lat' dir='ltr'><strong>Qua:</strong></span> <span class='ocrx_word' id='word_1_523' title='bbox 372 2628 524 2659; x_wconf 86' lang='lat' dir='ltr'><strong>sequuntur</strong></span> <span class='ocrx_word' id='word_1_524' title='bbox 548 2631 597 2652; x_wconf 89' lang='lat' dir='ltr'><strong>nec</strong></span> <span class='ocrx_word' id='word_1_525' title='bbox 620 2623 692 2659; x_wconf 89' lang='lat' dir='ltr'><strong>apud</strong></span> <span class='ocrx_word' id='word_1_526' title='bbox 711 2623 895 2659; x_wconf 85' lang='lat' dir='ltr'><strong>Mombritium</strong></span> <span class='ocrx_word' id='word_1_527' title='bbox 919 2623 968 2651; x_wconf 88' lang='lat' dir='ltr'><strong>ha-</strong></span> 
     </span>
    </p>
   </div>
   <div class='ocr_carea' id='block_1_75' title="bbox 180 2658 966 2694">
    <p class='ocr_par' dir='ltr' id='par_1_75' title="bbox 180 2658 966 2694">
     <span class='ocr_line' id='line_1_76' title="bbox 180 2658 966 2694; baseline 0 -8"><span class='ocrx_word' id='word_1_528' title='bbox 180 2659 289 2689; x_wconf 82' lang='lat' dir='ltr'><strong>bentur,</strong></span> <span class='ocrx_word' id='word_1_529' title='bbox 312 2667 361 2687; x_wconf 89' lang='lat' dir='ltr'><strong>nec</strong></span> <span class='ocrx_word' id='word_1_530' title='bbox 377 2660 402 2685; x_wconf 93' lang='lat' dir='ltr'><strong>in</strong></span> <span class='ocrx_word' id='word_1_531' title='bbox 411 2658 551 2694; x_wconf 77' lang='lat' dir='ltr'><strong>plerisque</strong></span> <span class='ocrx_word' id='word_1_532' title='bbox 566 2658 646 2686; x_wconf 63' lang='lat' dir='ltr'><strong>codd;</strong></span> <span class='ocrx_word' id='word_1_533' title='bbox 662 2667 729 2686; x_wconf 89' lang='lat' dir='ltr'><strong>mss.</strong></span> <span class='ocrx_word' id='word_1_534' title='bbox 749 2667 819 2692; x_wconf 88' lang='lat' dir='ltr'><strong>quos</strong></span> <span class='ocrx_word' id='word_1_535' title='bbox 836 2658 966 2692; x_wconf 83' lang='lat' dir='ltr'><strong>vidimus,</strong></span> 
     </span>
    </p>
   </div>
   <div class='ocr_carea' id='block_1_76' title="bbox 180 2694 967 2729">
    <p class='ocr_par' dir='ltr' id='par_1_76' title="bbox 180 2694 967 2729">
     <span class='ocr_line' id='line_1_77' title="bbox 180 2694 967 2729; baseline 0 -9"><span class='ocrx_word' id='word_1_536' title='bbox 180 2703 297 2728; x_wconf 86' lang='lat' dir='ltr'><strong>quorum</strong></span> <span class='ocrx_word' id='word_1_537' title='bbox 314 2702 385 2721; x_wconf 84' lang='lat' dir='ltr'><strong>unus</strong></span> <span class='ocrx_word' id='word_1_538' title='bbox 399 2694 572 2722; x_wconf 83' lang='lat' dir='ltr'><strong>Fossatensis</strong></span> <span class='ocrx_word' id='word_1_539' title='bbox 593 2702 681 2721; x_wconf 86' lang='lat' dir='ltr'><strong>annos</strong></span> <span class='ocrx_word' id='word_1_540' title='bbox 696 2694 748 2720; x_wconf 83' lang='lat'><strong>800</strong></span> <span class='ocrx_word' id='word_1_541' title='bbox 763 2694 870 2720; x_wconf 85' lang='lat' dir='ltr'><strong>videtur</strong></span> <span class='ocrx_word' id='word_1_542' title='bbox 886 2702 967 2729; x_wconf 84' lang='lat' dir='ltr'><strong>supe-</strong></span> 
     </span>
    </p>
   </div>
   <div class='ocr_carea' id='block_1_77' title="bbox 180 2729 967 2757">
    <p class='ocr_par' dir='ltr' id='par_1_77' title="bbox 180 2729 967 2757">
     <span class='ocr_line' id='line_1_78' title="bbox 180 2729 967 2757; baseline 0 -2"><span class='ocrx_word' id='word_1_543' title='bbox 180 2738 250 2756; x_wconf 82' lang='lat' dir='ltr'><strong>rare.</strong></span> <span class='ocrx_word' id='word_1_544' title='bbox 277 2729 415 2757; x_wconf 85' lang='lat' dir='ltr'><strong>Habentur</strong></span> <span class='ocrx_word' id='word_1_545' title='bbox 437 2735 527 2756; x_wconf 87' lang='lat' dir='ltr'><strong>tamen</strong></span> <span class='ocrx_word' id='word_1_546' title='bbox 549 2729 576 2756; x_wconf 88' lang='lat' dir='ltr'><strong>in</strong></span> <span class='ocrx_word' id='word_1_547' title='bbox 602 2730 718 2757; x_wconf 78' lang='lat' dir='ltr'><strong>eodicib.</strong></span> <span class='ocrx_word' id='word_1_548' title='bbox 744 2729 909 2756; x_wconf 69' lang='lat' dir='ltr'><strong>llesbacensi</strong></span> <span class='ocrx_word' id='word_1_549' title='bbox 940 2733 967 2756; x_wconf 90' lang='lat' dir='ltr'><strong>et</strong></span> 
     </span>
    </p>
   </div>
   <div class='ocr_carea' id='block_1_78' title="bbox 180 2764 698 2799">
    <p class='ocr_par' dir='ltr' id='par_1_78' title="bbox 180 2764 698 2799">
     <span class='ocr_line' id='line_1_79' title="bbox 180 2764 698 2799; baseline 0.002 -9"><span class='ocrx_word' id='word_1_550' title='bbox 180 2764 346 2798; x_wconf 76' lang='lat' dir='ltr'><strong>Couchensi,</strong></span> <span class='ocrx_word' id='word_1_551' title='bbox 363 2765 434 2792; x_wconf 88' lang='lat' dir='ltr'><strong>sicut</strong></span> <span class='ocrx_word' id='word_1_552' title='bbox 448 2769 474 2792; x_wconf 88' lang='lat' dir='ltr'><strong>et</strong></span> <span class='ocrx_word' id='word_1_553' title='bbox 487 2765 559 2799; x_wconf 68' lang='lat' dir='ltr'><strong>apud</strong></span> <span class='ocrx_word' id='word_1_554' title='bbox 575 2764 698 2794; x_wconf 86' lang='lat' dir='ltr'><strong>Surium.</strong></span> 
     </span>
    </p>
   </div>
   <div class='ocr_carea' id='block_1_79' title="bbox 216 2799 964 2834">
    <p class='ocr_par' dir='ltr' id='par_1_79' title="bbox 216 2799 964 2834">
     <span class='ocr_line' id='line_1_80' title="bbox 216 2799 964 2834; baseline -0.004 -6"><span class='ocrx_word' id='word_1_555' title='bbox 216 2799 272 2832; x_wconf 73' lang='lat'><strong>(5&#39;2)</strong></span> <span class='ocrx_word' id='word_1_556' title='bbox 288 2799 312 2827; x_wconf 88' lang='lat' dir='ltr'><strong>ls</strong></span> <span class='ocrx_word' id='word_1_557' title='bbox 327 2807 387 2827; x_wconf 87' lang='lat' dir='ltr'><strong>esse</strong></span> <span class='ocrx_word' id='word_1_558' title='bbox 402 2799 507 2834; x_wconf 79' lang='lat' dir='ltr'><strong>videtur</strong></span> <span class='ocrx_word' id='word_1_559' title='bbox 522 2799 695 2833; x_wconf 84' lang='lat' dir='ltr'><strong>Euphronius</strong></span> <span class='ocrx_word' id='word_1_560' title='bbox 707 2799 754 2833; x_wconf 94' lang='lat' dir='ltr'><strong>qui</strong></span> <span class='ocrx_word' id='word_1_561' title='bbox 773 2804 840 2826; x_wconf 85' lang='lat' dir='ltr'><strong>teste</strong></span> <span class='ocrx_word' id='word_1_562' title='bbox 852 2799 964 2834; x_wconf 77' lang='lat' dir='ltr'><strong>Grcgor.</strong></span> 
     </span>
    </p>
   </div>
   <div class='ocr_carea' id='block_1_80' title="bbox 182 2832 965 2870">
    <p class='ocr_par' dir='ltr' id='par_1_80' title="bbox 182 2832 965 2870">
     <span class='ocr_line' id='line_1_81' title="bbox 182 2832 965 2870; baseline 0.003 -11"><span class='ocrx_word' id='word_1_563' title='bbox 182 2832 283 2870; x_wconf 69' lang='lat' dir='ltr'><strong>Turou.</strong></span> <span class='ocrx_word' id='word_1_564' title='bbox 308 2834 354 2861; x_wconf 91' lang='lat' dir='ltr'><strong>lib.</strong></span> <span class='ocrx_word' id='word_1_565' title='bbox 381 2843 398 2861; x_wconf 97' lang='grc' dir='ltr'><strong>ιι</strong></span> <span class='ocrx_word' id='word_1_566' title='bbox 423 2832 601 2870; x_wconf 71' lang='lat' dir='ltr'><strong>Histor.,cap.</strong></span> <span class='ocrx_word' id='word_1_567' title='bbox 632 2835 687 2867; x_wconf 77' lang='grc'><strong>15,</strong></span> <span class='ocrx_word' id='word_1_568' title='bbox 713 2832 859 2870; x_wconf 73' lang='lat' dir='ltr'><strong>basilicam</strong></span> <span class='ocrx_word' id='word_1_569' title='bbox 873 2832 965 2861; x_wconf 71' lang='lat' dir='ltr'><strong>Sancti</strong></span> 
     </span>
    </p>
   </div>
   <div class='ocr_carea' id='block_1_81' title="bbox 182 2868 964 2906">
    <p class='ocr_par' dir='ltr' id='par_1_81' title="bbox 182 2868 964 2906">
     <span class='ocr_line' id='line_1_82' title="bbox 182 2868 964 2906; baseline 0.008 -13"><span class='ocrx_word' id='word_1_570' title='bbox 182 2868 386 2902; x_wconf 78' lang='lat' dir='ltr'><strong>Symphoriaui,</strong></span> <span class='ocrx_word' id='word_1_571' title='bbox 408 2870 496 2897; x_wconf 88' lang='lat' dir='ltr'><strong>adhuc</strong></span> <span class='ocrx_word' id='word_1_572' title='bbox 519 2868 658 2906; x_wconf 70' lang='lat' dir='ltr'><strong>pi‘eSbytcr</strong></span> <span class='ocrx_word' id='word_1_573' title='bbox 673 2870 824 2898; x_wconf 67' lang='lat' dir='ltr'><strong>aediﬁcavit.</strong></span> <span class='ocrx_word' id='word_1_574' title='bbox 850 2868 875 2897; x_wconf 91' lang='lat' dir='ltr'><strong>ls</strong></span> <span class='ocrx_word' id='word_1_575' title='bbox 893 2869 964 2899; x_wconf 73' lang='lat' dir='ltr'><strong>circa</strong></span> 
     </span>
    </p>
   </div>
   <div class='ocr_carea' id='block_1_82' title="bbox 1057 2589 1803 2626">
    <p class='ocr_par' dir='ltr' id='par_1_82' title="bbox 1057 2589 1803 2626">
     <span class='ocr_line' id='line_1_83' title="bbox 1057 2589 1803 2626; baseline -0.003 -8"><span class='ocrx_word' id='word_1_576' title='bbox 1057 2591 1112 2626; x_wconf 76' lang='grc'><strong>(55)</strong></span> <span class='ocrx_word' id='word_1_577' title='bbox 1128 2589 1208 2618; x_wconf 76' lang='lat' dir='ltr'><strong>Forte</strong></span> <span class='ocrx_word' id='word_1_578' title='bbox 1222 2591 1423 2626; x_wconf 19' lang='lat' dir='ltr'><strong>legenilumrcst</strong></span> <span class='ocrx_word' id='word_1_579' title='bbox 1439 2589 1541 2616; x_wconf 77' lang='lat' dir='ltr'><strong>umbra!</strong></span> <span class='ocrx_word' id='word_1_580' title='bbox 1558 2590 1692 2624; x_wconf 66' lang='lat' dir='ltr'><strong>paci/icta.</strong></span> <span class='ocrx_word' id='word_1_581' title='bbox 1709 2589 1737 2616; x_wconf 90' lang='lat' dir='ltr'><strong>In</strong></span> <span class='ocrx_word' id='word_1_582' title='bbox 1748 2589 1803 2617; x_wconf 71' lang='lat' dir='ltr'><strong>Cla~</strong></span> 
     </span>
    </p>
   </div>
   <div class='ocr_carea' id='block_1_83' title="bbox 1020 2625 1685 2686">
    <p class='ocr_par' dir='ltr' id='par_1_83' title="bbox 1020 2625 1685 2686">
     <span class='ocr_line' id='line_1_84' title="bbox 1020 2625 1685 2686; baseline -0.003 -32"><span class='ocrx_word' id='word_1_583' title='bbox 1020 2625 1182 2654; x_wconf 80' lang='lat' dir='ltr'><strong>meciacensi</strong></span> <span class='ocrx_word' id='word_1_584' title='bbox 1199 2625 1355 2686; x_wconf 53' lang='lat' dir='ltr'><strong>apolrgrapho</strong></span> <span class='ocrx_word' id='word_1_585' title='bbox 1368 2625 1483 2651; x_wconf 82' lang='lat' dir='ltr'><strong>habetur</strong></span> <span class='ocrx_word' id='word_1_586' title='bbox 1499 2633 1544 2652; x_wconf 87' lang='lat' dir='ltr'><strong>ore</strong></span> <span class='ocrx_word' id='word_1_587' title='bbox 1557 2626 1685 2659; x_wconf 80' lang='lat' dir='ltr'><strong>paciﬁca.</strong></span> 
     </span>
     <span class='ocr_line' id='line_1_85' title="bbox 1057 2659 1676 2686; baseline 0 0"><span class='ocrx_word' id='word_1_588' title='bbox 1057 2662 1113 2686; x_wconf 73' lang='lat' dir='ltr'><strong>(5m</strong></span> <span class='ocrx_word' id='word_1_589' title='bbox 1140 2661 1167 2686; x_wconf 90' lang='lat' dir='ltr'><strong>Si</strong></span> <span class='ocrx_word' id='word_1_590' title='bbox 1187 2670 1234 2686; x_wconf 86' lang='lat' dir='ltr'><strong>ner</strong></span> <span class='ocrx_word' id='word_1_591' title='bbox 1259 2661 1427 2686; x_wconf 77' lang='lat' dir='ltr'><strong>‘olvcarnum</strong></span> <span class='ocrx_word' id='word_1_592' title='bbox 1447 2659 1493 2686; x_wconf 91' lang='lat' dir='ltr'><strong>hic</strong></span> <span class='ocrx_word' id='word_1_593' title='bbox 1510 2660 1676 2686; x_wconf 78' lang='lat' dir='ltr'><strong>desiunctur</strong></span> 
     </span>
    </p>
   </div>
   <div class='ocr_carea' id='block_1_84' title="bbox 1057 2659 1804 2696">
    <p class='ocr_par' dir='ltr' id='par_1_84' title="bbox 1057 2659 1804 2696">
     <span class='ocr_line' id='line_1_86' title="bbox 1057 2659 1804 2696; baseline -0.003 -8"><span class='ocrx_word' id='word_1_594' title='bbox 1057 2662 1113 2696; x_wconf 72' lang='lat'><strong>(56)</strong></span> <span class='ocrx_word' id='word_1_595' title='bbox 1140 2661 1167 2688; x_wconf 88' lang='lat' dir='ltr'><strong>Si</strong></span> <span class='ocrx_word' id='word_1_596' title='bbox 1187 2659 1234 2695; x_wconf 76' lang='lat' dir='ltr'><strong>per</strong></span> <span class='ocrx_word' id='word_1_597' title='bbox 1248 2659 1427 2696; x_wconf 73' lang='lat' dir='ltr'><strong>Polycarpum</strong></span> <span class='ocrx_word' id='word_1_598' title='bbox 1447 2659 1493 2686; x_wconf 91' lang='lat' dir='ltr'><strong>hic</strong></span> <span class='ocrx_word' id='word_1_599' title='bbox 1510 2660 1676 2694; x_wconf 71' lang='lat' dir='ltr'><strong>designetur</strong></span> <span class='ocrx_word' id='word_1_600' title='bbox 1701 2665 1804 2688; x_wconf 71' lang='lat' dir='ltr'><strong>sanctus</strong></span> 
     </span>
    </p>
   </div>
   <div class='ocr_carea' id='block_1_85' title="bbox 1020 2695 1801 2731">
    <p class='ocr_par' dir='ltr' id='par_1_85' title="bbox 1020 2695 1801 2731">
     <span class='ocr_line' id='line_1_87' title="bbox 1020 2695 1801 2731; baseline -0.003 -7"><span class='ocrx_word' id='word_1_601' title='bbox 1020 2698 1165 2731; x_wconf 83' lang='lat' dir='ltr'><strong>episcopus</strong></span> <span class='ocrx_word' id='word_1_602' title='bbox 1187 2695 1362 2730; x_wconf 76' lang='lat' dir='ltr'><strong>Smyrneusis</strong></span> <span class='ocrx_word' id='word_1_603' title='bbox 1377 2700 1404 2722; x_wconf 88' lang='lat' dir='ltr'><strong>et</strong></span> <span class='ocrx_word' id='word_1_604' title='bbox 1419 2700 1525 2730; x_wconf 78' lang='lat' dir='ltr'><strong>martyr</strong></span> <span class='ocrx_word' id='word_1_605' title='bbox 1536 2716 1544 2727; x_wconf 91' lang='lat'><strong>,</strong></span> <span class='ocrx_word' id='word_1_606' title='bbox 1570 2701 1601 2731; x_wconf 75' lang='lat' dir='ltr'><strong>ut</strong></span> <span class='ocrx_word' id='word_1_607' title='bbox 1613 2696 1645 2731; x_wconf 81' lang='lat' dir='ltr'><strong>in</strong></span> <span class='ocrx_word' id='word_1_608' title='bbox 1662 2704 1719 2722; x_wconf 85' lang='lat' dir='ltr'><strong>uno</strong></span> <span class='ocrx_word' id='word_1_609' title='bbox 1732 2701 1757 2722; x_wconf 81' lang='lat' dir='ltr'><strong>et</strong></span> <span class='ocrx_word' id='word_1_610' title='bbox 1770 2696 1801 2721; x_wconf 78' lang='lat' dir='ltr'><strong>al-</strong></span> 
     </span>
    </p>
   </div>
   <div class='ocr_carea' id='block_1_86' title="bbox 1020 2730 1805 2765">
    <p class='ocr_par' dir='ltr' id='par_1_86' title="bbox 1020 2730 1805 2765">
     <span class='ocr_line' id='line_1_88' title="bbox 1020 2730 1805 2765; baseline -0.003 -7"><span class='ocrx_word' id='word_1_611' title='bbox 1020 2730 1078 2758; x_wconf 78' lang='lat' dir='ltr'><strong>tero</strong></span> <span class='ocrx_word' id='word_1_612' title='bbox 1099 2730 1150 2758; x_wconf 85' lang='lat' dir='ltr'><strong>uis.</strong></span> <span class='ocrx_word' id='word_1_613' title='bbox 1176 2731 1283 2765; x_wconf 69' lang='lat' dir='ltr'><strong>legitur,</strong></span> <span class='ocrx_word' id='word_1_614' title='bbox 1308 2737 1361 2756; x_wconf 90' lang='lat' dir='ltr'><strong>non</strong></span> <span class='ocrx_word' id='word_1_615' title='bbox 1379 2731 1467 2763; x_wconf 84' lang='lat' dir='ltr'><strong>potuit</strong></span> <span class='ocrx_word' id='word_1_616' title='bbox 1482 2731 1549 2757; x_wconf 85' lang='lat' dir='ltr'><strong>huic</strong></span> <span class='ocrx_word' id='word_1_617' title='bbox 1564 2730 1595 2757; x_wconf 87' lang='lat' dir='ltr'><strong>S.</strong></span> <span class='ocrx_word' id='word_1_618' title='bbox 1613 2730 1733 2758; x_wconf 59' lang='lat' dir='ltr'><strong>Ire-mens</strong></span> <span class='ocrx_word' id='word_1_619' title='bbox 1754 2735 1805 2764; x_wconf 74' lang='lat' dir='ltr'><strong>post</strong></span> 
     </span>
    </p>
   </div>
   <div class='ocr_carea' id='block_1_87' title="bbox 1020 2766 1802 2802">
    <p class='ocr_par' dir='ltr' id='par_1_87' title="bbox 1020 2766 1802 2802">
     <span class='ocr_line' id='line_1_89' title="bbox 1020 2766 1802 2802; baseline -0.003 -9"><span class='ocrx_word' id='word_1_620' title='bbox 1020 2769 1178 2802; x_wconf 67' lang='lat' dir='ltr'><strong>martyrium</strong></span> <span class='ocrx_word' id='word_1_621' title='bbox 1194 2774 1273 2793; x_wconf 90' lang='lat' dir='ltr'><strong>suum</strong></span> <span class='ocrx_word' id='word_1_622' title='bbox 1290 2766 1467 2802; x_wconf 66' lang='lat' dir='ltr'><strong>apparuisse,</strong></span> <span class='ocrx_word' id='word_1_623' title='bbox 1480 2773 1533 2802; x_wconf 66' lang='lat' dir='ltr'><strong>nec</strong></span> <span class='ocrx_word' id='word_1_624' title='bbox 1546 2766 1602 2792; x_wconf 88' lang='lat' dir='ltr'><strong>alia</strong></span> <span class='ocrx_word' id='word_1_625' title='bbox 1621 2766 1753 2802; x_wconf 59' lang='lat' dir='ltr'><strong>Actorum</strong></span> <span class='ocrx_word' id='word_1_626' title='bbox 1766 2774 1802 2792; x_wconf 73' lang='lat' dir='ltr'><strong>as-</strong></span> 
     </span>
    </p>
   </div>
   <div class='ocr_carea' id='block_1_88' title="bbox 1020 2799 1803 2864">
    <p class='ocr_par' dir='ltr' id='par_1_88' title="bbox 1020 2799 1803 2864">
     <span class='ocr_line' id='line_1_90' title="bbox 1020 2799 1803 2864; baseline 0.003 -37"><span class='ocrx_word' id='word_1_627' title='bbox 1020 2799 1100 2864; x_wconf 45' lang='lat' dir='ltr'><strong>scata’</strong></span> <span class='ocrx_word' id='word_1_628' title='bbox 1107 2802 1252 2834; x_wconf 76' lang='lat' dir='ltr'><strong>sustineri;</strong></span> <span class='ocrx_word' id='word_1_629' title='bbox 1269 2799 1348 2830; x_wconf 79' lang='lat' dir='ltr'><strong>secus</strong></span> <span class='ocrx_word' id='word_1_630' title='bbox 1364 2808 1430 2828; x_wconf 80' lang='lat' dir='ltr'><strong>vero</strong></span> <span class='ocrx_word' id='word_1_631' title='bbox 1446 2800 1469 2829; x_wconf 83' lang='lat' dir='ltr'><strong>si</strong></span> <span class='ocrx_word' id='word_1_632' title='bbox 1485 2799 1650 2835; x_wconf 77' lang='lat' dir='ltr'><strong>Polycrates</strong></span> <span class='ocrx_word' id='word_1_633' title='bbox 1661 2801 1803 2836; x_wconf 78' lang='lat' dir='ltr'><strong>Ephesiqu</strong></span> 
     </span>
     <span class='ocr_line' id='line_1_91' title="bbox 1020 2842 1162 2864; baseline -0.014 0"><span class='ocrx_word' id='word_1_634' title='bbox 1020 2845 1048 2864; x_wconf 84' lang='lat' dir='ltr'><strong>In</strong></span> <span class='ocrx_word' id='word_1_635' title='bbox 1069 2842 1162 2864; x_wconf 87' lang='lat' dir='ltr'><strong>Icetur.</strong></span> 
     </span>
    </p>
   </div>
   <div class='ocr_carea' id='block_1_89' title="bbox 1020 2842 1162 2865">
    <p class='ocr_par' dir='ltr' id='par_1_89' title="bbox 1020 2842 1162 2865">
     <span class='ocr_line' id='line_1_92' title="bbox 1020 2842 1162 2865; baseline -0.014 -1"><span class='ocrx_word' id='word_1_636' title='bbox 1020 2842 1162 2865; x_wconf 77' lang='lat' dir='ltr'><strong>lllLllCClul‘.</strong></span> 
     </span>
    </p>
   </div>
  </div>
