1873 3065
16 158 85 186 169

514 159 606 187 ACTA
630 159 680 187 SS.
699 157 873 191 ANDOCllll,
895 158 1023 186 TllYRSI
1042 159 1087 186 ET
1103 157 1244 188 FELICIS.

1617 159 1688 187 M70

15 217 218 245 irtutibus
245 221 273 244 et
301 217 432 252 sapientia
462 217 559 252 plenos
572 238 580 250 ,
603 224 674 252 quos
701 216 853 244 consimilis
868 217 891 246 Α
905 216 1014 244 alumna
1039 217 1159 252 paradisi
1178 222 1207 246 et
1226 216 1372 245 candidata
1393 216 1456 244 catli
1479 215 1558 244 turba
1577 217 1688 247 conclu-

15 263 192 291 loriosus
216 268 355 298 exspectat
372 263 528 299 triumphus
551 273 558 291 :
577 268 623 297 ut,
643 263 707 298 quia
728 263 852 298 paucitas

56 308 278 338 Christianis
302 310 340 337 ibi
368 310 511 344 remansit,
536 310 710 345 baptismatis
736 309 851 345 gratiam

21 356 214 383 raebeant.
236 357 305 389 Quia
325 361 419 384 notum
444 357 491 384 tibi
509 357 554 390 sit,
575 357 750 384 sanctissime
761 355 851 390 Pater,

15 401 100 436 luod
126 410 221 437 gens
243 403 288 429 illa
302 423 309 435 ,
331 403 484 437 inspirante
504 403 631 436 Domino,
653 403 762 438 copiose
780 403 852 431 desi-

15 450 106 475 lcrat
127 448 257 475 servire
272 447 393 475 Christo.
421 448 483 476 Haec
495 456 558 476 eum
577 449 732 484 loquentem
747 469 754 480 ,
780 449 852 477 sicut

15 501 87 520 :um
122 496 335 530 agnoscebat,
365 497 401 524 ita
427 501 453 524 et
477 497 550 524 beati
574 502 709 532 martyres
737 496 764 524 in
796 497 851 524 alio

15 539 186 567 :ubiculo
211 549 273 568 eum
288 542 446 576 audiebant,
468 549 550 578 atque
567 550 615 577 per
633 549 759 577 soporem
776 542 852 569 vide-

15 590 110 612 )ant.
143 585 215 614 Sed
238 594 300 614 cum
323 588 381 616 haec
404 593 501 616 sancto
523 596 574 616 suo
594 596 721 616 sermone
744 589 852 617 locutus

15 630 156 664 Fuisset.
188 634 288 662 iterum
305 635 453 669 psallentes
475 639 558 670 atque
582 636 742 670 gaudentes,
762 636 850 663 redie-

15 682 99 704 runt
141 679 189 706 ad
218 680 320 713 caelos;
346 681 373 707 in
399 688 454 715 quo
478 681 604 708 cubiculo
620 685 713 708 tantus
734 680 849 708 invaluit

15 724 104 751 odor
130 725 304 758 suavitatis,
324 730 354 753 ut
375 726 559 759 aestimarent,
581 733 613 754 se
635 726 756 762 paradisi
771 725 849 753 miris

15 769 193 798 odoribus
203 771 343 800 collocari.

60 816 97 842 Ξ.
127 817 223 845 Mane
241 823 331 846 autem
352 818 436 853 facto,
456 820 485 848 S.
506 820 673 856 Polycarpus
695 827 761 848 suos
778 819 848 848 allo-

18 861 143 896 quitur
160 862 278 898 fratres,
299 864 421 892 referens
433 865 489 898 eis,
508 873 569 900 qua:
590 871 665 901 gesta
683 865 807 898 fuerant,
821 869 849 893 et

20 912 58 934 ut
81 907 168 936 felix
190 910 403 945 aggrederentur
419 911 470 938 iter
481 910 569 945 jubet.
586 910 645 946 ipse
657 919 722 939 vero
739 910 768 939 S.
789 910 847 938 An-

22 954 175 983 dochius
201 961 228 983 et
259 956 398 992 Benignus
423 962 450 985 et
477 957 611 993 Thyrsus,
634 966 706 993 qum,
738 958 848 986 Christo

25 1001 245 1037 confortante,
267 1003 416 1038 jubentur,
443 1003 544 1039 gaudio
570 1012 669 1040 magno
695 1004 792 1040 repleti
814 1004 848 1032 dc

26 1053 96 1076 tam
121 1055 231 1077 sancta
253 1049 378 1084 jussione
398 1049 511 1083 Christi,
536 1057 590 1077 non
608 1050 679 1078 tardi
694 1051 728 1077 de
747 1058 847 1085 praece-

28 1095 109 1128 ptis,
130 1094 252 1130 vigilata
275 1099 355 1122 nocte
370 1115 377 1127 ,
404 1095 519 1129 psalmis
539 1101 566 1122 et
585 1095 693 1131 hymnis
712 1096 768 1123 Deo
785 1103 848 1131 gra-

30 1139 94 1166 tias
119 1144 247 1175 agentes
272 1139 336 1176 [imo
357 1140 465 1176 agunt].
489 1139 582 1176 Usque
597 1141 630 1168 ad
644 1141 797 1169 naviculam
816 1141 844 1169 S.

32 1185 226 1221 Polycarpus
246 1186 382 1214 deducens
404 1192 432 1214 et
449 1187 618 1221 valedicens,
638 1188 677 1215 ait
700 1198 707 1216 :
728 1188 846 1224 Angelus

34 1232 168 1260 Domini
194 1233 342 1260 comitetur
365 1233 523 1267 vobiscum;
542 1233 661 1268 Spiritus
682 1239 793 1263 sanctus
810 1235 846 1269 sit

37 1278 71 1306 in
97 1278 265 1307 visceribus
289 1279 399 1307 vestris.
423 1278 521 1314 Magna
539 1287 589 1307 vos
613 1279 699 1316 gloria
726 1280 845 1309 caelestis

36 1329 209 1360 exspectat,
227 1333 244 1352 o
259 1325 376 1360 piissimi
393 1325 501 1353 fratres.
521 1324 641 1353 Verbum
657 1326 765 1353 Domini
780 1335 845 1362 gen—

40 1370 124 1398 tibus
150 1370 314 1405 prazdicate;
342 1371 487 1398 adventum
512 1370 616 1399 Christi
644 1371 774 1399 omnibus
796 1380 845 1400 an-

40 1416 196 1444 nuntiate.
225 1415 247 1444 0
276 1424 355 1452 quam
379 1417 490 1452 speciosi
511 1417 588 1451 pedes
609 1417 844 1453 evangeliaantium

41 1470 144 1496 pacem
160 1462 197 1489 "'l
213 1455 311 1490 Multos
329 1462 435 1495 habetis
451 1462 595 1497 adjutores
608 1466 636 1490 et
647 1462 844 1492 intercessores

42 1510 174 1540 vestros,
199 1506 247 1541 qui
262 1514 312 1540 pro
329 1507 409 1535 vobis
427 1507 573 1535 Dominum
592 1507 767 1543 interpellare
788 1517 842 1536 non

903 263 987 290 ditur.

937 310 963 337 5.
985 308 1017 337 Ει
1028 310 1207 338 ascendentes
1219 310 1248 337 in
1264 309 1432 342 naviculam,
1449 309 1574 337 celeriter
1589 316 1638 338 eos
1652 309 1686 337 ad

905 355 1054 384 Massiliam
1073 356 1132 392 ('57)
1148 356 1220 383 unda
1236 357 1321 384 maris
1337 357 1460 384 adduxit.
1473 355 1582 391 Egressi
1595 357 1688 391 itaque

902 401 936 428 ad
954 406 1065 435 terram,
1075 402 1109 429 ad
1125 401 1349 437 Lugdunensium
1367 402 1522 437 diriguntur
1537 402 1644 435 urbem,
1659 405 1687 429 et

902 455 989 483 usque
1009 448 1042 475 ad
1070 448 1098 475 S.
1121 448 1281 476 Zachariam
1305 447 1492 482 presbyterum
1513 447 1570 482 (58)
1590 455 1687 482 ρει-νετ

901 493 1024 527 nientes,
1040 494 1086 528 qui
1101 494 1218 521 latenter
1230 494 1257 520 in
1278 498 1372 529 crypta
1387 494 1456 521 inter
1475 493 1598 528 sepulcra
1612 501 1687 522 mar-

903 543 990 575 tyrum
1015 540 1157 574 latitabat;
1181 545 1208 568 et
1230 548 1291 567 cum
1322 540 1416 568 eodem
1440 540 1551 567 verbum
1577 539 1684 568 Domini

900 586 1072 619 meditantes,
1094 591 1175 621 atque
1200 586 1226 613 in
1244 585 1355 614 Christo
1368 586 1516 621 gaudentes
1530 591 1557 615 et
1567 594 1686 622 sperane

900 637 950 664 tes,
963 637 993 659 ut
1015 639 1080 659 suos
1102 633 1230 668 dirigeret
1247 641 1369 668 gressus,
1392 633 1488 668 angelo
1507 633 1682 667 admonente,

900 678 934 705 ad
967 678 1241 714 Augustodttnensem
1268 680 1422 715 diriguntur
1447 680 1584 708 civitatem
1614 679 1682 715 (39).

899 723 964 751 Erat
982 729 1046 752 tunc
1068 725 1197 761 temporis
1212 725 1339 759 Faustus,
1356 726 1546 754 nobilissimus
1559 726 1600 753 vir
1613 734 1684 761 pra:-

899 771 1028 800 fectorius
1051 771 1125 807 (40),
1145 771 1191 806 qui
1211 771 1262 799 sub
1277 771 1414 799 chlamide
1429 771 1554 806 (propter
1566 771 1683 806 iniquis-

899 817 961 845 simi
986 817 1104 845 Caesaris
1127 816 1228 851 mittas)
1254 816 1394 844 Christum
1419 817 1535 844 latenter
1556 816 1681 851 colebat;

899 863 977 899 cujus
985 863 1056 891 beati
1066 863 1117 890 viri
1125 863 1218 890 audita
1229 863 1395 898 benignitate
1405 871 1437 892 ac
1449 863 1500 890 [ide
1511 863 1681 898 plenissima,

898 910 932 937 ad
945 917 1006 936 eum
1015 930 1023 942 ,
1038 909 1141 944 Angelo
1152 914 1287 942 monente,
1301 909 1424 936 veniunt.
1437 908 1488 942 Qui
1501 917 1564 937 cum
1579 917 1625 937 eos
1639 909 1665 936 vi
1674 924 1682 929 -

897 955 992 989 disset,
1008 955 1081 983 sicut
1093 955 1252 983 thesaurum
1269 955 1424 988 caelestem,
1440 955 1478 983 ita
1491 963 1539 983 eos
1553 955 1680 990 excepit:

897 1006 998 1030 etcum
1017 1009 1064 1030 eos
1082 1002 1255 1038 presbyteros
1277 1009 1339 1036 esse
1357 1001 1500 1037 cognovit,
1523 1001 1681 1036 suppliciter

896 1048 1030 1082 exoravit,
1056 1052 1086 1076 ut
1110 1048 1237 1076 omnibus
1257 1047 1352 1076 amicis
1375 1051 1403 1075 et
1421 1047 1532 1075 familiae
1554 1047 1615 1083 ejus
1631 1047 1681 1076 ba-

895 1095 1032 1130 ptismatis
1047 1095 1161 1130 gratiam
1174 1094 1369 1122 condonarent.
1388 1093 1522 1121 Defuncto
1535 1093 1618 1128 igitur
1631 1101 1681 1121 ne-

895 1141 1031 1176 quissimo
1043 1140 1144 1168 Severo
1157 1141 1322 1175 imperatore
1336 1144 1440 1172 morte,
1455 1147 1538 1175 quam
1556 1140 1681 1174 quaesivit

895 1191 922 1214 et
933 1186 1036 1214 invenit
1048 1186 1115 1222 (Μ),
1131 1186 1293 1214 succedente
1304 1185 1451 1212 Aureliano
1464 1185 1521 1220 (42)
1537 1185 1678 1220 nequiore,

895 1233 953 1268 qui,
972 1233 1044 1260 sicut
1062 1233 1217 1268 itnperium,
1233 1232 1269 1259 ita
1290 1236 1317 1259 et
1338 1231 1471 1259 malitiam
1493 1231 1607 1266 adeptus
1626 1235 1679 1265 est,

895 1279 997 1314 ubique
1012 1279 1137 1306 similiter
1150 1278 1334 1311 Christianos,
1356 1278 1403 1313 qui
1426 1277 1506 1306 idolis
1520 1285 1574 1305 non
1595 1277 1681 1305 sacri—

894 1324 1032 1356 ﬁcassent,
1058 1333 1107 1359 per
1122 1325 1247 1352 diversas
1267 1323 1422 1359 provincias
1442 1322 1558 1350 diversis
1574 1323 1678 1358 suppli-

894 1371 945 1398 ciis
970 1374 1135 1404 maceratos,
1150 1370 1233 1405 gladii
1253 1370 1331 1405 jubet
1351 1369 1424 1396 ﬁniri
1449 1369 1593 1396 sententia.
1614 1367 1678 1400 Sed,

895 1416 940 1444 ubi
953 1421 994 1445 est
1008 1416 1166 1452 plenissima
1182 1416 1258 1448 ﬁdes,
1281 1423 1332 1444 nec
1353 1419 1514 1451 potestatem
1536 1414 1679 1442 adversam

894 1464 980 1497 timet,
997 1471 1047 1491 nec
1061 1463 1151 1491 minas
1162 1467 1311 1490 reveretur.

927 1510 954 1536 4.
980 1509 1102 1537 Habebat
1126 1513 1192 1537 tunc
1217 1508 1348 1544 temporis
1371 1508 1413 1536 vir
1437 1508 1542 1536 illuster
1560 1508 1678 1536 Faustus

45 1556 178 1580 cessant.
194 1551 233 1580 Ne
249 1559 298 1580 vos
309 1552 383 1588 longi
398 1553 505 1582 itineris
520 1554 664 1581 conturbet
682 1555 840 1589 austeritas,
855 1558 876 1593 α
893 1555 978 1583 illium
999 1555 1080 1590 quasi
1103 1555 1187 1582 trium
1204 1562 1351 1588 annorum,
1373 1555 1484 1582 nomine
1503 1554 1679 1591 Symphoria—

47 1606 106 1626 non
118 1599 244 1635 regionis
258 1599 442 1635 longinquitas
453 1619 460 1632 ,
483 1604 531 1627 aut
546 1604 692 1635 parentum
708 1601 843 1629 desiderio

48 1645 234 1680 coagulescat
256 1651 304 1672 cor
325 1650 458 1672 vestrum.
486 1643 546 1673 Non
562 1653 613 1674 vos
631 1645 712 1674 minae
726 1650 773 1673 aut
791 1647 843 1674 im-

48 1690 175 1724 piissimi
192 1689 309 1718 Caesaris
325 1689 472 1718 conturbet
491 1691 627 1726 impietas.
645 1691 687 1719 Sit
705 1692 733 1719 in
752 1692 842 1720 cordi-

49 1735 104 1764 bus
130 1735 231 1764 vestris
254 1735 285 1763 B.
313 1735 391 1763 Pauli
418 1737 538 1772 apostoli
555 1745 646 1766 sermo
668 1747 675 1765 :
701 1738 770 1772 Quia
790 1747 841 1766 non

50 1787 115 1809 sunt
134 1782 275 1817 condigna:
285 1783 418 1817 passiones
433 1783 510 1817 hujus
530 1784 652 1818 temporis
672 1783 706 1810 ad
722 1784 842 1818 futuram

53 1828 181 1863 gloriam,
202 1836 260 1863 qua:
271 1828 430 1855 revelabitur
440 1828 541 1855 sanctis
554 1828 586 1855 “.
605 1828 773 1864 Polycarpus
784 1830 839 1857 ait:

53 1872 123 1900 Vale
146 1873 226 1900 nobis
241 1872 334 1906 dicite,
351 1873 466 1906 fratres;
483 1877 510 1901 et
527 1873 681 1909 lacrymans
694 1874 762 1902 dixit
777 1875 817 1902 eis
832 1884 839 1902 :

52 1917 182 1946 Paradisi
197 1926 248 1946 vos
265 1918 362 1953 gloria,
383 1923 409 1946 et
431 1923 493 1946 ante
512 1919 632 1947 tribunal
655 1928 735 1948 suum
751 1928 842 1956 repor-

55 1968 148 1993 tantes
165 1964 282 1992 fructum
300 1964 403 1993 laboris
415 1966 499 1993 vestri
511 1965 638 1994 Christus
657 1967 791 2002 excipiat,
814 1974 842 1995 et

56 2010 85 2037 in
122 2010 168 2038 illa
198 2010 317 2038 felicium
341 2011 535 2046 justorumque
566 2013 676 2047 regione
705 2015 842 2042 consociet

57 2056 175 2084 athletas
199 2064 277 2090 suos,
299 2056 346 2084 ubi
371 2057 419 2084 lux
446 2062 589 2092 permanet
613 2063 640 2086 et
662 2059 717 2086 vita
735 2065 840 2093 regnat,

57 2101 104 2128 ubi
128 2102 249 2137 priorum
267 2102 333 2130 fides
355 2102 434 2130 beata
454 2103 487 2130 de
503 2103 595 2131 vultus
608 2103 650 2131 sui
667 2103 749 2140 [ejus,
763 2105 791 2133 id
803 2111 841 2133 est

59 2146 142 2183 Dei],
173 2148 316 2182 praesentia
350 2149 419 2176 vivte
449 2148 581 2183 claritatis
617 2146 756 2184 irradiat;
793 2151 840 2179 tibi

93 2217 115 2234 ’°
135 2219 212 2247 Rom.
231 2227 259 2252 x,
278 2218 322 2246 15.
363 2218 382 2234 ¹¹
403 2217 484 2246 Rom.
500 2226 561 2251 vm,
580 2217 624 2245 18.

892 1609 958 1628 num
985 1601 1058 1636 (43);
1084 1608 1154 1636 quos
1176 1600 1334 1635 suppliciter
1351 1600 1487 1634 exoravit,
1514 1605 1544 1627 ut
1567 1604 1594 1628 et
1615 1608 1679 1628 eum

891 1647 1066 1682 baptismatis
1091 1647 1177 1682 gratia
1204 1652 1406 1674 consecrarent.
1435 1646 1513 1680 Quod
1538 1647 1590 1682 ipsi
1611 1655 1678 1683 gau-

891 1686 996 1728 dentes,
1018 1693 1047 1721 S.
1075 1693 1212 1729 Benignus
1238 1700 1301 1720 eum
1329 1693 1488 1728 baptizavit,
1517 1693 1678 1722 Andochius

891 1748 957 1768 vero
972 1749 1034 1768 eum
1049 1740 1083 1768 de
1099 1748 1178 1768 sacro
1189 1739 1266 1767 fonte
1285 1740 1415 1775 suscepit.
1433 1740 1486 1774 Qui
1501 1735 1679 1777 Symphoria-

892 1795 944 1816 nus
958 1783 1078 1822 repletus
1099 1787 1201 1822 Spiritu
1216 1790 1323 1820 sancto,
1347 1794 1409 1814 cum
1424 1793 1496 1815 esset
1509 1787 1567 1815 fere
1581 1788 1677 1823 viginti

892 1842 1039 1867 annorum,
1064 1833 1211 1868 gloriosam
1235 1837 1262 1860 et
1286 1833 1537 1861 immarcescibilem
1553 1834 1677 1869 martyrii

875 1913 878 1916 ⁴
891 1881 990 1907 meruit
1005 1887 1136 1907 coronam
1152 1880 1293 1914 accipere;
1313 1880 1359 1914 qui
1371 1879 1517 1907 virtutibus
1531 1879 1676 1908 manifesta

891 1926 1051 1961 probatione
1074 1933 1182 1960 semper
1198 1926 1363 1960 praeclaruit.
1387 1925 1479 1961 Nuper
1494 1925 1551 1962 (44)
1564 1926 1675 1961 quidem

891 1972 952 2007 ipso
972 1977 1095 2006 tempore
1108 1979 1205 1998 omnes
1219 1971 1302 1999 amici
1314 1971 1357 1999 vel
1375 1971 1478 1999 fantilia
1492 1971 1590 2000 domus
1602 1971 1676 2000 Fau-

891 2018 928 2046 sti
944 2026 992 2053 per
1008 2018 1058 2045 bos
1081 2017 1257 2045 beatissimos
1275 2021 1408 2054 martyres
1424 2017 1595 2052 baptismatis
1612 2025 1676 2052 gra-

891 2065 956 2091 tiam
974 2063 1085 2091 fuerunt
1104 2063 1204 2098 adepti.
1222 2062 1288 2090 Erat
1308 2063 1335 2090 in
1357 2063 1411 2091 illis
1436 2063 1568 2091 mirabilis
1588 2064 1675 2092 virtus

890 2110 1010 2144 Christi;
1029 2117 1164 2137 cmcorum
1186 2109 1274 2136 oculis
1296 2109 1388 2136 lumen
1410 2109 1599 2142 infundebant,
1618 2110 1675 2138 dae-

891 2163 987 2184 mones
1004 2156 1038 2183 de
1053 2155 1174 2183 obsessis
1187 2155 1349 2190 corporibus
1363 2155 1529 2191 etl‘ugabant,
1544 2156 1674 2184 debilium

95 2287 151 2322 (57)
174 2287 203 2314 In
228 2295 281 2315 ms.
313 2287 535 2319 Clameciacensi,
563 2288 590 2315 in
618 2287 646 2315 S.
671 2288 784 2317 Andeoli
809 2295 836 2318 et
852 2287 874 2314 D
889 2290 1004 2318 Batavos
1024 2288 1052 2314 in
1067 2286 1129 2315 Vita
1142 2286 1246 2321 Severi,
1266 2287 1312 2314 ubi
1338 2287 1372 2315 de
1397 2288 1458 2322 ipso
1480 2289 1507 2316 in
1532 2288 1672 2318 Britannia

61 2322 217 2357 rhythmicis
239 2322 268 2350 S.
285 2322 398 2357 Benigni
413 2322 488 2350 Actis
507 2323 637 2350 dicuntur
651 2325 738 2351 sancti
750 2327 836 2354 nostri

62 2358 135 2391 prius
153 2357 183 2385 ad
203 2357 482 2395 insulant_Corsicam_
498 2359 652 2395 appulisse,
680 2359 836 2395 ibidemque

63 2397 214 2427 tempestate
234 2393 345 2423 detenti,
363 2393 450 2420 donec
466 2391 495 2419 S.
512 2391 661 2426 Andeolus,
678 2394 716 2421 uti
731 2394 758 2421 S.
777 2391 834 2423 ire-

65 2426 136 2454 naeus
151 2426 176 2454 S.
193 2427 314 2465 Benigno
325 2428 635 2465 sanctoquei’olycarpo
648 2428 737 2456 denuo
754 2437 836 2465 appa~

65 2469 124 2501 rens
134 2461 322 2523 fmandaverat,
342 2463 408 2490 illuc
431 2461 778 2496 advenissetfeorumdetn
790 2461 835 2494 s0-

65 2504 121 2523 cius
145 2502 246 2523 uturus.

65 2504 121 2524 ctus
134 2502 246 2525 tuturus.

100 2532 151 2567 (38)
170 2532 322 2567 Scriptores
343 2532 438 2560 Galliae
454 2533 615 2561 Christianae
633 2539 729 2567 auctae,
747 2538 767 2561 t.
788 2533 833 2566 IV,

67 2567 171 2605 eol._12,
190 2567 348 2605 Zachariam
363 2567 391 2605 ὃ.
403 2569 498 2595 lremei
508 2568 698 2603 Lugdunensis
713 2570 834 2605 episcopi

67 2601 241 2638 presbyterum
254 2603 318 2638 etin
328 2604 486 2638 episcopatu
501 2601 687 2631 successorem
698 2601 833 2632 statuunt.

101 2637 150 2672 (59)
169 2638 196 2664 In
212 2637 288 2665 Actis
302 2646 384 2672 supra
399 2638 488 2665 citatis
506 2639 550 2665 hic
563 2639 662 2666 dicitur
683 2638 711 2666 S.
726 2640 835 2668 Andec-

69 2671 131 2698 luSa
145 2672 222 2699 sociis
243 2673 300 2699 suis
316 2671 418 2700 missus
434 2673 656 2706 Carpentoracte.

102 2706 150 2745 (t0)
160 2707 427 2745 Credideruntaliqni
438 2708 504 2745 Acta
516 2713 667 2745 martyrum
678 2715 834 2738 nostrorum

71 2742 100 2769 ab
113 2742 157 2768 hoc
172 2741 270 2769 Fausto
285 2741 396 2777 scripta,
407 2743 502 2770 fuisse.

103 2776 301 2814 (t¥l_)_Septimus
316 2776 432 2814 severus
443 2778 559 2814 ahAanno
572 2777 672 2806 Christi
685 2779 737 2806 193
749 2787 836 2814 usque

72 2812 102 2837 ad
120 2812 162 2838 ‘2”
183 2812 326 2846 imperium
349 2813 445 2839 tenuit.
473 2812 529 2839 Cur
548 2817 638 2839 autem
662 2814 705 2841 hic
728 2812 836 2841 dicatur

74 2851 171 2882 mortem
181 2847 323 2882 quaesitam
340 2848 492 2879 invenisse,
515 2847 646 2874 discimus
662 2857 693 2875 ex
713 2848 834 2882 Epilome

75 2880 138 2908 Sexti
150 2880 246 2909 Aurelii
265 2881 383 2910 Victoris
409 2882 536 2911 editionis
559 2880 748 2918 Lugdunensis
763 2884 833 2918 apud

889 2329 1037 2361 aegrotante
1052 2323 1150 2361 legitur
1167 2322 1247 2361 :_c_ls
1260 2323 1325 2350 dum
1337 2322 1524 2361 membrorum
1538 2325 1672 2358 omnium,

888 2357 1008 2388 maxime
1030 2359 1149 2394 pedum,
1174 2357 1377 2394 dolorempati
1401 2359 1546 2393 nequiret,
1575 2357 1673 2388 veneni

889 2397 957 2427 vice,
977 2392 1091 2430 quodei
1108 2393 1268 2430 negabatur,
1284 2392 1375 2420 cibum
1393 2392 1483 2427 gravis
1499 2402 1530 2421 ac
1549 2395 1674 2430 plurimae

889 2431 979 2458 carnis
999 2429 1106 2457 avidius
1136 2429 1248 2461 invasit,
1273 2435 1353 2462 quem
1378 2436 1441 2456 cum
1466 2429 1601 2457 coniicere
1618 2438 1674 2457 non

889 2470 991 2501 posset,
1013 2463 1174 2501 crudelitate
1199 2463 1263 2501 (lege
1285 2463 1431 2501 cruditate)
1447 2471 1567 2501 pressus
1582 2465 1673 2501 exspi-

888 2492 967 2527 ravit.
986 2492 1000 2525 ἰ
1017 2492 1220 2535 Illustrissimus
1232 2492 1386 2535 Bosquetus
1403 2492 1431 2525 in
1446 2492 1522 2526 hisce
1532 2499 1610 2527 Actis
1622 2492 1673 2535 pro

889 2535 982 2563 Severo
996 2534 1147 2570 legendum
1154 2534 1260 2570 putavit
1276 2533 1380 2570 terum.

924 2570 980 2606 (42)
998 2568 1051 2597 Pro
1067 2569 1210 2606 Auretiono
1225 2569 1269 2606 hic
1283 2568 1425 2606 legendum
1437 2575 1498 2606 esse
1506 2568 1667 2606 Aurelium,

887 2610 914 2633 et
926 2603 974 2640 per
988 2605 1061 2632 hunc
1082 2604 1285 2640 intelligendum
1304 2603 1365 2631 esse
1379 2603 1415 2630 Μ.
1431 2604 1571 2631 Aurelium
1583 2604 1670 2632 Anto-

888 2638 984 2667 ninum
996 2638 1181 2671 Caracallam,’
1200 2639 1247 2673 qui
1266 2638 1366 2666 Severo
1382 2639 1452 2673 patri
1469 2647 1520 2666 suo
1537 2646 1593 2666 una
1605 2646 1669 2666 cum

888 2675 972 2703 fratre
988 2675 1055 2703 Geta
1077 2674 1221 2706 successit,
1247 2679 1326 2702 extra
1343 2673 1455 2701 dubium
1471 2678 1522 2701 est.
1544 2673 1670 2708 Praepro-

886 2719 951 2746 pere
965 2716 1056 2746 tamen
1067 2709 1112 2736 hic
1126 2710 1154 2746 in
1168 2709 1244 2746 Actis
1257 2717 1288 2736 ea
1303 2709 1441 2746 successio
1457 2713 1596 2746 narratur,

921 2747 977 2781 (43)
993 2744 1043 2772 llic
1062 2749 1104 2771 est
1114 2744 1230 2781 celebris
1251 2744 1322 2781 apud
1344 2743 1449 2781 Eduos
1470 2743 1669 2781 martyr_Sym-

885 2778 1035 2814 phorianus
1049 2799 1056 2810 ,
1076 2779 1156 2814 cujus
1167 2780 1233 2806 Acta
1246 2778 1317 2814 apud
1330 2787 1381 2808 nos
1395 2779 1459 2807 data
1475 2783 1539 2806 sunt
1550 2778 1584 2806 ad
1596 2779 1669 2806 diem

883 2815 919 2841 22
928 2815 1054 2842 Augusti.

884 2836 1141 2911 ;:(z;fCiti.dktius
1154 2854 1229 2878 notat
1244 2850 1270 2878 in
1283 2849 1376 2878 codice
1387 2849 1518 2878 Vaticano
1529 2848 1573 2878 hic
1588 2849 1641 2888 legi
1656 2858 1668 2886 ς,

904 2892 1050 2911 ‘uncrrtmc.
1623 2891 1626 2896 '

904 2892 1050 2920 ‘upcrrtmc.
1623 2891 1626 2896 ”
