1873 3065
13 176 18 197 Ι
34 176 118 203 473

488 175 580 203 ACTA
597 176 647 204 SS.
667 175 829 205 ANDOCHII
841 197 848 209 ,
868 176 994 205 THYRSI
1012 176 1056 205 ET
1081 177 1222 206 FELICIS.

1609 180 1679 207 1474

14 221 250 257 lcrelinquere,
270 226 298 250 et
321 221 372 250 coli
395 221 500 257 lapides
518 228 544 249 et
569 222 652 257 ligna,
673 223 744 250 idola
763 228 836 250 muta
853 226 874 254 Α
889 231 965 257 voce,
997 231 1108 260 unoque
1135 232 1273 253 consensu
1303 224 1455 252 clamantes
1472 246 1480 257 ,
1508 225 1638 253 dixerunt
1669 240 1676 257 .-

13 272 54 294 ξι
85 268 184 296 surda.
201 268 365 295 Aurelianus
385 268 423 294 ait
443 279 449 296 ;
470 268 544 295 Mula
562 274 588 296 et
609 269 692 296 surda
711 277 771 296 esse
796 269 837 296 di-

13 313 85 341 cis
113 313 327 341 invictissimum
357 313 462 345 Jovem,
485 313 650 341 Mercurium
682 319 763 349 atque
788 313 838 342 Sa-

12 363 16 383 t
30 365 59 392 n_
70 358 181 385 rnum?
199 358 356 385 Andochius
380 358 418 386 ait
434 367 441 386 :
458 357 512 386 llos
526 380 533 391 ,
552 367 622 394 quos
645 363 672 386 tu
699 360 836 392 nominas,

12 404 183 432 rhumonia
204 412 265 432 esse
291 404 437 432 manifesta
459 405 628 440 probantur;
650 413 713 432 nam
733 406 837 440 species

12 458 143 478 uorum
168 451 272 486 absque
292 450 366 484 visu,
388 451 492 487 absque
509 459 615 487 gressu,
638 452 742 486 absque
763 457 837 479 tactu

12 504 106 524 esse
121 497 258 525 videntur.

75 542 107 569 8.
130 542 296 570 Aurelianus
322 543 383 570 ait:
402 541 561 570 Sacrificate
587 543 641 571 diis
666 543 785 577 nostris,
807 548 838 571 ut

12 596 74 615 r-x
106 588 207 615 κιαι-ιο
229 589 338 624 publico
366 593 566 621 remuneratos,
595 589 700 624 primos
727 597 776 618 vos
809 590 836 617 in

12 641 106 668 tneo
121 634 223 669 palatio
235 642 296 662 esse
309 635 491 667 constituam;
511 639 538 662 ct
555 642 588 662 nc
601 634 670 662 male
686 642 737 670 pro
758 635 838 662 Citri-

13 684 86 706 slo
109 684 216 712 vestro,
239 680 287 715 qui
306 681 340 708 ab
359 680 519 708 hominibus
537 686 580 708 est
596 681 756 714 crucifixus,
779 689 838 708 mo-

13 725 170 753 riamini.
192 725 234 753 Ab
253 726 304 754 hac
320 734 386 754 voce
402 726 430 753 bi
446 730 501 754 tres
518 727 668 754 clamantes
682 727 809 754 dixerunt
829 736 836 753 :

13 771 50 797 Δ
61 779 153 798 urunt
174 776 201 799 et
216 777 357 806 argentum
374 776 452 799 tuum
471 777 559 800 tecum
567 772 622 799 sint
633 773 659 799 in
675 773 836 807 perditione,

13 818 108 852 lupe
133 825 232 852 rapax;
249 818 313 852 quia
337 818 437 851 credis,
458 822 484 846 te
502 818 604 846 donum
620 819 667 846 Dei
683 827 731 854 per
754 827 838 854 pecu-

19 864 122 890 niam
137 864 322 899 supplantare.
338 863 394 891 Nos
409 871 459 898 pro
470 863 580 891 Christo
599 865 690 898 potius
707 865 775 891 mori
790 872 838 892 vo-

890 269 958 296 Ecee
972 277 1078 302 carnes,
1100 277 1169 304 quas
1186 270 1219 296 ad
1237 273 1344 304 tempus
1371 271 1398 297 in
1427 274 1563 305 potestate
1582 271 1676 299 habes.

889 315 965 349 Quod
986 315 1097 343 malitia:
1127 320 1181 342 ture
1202 315 1329 343 diabolus
1355 316 1509 349 dictaverit,
1533 316 1592 349 fac;
1615 316 1677 349 feri,

888 362 993 395 occide,
1009 369 1070 389 assa
1098 365 1125 389 et
1137 361 1289 395 manduca;
1316 369 1378 388 nam
1398 370 1448 389 nos
1470 370 1525 389 non
1550 367 1641 390 tnutas
1662 370 1677 390 a

887 404 990 431 Christi
1016 404 1200 437 confessione,
1218 405 1266 440 qui
1281 410 1308 433 et
1334 411 1410 433 tuam
1435 405 1575 442 detergere
1597 407 1678 434 habet

888 449 1041 485 perfidiam.

924 496 968 524 10.
986 496 1164 530 Accensoque
1192 497 1264 531 igne,
1291 497 1382 532 ligatis
1404 497 1533 526 manibus
1552 503 1579 525 et
1604 498 1678 533 pedi-

888 542 950 575 bus,
976 550 1024 570 eos
1048 543 1075 570 in
1100 543 1189 578 ignem
1209 543 1309 578 jactari
1325 544 1470 579 prtccepit;
1498 549 1524 571 et
1543 544 1612 571 nihil
1629 552 1678 572 no-

887 588 935 616 citi
951 587 981 624 [i.
997 597 1020 615 e.
1042 589 1130 625 passi]
1145 589 1179 616 ab
1192 590 1267 617 omni
1288 590 1479 617 eomltustione
1499 590 1579 626 ignis,
1600 599 1677 618 reso—

889 634 953 662 lutis
970 635 1158 671 ligaminibus,
1188 641 1292 664 stantes
1320 636 1347 663 in
1376 636 1439 670 fide,
1467 636 1620 672 psallebant
1647 637 1675 664 in

888 681 979 709 medio
997 681 1070 717 igne,
1088 682 1210 710 dicentes
1225 691 1232 709 :
1247 682 1373 709 Probasti
1389 691 1445 715 nos,
1466 683 1546 716 Deus,
1559 686 1618 718 igne
1629 691 1676 710 nos

887 727 1059 761 examinosti,
1073 728 1139 754 sicut
1155 729 1322 755 examinatur
1333 733 1488 764 argentum;
1506 730 1675 756 transit-intus

887 781 933 808 per
943 773 1027 807 ignem
1038 778 1062 800 et
1075 781 1182 808 aquam,
1191 777 1215 799 et
1224 773 1354 800 induxiin
1365 782 1413 800 nos
1422 774 1448 800 in
1463 774 1630 809 refrigerium
1643 775 1674 802 ’⁷.

888 818 958 845 Dum
972 819 1030 846 luec
1043 823 1172 854 aguntur,
1193 823 1267 846 tanta
1285 820 1441 847 coruscatio
1456 820 1576 848 caelestis
1592 819 1677 847 infre-

889 861 968 893 muit,
987 867 1013 888 et
1032 862 1118 889 imber
1134 863 1232 896 pluvia:
1247 871 1330 897 super
1354 863 1445 899 ignem
1469 864 1618 898 descendit,
1646 870 1677 892 nt

19 906 150 940 lumus,
175 914 258 942 quam
284 907 317 934 ab
346 915 379 934 eo
402 907 572 940 recedamusI
603 908 649 936 ubi
673 908 733 943 plus
757 908 835 944 justi,
852 903 874 933 Β
889 907 981 934 nullus
1005 908 1152 935 :estimaret
1186 909 1223 936 ibi
1248 909 1336 937 fuisse
1355 910 1444 944 ignem
1464 917 1620 938 accensum.
1643 911 1677 939 Ει

19 960 130 986 quam
147 952 198 984 sol.
222 953 248 980 in
270 961 356 989 regno
372 954 504 981 ctelorum
528 954 663 990 refulgent
678 954 718 988 ἐς
740 959 767 982 et
782 955 836 982 illis

22 998 77 1025 ilii
94 998 150 1025 erit
167 998 258 1026 lumen
275 1003 408 1027 mternum
423 1003 450 1026 et
471 1000 527 1027 vita
549 1000 722 1034 immortalis,
747 1004 774 1028 et
788 1000 838 1027 da-

23 1045 120 1072 bitur
135 1038 188 1072 illis
204 1045 257 1078 ibi,
275 1045 346 1081 quod
359 1054 406 1074 nec
426 1046 518 1074 oculus
533 1047 609 1080 vidit,
632 1055 677 1073 nec
696 1047 769 1074 auris
785 1055 836 1073 au-

25 1093 126 1124 divit,
150 1100 196 1119 nec
213 1092 241 1119 in
256 1100 302 1119 cor
319 1092 433 1120 hominis
447 1093 566 1120 ascendit
579 1114 586 1124 ,
603 1102 662 1129 quw
676 1093 836 1128 pratparurit

28 1137 120 1164 Ilcus
132 1137 304 1171 diligentibus
319 1146 345 1165 se
360 1138 390 1165 ¹⁸.
415 1137 483 1166 Nam
501 1138 519 1165 ii
535 1138 582 1175 qui
601 1138 655 1166 diis
675 1138 729 1165 tuis
745 1137 836 1165 deser-

28 1183 138 1215 viunt,
157 1183 235 1211 ibunt
250 1184 276 1210 in
295 1184 422 1212 tenebras
439 1185 601 1217 exteriores,
621 1184 836 1219 inexstinguibili

30 1229 111 1264 igne
135 1228 183 1264 [aL
205 1229 454 1265 inexstinguibilem
469 1230 590 1266 ignem],
611 1230 683 1265 quod
698 1237 836 1265 prmpara-

31 1275 84 1301 \‘it
115 1275 185 1309 patri
208 1279 256 1303 tuo
277 1275 387 1302 diabolo
405 1281 432 1303 et
455 1275 558 1311 angelis
583 1276 652 1311 ejus.
671 1275 710 1302 lbi
727 1275 837 1303 illorum

36 1320 131 1348 ﬂetus
145 1321 197 1348 erit
211 1326 238 1348 et
260 1321 361 1348 stridor
374 1321 498 1349 dentium
515 1321 554 1355 ";
574 1321 769 1349 desiderabunt
792 1321 836 1348 lu-

33 1374 122 1399 men,
144 1370 172 1393 et
187 1374 240 1393 non
258 1366 399 1394 videbttnt.
416 1366 484 1394 Nam
505 1367 528 1394 si
545 1367 612 1394 velis
630 1368 741 1395 credere
757 1367 838 1394 Chri-

35 1417 132 1444 stum,
159 1420 216 1439 non
246 1412 394 1440 introieris.
424 1411 503 1440 Tunc
529 1413 720 1448 iniquissimus
746 1413 837 1440 Caesar

36 1457 163 1485 tradidit
179 1465 226 1485 eos
242 1458 405 1492 tortoribus,
423 1458 518 1486 dicens
534 1467 541 1486 :
557 1458 614 1486 Nisi
636 1459 717 1486 hodie
733 1460 838 1487 saeriti-

38 1504 183 1538 caverint,
209 1504 324 1532 diversis
340 1505 431 1540 poenis
446 1512 494 1532 eos
515 1504 635 1540 atlligitc.
661 1505 739 1533 Tunc
763 1505 837 1533 beati

38 1554 183 1586 martyres
207 1551 270 1579 caesi
295 1551 364 1586 (55),
381 1551 407 1579 in
428 1552 533 1579 ulmum
556 1551 699 1587 cujusdam
721 1552 837 1580 inversis

39 1597 178 1624 manibus
204 1596 306 1632 pariter
331 1597 549 1632 suspenduntur,
577 1602 605 1625 et
629 1601 695 1625 rota:
718 1597 836 1633 impletae

40 1643 123 1670 saxis
146 1650 243 1670 eorum
271 1643 387 1678 pedibus
419 1643 592 1678 colligantur.
729 1633 741 1647 ⁸

82 1689 110 1716 9.
126 1687 160 1715 Et
175 1688 241 1715 dum
263 1693 368 1716 tantam
389 1688 500 1717 fuerant
515 1694 570 1716 tota
584 1689 628 1717 dic
643 1689 766 1724 perpessi
779 1697 838 1724 pm-

42 1741 124 1766 nam,
142 1733 303 1768 psallebant,
317 1733 438 1761 dicentes
455 1743 462 1762 :
476 1733 557 1768 Deus,
571 1735 599 1761 in
612 1734 775 1769 adjutorium
789 1743 837 1761 no—

48 1779 388 1813 strumintende,Domine,
398 1780 431 1806 ad
441 1779 620 1815 adjuvandum
635 1789 681 1807 nos
694 1781 791 1816 festina
803 1781 835 1810 ⁸⁸.

45 1825 81 1853 Et
97 1826 134 1853 ita
150 1829 241 1852 tamen
253 1830 331 1852 erant
352 1826 462 1861 integri,
480 1826 558 1860 quasi
573 1833 623 1853 nec
636 1834 717 1854 unam
727 1827 835 1863 plagam

43 1872 229 1907 accepissent.
245 1871 312 1900 Post
335 1871 392 1899 lucc
408 1871 600 1907 iniquissimus
618 1872 710 1900 Caesar
729 1873 757 1900 in
773 1881 835 1901 cra-

45 1919 121 1946 stina
133 1918 210 1953 ipsos
225 1917 277 1946 sibi
291 1918 451 1952 praesentari
468 1918 607 1952 praecepit,
625 1923 653 1945 et
667 1919 724 1946 ait:
742 1918 835 1946 Sacri-

46 1966 128 1992 ticate
153 1964 206 1992 diis
226 1964 339 1996 nostris,
357 1964 404 1999 qui
425 1968 536 1999 propter
556 1964 768 1991 inobedientiam
789 1972 837 1992 ve-

45 2015 134 2038 stram
153 2010 233 2038 talcm
246 2010 340 2038 fuistis
354 2010 477 2045 perpessi
492 2017 612 2045 poenam.
626 2009 835 2045 Responderunt

45 2058 72 2085 ei
97 2056 218 2085 dicentes
235 2066 242 2084 :
257 2057 394 2092 Agnosce,
418 2057 512 2090 miser,
539 2056 604 2092 quia
627 2057 708 2084 minae
732 2060 786 2084 tuae
808 2061 836 2086 et

47 2103 184 2138 supplicia
200 2102 280 2130 nobis
301 2102 472 2138 refrigerium
497 2106 638 2137 praestant.
654 2102 836 2130 CaesiAucto—

46 2157 106 2177 rem
132 2149 202 2176 lucis
229 2156 284 2175 non
312 2148 491 2184 negavimus;
519 2148 668 2183 suspensi,
694 2148 834 2176 Christum

48 2202 157 2230 semper
180 2194 299 2222 confessi
325 2202 432 2222 sumus.
457 2194 555 2229 Aspice
579 2202 645 2227 nos;
673 2194 749 2222 illaesi
773 2198 835 2221 ante

889 952 925 980 ita
949 953 1075 988 intrepidi
1096 959 1121 981 et
1138 954 1243 982 liberati
1261 955 1289 982 in
1305 960 1453 990 conspectu
1469 955 1610 984 Aureliani
1627 957 1676 984 ad-

889 998 1024 1032 fuerunt,
1049 999 1172 1028 dicentes
1201 1011 1208 1028 :
1235 1001 1359 1036 Agnoscc
1384 1009 1457 1035 nos,
1484 1002 1584 1035 miser;
1615 1002 1677 1030 vide

889 1050 991 1078 quanta
1016 1044 1052 1071 sit
1076 1045 1163 1073 virtus
1180 1044 1294 1073 Christi.
1315 1044 1398 1073 Vides
1414 1054 1465 1073 nos
1478 1046 1578 1074 illaasos
1591 1046 1617 1073 in
1636 1046 1675 1073 tui

888 1090 1032 1124 praesentia
1053 1091 1150 1117 iterum
1168 1091 1326 1124 convenire.
1342 1091 1428 1119 Crede
1441 1091 1561 1125 Christo,
1580 1096 1606 1119 et
1620 1100 1674 1119 non

890 1135 1000 1162 timebis
1034 1135 1110 1162 illius
1141 1135 1245 1163 ultima:
1274 1136 1328 1163 diei
1360 1137 1569 1170 necessitatem;
1599 1138 1674 1172 quia,

889 1182 1022 1213 quantum
1047 1179 1130 1205 homo
1160 1179 1299 1215 negligens
1322 1185 1364 1208 est
1386 1182 1419 1208 ad
1444 1181 1674 1216 delinquendum,

889 1228 993 1250 tantum
1006 1223 1199 1251 misericordia
1215 1224 1322 1252 Domini
1338 1226 1413 1253 dives
1428 1233 1469 1254 est
1486 1227 1518 1254 ad
1534 1228 1675 1255 remitten-

889 1270 967 1297 dum.
982 1269 1149 1298 Aurelianus
1160 1271 1198 1298 ait
1213 1279 1219 1297 :
1237 1270 1278 1298 Dii
1296 1272 1384 1298 nostri
1400 1272 1477 1300 vobis
1493 1273 1673 1306 subveniunt,

888 1322 916 1344 ct
938 1324 988 1344 vos
1003 1317 1094 1344 dicitis
1108 1337 1116 1351 ,
1142 1317 1245 1345 Christi
1263 1317 1366 1346 auxilio
1382 1326 1432 1346 vos
1450 1326 1511 1346 esse
1534 1318 1672 1347 defensos.

888 1363 1047 1391 Andochius
1064 1363 1102 1391 ait
1122 1372 1128 1390 :
1148 1363 1266 1391 Saxeum
1280 1364 1364 1392 habes
1379 1372 1443 1398 cor,
1465 1370 1495 1392 ut
1509 1372 1562 1392 non
1577 1365 1674 1394 credas

888 1410 1010 1438 Creatori
1037 1411 1098 1438 caeli
1114 1415 1141 1438 et
1155 1415 1248 1444 terrm,
1269 1419 1318 1438 nec
1338 1411 1511 1439 mirabilibus
1529 1412 1600 1447 ejus.

925 1456 967 1483 ll.
985 1456 1062 1484 Tunc
1079 1456 1259 1492 impiissimus
1274 1457 1375 1490 Caesar,
1398 1457 1546 1484 secundum
1561 1464 1617 1485 suae
1630 1465 1674 1485 ra-

889 1501 943 1529 biei
960 1509 1065 1529 morem
1079 1502 1182 1537 pariter
1202 1502 1242 1530 eis
1257 1502 1381 1530 vectibus
1397 1503 1465 1530 colla
1483 1502 1558 1530 feriri
1570 1511 1674 1538 praece-

889 1547 938 1582 pit,
955 1551 984 1573 ut
996 1547 1032 1574 ita
1048 1547 1158 1575 finirent
1171 1548 1320 1583 pretiosam
1336 1552 1364 1575 et
1379 1548 1548 1582 splendidam
1568 1554 1673 1583 tempo-

890 1593 974 1620 ralem
988 1593 1084 1626 vitam,
1122 1593 1260 1628 accepturi
1282 1593 1442 1621 mtcrnitatis
1462 1594 1559 1629 gaudia
1576 1599 1603 1621 et
1625 1594 1673 1621 int-

888 1639 1104 1666 marecscibilem
1121 1647 1262 1666 coronam.
1276 1640 1348 1666 'Acta
1368 1644 1433 1668 sunt
1453 1640 1511 1668 haec
1527 1640 1599 1667 circa
1611 1648 1675 1668 san-

887 1690 946 1712 ctos
967 1685 1014 1712 Dei
1030 1691 1174 1720 martyres,
1191 1685 1217 1712 id
1233 1690 1275 1714 est
1293 1686 1466 1713 Andochium
1485 1686 1674 1722 presbyterum

887 1728 1063 1767 et'Thyrsum
1079 1731 1236 1765 diaconum,
1248 1736 1274 1760 et
1286 1731 1415 1764 Felicem,
1431 1737 1528 1759 octavo
1540 1731 1675 1759 Kalendas

887 1778 1015 1806 Octobris
1033 1778 1101 1814 (5-1).
1128 1777 1195 1806 Post
1216 1779 1274 1806 haec
1293 1778 1457 1806 Aurelianus
1480 1778 1627 1813 imperator
1639 1778 1675 1806 ad

886 1824 1166 1860 Augustodunensem
1182 1825 1310 1860 dirigitur
1324 1825 1430 1852 urbem.
1448 1823 1569 1852 Audiens
1582 1829 1672 1852 autem

886 1870 1017 1904 Faustus,
1033 1871 1106 1906 quod
1123 1871 1186 1898 talia
1206 1871 1232 1898 in
1245 1875 1357 1898 sanctos
1371 1869 1418 1898 Dei
1431 1870 1458 1897 in
1475 1877 1526 1898 suo
1541 1877 1607 1906 agro
1625 1878 1675 1906 per

886 1916 1064 1944 Aurelianum
1087 1917 1279 1952 imperatorem
1297 1917 1424 1944 diabolus
1449 1916 1561 1950 fecerat,
1589 1922 1672 1944 noctu

885 1963 998 1990 veniens
1014 1971 1076 1990 cum
1097 1963 1298 1998 Symphoriano
1313 1971 1364 1991 suo
1381 1963 1436 1990 filio
1447 1984 1455 1997 ,
1475 1963 1521 1998 qui
1540 1968 1599 1990 erat
1614 1963 1672 1998 jam

887 2013 951 2036 tunc
968 2009 1099 2044 temporis
1111 2009 1191 2045 quasi
1209 2017 1344 2038 annorum
1357 2009 1512 2045 quindecim
1526 2010 1594 2045 (55),
1608 2018 1673 2038 sau-

887 2059 947 2083 ctos
970 2055 1018 2082 Dei
1039 2060 1174 2092 martyres
1189 2055 1342 2083 recondidit
1365 2056 1508 2091 sepulcris,
1533 2056 1579 2084 ubi
1602 2064 1673 2092 quo-

887 2100 951 2128 tidie
967 2101 1058 2128 virtus
1071 2100 1178 2128 Domini
1193 2101 1264 2129 mira
1285 2102 1449 2129 declaratur.
1467 2103 1524 2130 lllic
1537 2103 1676 2138 lacrymas

886 2146 1004 2175 fundens
1027 2146 1056 2174 S.
1081 2146 1316 2183 Symphorianus,
1339 2148 1438 2182 vigiliis
1455 2153 1482 2176 et
1501 2148 1673 2176 orationibus

886 2201 998 2226 vacans,
1021 2193 1131 2221 uolebat
1145 2201 1159 2222 a
1176 2194 1237 2222 loco
1261 2194 1307 2221 illo
1329 2196 1478 2229 removeri;
1495 2196 1592 2227 donec,
1613 2197 1673 2232 opi-

47 2245 229 2277 conspectum
252 2240 300 2268 Dei
316 2241 402 2268 nostri
422 2245 543 2273 stamus;
565 2240 628 2276 quia
642 2239 768 2268 Christus
784 2248 835 2268 no—
849 2250 871 2278 ι)
886 2239 990 2266 tulante
1006 2239 1095 2274 gratia
1109 2239 1222 2273 Christi,
1238 2239 1375 2275 perfectus
1399 2241 1427 2268 in
1450 2242 1538 2277 gratia
1561 2241 1620 2274 Dei,
1644 2247 1671 2269 et

48 2293 116 2321 ster,
132 2295 212 2323 quem
226 2291 253 2314 tu
271 2294 365 2322 negas,
382 2294 478 2314 servos
494 2294 560 2314 suos
576 2294 682 2321 semper
697 2286 835 2314 custodire

47 2333 186 2370 promisit.
206 2332 330 2361 Audiens
353 2337 443 2360 autem
468 2333 525 2360 haec
546 2332 722 2366 Aurelianus,
744 2334 834 2369 ignem

46 2379 196 2416 praeparari
218 2379 364 2414 praecepit;
397 2385 569 2413 accensaque
594 2379 666 2413 igne,
694 2379 734 2406 ait
754 2388 761 2406 :
781 2378 836 2406 Aut

49 2424 202 2452 sacriﬁcate
221 2424 285 2457 diis,
307 2428 355 2451 aut
369 2424 396 2450 in
412 2423 502 2459 ignem
519 2431 578 2455 vos,
598 2423 690 2459 ligatis
707 2424 834 2452 manibus

49 2476 77 2498 et
93 2471 217 2505 pedibus.
234 2470 333 2505 jactari
349 2469 516 2505 praecipiam.
530 2470 569 2498 Ad
581 2470 638 2498 haec
650 2471 699 2498 toti
715 2475 769 2498 tres
781 2478 834 2498 una

88 2515 334 2550 ¹³Μ2ιῐ11.ιιιι,45.
372 2519 394 2533 "
409 2519 421 2544 1
437 2517 501 2545 Cor.
519 2525 550 2551 ιι,
569 2518 596 2546 9.

50 2566 174 2596 fractam,
187 2570 268 2601 atque
280 2568 316 2592 ita
326 2572 375 2593 eos
387 2569 481 2600 captos
496 2564 596 2598 fuisse,
609 2570 637 2593 et
651 2564 767 2592 Felicem
779 2572 832 2592 eos

49 2605 145 2636 sponte
151 2608 219 2636 Lsua
245 2605 369 2628 secutum
395 2608 465 2636 εεβιξ.

86 2636 141 2671 (55)
150 2629 339 2671 Tillemontius
348 2640 414 2662 tom.
429 2635 461 2661 Ill
474 2634 638 2671 Manumem.
651 2635 755 2668 eccles.,
765 2642 827 2671 pag.

49 2673 95 2701 39.
118 2671 256 2701 observat,
272 2671 299 2697 in
314 2670 506 2706 Martyrologio
520 2670 598 2697 Bedes
613 2671 675 2706 legi,
690 2671 764 2706 ipsos
777 2670 830 2706 lla-

50 2706 125 2741 gellis
138 2713 224 2733 caesos
239 2706 333 2739 fuisse,
348 2705 420 2740 quod
434 2710 513 2741 negat
527 2706 554 2732 in
569 2713 620 2732 suo
635 2705 686 2732 ius.
697 2705 758 2740 legi.
775 2705 828 2731 Fa-

51 2740 118 2774 ieor,
145 2749 195 2768 nec
223 2741 250 2768 in
276 2749 342 2768 mss.
366 2741 466 2767 nostris
482 2741 646 2767 mentionem
667 2741 701 2767 de
716 2740 829 2774 ﬂagellis

52 2777 120 2807 lieri.
142 2777 188 2803 sed
213 2777 274 2803 cmi
296 2776 429 2803 tamenin
450 2775 579 2802 omnibus
593 2775 731 2802 dicuntur.
756 2775 828 2802 ldcm

53 2812 122 2846 lteda
137 2811 247 2843 ibidem,
265 2816 292 2839 et
304 2811 350 2846 qui
371 2812 460 2845 ipsum
481 2811 567 2838 secuti
589 2809 710 2846 fuerunt,
725 2810 783 2836 Adn
802 2814 829 2836 et

54 2845 203 2880 Usuardus,
217 2845 334 2887 ntox_pro
349 2847 376 2872 in
388 2845 498 2878 ulmum,
515 2845 642 2880 leguntt’n
654 2845 766 2878 ultimo;
782 2845 828 2873 sed

53 2889 202 2944 perﬁratn,
224 2883 262 2909 uti
278 2883 363 2917 liquet
376 2889 407 2908 ex
428 2886 567 2908 contextu.

87 2917 111 2952 ('
131 2918 141 2952 )
157 2916 219 2945 Hinc
239 2917 312 2945 circa
327 2924 429 2944 annum
442 2916 545 2944 Christi
561 2915 614 2944 213
627 2915 776 2951 contigisse
788 2916 828 2943 vi-

884 2286 997 2313 indutus
1022 2285 1136 2313 loricam
1151 2285 1224 2319 ﬁdei,
1241 2285 1381 2314 festinavit
1400 2287 1434 2314 ad
1454 2295 1582 2315 coronam
1599 2295 1672 2315 mar-

884 2331 959 2368 tyrii,
975 2339 1057 2366 quam
1077 2336 1104 2359 et
1115 2332 1240 2367 accipere
1255 2333 1367 2365 meruit,
1381 2333 1533 2361 auxiliante
1554 2333 1673 2361 Domino

884 2383 980 2407 nostro
993 2377 1056 2406 Jesu
1069 2378 1181 2406 Christo
1190 2398 1199 2411 ,
1214 2379 1258 2406 cui
1274 2384 1317 2406 est
1330 2379 1419 2407 honor
1432 2384 1458 2407 et
1473 2380 1534 2408 laus
1547 2385 1572 2408 et
1584 2380 1673 2416 gloria

884 2429 912 2451 et
926 2428 1048 2459 potestas
1062 2432 1124 2451 cum
1138 2423 1219 2451 Patre
1232 2429 1260 2451 et
1277 2423 1378 2460 Spiritu
1400 2430 1496 2453 sancto
1520 2426 1547 2453 in
1570 2426 1670 2454 saecula

883 2471 1055 2498 seculorum.
1065 2470 1150 2497 Amen
1162 2470 1230 2506 (56).

635 2518 656 2534 ιι
674 2517 770 2545 Matth.
789 2525 855 2550 xxv,
874 2531 879 2540 ι

914 2517 979 2550 ,50.
1017 2518 1040 2534 ¹⁶
1055 2517 1128 2546 Psal.
1147 2526 1223 2552 thx,
1237 2517 1264 2545 2.
1301 2518 1322 2534 ¹⁷
1335 2517 1408 2545 Psal.
1427 2526 1488 2552 va,
1509 2519 1553 2551 l0,
1571 2520 1614 2547 12.

881 2565 989 2592 dentur.

918 2600 974 2634 (55)
993 2599 1020 2626 In
1040 2599 1095 2627 alio
1114 2600 1271 2635 apographo
1291 2599 1451 2627 Accinctin
1464 2599 1670 2636 legitur,quasi

882 2643 1014 2662 annorum
1035 2635 1129 2670 viginti
1151 2636 1282 2670 quinque;
1308 2642 1492 2670 verumﬁerror
1507 2635 1668 2670 manifestus

882 2675 933 2702 est,
948 2678 1010 2697 cttm
1028 2669 1168 2697 in'eodcm
1182 2669 1263 2698 etiam
1277 2671 1385 2697 dicatur
1398 2669 1427 2698 S.
1449 2669 1671 2704 Symphorianns-

884 2705 1044 2747 martxripm
1058 2706 1177 2733 subiisse
1185 2713 1247 2747 cum
1255 2710 1333 2747 esset
1343 2705 1402 2745 fere
1411 2704 1505 2747 viginti
1518 2712 1664 2747 annqrupi.

919 2738 975 2775 (56)
995 2739 1023 2766 ln
1048 2748 1099 2768 ms.
1117 2748 1179 2767 mox
1200 2741 1309 2768 laudato
1323 2740 1366 2767 hic
1387 2739 1534 2767 subditur:
1557 2748 1566 2764 ι
1584 2738 1668 2766 Nobi-

882 2775 1005 2802 lissimus
1031 2780 1122 2802 autem
1143 2776 1185 2802 vir
1206 2776 1323 2803 Faustus
1349 2775 1489 2802 beatorum
1515 2778 1665 2809 martyrum

883 2809 1053 2842 Passionem,
1077 2810 1131 2837 Deo
1151 2811 1275 2845 juvante,
1294 2810 1446 2845 composuit
1461 2813 1487 2836 et
1503 2809 1610 2843 scripsit
1633 2809 1668 2836 ad

883 2845 990 2872 laudem
1016 2845 1112 2879 ipsius,
1137 2844 1181 2873 cui
1202 2850 1244 2873 est
1266 2844 1393 2873 honorict
1411 2844 1500 2881 gloria
1527 2849 1554 2871 et
1578 2845 1669 2872 virtus-

882 2887 945 2917 cum
967 2881 1069 2917 sanctis
1090 2881 1147 2908 suis
1157 2889 1233 2917 nunc
1245 2885 1273 2908 et
1290 2880 1448 2917 scmpcr,’et
1462 2880 1487 2907 ill
1502 2884 1601 2907 cuncta
1614 2888 1666 2907 διες

883 2915 943 2942 cula
959 2915 1135 2943 seculorum.
1148 2915 1245 2944 Amen.
1255 2929 1264 2944 ι
