1873 3065
591 311 670 389 S.
723 308 977 388 VICT(

1034 311 1076 387 Β
1120 310 1154 386 Ι
1209 307 1455 387 ΡΑΡΑ

889 539 1144 586 ΝΟΤΙΤΙΑ

197 636 244 663 (Ex
261 633 332 660 Libro
342 633 589 668 PontiﬁcaliDamasj
606 641 684 668 papae,
699 642 737 665 ap.
753 635 848 668 Blaesi,
865 633 1104 668 (ζοπρίέζιννϐθξητ-
1115 634 1272 668 thttuntur
1287 635 1401 668 uolguet
1421 633 1499 668 varie
1511 631 1655 668 lectiones
1676 638 1742 663 quas
1755 631 1839 657 Lector

482 666 558 690 liabet
570 663 645 690 Pu'tr.
656 663 738 690 Lat.’t.
749 666 832 696 CXXI,
842 663 891 690 col.
910 666 979 697 1:279,
990 667 1015 690 iu
1031 666 1187 691 Collectione
1198 665 1321 690 Anastasii
1336 663 1551 695 Bibliothecarii.)

232 739 336 771 Victor,
352 739 463 767 natione
477 738 552 772 Afer,
566 747 600 766 ex
615 744 690 774 patre
709 738 816 771 Felice,
831 738 902 766 sedit
919 746 1007 766 annos
1023 745 1173 774 xamenscs
1184 744 1222 774 ru,
1239 737 1296 764 dies
1321 736 1448 774 10._F_‘uit
1470 740 1565 763 autem
1584 736 1765 774 temporibus
1780 735 1835 774 {lii

196 775 348 802 Pertinacis
364 779 392 802 et
406 774 511 805 Severi,
530 771 549 801 a7
569 771 712 801 consulatu
733 774 878 802 Commodi
893 774 991 809 quinto
1005 779 1032 800 et
1051 773 1222 809 Glabrionis,
1237 780 1325 809 usque
1343 771 1378 809 ad
1394 771 1566 809 Lateranum
1585 776 1614 798 et
1628 771 1777 809 ﬂuﬁnum.
1795 771 1836 798 ilic

197 811 352 843 constituit,
371 815 400 837 ut
415 815 540 837 sanctum
558 809 661 837 Pascha
678 810 721 836 die
737 809 879 836 Dominica
896 806 1090 839 celebraretur.
1111 809 1182 835 sicut
1195 807 1269 834 Pius.
1285 807 1341 843 ilic;
1350 807 1414 843 fecit
1437 812 1591 843 sequentes
1620 808 1725 843 cleros.
1744 806 1837 841 Marty-

199 845 241 872 rio
257 841 415 872 coronatur.
436 844 468 871 Et
483 845 625 871 constituit
640 849 669 871 ut
685 844 849 871 necessitate
865 844 992 876 faciente,
1010 844 1166 877 ubicunque
1185 843 1311 869 inventus
1330 841 1427 869 fuisset
1442 842 1609 876 quicunque
1633 842 1785 868 hominum
1808 850 1833 868 ex

197 880 324 914 gentibus
340 880 462 912 veniens,
478 879 534 907 sive
549 880 576 906 in
591 880 714 911 ﬂumine,
728 879 785 906 sive
799 879 825 905 in
839 879 918 910 mari,
940 879 997 906 sive
1011 879 1037 914 in
1052 876 1136 911 fonte,
1153 878 1211 914 sive
1223 878 1249 914 in
1266 882 1376 914 stagno,
1391 878 1609 914 baptizaretur}
1631 882 1743 914 tantqm
1760 876 1834 914 Chri-

198 911 295 942 stianae
311 911 482 942 credulitatis
501 914 673 942 confessione
689 914 836 946 declarata,
859 914 963 948 integer
979 913 1129 941 eiliceretur
1148 911 1332 939 Christianus.
1351 912 1390 948 VEt
1410 913 1476 939 fecit
1497 911 1674 939 concilium.
1703 911 1734 938 Et
1759 912 1834 939 colla-

197 951 270 977 tione
284 950 354 977 facta
367 958 429 977 cum
442 951 606 985 presbyteris
620 955 646 976 et
665 950 845 985 diaconibus,
860 947 1059 985 accersitoquer
1070 947 1409 985 TheopliiloAlexandriae
1434 948 1569 985 episcopo
1596 947 1759 985 constituit,
1779 951 1829 985 ut__a

197 985 303 1012 decima
315 985 394 1012 tertia
410 982 472 1011 luna
490 982 570 1020 primi
586 985 701 1020 mensis,
714 992 801 1019 usque
814 984 848 1011 ad
863 992 909 1011 xxt
926 984 969 1011 die
984 982 1125 1010 Deminica
1138 983 1311 1020 custodiatur
1327 988 1454 1009 sanctum
1469 982 1593 1020 Pascha.
1621 982 1675 1009 llic
1688 982 1755 1020 fecit
1765 983 1832 1008 ordi-

198 1020 323 1047 nationes
339 1020 407 1047 duas
434 1018 625 1055 per'menscm
643 1018 818 1046 Decembrem
830 1039 841 1055 ,γ
855 1019 1042 1055 presbyteros?
1054 1023 1180 1055 quatupr.
1199 1018 1331 1055 diaconos
1352 1018 1830 1055 scptem,_episcoposperdirersa

201 1055 261 1090 loca
277 1062 391 1082 numero
407 1049 562 1082 dtiodecim.
578 1054 630 1087 Qui
643 1054 767 1090 sepultus
778 1049 909 1089 estjuxta
922 1049 1023 1089 corpus
1037 1049 1109 1081 beati
1133 1052 1206 1080 Petri
1227 1052 1253 1079 in
1268 1049 1411 1086 Vaticano,
1432 1049 1531 1088 quinto
1544 1049 1698 1080 Kalendas
1712 1052 1828 1087 Augusti.

199 1089 232 1116 Et
246 1090 362 1118 cessavit
371 1091 544 1125 episcopatus
555 1090 613 1118 dies
625 1098 663 1117 xl.

200 1184 1816 1198 _________—_______—____—_.__

494 1218 620 1350 DE
669 1271 1040 1351 SANCTO
1088 1270 1504 1351 VICTORE

733 1407 835 1438 PAPA
859 1407 910 1438 ET
933 1405 1130 1437 MARTYRE
1152 1405 1279 1436 ιὶΟΜιΈ

294 1497 775 1547 COMMENTARIUS
835 1494 1740 1542 CHRONOLOGICO-HISTORICUS.

679 1592 749 1624 (Acta
764 1592 813 1618 ss.
826 1590 950 1622 nouam,
963 1591 1023 1616 Julii
1037 1590 1106 1622 LVI,
1118 1591 1158 1629 die
1171 1591 1210 1622 28,
1223 1596 1246 1622 p.
1259 1590 1325 1622 534.)

196 1753 244 1789 sl.
263 1751 292 1780 S.
310 1750 423 1779 Victoris
438 1751 493 1779 dies
511 1750 609 1785 cultus,
634 1755 698 1779 alas
717 1758 764 1778 seu
775 1751 843 1778 sedis
858 1750 977 1777 duratio.

1034 1747 1108 1773 mus,
1129 1739 1204 1775 quod
1229 1740 1327 1772 sciam,
1344 1738 1380 1767 20
1404 1740 1508 1775 Aprilis
1532 1742 1716 1777 consignavit
1738 1748 1823 1771 auctor

233 1820 260 1848 1.
271 1819 506 1852 Quemadmodum
519 1819 553 1846 de
567 1818 597 1846 S.
613 1818 731 1846 Victoris
745 1826 821 1854 papae
839 1819 983 1846 sanctitate

196 1870 224 1892 et
235 1864 310 1892 cultu
329 1872 362 1892 ex
379 1864 456 1892 fastis
467 1864 553 1891 sacris
569 1868 745 1891 monumenta
761 1863 982 1891 babemusindu—

197 1911 293 1942 bitata,
307 1911 347 1938 sic
360 1910 421 1945 ejus
437 1914 523 1945 gesta,
543 1914 650 1944 tempus
666 1909 750 1942 sedis,
767 1909 858 1937 obitus
869 1909 938 1942 dies,
955 1914 984 1937 et

196 1965 258 1992 quae
281 1957 369 1992 ipsum
395 1957 576 1984 circumstant
601 1956 687 1983 ferme
705 1956 798 1983 omnia
825 1956 936 1991 spinosa
955 1961 982 1984 et

196 2008 371 2031 controversa
387 2007 468 2036 sunt.,
485 2002 518 2030 Et
535 2003 568 2030 de
584 2002 658 2030 cultu
674 2002 785 2036 quidem
802 2002 983 2030 consonantia

195 2054 303 2077 exstant
318 2048 574 2085 Martyrologiorum
586 2048 753 2080 testimonia,
770 2048 796 2075 in
809 2048 909 2083 quibus
919 2055 983 2083 pas-

196 2096 248 2123 sim
260 2100 362 2130 martyr
374 2095 458 2122 fuisse
476 2095 620 2126 asseritur,
636 2094 769 2128 quidquid
779 2093 902 2120 nonnulli
922 2094 982 2120 lau-

196 2142 298 2169 reolam
311 2141 390 2169 istam
407 2141 434 2168 in
442 2141 555 2168 dubium
566 2147 695 2167 revocare
704 2140 772 2168 velle
785 2140 938 2167 videantur.
946 2139 981 2166 At

195 2187 229 2215 de
239 2188 330 2215 obitus
345 2187 389 2214 die
403 2186 489 2214 multa
501 2190 560 2221 post
571 2185 770 2213 Florentinium
780 2184 978 2216 controversia,

195 2233 229 2260 de
243 2241 298 2268 qua
315 2232 420 2267 pridem
436 2232 613 2266 disputarunt
628 2230 828 2263 Henschenins,
844 2230 980 2265 Papebro-

194 2279 275 2307 chius
294 2283 322 2306 et
340 2286 373 2305 ex
396 2278 464 2313 ipsis
482 2277 538 2309 alii,
559 2285 664 2312 nosque
679 2277 852 2305 diliicultatcs
876 2277 979 2304 idcirco

194 2325 334 2360 attigimus
361 2324 389 2351 in
411 2324 499 2358 prima
515 2323 549 2350 ad
566 2323 721 2351 Usuardum
738 2324 929 2351 observatione
943 2322 979 2350 20

193 2369 305 2404 Aprilis,
318 2377 373 2405 quo
390 2369 522 2396 nimirum
537 2369 581 2396 die
598 2370 625 2396 in
639 2370 781 2397 codicibus
795 2368 981 2405 Hieronymia—
994 2406 998 2410 .

1035 1785 1152 1813 Romani
1175 1786 1263 1820 parvi,
1289 1785 1332 1814 his
1343 1786 1435 1814 verbis
1450 1796 1457 1813 :
1478 1796 1487 1812 ι
1507 1786 1613 1819 Romae,
1631 1788 1752 1817 Victoris
1770 1791 1823 1825 epi-

1034 1831 1110 1866 scopi
1135 1831 1274 1866 martyris,
1292 1841 1301 1857 ι
1319 1839 1399 1866 quem
1420 1832 1523 1859 mirum
1544 1841 1601 1860 non
1618 1838 1674 1866 est,
1701 1842 1823 1870 sequaces

1034 1877 1165 1905 habuisse
1188 1877 1323 1910 Adonem,
1352 1877 1511 1906 Usuardum
1530 1883 1557 1906 et
1586 1878 1740 1907 Notkerum
1766 1889 1821 1908 eum

1034 1928 1091 1950 tota
1109 1931 1203 1950 eorum
1227 1923 1366 1958 progenie.
1385 1923 1490 1951 Adonis
1514 1926 1697 1952 annuntiatio
1720 1926 1760 1953 sic
1779 1926 1820 1953 ha-

1034 1969 1078 1997 bet
1092 1978 1099 1995 :
1119 1979 1128 1995 ι
1148 1968 1252 2002 Romae,
1265 1970 1351 1997 sancti
1381 1969 1500 1997 Victoris
1515 1970 1655 2005 episcopi,
1668 1972 1717 2006 qui
1733 1973 1821 1999 tertius

1032 2015 1155 2043 decimus
1174 2020 1235 2050 post
1250 2014 1279 2042 Β.
1299 2015 1407 2042 Petrum
1423 2016 1494 2043 rexit
1511 2014 1669 2044 Ecclesiam
1686 2018 1764 2045 annis
1779 2018 1819 2045 de-

1032 2068 1104 2092 cem,
1122 2065 1149 2087 et
1163 2061 1215 2087 sub
1228 2060 1330 2088 Severo
1345 2061 1468 2095 principe
1483 2062 1617 2096 martyrio
1637 2068 1793 2092 coronatur.
1807 2072 1815 2089 ι

1032 2105 1098 2139 Qua:
1112 2106 1203 2133 omnia
1219 2114 1252 2134 ex
1263 2106 1322 2141 ipso
1332 2106 1436 2141 accepit
1448 2105 1605 2141 Usuardus,
1623 2116 1730 2142 errore,
1744 2118 1815 2144 quem

1032 2152 1160 2181 correxit.
1180 2156 1303 2187 excepto,
1320 2152 1384 2179 dum
1400 2153 1502 2180 rectius
1515 2153 1613 2181 ordine
1630 2156 1759 2189 quintum
1773 2157 1814 2182 de-

1031 2195 1134 2222 cimum
1161 2194 1246 2223 fuisse
1273 2196 1400 2223 asseruit.
1429 2195 1527 2224 Iisdem
1548 2198 1610 2225 istis
1633 2200 1762 2228 omnibus
1785 2209 1812 2228 ex

1030 2240 1124 2268 Adone
1138 2241 1172 2268 ad
1191 2241 1303 2269 verbum
1329 2241 1487 2277 descriptis,
1510 2244 1623 2272 aliunde
1645 2246 1745 2281 adjecit
1755 2246 1812 2274 Not-

1030 2285 1113 2314 kerus
1133 2287 1189 2321 jam
1216 2287 1287 2315 dicta
1310 2288 1353 2315 die
1369 2288 1405 2315 20
1423 2288 1525 2323 Aprilis
1549 2290 1576 2316 in
1595 2291 1670 2319 hunc
1687 2294 1809 2320 modum:

1030 2330 1080 2358 llic
1097 2331 1239 2358 constituit
1252 2337 1281 2359 ut
1294 2336 1419 2359 sanctum
1438 2332 1543 2360 Pascha
1556 2333 1602 2361 die
1617 2334 1761 2363 Dominieo
1773 2344 1811 2363 ce-

1031 2376 1193 2410 lebraretur,
1214 2381 1240 2404 et
1261 2385 1276 2404 a
1292 2378 1387 2412 quinta
1404 2378 1511 2405 decima
1527 2379 1595 2406 luna
1611 2381 1693 2414 primi
1718 2382 1811 2409 mensis

195 2417 238 2463 “3757
250 2415 461 2463 νὶοιοτηειίιιυίε
472 2415 629 2450 episcopus,
643 2415 785 2463 “$301113?
799 2423 898 2450 Passus
913 2423 976 2442 cum
993 2424 1013 2451 Β
1028 2428 1116 2457 Usque
1135 2423 1168 2450 ad
1186 2423 1344 2450 vicesimam
1369 2424 1486 2458 primam
1512 2425 1721 2460 observaretur,
1746 2428 1810 2463 quod

192 2462 281 2489 tribus
297 2462 379 2490 sociis
404 2468 651 2494 commemoratur,
667 2470 749 2496 quem
765 2462 904 2490 Victorem
929 2469 978 2497 pa-

192 2515 256 2542 pam
270 2514 331 2534 esse
347 2507 435 2534 noluit
456 2505 658 2540 Hensclienius,
684 2508 746 2535 aliis
761 2515 823 2535 cum
839 2507 978 2542 Papebro—

192 2552 256 2580 chio
269 2552 422 2587 oppositum
439 2552 640 2585 sentientibus;
654 2560 708 2580 non
720 2554 792 2588 quod
808 2555 924 2582 multum
936 2555 978 2581 in-

193 2596 279 2629 tersit,
294 2600 356 2623 utro
373 2596 417 2623 die
431 2596 490 2631 ejus
506 2597 642 2624 recolatnr
657 2598 803 2632 memoria,
821 2599 869 2627 sed
886 2600 922 2627 ob
933 2600 977 2627 di-

192 2649 285 2669 versas
303 2642 423 2669 rationes
447 2650 517 2678 quas
543 2643 643 2678 singuli
671 2644 793 2671 texendae
817 2645 976 2679 pontiﬁcum

191 2687 271 2715 seriei
288 2688 406 2722 apti0res
423 2689 625 2722 existimarunt,
641 2694 734 2724 utpote
750 2698 812 2717 cum
835 2691 978 2726 pontiﬁca-

191 2737 235 2761 tus
245 2733 304 2768 ejus
318 2733 427 2761 duratio
443 2735 479 2761 ita
495 2735 615 2762 involuta
632 2735 803 2772 implexaque
818 2738 863 2770 sit,
881 2743 910 2765 ut
926 2739 973 2773 qui

191 2786 251 2805 eam
269 2783 346 2806 extra
359 2780 572 2807 controversiam
586 2785 708 2814 poneret,
725 2781 859 2811 hactenus
879 2784 974 2812 inven-

191 2828 236 2848 tus
250 2823 285 2848 sit
300 2830 389 2856 nemo,
402 2825 474 2858 quod
488 2824 559 2852 infra
572 2826 674 2860 patebit
689 2827 870 2856 manifestius.

227 2866 253 2892 2.
274 2867 297 2892 A
311 2868 354 2895 die
370 2869 460 2897 obitus
480 2877 526 2897 seu
546 2871 636 2899 cultus
653 2872 787 2904 ordimur.
811 2882 892 2909 quem
916 2876 971 2910 pri-

1030 2472 1143 2496 eatenus
1167 2473 1243 2497 sexta
1263 2469 1307 2496 die
1322 2468 1382 2496 Kal.
1398 2469 1511 2505 Aprilis,
1536 2471 1643 2506 absque
1667 2473 1749 2501 ullius
1762 2473 1808 2501 diei

1029 2513 1194 2541 discretione
1214 2514 1381 2542 celebratum
1397 2519 1440 2543 est
1459 2523 1466 2542 :
1486 2525 1496 2542 ›
1511 2524 1612 2553 nempe
1633 2519 1669 2546 ab
1691 2520 1807 2547 Asiaticis

1029 2557 1135 2591 aliquot
1149 2558 1296 2593 episcopis,
1320 2559 1384 2586 ritui
1412 2558 1539 2588 Romano
1565 2570 1629 2590 sese
1646 2564 1807 2592 conformarc

1029 2603 1257 2637 detrectantibus,
1285 2609 1316 2632 ut
1335 2606 1419 2640 paulo
1443 2607 1547 2634 clarius
1575 2609 1708 2637 edisserit
1732 2611 1805 2639 codex

1029 2648 1202 2678 Usuardinus
1218 2650 1404 2679 Bruxeliensis
1420 2652 1492 2680 inter
1508 2655 1638 2682 auctaria
1655 2656 1694 2683 ibi
1709 2657 1804 2688 citatus.

1026 2703 1134 2731 nosque
1151 2697 1177 2723 in
1198 2697 1281 2732 hujus
1295 2699 1488 2726 commentarii
1501 2698 1515 2735 §
1531 2699 1561 2732 3,
1576 2702 1721 2736 explicare
1735 2711 1804 2731 cona-

1024 2741 1125 2769 bimur.

1059 2786 1086 2813 5.
1104 2785 1170 2819 Quae
1185 2787 1256 2822 apud
1270 2787 1420 2816 Notkerum
1441 2796 1615 2826 sequuntur,
1634 2792 1696 2828 ipse
1712 2800 1802 2822 mutua-

1022 2834 1068 2858 tus
1080 2837 1122 2859 est
1134 2832 1452 2869 aRabano,eodemque,
1468 2843 1526 2870 quo
1543 2837 1592 2865 ille
1610 2840 1756 2875 scripserat
1768 2842 1800 2869 die

1022 2876 1120 2906 iterum
1136 2879 1255 2914 repetiit,
1280 2886 1309 2907 ut
1335 2880 1401 2908 satis
1416 2881 1521 2916 pateat,
1548 2884 1577 2911 in
1601 2885 1715 2915 diversa
1735 2888 1797 2916 deﬂe-
