1873 3065
26 165 46 193 1
53 167 121 195 477

484 169 513 198 S.
534 170 661 199 VICTOR
678 171 687 199 l
707 171 805 200 PAPA.
817 172 999 200 -—NOTITIA
1018 172 1063 199 EX
1081 171 1247 200 BOLIAND.

1611 171 1680 199 1473

33 226 140 254 xisse.
156 226 195 254 Ex
208 228 326 263 genuino
337 228 408 257 Beda
423 230 548 264 metrico,
558 236 607 259 aut
621 231 702 260 Floro
713 233 766 260 sub
780 232 840 268 ejus
855 235 878 264 Α
893 232 1011 260 Victoris
1033 233 1112 260 ﬁncm
1133 233 1266 265 collocat,
1285 231 1450 266 principium
1475 230 1537 266 ejus
1558 230 1681 259 referens

28 272 166 300 nomine
189 281 205 300 a
224 274 376 309 majoribus
395 276 499 304 nostris
520 277 605 312 edito,
630 278 699 306 nihil
725 287 840 314 prorsus

27 319 170 351 eruitur,
188 320 260 348 unde
289 321 323 349 de
345 329 410 349 vero
431 323 515 350 natali
535 324 580 352 die
596 326 680 352 statui
703 331 795 360 queat,
810 330 841 354 ut

29 364 133 397 plane
160 366 345 401 colligendum
366 368 412 401 sit,
438 370 687 405 martyrologorum
714 372 839 399 omnium

29 410 171 443 primum
189 411 273 440 fuisse
284 412 425 441 Rabanum
440 415 487 450 qui
504 415 556 443 hoc
569 415 633 443 Julii
645 417 680 444 28
696 417 739 444 die
755 416 784 444 S.
794 416 840 444 Vi-

28 457 137 484 ctoris
153 458 314 486 memoriam
325 459 421 494 egerit,
434 460 485 488 hac
495 460 574 496 plane
586 461 696 496 phrasi:
713 471 722 488 ‹
735 461 838 496 Romae,

29 502 174 532 Victoris
193 504 244 532 PP.
265 510 294 534 et
310 507 450 543 martyris,
465 508 511 543 qui
526 509 669 537 constituit
677 509 704 537 in
716 509 839 539 Ecclesia

31 555 89 584 ut,
121 551 239 580 faciente
253 554 430 587 necessitate,
455 555 501 582 ubi
519 555 659 583 inventum
681 561 763 590 esset,
781 557 838 585 sive

30 597 71 624 in
89 597 214 631 flumine,
229 599 286 627 sive
299 599 326 627 in
338 599 422 634 fonte,
435 601 491 629 sive
504 602 531 628 in
543 603 622 635 mari,
638 608 744 631 tantum
758 603 838 631 Chri-

29 642 150 670 stiana:
163 644 333 672 credulitatis
344 645 518 674 confessione
527 646 674 680 declarata,
682 648 838 684 quicunque

31 688 195 716 hominum
215 690 327 718 veniens
342 698 376 718 ex
399 691 495 726 gentili
517 692 717 727 baptizaretur;
745 698 772 721 et
794 702 838 722 se-

30 734 146 768 pultus
162 739 205 762 est
221 735 299 770 juxta
316 744 415 772 corpus
428 737 458 764 Β.
471 738 595 772 Apostoli
612 738 638 766 in
655 738 804 773 Vaticano;
824 749 834 765 ι

31 788 112 814 quae
127 788 160 808 ex
178 781 269 817 aliquo
292 783 416 818 catalogo
440 784 581 818 pontiﬁcio
605 789 743 813 contracta
761 790 835 814 sunt.

32 826 142 861 Atque
167 827 201 854 de
224 828 427 863 antiquioribus
453 831 656 866 martyrologiis
680 832 834 861 hactenus:

32 872 94 905 qui
109 880 144 899 ex
157 871 320 902 Usuardinis
333 876 576 911 ampliﬁcatorihus
588 877 616 904 in
630 877 681 905 hac
694 883 769 914 parte
780 878 836 906 Ra-

891 277 924 303 ad
939 284 1041 304 annum
1070 277 1131 309 192,
1148 281 1235 304 totum
1263 281 1354 304 autem
1380 275 1570 311 pontificatum
1598 277 1680 304 annis

891 330 988 350 novem
1011 323 1255 350 circumscribens.
1279 323 1340 350 Alia
1373 330 1487 357 prorsus
1500 328 1551 356 est,
1568 323 1595 350 in
1612 331 1681 350 con-

891 368 1018 396 ciliorum
1041 367 1200 395 collectione
1224 366 1348 395 Severini
1374 367 1447 394 Binii
1472 368 1506 395 ad
1530 375 1577 395 cas
1598 372 1679 395 notas

891 413 1097 449 chronologicas
1114 414 1289 448 observatio;
1307 414 1395 441 ausim
1412 415 1513 448 dicere,
1534 414 1678 442 discordes

890 467 951 488 esse
965 467 1060 487 omnes
1071 464 1204 494 quotquot
1214 460 1248 488 de
1258 467 1291 488 eo
1303 465 1463 496 argumento
1472 461 1595 496 legerim.
1606 461 1680 488 Con-

890 507 960 540 sole,
975 507 1066 540 sodes,
1078 507 1199 541 reliquos
1215 515 1311 534 omnes
1322 507 1491 535 calculorum
1505 507 1678 534 Eusebiano-

891 560 953 580 rum
966 557 1114 580 sectatores
1130 561 1194 580 cum
1212 553 1396 586 Tillemontio,
1406 558 1434 582 et
1444 553 1597 581 recentiore
1613 561 1678 580 cru-

889 599 1026 627 ditissimo
1046 599 1207 627 Constantio
1224 599 1251 627 in
1272 600 1354 628 editis
1376 600 1411 627 ab
1429 607 1462 627 eo
1484 599 1671 626 Romanorum

889 646 1049 680 pontificum
1071 646 1195 680 epistolis
1215 653 1277 681 pag.
1299 646 1351 679 91;
1375 646 1402 673 id
1420 650 1446 673 te
1468 646 1675 680 exploraturum

889 692 1020 726 spondeo,
1038 692 1110 727 quod
1128 692 1209 727 vulgo
1225 691 1322 724 fertur,
1334 696 1375 719 tot
1386 699 1447 720 esse
1461 692 1584 719 diversas
1599 699 1674 719 com-

890 736 1055 769 binationes,
1073 741 1141 772 quot
1151 737 1250 772 capita.

924 782 952 810 6.
968 783 1022 810 Aut
1040 791 1090 818 ego
1103 782 1217 810 multum
1235 781 1324 815 fallor,
1340 786 1388 810 aut
1404 782 1486 817 paulo
1496 782 1599 810 rectius
1612 790 1676 810 sen-

888 829 961 856 tiunt
973 829 1019 863 qui
1034 829 1067 856 ad
1080 829 1218 864 catalogos
1232 828 1388 864 pontiﬁcios
1400 836 1447 856 seu
1461 829 1547 856 libros
1564 829 1674 863 pontiﬁ-

889 875 960 902 cales
973 871 1128 907 recurrunt,
1141 875 1265 910 quamvis
1277 879 1304 902 et
1318 875 1376 902 haec
1393 875 1476 910 priori
1491 882 1546 902 non
1560 875 1674 902 absimi-

34 919 152 947 Ivanum
165 920 270 955 primus
287 926 397 950 secutus
407 923 454 956 sit,
472 931 527 951 non
545 928 587 951 est
600 924 667 951 mihi
678 930 835 961 promptum
852 911 874 938 Β
889 920 923 948 “5
938 921 964 948 ίῐι

919 929 923 947 ι
938 921 1087 948 intercedat
1101 920 1296 956 discrepantia,
1312 921 1377 948 dum
1401 921 1562 956 ehronologi
1584 921 1672 949 nostri

32 964 173 998 deﬁnire,
180 974 268 1002 neque
276 966 409 996 Baronius
417 976 532 1004 usquam
545 969 683 1004 indicavit,
692 979 747 1006 quo
755 979 787 999 ex
795 980 838 1000 co—

32 1009 109 1037 dice
119 1011 208 1046 ipsum
219 1012 418 1048 desumpserit:
429 1023 484 1041 non
493 1015 608 1043 verebor
618 1020 708 1044 tamen
717 1018 835 1053 opinari,

34 1056 174 1085 Belinum
189 1058 213 1086 ei
224 1059 391 1095 suggessisse
401 1061 486 1087 totam
501 1061 661 1090 hodiernam
684 1063 718 1091 de
738 1063 768 1091 S.
785 1063 836 1091 Vi-

31 1107 126 1130 ctore
142 1104 390 1133 annuntiationem.
404 1106 463 1134 Coli
478 1114 562 1142 porro
576 1107 604 1135 S.
618 1108 756 1136 Victorem
771 1117 834 1137 cum

32 1147 175 1181 Nazario,
194 1149 273 1177 Celso
288 1155 315 1178 et
332 1150 504 1186 Innocentio,
526 1153 580 1181 ritu
597 1154 783 1191 semiduplici,
800 1163 834 1184 ex

33 1193 172 1221 Romano
187 1194 326 1224 Breviario
339 1198 511 1226 notissimum
522 1204 574 1227 est.
594 1210 607 1226 νς

76 1239 109 1267 4.
129 1240 258 1283 Sequitnr
273 1243 355 1270 modo
366 1243 590 1279 implexissimus,
607 1254 687 1282 quem
700 1247 767 1282 dixi,
781 1256 834 1276 no-

33 1285 96 1312 dus
112 1285 145 1313 de
163 1287 249 1315 sancti
270 1293 350 1316 aetate
365 1298 413 1318 seu
432 1291 522 1324 potius
535 1291 607 1320 sedis
627 1293 789 1328 duratione;
804 1296 832 1323 in

32 1338 98 1364 qua
111 1331 276 1366 deﬁnienda,
290 1335 472 1370 scriptoribus
483 1336 608 1371 pluribus
619 1345 674 1365 non
684 1339 833 1368 oscitanter

32 1375 186 1410 inspectis,
199 1379 392 1415 perpensisque
404 1382 542 1416 omnibus,
552 1383 585 1410 ad
601 1384 752 1420 praecipuas
763 1385 832 1414 duas

33 1422 199 1456 opiniones,
214 1425 335 1460 reliquas
354 1428 477 1455 revocari
495 1436 576 1464 posse
591 1430 740 1464 existimo;
764 1432 832 1459 alte-

33 1475 100 1494 ram
115 1476 177 1502 qua).
193 1469 302 1498 Eusebii
319 1472 440 1500 calculos
457 1478 596 1509 utcunque
620 1476 697 1511 sequi
712 1476 831 1511 videtur,

33 1515 159 1542 alteram
173 1523 235 1551 quae
251 1518 391 1554 catalogos
401 1520 556 1554 pontiﬁcios
567 1521 752 1556 praeferendos
765 1531 831 1551 cen-

32 1565 98 1592 set;
117 1560 159 1587 sic
183 1566 273 1589 tamen
290 1566 319 1590 ut
345 1571 394 1591 nec
418 1565 517 1599 prioris
537 1567 681 1594 sententia:
695 1575 830 1602 sequaces
844 1580 864 1609 (ς

34 1606 114 1633 inter
129 1614 159 1634 se
173 1608 348 1642 conveniant,
372 1618 462 1646 neque
478 1612 650 1646 posterioris,
672 1613 788 1649 singulis
801 1614 829 1642 in

33 1651 161 1685 diversa,
179 1654 258 1688 quasi
277 1654 340 1682 dato
358 1656 460 1689 studio,
478 1657 652 1686 abeuntibus.
679 1658 828 1687 Eusebium

34 1701 132 1724 autem
150 1698 177 1724 in
193 1699 346 1727 ordinanda
364 1700 549 1729 Romanorum
571 1703 731 1738 pontiﬁcum
747 1704 829 1732 chro-

35 1741 151 1777 nologia
166 1750 292 1771 securum
303 1745 400 1774 ducem
413 1747 485 1774 haud
498 1754 572 1781 esse,
587 1752 690 1776 norunt
707 1749 805 1776 eruditi
818 1758 826 1783 ;

34 1793 123 1822 atque
142 1788 170 1814 in
192 1788 251 1823 ipso
269 1789 351 1824 hujus
367 1792 560 1819 controversiae
576 1798 679 1827 puncto
703 1793 756 1820 sibi
771 1801 827 1821 non

34 1836 178 1865 constare,
194 1841 227 1860 ex
241 1833 358 1868 ejusmet
371 1835 462 1863 verbis
473 1835 537 1864 faxo
552 1837 696 1873 intelligas.
712 1837 753 1865 En
767 1838 827 1873 ipsa

33 1887 70 1906 ex
84 1879 146 1913 ejus
162 1879 222 1906 libri
238 1887 264 1913 v,
278 1888 338 1915 cap.
355 1880 401 1913 22,
415 1881 512 1909 initio:
531 1891 540 1908 ε
555 1882 661 1910 Interea
675 1884 826 1912 Commodo

34 1923 176 1951 decimum
193 1932 294 1952 annum
313 1925 419 1960 imperii
440 1931 536 1961 agente
555 1926 601 1963 (iis
619 1928 774 1956 certissime
786 1932 827 1956 est

34 1977 128 1997 annus
144 1969 246 1997 Christi
265 1970 328 2004 189)
340 1979 402 1999 cum
420 1971 583 2001 Eleutherus
594 1973 724 2002 tredecim
747 1975 827 2003 annis

36 2016 228 2051 episcopatum
246 2016 478 2050 administrasset,
498 2017 590 2046 Victor
607 2019 633 2046 in
649 2020 709 2055 ejus
733 2020 825 2048 locum

34 2061 242 2089 successitnDe
257 2061 365 2090 Victore
379 2067 471 2090 autem
483 2063 523 2091 sic
537 2063 619 2092 habet
630 2065 751 2100 ejusdem
764 2073 824 2102 cap.

33 2106 72 2134 28
87 2114 94 2132 :
117 2116 126 2133 ι
147 2108 273 2141 Quicum
291 2108 385 2136 decem
403 2108 485 2137 annis
501 2111 685 2138 sacerdotium
708 2112 826 2139 admini-

34 2159 163 2187 strassct,
181 2153 353 2189 Zephyrinus
374 2155 399 2182 ei
425 2162 569 2184 successor
593 2157 758 2186 substitutus
772 2162 824 2192 est,

34 2209 110 2230 anno
121 2201 290 2236 principatus
302 2201 395 2228 Severi
405 2202 515 2230 circiter
526 2211 610 2235 nono,
625 2204 671 2238 qui
682 2208 724 2231 est
735 2211 824 2232 annus

889 965 987 993 citatos
998 973 1014 992 a
1028 970 1115 993 semet
1130 969 1230 999 textus,
1248 966 1356 993 obtorto
1371 974 1424 993 non
1437 966 1505 993 nihil
1519 966 1600 1000 collo,
1612 967 1674 994 ﬁxa:

888 1018 903 1038 a
917 1018 947 1039 se
958 1011 1116 1046 pontiﬁcum
1131 1011 1210 1039 seriei
1226 1016 1320 1046 aptare
1332 1011 1508 1040 contendunt.
1524 1011 1675 1040 interduos

887 1055 957 1084 istos
967 1056 1117 1091 catalogos,
1135 1064 1205 1092 quos
1218 1062 1281 1084 ante
1293 1061 1398 1085 tomum
1412 1056 1422 1084 Ι
1438 1057 1539 1092 Aprilis
1551 1058 1672 1086 illustra—

887 1102 926 1129 vit
949 1101 1147 1135 llenschenius,
1166 1104 1304 1131 secundus
1326 1104 1412 1131 altero
1429 1104 1602 1138 distinctior;
1623 1105 1672 1140 qui

886 1148 1003 1176 Damaso
1019 1149 1101 1184 vulgo
1114 1149 1252 1182 tribuitur,
1267 1149 1306 1177 sic
1317 1150 1518 1178 habetdisertis
1528 1151 1670 1179 terminis:

889 1203 899 1220 ‹
915 1193 1017 1226 Victor,
1036 1193 1147 1221 natione
1156 1193 1233 1228 Afer,
1244 1202 1277 1222 ex
1294 1199 1371 1230 patre
1386 1195 1486 1228 Felice,
1498 1196 1568 1223 sedit
1583 1204 1671 1224 annos

885 1239 990 1272 decem,
1004 1247 1115 1268 menses
1127 1240 1207 1272 duos.
1221 1240 1280 1275 dies
1298 1241 1401 1268 decem.
1418 1240 1481 1268 Fuit
1496 1242 1669 1277 temporibus

885 1275 1215 1321 [Commodi,~Pertinacis
1225 1292 1252 1314 et
1269 1285 1374 1323 Severi]
1390 1287 1519 1320 Caesaris,
1534 1275 1560 1314 a7
1570 1295 1670 1316 consu-

883 1331 940 1359 latu
957 1331 1100 1359 Gommodi
1117 1332 1137 1358 V
1154 1337 1180 1360 et
1205 1331 1370 1365 Glabrionis,
1387 1340 1473 1368 usque
1493 1333 1628 1361 Laterano
1643 1339 1671 1362 et

883 1376 1003 1411 Ruﬁno;
1024 1388 1032 1404 ι
1049 1379 1096 1406 ubi
1112 1379 1174 1406 licet
1188 1379 1346 1414 perturbata
1376 1379 1505 1407 nonnulla
1538 1385 1671 1415 agnoscat

883 1422 1010 1450 laudatus
1024 1422 1227 1456 Henschenius,
1249 1423 1276 1451 id
1301 1423 1329 1450 in
1343 1424 1439 1452 ordine
1456 1424 1490 1452 ad
1506 1430 1667 1459 prasentem

882 1468 1060 1503 quaestionem
1079 1473 1156 1495 extra
1171 1468 1388 1496 controversiam
1409 1473 1462 1502 est,
1478 1473 1506 1497 et
1529 1478 1625 1504 annos,
1641 1475 1670 1498 et

881 1519 989 1540 menses
999 1517 1026 1540 et
1036 1513 1095 1540 dies
1108 1513 1148 1541 sic
1159 1512 1186 1540 in
1197 1513 1400 1548 exemplaribus
1411 1514 1473 1543 aliis
1483 1519 1589 1543 notatos
1595 1523 1668 1549 esse;

881 1566 932 1586 nec
947 1559 1037 1586 minus
1055 1563 1130 1586 certa
1142 1563 1169 1586 et
1181 1559 1283 1594 ubique
1294 1559 1445 1588 conformis
1456 1566 1498 1589 est
1512 1562 1666 1595 consulum,

882 1613 932 1640 pro
955 1605 1028 1633 sedis
1046 1605 1186 1640 ingressu,
1203 1605 1346 1634 Commodi
1359 1606 1380 1632 V
1394 1611 1422 1635 et
1435 1608 1602 1642 Glabrionis,
1617 1617 1668 1645 pro

882 1649 966 1683 exitu,
993 1649 1122 1678 Laterani
1152 1655 1179 1678 et
1201 1649 1292 1678 Ruﬁni
1315 1652 1472 1687 expressio;
1500 1654 1572 1688 quod
1594 1659 1668 1682 certe

881 1702 1042 1730 computum
1063 1697 1171 1725 caeteris
1194 1697 1305 1732 prafert
1323 1697 1522 1731 Henschenius,
1541 1707 1555 1727 a
1573 1701 1669 1728 multis

880 1742 1013 1777 catalogis
1026 1742 1134 1777 egregie
1146 1743 1337 1770 conﬁrmatum
1347 1743 1374 1770 in
1387 1745 1485 1778 grandi
1498 1753 1601 1780 nupera
1612 1746 1667 1774 ele-

880 1788 1010 1824 gantique
1021 1788 1157 1816 Anastasii
1172 1788 1376 1817 Bibliothecarii
1387 1790 1517 1823 editione,
1530 1799 1593 1819 mox
1605 1792 1667 1827 plu-

879 1834 957 1861 ribus
973 1841 989 1861 a
1000 1833 1079 1861 nobis
1091 1833 1288 1862 convenientia.

915 1879 942 1906 7.
960 1878 1059 1907 lterum
1082 1884 1187 1915 repeto,
1216 1880 1245 1907 in
1269 1879 1390 1908 recitatis
1413 1880 1470 1916 jam
1486 1881 1586 1915 verbis,
1607 1882 1666 1910 haec

879 1923 934 1951 duo
948 1925 1051 1959 passim
1065 1925 1198 1958 admissa,
1211 1926 1308 1954 saltem
1320 1927 1356 1954 ab
1372 1926 1405 1954 iis
1417 1927 1464 1962 qui
1475 1927 1607 1963 catalogis
1623 1928 1665 1955 in-

878 1970 980 1998 sistunt
993 1970 1160 1998 admittenda
1177 1976 1256 2006 sunt;
1277 1973 1396 2007 primum
1413 1973 1484 2008 quod
1503 1973 1597 2001 sedere
1609 1982 1665 2002 crn-

878 2015 949 2050 pcrit
958 2015 986 2042 S.
1000 2015 1094 2044 Victor
1106 2024 1122 2043 a
1137 2017 1282 2045 consulatu
1292 2017 1435 2046 Commodi
1447 2018 1483 2045 1X
1498 2023 1525 2046 et
1537 2019 1664 2048 Glabrio-

877 2061 921 2089 nis
931 2062 977 2096 qni
991 2061 1213 2090 manifestissime
1230 2068 1272 2091 est
1288 2071 1376 2092 annus
1391 2064 1476 2098 186,e
1489 2065 1559 2093 vivis
1571 2070 1662 2093 autem

874 2109 1025 2136 excesserit
1047 2109 1098 2137 sub
1119 2110 1266 2138 consulatu
1283 2110 1411 2139 Laterani
1425 2117 1452 2139 et
1473 2111 1566 2140 Ruﬁni
1589 2121 1663 2140 anno

877 2154 944 2188 197;
961 2155 1077 2182 alterum
1094 2156 1166 2190 quod
1193 2156 1292 2184 sederit
1309 2165 1398 2185 annos
1424 2159 1528 2192 decem,
1554 2166 1663 2188 menses

876 2199 955 2233 duos,
972 2200 1031 2228 dies
1046 2201 1150 2234 decem,
1174 2206 1241 2236 quot
1260 2202 1285 2229 ei
1302 2203 1524 2231 constantissime
1539 2204 1663 2232 tribuunt

32 2248 140 2276 Christi
150 2247 214 2279 201,
233 2251 262 2274 ut
277 2248 344 2275 adeo
357 2256 411 2275 non
424 2250 503 2277 annis
513 2250 646 2277 duntaxat
656 2250 762 2283 decem,
776 2251 823 2278 sed
840 2260 862 2287 ο
877 2246 985 2273 codices
1004 2246 1148 2274 duodecim
1165 2247 1244 2274 relati
1258 2249 1292 2275 ab
1310 2248 1449 2276 illustriss.
1463 2249 1614 2277 Blanchino
1634 2251 1660 2278 in

34 2293 151 2321 omnino
168 2293 312 2320 duodecim
331 2292 360 2320 S.
379 2293 515 2322 Victorem
530 2296 634 2324 sedisse
649 2300 784 2331 oporteat,
800 2296 824 2324 si

33 2343 237 2374 consequenter
251 2339 379 2373 loquatur
391 2339 551 2368 Eusebius.»

73 2385 100 2412 5.
112 2385 181 2412 Audi
193 2385 276 2412 modo
290 2385 456 2412 cardinalem
474 2385 621 2414 Baronium
634 2386 661 2413 in
675 2386 821 2414 Annalibus

33 2433 69 2459 de
86 2431 116 2458 S.
126 2431 245 2459 Victoris
256 2432 431 2466 pontiﬁcatus
440 2432 583 2460 duratione
599 2433 651 2460 hoc
665 2433 746 2460 modo
757 2434 824 2461 scri-

33 2478 144 2506 bentem
158 2477 263 2504 :«Anno
279 2476 388 2504 Domini
416 2477 604 2505 ducentesimo
627 2477 718 2510 tertio,
734 2477 823 2505 Annio

34 2523 158 2550 Fabiano
182 2527 210 2549 et
228 2521 318 2549 Nonio
341 2521 459 2549 Llucano
481 2530 552 2550 coss.
578 2522 613 2550 28
629 2522 710 2554 Julii,
731 2522 824 2551 Victor

34 2577 105 2606 papa
129 2568 287 2604 auspicatus
305 2568 362 2602 jam
384 2575 487 2595 annum
502 2568 639 2596 decimum
657 2569 698 2596 sui
715 2569 823 2604 pontiﬁ-

35 2621 113 2644 catus
125 2624 173 2651 per
193 2623 316 2643 mensem
331 2623 416 2642 unum
436 2620 464 2642 et
475 2616 534 2643 dies
549 2616 644 2650 viginti
659 2620 732 2646 octo.
747 2624 822 2643 mar-

36 2663 106 2698 tyrio
121 2665 281 2690 coronatur.
302 2670 311 2687 r
327 2661 394 2694 Quis
410 2661 538 2688 consules
560 2662 638 2695 istos,
653 2661 716 2696 quis
734 2661 822 2689 deter-

35 2710 153 2737 minatos
165 2716 263 2741 annos,
277 2715 397 2734 mensem
409 2711 436 2733 et
445 2707 504 2734 dies
516 2707 633 2734 Baronio
644 2708 821 2743 suggesserit,

35 2763 88 2783 non
103 2754 190 2782 habeo
217 2753 288 2780 unde
305 2752 448 2788 conjiciatur
468 2762 474 2780 :
493 2753 517 2780 id
533 2753 660 2787 colligere
677 2761 757 2788 posse
780 2755 821 2781 vi-

35 2803 111 2831 deor,
124 2799 159 2826 ab
175 2798 285 2826 Eusebii
298 2797 433 2826 sententia
452 2806 514 2825 eum
533 2806 585 2825 non
604 2799 760 2833 longissime
778 2807 820 2826 re-

34 2847 167 2878 cessisse;
183 2850 211 2873 at
225 2853 289 2873 vero
307 2847 429 2881 pressius
453 2847 477 2873 ei
502 2846 615 2872 inluerct
643 2845 769 2872 Labbeus
791 2845 819 2872 in

35 2893 193 2921 Comwtdio
210 2893 402 2928 chronologica,
418 2894 482 2922 dum
502 2900 574 2921 anno
590 2891 682 2921 Severi
698 2899 771 2920 nono
787 2891 815 2920 S.

876 2292 984 2320 laudata
997 2293 1146 2321 Anastastii
1162 2294 1282 2321 editione
1297 2299 1370 2322 tomo
1384 2294 1406 2322 ll
1422 2295 1449 2323 in
1459 2295 1661 2331 Prolegomcnis

876 2346 938 2374 pag.
956 2338 999 2366 95.
1017 2337 1073 2366 llos
1086 2339 1154 2367 vidit
1172 2339 1223 2366 vir.
1239 2340 1288 2373 οι..
1302 2340 1371 2367 vidit
1383 2341 1529 2376 plerosque
1547 2341 1658 2377 Pagius,

875 2383 942 2411 vidit
967 2389 1076 2412 nostros
1098 2383 1312 2418 Papebrochius,
1330 2385 1458 2413 viderunt
1484 2387 1576 2421 plures
1601 2388 1659 2419 alii,

874 2437 992 2464 quorum
1013 2429 1057 2457 hic
1070 2430 1180 2456 nomina
1195 2429 1298 2457 referre
1308 2437 1378 2465 opus
1391 2438 1445 2458 non
1460 2436 1518 2464 est;
1545 2439 1577 2460 ac
1589 2433 1661 2459 nihi-

873 2476 995 2504 lominus
1007 2476 1147 2510 postulare
1159 2476 1256 2509 audeo,
1273 2481 1303 2503 ut
1323 2477 1393 2504 inter
1409 2477 1477 2505 istos
1492 2485 1597 2511 omnes,
1616 2479 1658 2506 vel

874 2522 944 2550 duos
962 2523 1029 2550 mihi
1045 2523 1167 2558 assignes
1184 2523 1230 2557 qui
1246 2527 1294 2550 aut
1308 2530 1405 2556 annos,
1421 2528 1469 2550 aut
1486 2531 1594 2551 menses
1611 2531 1659 2551 aut

873 2569 932 2596 dies
942 2569 1094 2596 durationis
1106 2569 1280 2604 pontiﬁcatus
1291 2568 1424 2596 Victorini
1439 2569 1532 2596 eadem
1544 2577 1657 2604 prorsus

872 2615 978 2642 ratione
995 2615 1167 2642 concludant.
1184 2615 1219 2642 Ut
1239 2622 1255 2642 a
1271 2614 1457 2650 Papebrochiu
1471 2615 1609 2650 incipiam,
1623 2623 1658 2642 cn

871 2661 932 2696 ejus
946 2665 1105 2695 computum
1120 2669 1127 2688 :
1143 2670 1153 2686 ‹
1174 2660 1322 2688 Ordinatus
1335 2661 1363 2688 11
1382 2660 1550 2696 Septembris
1562 2661 1588 2687 in
1609 2660 1659 2687 Do-

872 2707 982 2739 minica,
1004 2713 1077 2733 anno
1097 2705 1157 2740 l86,
1175 2707 1246 2734 sedit
1261 2715 1348 2734 annos
1367 2707 1409 2739 l0,
1425 2714 1533 2734 menses
1551 2706 1576 2738 7,
1597 2706 1657 2734 dies

873 2752 916 2785 10,
932 2753 1071 2787 depositus
1088 2752 1124 2779 20
1135 2752 1236 2787 Aprilis
1254 2753 1318 2780 anni
1336 2753 1396 2787 197,
1413 2753 1560 2780 translatus
1578 2753 1610 2780 ad
1624 2752 1654 2781 S.

870 2799 981 2828 Petrum
994 2801 1021 2827 in
1038 2801 1201 2828 Vaticanum
1219 2800 1254 2827 27
1269 2800 1351 2834 Julii;
1366 2805 1392 2828 et
1408 2800 1524 2828 cessavit
1546 2800 1654 2835 episco-

870 2851 950 2881 patus
964 2853 1072 2873 menses
1082 2846 1126 2879 15,
1142 2846 1200 2873 dies
1213 2846 1258 2873 21.
1273 2856 1281 2871 ι
1295 2846 1485 2874 Cessationum
1502 2850 1592 2873 autent
1606 2854 1654 2873 seu

871 2891 1158 2927 interpontiﬁciorum,
1174 2895 1232 2919 tum
1249 2892 1414 2926 decessoris,
1436 2896 1493 2919 tum
1507 2899 1652 2920 successo-
