1873 3065
224 165 294 194 1479

223 226 264 254 iis
277 231 378 252 causas
393 226 446 252 nbn
462 226 678 254 Contem‘nendas
698 227 810 255 adducit
823 247 830 259 ,
857 236 919 263 qua:
945 228 1015 263 apud

224 271 313 306 ipsum
327 276 354 298 ct
370 271 441 305 apud
454 271 658 299 llcnseltenium
671 273 704 299 ad
719 273 792 300 diem
808 273 843 300 26
854 274 957 308 Aprilis
973 275 1015 301 vi-

224 317 281 344 deri
301 321 426 351 possunt.

266 362 294 389 8.
321 362 356 389 lis
372 362 501 390 omnibus
525 370 581 390 non
600 363 781 397 obstantibus,
797 364 878 392 aliam
900 373 1013 400 prorsus

223 409 356 436 rationem
380 408 408 435 in
431 408 502 436 στω
526 416 576 436 sua
600 409 756 438 BarOniana
775 411 853 438 inivit
877 411 1013 440 Antonius

223 455 334 492 Pagius,
348 463 364 483 a
380 455 459 490 cujus
474 455 581 490 placitis
604 463 658 483 non
670 458 782 486 recessit
793 465 880 491 nepos
896 456 1013 484 Franci-

223 512 288 532 scus
302 504 326 531 in
346 511 397 531 suo
413 503 562 535 Breviario,
581 511 629 530 seu
647 504 735 538 patrui
752 504 856 531 Crixus
874 505 900 531 in
917 505 1013 532 ordine

223 550 256 577 ad
276 550 420 585 pontiﬁces
435 550 609 584 compendio.
623 550 742 578 Adducit
759 551 804 577 ille
818 551 901 578 verba
917 559 950 578 ex
967 559 1012 578 ca-

223 596 320 631 talogis
329 596 386 630 jam
397 597 492 627 citata,
509 601 590 631 atque
604 597 724 624 codicem
735 596 1012 630 Palatinum,cmteris

223 642 302 676 plane
325 641 563 673 consentientem,
592 642 656 668 item
684 643 838 677 catalogqu
867 643 1008 669 nominum

222 686 448 720 apostolicorutn,
468 686 495 713 in
510 694 565 721 quo
579 694 629 721 pro
646 687 787 714 mensibus
809 688 917 716 duobus
939 697 1012 716 unus

221 731 355 758 duntaxat
370 731 486 766 legitur;
515 737 571 759 tum
590 740 654 759 vero
670 740 744 760 mere
756 740 806 759 suo
818 735 1010 768 pronuntians,

222 777 346 811 protritis
362 777 567 812 quodammodo
582 780 795 807 auctoritatibus
807 780 946 812 omnibus,
963 780 1012 806 de-

223 824 329 851 iiuitive
346 832 401 851 rem
414 825 579 851 determinat
595 833 602 851 :
620 833 630 850 ι
654 823 770 857 Verum,
787 826 886 859 inquit,
902 833 963 852 cum
982 825 1009 852 in

221 869 360 898 Eleutlieri
387 871 465 898 obitu
490 869 609 898 Victoris
624 871 731 898 initium
758 871 792 898 12
819 871 920 898 mensis
936 870 1009 898 Junii

222 915 287 942 anni
307 915 357 942 185
380 916 440 950 (pro
459 923 535 942 mero
554 923 652 950 nempe
674 916 802 948 arbitrio)
825 916 1006 943 collocaveri-
1023 909 1045 938 Β

221 969 294 992 mus,
313 961 407 995 liquet,
423 960 558 988 Victorem
569 961 673 988 sedisse
689 968 774 988 annos
792 962 834 994 1‘2,
848 969 968 988 mensem
983 961 1008 993 l,

221 1007 281 1033 dies
297 1005 340 1038 16,
357 1005 526 1033 numeranda
542 1013 557 1032 a
573 1006 616 1032 die
629 1013 683 1039 quo
698 1005 794 1033 sedere
809 1006 904 1041 cmpit,
922 1013 1009 1040 usque

221 1052 255 1079 ad
270 1051 343 1079 diem
369 1059 426 1085 quo
450 1051 574 1086 sepultus
595 1055 647 1078 est.
667 1061 676 1077 ι
695 1051 735 1078 lta
760 1052 891 1079 nimirum
908 1052 1009 1087 Pagius

222 1098 267 1126 hic
280 1098 452 1133 liypothesim
471 1105 561 1129 suam,
575 1105 623 1124 seu
636 1098 735 1125 seriem
748 1098 916 1133 pontiﬁciam
935 1104 1009 1127 recte

222 1152 252 1171 se
263 1144 407 1171 ordinasse
429 1144 580 1175 existimat,
597 1143 663 1170 dum
679 1144 788 1171 interim
807 1149 886 1172 notas
913 1153 1010 1174 omnes

222 1190 431 1225 chronologicas
448 1190 482 1216 ad
502 1189 610 1216 libitum
630 1190 825 1217 convellit-aut
846 1184 1007 1226 detorquet;

222 1246 310 1274 neque
321 1239 393 1265 enim
411 1238 528 1274 signatis
538 1239 698 1266 consulibus
710 1238 822 1271 insistit,
833 1246 920 1273 neque
932 1239 1008 1274 pensi

222 1285 304 1312 liabet
319 1285 508 1320 catalogorum
525 1293 624 1318 annos,
642 1293 750 1313 menses
772 1289 820 1312 aut
834 1285 902 1318 dies,
919 1293 1009 1320 neque

221 1331 434 1367 intcrpontiﬁcia
452 1331 581 1363 admittit,
599 1332 644 1358 vix
660 1339 762 1367 paucos
777 1332 837 1359 dies
858 1332 1006 1366 reperiens,

220 1377 320 1412 quibus
330 1377 408 1405 sedes
421 1377 567 1404 vacaverit.

256 1425 283 1450 9.
300 1423 459 1451 Plusculum
482 1431 512 1451 se
542 1422 693 1451 coniecisse
710 1424 862 1451 arbitratur
880 1423 1007 1451 laudatus

221 1470 426 1498 illustrissimus
448 1469 628 1503 Blancltinus,
653 1470 719 1497 dum
748 1470 820 1498 inter
838 1474 918 1497 notas
943 1477 1008 1498 suas

221 1515 358 1551 pag.157,
373 1520 478 1543 textum
497 1516 610 1543 secundi
628 1516 715 1543 nostri
731 1516 847 1551 catalogi
861 1524 943 1551 supra
959 1517 1008 1544 da-

222 1567 279 1589 tum
296 1562 349 1589 hoc
364 1563 445 1589 modo
465 1562 595 1589 immutat
610 1571 617 1589 :
633 1571 643 1587 ‹
659 1562 754 1590 Victor
778 1563 848 1590 sedit
863 1563 944 1590 annis
962 1563 1006 1595 12,

220 1608 320 1636 diebus
341 1608 391 1640 l0;
411 1608 462 1635 fuit
477 1608 647 1643 temperibus
663 1608 805 1636 Commodi
826 1613 854 1636 et
869 1608 976 1640 Severi,
992 1616 1008 1636 a

221 1654 367 1681 consulatu
383 1653 528 1681 Commodi
546 1653 567 1681 ν
583 1659 611 1682 et
623 1654 792 1688 Glabrionis,
817 1662 906 1690 usque
927 1654 1008 1682 Late-

221 1708 290 1727 rano
307 1704 335 1728 et
353 1699 465 1728 Ruﬁno.
488 1709 497 1726 ι
520 1700 640 1728 Probare
659 1701 685 1728 id
699 1706 815 1728 conatur
830 1708 845 1728 a
860 1708 923 1736 pag.
940 1701 1007 1734 l56,

220 1746 255 1774 iis
266 1746 360 1774 itidem
375 1747 557 1782 argumentis,
573 1755 636 1782 qua:
652 1748 751 1774 seriem
769 1755 785 1774 a
802 1755 832 1774 se
842 1747 1006 1782 dispositam

220 1793 393 1826 conﬁrment,
418 1793 536 1820 desertis
560 1793 748 1828 catalogornm
777 1793 1004 1826 cltaracteribus,

219 1839 266 1874 qui
282 1843 373 1866 tamen
394 1839 518 1866 inviolati
533 1839 578 1866 hic
598 1839 723 1866 servandi
745 1839 885 1872 videntur,
901 1839 925 1866 si
938 1839 1005 1874 quid

218 1893 314 1912 eorum
326 1885 487 1913 auctoritate
500 1885 650 1912 stabilitum
664 1885 791 1912 velimus.
809 1884 939 1920 Displicet
953 1885 1007 1911 ita-

218 1939 272 1966 que
293 1931 319 1958 in
341 1931 400 1966 ipso
413 1939 490 1966 atque
503 1935 585 1966 atque
600 1931 627 1958 in
643 1930 727 1966 Pagio
750 1931 823 1966 quod
840 1939 889 1966 pro
904 1939 1006 1959 consu-I

218 1977 291 2004 libus
307 1977 370 2004 anni
398 1977 450 2004 186
471 1977 682 2012 expressissimc
704 1978 830 2012 signatis,
854 1986 962 2013 nempe,
976 1982 1005 2005 ut.

216 2023 273 2057 jam
289 2023 499 2056 inculcavimus,
524 2024 675 2051 Commodo
692 2023 712 2050 ν
729 2028 756 2051 et
775 2023 932 2057 Glabrione,
957 2032 1003 2051 ro-

218 2069 301 2096 tunde
317 2069 366 2104 ipsi
389 2069 540 2096 obtrudant
565 2077 669 2096 annum
693 2070 864 2104 superiorem
889 2069 951 2102 185,
970 2070 1003 2097 de

217 2123 272 2150 quo
288 2123 338 2143 nee
350 2116 524 2143 somniat-unt
538 2116 670 2150 eatalogi,
689 2115 768 2150 quasi
783 2120 888 2143 certum
905 2116 957 2150 sit,
971 2116 1001 2145 S.

217 2161 405 2189 Elcutherium
422 2169 456 2189 eo
473 2169 546 2188 anno
561 2161 662 2188 obiisse
676 2161 709 2188 26
725 2161 801 2195 Maii,
816 2170 848 2189 ac
866 2162 1003 2196 paucissi-

216 2208 269 2235 mis
284 2209 435 2242 interjectis
446 2208 542 2235 diebus
551 2207 580 2235 S.
590 2208 727 2236 Victorem
740 2209 919 2240 successisse,
927 2209 1000 2243 quod

802 168 830 196 s.
851 160 979 196 Vic‘rott
996 166 1086 196 PAPA
1105 167 1148 196 er
1167 159 1322 197 murra.

1787 171 1835 199 1380

1030 230 1054 260 Α
1069 236 1116 255 vni
1130 227 1193 256 ldus
1208 237 1254 256 seu
1273 230 1289 256 6
1311 229 1496 264 Septembris;
1515 229 1687 256 successerit
1700 233 1785 256 autem
1797 239 1834 265 pn-

1066 282 1139 302 mum
1156 274 1185 302 S.
1198 274 1302 308 Victor,
1322 280 1382 310 post
1400 275 1502 311 integri
1526 276 1595 303 amri
1611 275 1833 310 interpontiticium

1065 321 1127 352 186,
1144 321 1189 348 die
1205 321 1373 356 Septembris
1400 322 1445 354 11,
1465 323 1517 349 sub
1532 329 1612 350 coss.
1631 321 1780 348 Commodo
1792 321 1806 346 ν
1817 329 1834 349 ιιι

1064 366 1226 399 Glabrione;
1243 368 1391 396 defunctus
1404 369 1442 396 sit
1459 369 1513 396 sub
1539 369 1596 395 alia
1626 373 1695 395 nota
1721 370 1834 395 consulari

1064 411 1126 445 197,
1141 417 1189 440 aut
1203 412 1240 439 20
1259 413 1360 448 Aprilis
1374 422 1407 441 ex
1420 419 1512 441 mente
1524 413 1727 448 Papebrochii,
1738 419 1763 441 ut
1775 417 1834 441 setia-

1063 458 1099 486 rit
1113 459 1193 486 annis
1210 459 1253 491 10,
1265 460 1405 487 mensibus
1422 460 1437 486 ’1
1447 463 1475 487 et
1489 460 1591 488 diebus
1601 459 1650 492 10,
1658 460 1712 493 vel,
1725 462 1746 487 si
1756 461 1832 489 πηγῆς.

1063 504 1158 538 praefer
1174 505 1210 532 28
1224 504 1301 538 Julii,
1318 513 1437 541 eumque
1455 511 1564 534 statuas
1579 507 1694 534 sedisse
1706 507 1778 533 annis
1797 507 1833 534 de-

1063 558 1134 582 cem,
1149 551 1290 579 mensibus
1305 552 1410 585 decent,
1427 552 1527 580 diebus
1542 553 1706 580 octodecim
1717 562 1724 585 ;
1736 553 1779 587 qui
1790 554 1833 580 cal-

1062 596 1152 629 culus,
1168 597 1218 624 etsi
1235 597 1343 625 deﬁciat
1364 599 1390 625 in
1413 599 1530 633 signatis
1541 599 1692 626 mensibus
1705 604 1731 626 et
1743 599 1831 627 diebus.

1062 641 1232 676 potissimam
1248 647 1340 670 servat
1355 643 1550 675 substantiam,
1566 647 1599 670 ut
1615 644 1758 670 salvantur
1767 645 1831 669 notati

1062 688 1205 721 consules;
1218 688 1392 722 pontiﬁcatus
1407 693 1500 716 autem
1518 693 1662 723 tempora,
1672 696 1728 715 non
1741 688 1771 714 ad
1780 688 1832 715 dno-

1062 733 1160 764 decim,
1185 733 1256 768 quod
1276 733 1377 769 Pagius
1405 735 1526 769 primum
1550 743 1645 762 ausus
1669 739 1721 767 est,
1748 734 1788 762 sed
1807 735 1830 760 ad

1062 786 1149 806 annos
1173 781 1305 815 duntaxat
1330 781 1423 807 decem
1450 788 1512 808 cum
1531 780 1689 815 praecipuis
1713 780 1830 813 utriusque

1062 824 1157 851 classis
1173 811 1348 860 cbronoiogis
1364 827 1580 861 restringantur.
1599 826 1671 860 Quae
1685 826 1729 853 hic
1750 826 1827 860 opponi

1061 876 1184 905 possent,
1201 873 1235 898 ab
1246 871 1419 900 liensclienio
1440 878 1466 900 et
1481 873 1691 908 Papebrocliio,
1706 872 1767 900 locis
1787 873 1828 899 suis

1059 917 1167 944 abunde
1184 918 1273 945 soluta
1291 919 1425 946 invenies.
1441 919 1521 952 Quod
1537 920 1562 947 si
1578 919 1642 946 haec
1654 919 1724 946 ratio
1738 924 1826 946 contro-

1060 964 1179 990 versiam
1211 965 1365 999 exponendi
1391 965 1640 1000 componendique
1663 964 1752 991 minus
1775 964 1827 990 arri-

1059 1009 1133 1042 deat,
1148 1017 1208 1037 eam
1228 1011 1278 1037 tibi
1295 1010 1424 1046 praferre
1437 1010 1480 1038 fas
1494 1016 1548 1044 est,
1565 1019 1655 1046 quam
1681 1010 1825 1038 verisimiliu-

1059 1063 1118 1084 rem
1131 1057 1287 1092 agnoveris.

1147 1124 1162 1160 ᾗ
1177 1124 1209 1152 ll.
1232 1124 1311 1152 Varia
1325 1125 1355 1152 S.
1376 1124 1491 1153 Victoris
1509 1130 1587 1160 gesta
1600 1129 1628 1152 cl
1639 1125 1744 1160 scripta.

1095 1195 1136 1222 11.
1153 1194 1257 1222 Prteter
1271 1195 1326 1229 jam
1349 1195 1474 1228 recitata,
1491 1203 1525 1222 ex
1543 1191 1823 1222 Henscheniauoﬂatav

1058 1241 1122 1276 logo
1139 1241 1273 1273 secundo,
1291 1241 1348 1268 sive
1368 1241 1392 1268 is
1418 1240 1529 1268 Damasi
1544 1240 1715 1275 pontiﬁcalis
1730 1240 1769 1270 sit,
1781 1240 1822 1265 sire

1058 1287 1250 1322 cujuscunque
1262 1287 1386 1319 alterius,
1398 1287 1432 1314 de
1445 1293 1501 1322 quo
1516 1287 1577 1321 jam
1595 1287 1691 1314 tandiu
1706 1287 1767 1313 inter
1774 1294 1821 1313 οων

1059 1333 1133 1360 ditos
1152 1337 1288 1361 certatum
1307 1339 1365 1366 est;
1386 1340 1419 1360 ex
1436 1333 1498 1365 hoc,
1519 1333 1650 1368 inquam,
1671 1332 1785 1366 Catalogo
1798 1339 1820 1357 ea

1058 1379 1102 1406 hic
1111 1379 1234 1407 addenda
1245 1385 1319 1411 sunt,
1335 1387 1397 1414 quae
1407 1379 1480 1414 apud
1494 1378 1647 1406 Rabanum
1664 1384 1690 1406 et
1700 1377 1818 1405 Notkernm

1057 1432 1092 1451 ex
1108 1428 1184 1459 parte
1210 1429 1349 1451 contracta
1363 1424 1532 1455 monuimus,
1548 1423 1591 1450 ibi
1611 1424 1640 1450 in
1657 1424 1726 1449 hunc
1735 1421 1819 1448 moulqu

1059 1471 1176 1498 deductu
1189 1479 1194 1496 :
1207 1480 1217 1496 ι
1244 1470 1294 1498 Hic
1312 1470 1457 1497 constituit
1477 1475 1507 1497 ut
1522 1469 1636 1497 Pascha
1651 1470 1695 1497 die
1708 1469 1821 1496 Dominica

1059 1517 1256 1550 celebraretur,
1269 1517 1339 1544 sicut
1352 1516 1428 1544 Plus.
1440 1516 1489 1544 ilic
1504 1515 1573 1543 fecit
1588 1521 1732 1551 sequentes
1745 1516 1819 1542 clerus:

1062 1563 1194 1599 martyrio
1208 1567 1367 1590 coronatur.
1391 1561 1542 1590 Constituit
1564 1566 1601 1589 ut
1624 1561 1774 1589 necassitate
1787 1558 1819 1586 ia-
1852 1587 1853 1599 ἦ

1061 1611 1160 1643 ciente,
1175 1610 1221 1637 ubi
1239 1609 1368 1637 inventus
1389 1608 1497 1641 fuisset,
1517 1607 1581 1636 sive
1600 1607 1632 1635 in
1649 1607 1725 1639 mari,
1738 1607 1784 1633 sive
1799 1605 1819 1631 iu

1059 1656 1134 1684 fonte
1145 1660 1192 1684 aut
1204 1660 1300 1689 stagno
1314 1655 1430 1690 (tantum
1442 1654 1608 1682 Christiana
1619 1651 1819 1682 confessionem-

1059 1703 1159 1730 elarata
1177 1702 1359 1736 credulitatis)
1380 1701 1533 1729 diceretur
1549 1701 1660 1736 integer
1675 1699 1818 1727 Christian:

1058 1749 1214 1784 quicunque
1230 1748 1372 1775 hominum
1390 1755 1423 1775 ex
1440 1747 1577 1784 gentilitio
1593 1746 1706 1774 veniens
1716 1750 1742 1772 ut
1753 1743 1819 1778 bapti-

1059 1799 1177 1823 zaretur.
1199 1793 1275 1821 Fecit
1295 1793 1443 1821 concilium
1459 1798 1486 1820 et
1510 1792 1696 1828 interrogatio
1716 1791 1775 1818 iacta
1789 1794 1817 1816 est

1057 1841 1090 1868 de
1097 1839 1263 1873 Pascha,vel
1276 1840 1310 1867 de
1324 1840 1367 1867 die
1382 1839 1470 1874 prima
1481 1847 1544 1866 cum
1557 1838 1711 1873 Theophilo
1717 1838 1818 1872 epismpo

1056 1886 1189 1914 Caesarea:
1199 1887 1232 1914 de
1243 1886 1318 1913 luna.
1332 1885 1382 1912 Hic
1396 1885 1461 1913 fecit
1473 1885 1667 1913 ordinationes
1684 1885 1755 1915 duas,
1772 1890 1816 1917 pre

1056 1933 1180 1968 sbyteros
1196 1937 1324 1967 quatuor,
1337 1933 1469 1960 diaconos
1487 1932 1626 1968 quinque,
1640 1931 1772 1966 episcopos
1782 1934 1816 1963 per

1056 1979 1116 2006 loca
1137 1979 1298 2011 duodecim;
1315 1979 1362 2014 qui
1391 1979 1516 2014 sepultus
1538 1984 1583 2006 est
1597 1979 1676 2013 juxta
1697 1983 1782 2010 corpus
1793 1974 1814 1999 ll.

1054 2023 1128 2051 Petri
1149 2032 1166 2050 ν
1184 2023 1320 2051 Kalendas
1339 2024 1455 2059 Augusti
1477 2028 1505 2051 et
1524 2029 1648 2050 cessant
1673 2023 1814 2056 episcopalus

1055 2070 1114 2098 dies
1132 2070 1269 2097 undecim.
1293 2079 1302 2096 ι
1329 2069 1440 2096 Notavit
1464 2068 1676 2100 Henschenius,
1700 2069 1761 2094 inter
1775 2065 1812 2091 alia

1054 2117 1152 2143 menda
1174 2116 1287 2143 cilatum
1312 2115 1367 2142 illic
1385 2115 1569 2149 Theophilum
1595 2115 1747 2149 episcopum
1766 2111 1814 2137 scri-

1054 2167 1131 2197 ptum
1147 2161 1233 2189 fuisse
1249 2161 1429 2194 Alexandrina,
1449 2162 1498 2196 qui
1509 2165 1586 2188 certo
1602 2160 1654 2187 fuit
1669 2159 1781 2186 (Ia-sares:
1793 2157 1811 2181 in

1052 2206 1195 2235 Palaestina
1200 2226 1207 2234 .

1024 1585 1046 1616 C

215 2259 257 2282 est
270 2254 414 2281 manifeste
423 2253 733 2288 catalogosinfringerc;
746 2253 846 2288 quibus
855 2254 1001 2286 stantibus,
1018 2259 1042 2289 υ
1091 2253 1136 2279 12.
1152 2251 1238 2285 Quam
1261 2251 1347 2278 amita
1364 2251 1477 2285 insuper
1510 2250 1618 2283 luxata,
1639 2257 1670 2276 ac
1685 2245 1811 2275 verisimili-

216 2300 330 2327 omnino
345 2307 459 2328 necesse
471 2305 524 2333 est,
538 2308 592 2327 non
612 2300 645 2326 ad
663 2307 764 2326 annum
781 2299 833 2326 185
847 2299 894 2326 sed
912 2299 946 2326 ad
960 2307 1005 2327 se-

216 2351 345 2380 quentem
363 2345 413 2372 186
433 2345 462 2373 S.
482 2344 598 2376 Victoris
617 2345 761 2372 exordium
777 2345 870 2380 ﬁgere,
885 2350 1004 2380 cumque

216 2392 391 2419 Eleutherins
404 2391 568 2426 prtecedenti
579 2391 672 2418 vivere
683 2391 806 2424 desierit,
821 2391 1003 2419 cessationem

215 2438 335 2472 aliquam
350 2445 524 2472 nequaquam
536 2444 674 2472 respuere.
689 2437 769 2464 Certe
782 2436 804 2463 si
814 2437 1003 2472 catalogorum

215 2485 370 2520 praecipuos
387 2485 561 2511 characteres
574 2484 692 2511 intactos
710 2484 799 2519 cupis,
816 2491 870 2511 non
886 2483 938 2511 alia
956 2488 1003 2510 tu'

217 2525 326 2556 tior'via
341 2528 491 2563 excogitari
508 2533 607 2563 potest.

252 2575 295 2603 10.
308 2575 428 2604 Candide
440 2575 566 2611 equidem
584 2575 680 2607 faleor,
697 2574 800 2601 nullam
823 2580 938 2609 prorsus
959 2580 1003 2600 su-

215 2629 324 2657 peresse
341 2630 396 2656 qua
409 2621 632 2657 Martyrologium
647 2620 800 2648 Romanum
817 2627 880 2647 cum
900 2619 1003 2646 catalo-

215 2668 258 2702 εἰς
271 2667 452 2701 combinetur,
470 2675 557 2703 neque
565 2668 678 2702 propius
691 2667 724 2694 ad
739 2667 791 2694 hos
805 2671 898 2701 patere
914 2673 1004 2693 acces-

215 2723 288 2744 sum.
306 2722 387 2749 quam
415 2714 449 2741 iis
477 2714 653 2748 inhaerendo,
679 2722 741 2749 qua:
763 2713 953 2741 llensehcnius
973 2713 1001 2740 in

216 2760 372 2786 Eleutherio
389 2760 420 2786 51
436 2759 498 2786 Maii
511 2761 679 2794 praestruxit,
691 2759 895 2794 Papcbroehius
911 2763 1001 2786 autem

216 2805 342 2839 superius
355 2805 501 2833 ordinavit.
511 2805 653 2832 Statuatur
670 2806 772 2840 itaque,
785 2810 815 2832 ut
827 2805 862 2831 ibi
876 2813 909 2832 ex
921 2805 999 2832 codd.

214 2850 437 2885 llieronymianis
463 2851 583 2878 ostendit
607 2851 814 2884 Henschenins,
839 2851 942 2878 obiisse
970 2850 999 2877 S.

216 2894 402 2922 Eleutlierium
426 2896 548 2924 Materno
567 2901 594 2924 et
611 2896 718 2924 Bradua
742 2904 826 2932 coss.,
847 2905 920 2924 attno
936 2896 1000 2930 185,

1057 2304 1095 2326 ter
1114 2298 1322 2326 amanuensium
1340 2296 1446 2324 incuria
1459 2296 1554 2323 vitiata
1572 2297 1640 2328 sint,
1655 2295 1746 2322 clarius
1757 2294 1811 2326 palel

1054 2353 1137 2380 quam
1149 2348 1179 2371 ut
1190 2344 1234 2371 hic
1247 2352 1261 2370 a
1273 2351 1315 2370 me
1331 2343 1503 2370 observanda
1518 2342 1584 2373 sint,
1601 2346 1648 2368 aut
1662 2337 1808 2367 restituenda,

1054 2401 1069 2420 a
1081 2399 1135 2426 quo
1147 2396 1238 2418 tamen
1253 2398 1306 2417 non
1320 2390 1509 2420 abhorrerem,
1527 2388 1581 2415 nisi
1593 2386 1724 2414 Anastasii
1734 2383 1810 2410 Biblio-

1055 2437 1168 2466 tliecarii
1181 2441 1298 2469 textum,
1314 2436 1379 2462 huic
1395 2435 1463 2462 satis
1483 2434 1657 2461 consimilem
1668 2431 1743 2458 variis
1755 2428 1807 2456 notis

1053 2486 1080 2509 et
1093 2480 1263 2508 variantibus
1277 2479 1440 2506 lectionibus
1456 2478 1624 2513 explicatum
1637 2478 1690 2511 jam
1699 2474 1808 2503 dedissent

1053 2526 1219 2559 llolstenius,
1230 2525 1401 2559 Ciampinus,
1418 2524 1614 2552 Sehelstratius
1624 2524 1725 2558 aliique,
1735 2528 1761 2548 ac
1770 2527 1806 2546 no-

1052 2573 1164 2600 vissime
1179 2572 1383 2599 illustrissimus
1408 2571 1591 2604 Blanchinus,
1608 2575 1638 2598 ut
1662 2568 1759 2596 materia
1772 2565 1803 2591 illa

1052 2619 1158 2654 pridem
1175 2619 1306 2646 exhausta
1322 2619 1364 2645 sit.
1385 2618 1537 2645 Audiamus
1555 2617 1636 2644 modo
1662 2612 1802 2642 Anastasitun

1053 2665 1142 2699 ipsum
1161 2663 1290 2697 :tVictor,
1301 2664 1412 2690 natione
1432 2663 1507 2694 Afer.
1521 2671 1554 2690 ex
1571 2658 1647 2697 patre
1665 2660 1800 2690 Feiicepdﬁ

1052 2716 1082 2738 ut
1100 2718 1180 2745 supra
1200 2710 1229 2736 in
1251 2709 1356 2736 Nomia
1370 2717 1403 2736 ca:
1433 2707 1514 2734 Libro
1526 2705 1686 2742 Pontiﬁcali.
1697 2705 1750 2733 Utut
1761 2702 1799 2729 luet

1052 2757 1134 2783 etiam
1151 2755 1266 2783 confusa
1281 2755 1337 2783 sint
1352 2760 1378 2782 et
1398 2754 1515 2789 implexa
1532 2761 1593 2788 quae
1617 2753 1754 2780 criticorum
1770 2748 1798 2774 in-

1053 2803 1131 2837 genia
1148 2807 1340 2835 exercuerunt,
1358 2810 1390 2828 ex
1408 2801 1443 2828 iis
1463 2801 1643 2828 nihilominus
1660 2795 1795 2834 pra-clarior:

1053 2849 1140 2876 sancti
1158 2847 1295 2883 pontiﬁcis
1308 2852 1386 2882 gesta
1400 2846 1521 2874 eruenda
1540 2851 1641 2876 essent,
1652 2852 1708 2871 cum
1716 2840 1794 2868 interim

1054 2895 1098 2923 vix
1109 2895 1225 2930 paucula
1242 2898 1447 2927 recenscantur,
1470 2897 1500 2920 ut
1512 2893 1579 2921 adeo
1595 2891 1694 2927 pridem
1708 2896 1722 2916 a
1734 2887 1792 2913 ιιιυθί
