1873 3065
8 178 94 206 1481

8 245 84 270 mo,

7 291 80 313 iam
107 283 250 319 hujusque
271 283 364 311 szeculi
380 282 448 310 viris
464 282 575 310 aliunde
590 282 751 310 illustranda
764 282 825 310 fue-

7 329 99 362 rint,
116 329 192 364 quod
203 329 249 357 hic
261 329 379 364 primum
388 336 420 356 ac
430 328 598 363 praecipuum
610 333 661 361 est,
671 335 702 356 ea
714 328 825 363 diligen-

7 374 54 401 tia
74 380 114 402 et
137 375 325 407 accuratione,
341 379 373 402 ut
388 374 519 402 nonnulla
532 374 665 402 duntaxat
680 374 745 401 hinc
762 374 826 404 inde

7 420 126 455 capita
146 421 190 448 hic
204 420 350 452 delibasse,
366 424 451 447 totam
462 419 563 454 sitejus
577 424 714 454 gestorum
724 419 823 448 seriem

7 466 229 499 contexuisse,
254 466 354 501 rejecta
381 466 410 493 in
435 466 636 501 paragraphum
665 469 823 500 sequentem

7 511 220 546 agitatissima
236 519 297 539 cum
309 511 416 546 aliquot
431 510 560 538 Asiaticis
570 509 708 546 episcopis
723 510 757 538 de
771 509 824 538 Pa-

7 557 143 584 schatis
155 556 337 584 celebratiOne
353 556 553 584 controversia.

53 602 116 629 14.
134 601 207 629 Inter
226 602 365 637 praecipua
381 609 443 636 quae
461 605 558 629 sancto
579 600 702 636 pontilici
718 600 821 636 passim

7 647 201 675 tribuuntur
216 652 312 675 contra
328 652 498 683 emergentes
510 654 543 674 εο
565 651 687 682 tempore
705 647 823 674 haereses

6 694 201 726 certamina,
211 693 277 720 illud
285 697 360 721 certe
372 692 634 720 commemoratione
647 693 758 728 dignum
769 697 822 726 est,

6 739 109 773 quod
126 738 256 766 adversus
265 736 447 770 Theodotum,
459 741 642 773 cognomento
656 737 822 771 Coriarium,

7 788 192 819 apostatam
208 783 392 819 Byzantinum
410 787 437 811 et
453 783 560 810 fortiter
581 783 703 818 suscepit
719 787 747 810 et
762 783 822 818 glo-

7 830 111 857 riose
123 835 269 856 exsecutus
283 833 336 862 est,
344 829 576 864 quemadmodum
586 836 618 856 ex
633 829 692 863 ipso
706 828 822 856 Eusebio

12 880 125 909 atque
145 875 209 901 item
231 882 263 902 ex
278 873 441 909 Epiphanio,
459 874 574 901 vetustis
590 873 684 908 utique
704 878 731 901 et
747 873 822 908 puris

9 921 173 954 fontibus,
187 921 299 948 haurire
313 921 487 953 conabimur,
499 928 550 956 pro
563 920 681 954 longiori
696 919 821 947 clariori-
837 920 859 948 Β

10 975 87 1002 que
106 974 203 994 eorum
219 967 341 994 omnium
352 967 535 994 elucidatione
550 967 665 994 lectores
680 965 714 993 de
724 971 823 994 caetero

12 1013 59 1039 ad
80 1016 248 1047 prastantes
261 1012 322 1040 illos
336 1012 558 1045 commentarios,
574 1011 608 1039 de
620 1015 676 1039 tota
686 1019 718 1039 ea
729 1019 758 1039 re
765 1011 823 1046 jam

13 1058 143 1093 pridem
158 1058 347 1090 concinnatos,
368 1057 522 1085 remissuri.
550 1057 608 1084 Huc
623 1061 726 1092 spectat
738 1057 824 1092 potis-

17 1105 143 1133 simum
170 1104 233 1132 libri
253 1112 269 1131 v
294 1103 422 1131 Historia:
449 1103 646 1134 ecclesiasticaz.
668 1108 751 1138 caput
776 1103 823 1137 28,

17 1151 82 1178 ubi
97 1159 163 1178 cum
181 1160 191 1177 ι
203 1151 236 1178 de
251 1150 295 1179 his
312 1150 359 1186 qui
373 1150 530 1178 Artemonis
545 1150 669 1178 haeresim
684 1150 763 1177 initio
780 1157 824 1177 se-

17 1197 100 1224 ctati
116 1201 191 1229 sunt,
208 1196 363 1232 cuiusmodi
375 1197 497 1224 moribus
511 1196 627 1231 praediti,
644 1201 671 1222 et
686 1195 823 1230 quomodo

19 1250 133 1270 sacras
153 1241 310 1277 Seripturas
323 1242 472 1277 depravare
484 1241 544 1269 ausi
559 1241 686 1274 fuerint,i
697 1245 823 1268 accurate

18 1287 159 1320 disserit,
175 1292 258 1322 atque
271 1288 353 1316 etiam
377 1295 518 1315 enormem
539 1287 672 1315 adversus
686 1286 715 1315 S.
731 1286 824 1314 Victo-

19 1342 92 1362 rem
105 1334 272 1361 calumniam
282 1334 389 1369 egregie
401 1332 510 1368 refellit,
521 1333 589 1369 quid
604 1333 638 1360 de
649 1333 734 1360 totius
745 1339 823 1360 erro-

20 1379 72 1407 ris
90 1379 227 1413 magistro
236 1378 379 1407 Theodoto
393 1379 560 1407 censendum
568 1379 615 1412 sit,
627 1379 697 1406 haud
709 1379 824 1406 obscure

21 1424 170 1452 declarat.
186 1423 226 1451 En
239 1424 376 1459 specimen
387 1432 421 1452 ex
432 1424 503 1452 libro
513 1431 561 1452 seu
575 1424 733 1452 narratione
744 1424 824 1451 istius

23 1468 182 1503 temporis,
209 1468 237 1496 in
258 1476 311 1504 qua
326 1468 409 1504 impia
431 1469 610 1498 sectariorum
622 1469 737 1496 istorum
749 1476 824 1496 men-

22 1514 114 1542 dacia
127 1518 315 1542 memorantur
326 1518 354 1542 et
370 1515 584 1543 convincuntur.
598 1514 636 1542 ita
649 1522 683 1542 ex
699 1514 746 1542 illo
760 1521 824 1541 nar-

24 1565 77 1588 rat
87 1560 129 1587 ibi
145 1559 294 1588 Eusebius:

68 1606 116 1633 15.
137 1614 148 1632 t
164 1605 308 1634 Afﬁrmant
316 1605 401 1640 enim,
410 1605 509 1641 inquit,
522 1606 627 1642 priscos
641 1605 750 1641 quidem
762 1613 823 1633 om«

25 1659 96 1685 nes,
120 1657 148 1679 et
169 1653 244 1687 ipsos
258 1652 408 1687 apostolos,
423 1660 455 1680 ea
477 1660 539 1687 qua:
557 1652 592 1680 ab
609 1651 676 1687 ipsis
692 1659 766 1679 nunc
780 1651 822 1679 di-

26 1702 138 1725 cuntur
157 1703 185 1725 et
202 1699 343 1734 accepisse
362 1703 390 1726 et
408 1698 553 1730 docuisse;
574 1705 607 1725 ac
622 1697 823 1732 praedicationis

25 1744 146 1779 quidem
157 1744 297 1772 veritatem
310 1751 371 1772 esse
384 1744 547 1772 custoditam
559 1750 646 1778 usque
656 1742 691 1770 ad
708 1742 823 1770 Victoris

26 1794 173 1824 tempora,
198 1789 247 1824 qui
273 1790 370 1817 tertius
395 1789 519 1817 decimus
540 1797 557 1817 a
585 1789 666 1816 Petro
692 1788 823 1816 Romanae

21 1835 114 1863 .urbis
131 1835 276 1870 episcopus
296 1834 364 1869 fuit;
380 1843 395 1862 a
411 1835 556 1870 Zephyrini
584 1840 674 1862 autem
692 1834 822 1869 tempori-

27 1881 99 1914 bus,
119 1881 166 1915 qui
178 1879 282 1908 Victori
299 1881 443 1913 successit,
458 1880 637 1908 adulteratam
651 1878 736 1907 fuisse
751 1878 822 1907 veri-

27 1926 177 1954 tatem.Ac
190 1926 307 1954 fortasse
322 1926 350 1954 id
363 1926 436 1962 quod
452 1926 556 1959 dicunt,
573 1925 701 1953 credibile
717 1925 822 1952 videre-

29 1976 90 2004 tur,
107 1971 159 1998 nisi
173 1972 213 1999 eis
229 1971 435 2006 refragarentur
452 1971 571 2006 primum
593 1970 702 2004 quidem
722 1968 822 1996 divina:

29 2017 198 2052 Scriptura,
209 2017 307 2044 deinde
322 2016 438 2044 fratrum
459 2016 640 2051 quorumdam
653 2015 765 2050 scripta,
778 2013 822 2041 Vi-

28 2063 120 2090 ctoris
135 2067 216 2090 attate
231 2062 398 2097 antiquiora,
415 2070 475 2098 qum
494 2062 533 2089 illi
546 2062 677 2089 adversus
690 2065 783 2096 gentes
793 2065 821 2088 et

28 2110 132 2134 contra
151 2106 195 2133 sui
212 2106 342 2140 temporis
355 2106 498 2134 haereticos
523 2113 572 2140 pro
590 2105 712 2132 veritatis
728 2104 822 2132 defen-

28 2152 113 2179 sione
121 2152 309 2186 scripserunt:
324 2151 462 2179 Iustinum
473 2151 602 2187 intelligo,
617 2156 645 2178 et
659 2150 819 2182 Miltiadem,

28 2202 59 2225 et
81 2197 228 2224 Tatianum
254 2205 286 2225 ac
310 2197 488 2230 Clementem,
505 2197 628 2232 aliosque
651 2196 820 2232 quampluri-

30 2251 94 2272 mos
111 2252 118 2270 :
136 2244 164 2271 in
181 2251 298 2279 quorum
321 2243 444 2271 omnium
469 2243 546 2271 libris
571 2242 672 2270 Christi
688 2242 819 2270 divinitas
834 2255 856 2282 Ι)

29 2291 178 2319 astruitur.
194 2290 261 2318 Nam
273 2289 367 2318 lrenaei
385 2290 496 2325 quidem
512 2294 540 2317 et
553 2289 691 2317 Melitonis
705 2294 732 2316 et
755 2289 820 2316 reli-

29 2344 151 2372 quorum
163 2336 262 2371 scripta
273 2336 335 2371 quis
349 2340 392 2364 est
403 2336 451 2371 qui
461 2335 578 2370 ignorat,
588 2335 615 2362 in
627 2335 728 2370 quibus
739 2334 820 2364 Chri-

30 2388 107 2410 stum
134 2381 219 2408 Deum
244 2381 326 2409 simul
347 2386 429 2416 atque
456 2381 593 2408 hominem
620 2380 820 2416 praedicarunt?

31 2427 135 2454 Psalmi
156 2434 266 2461 quoque
288 2430 316 2454 et
337 2426 445 2454 cantica
466 2425 580 2453 fratrum
599 2425 655 2460 jam
681 2425 786 2459 pridem
803 2432 819 2452 a

30 2472 163 2500 fidelibus
179 2472 347 2507 coriscripta,
361 2472 500 2500 Christum
517 2470 637 2498 Verbum
657 2470 704 2498 Dei
719 2478 818 2498 concc-

31 2519 150 2552 lebrant,
169 2518 339 2546 divinitatem
355 2518 382 2546 ei
401 2517 556 2546 tribuendo.
579 2517 648 2545 Cum
674 2517 758 2552 igitur
779 2521 819 2545 tot

30 2565 134 2593 abhinc
156 2564 236 2592 annis
261 2564 447 2592 ecclesiastica
462 2563 586 2592 doctrina
609 2563 753 2598 praedicata
771 2563 818 2597 sit,

32 2610 80 2645 qui
98 2609 159 2637 fieri
187 2614 288 2644 potest,
303 2614 334 2637 ut
348 2616 444 2638 omnes
457 2616 547 2644 usque
564 2609 598 2636 ad
613 2607 733 2637 Victoris
747 2613 817 2636 tem-

32 2663 100 2691 pora
116 2663 189 2689 eam,
201 2663 284 2691 quam
302 2656 348 2683 isti
362 2656 468 2688 dicunt,
484 2655 637 2683 doctrinam
662 2654 818 2690 promulga-

32 2702 138 2729 verint?
154 2701 297 2735 Quomodo
311 2709 359 2729 eos
374 2709 427 2729 non
441 2700 535 2736 pudet,
545 2700 702 2735 hujusmodi
713 2699 818 2728 calum-

33 2749 106 2775 niam
134 2748 264 2776 adversus
290 2747 428 2776 Victorem
453 2747 635 2778 concinnare,
655 2754 718 2773 cum
742 2750 817 2773 certo

33 2794 125 2821 sciant
142 2793 314 2821 Theodotum
329 2793 495 2825 Coriarium,
507 2793 554 2827 qui
573 2791 734 2819 defectionis
742 2791 816 2818 illius

34 2839 118 2866 Deum
135 2839 295 2874 abnegantis
310 2846 408 2874 parens
420 2843 447 2866 et
468 2843 564 2866 auctor
578 2837 639 2869 fuit,
656 2837 816 2872 primusque

35 2884 174 2913 Christum
190 2885 293 2912 nudum
304 2892 364 2912 esse
374 2884 512 2912 hominem
524 2883 651 2916 asseruit,
664 2890 711 2917 per
728 2881 816 2909 Victo-

188 2933 326 2963 PATROL.
350 2931 407 2965 Gtt.
435 2932 473 2962 V.

629 174 771 205 NOTITIA
788 175 834 204 EX
851 175 1023 206 BOLLAND.

125 236 237 265 Labbeo
247 257 255 271 ,
277 235 459 272 plurimisque
487 235 657 264 doctissimis
678 237 823 272 praegressi
839 238 862 268 Α
874 243 933 263 rem
947 244 962 264 a
986 236 1180 265 communione
1197 235 1328 264 Ecclesiae
1343 235 1461 272 ejectum
1477 234 1579 263 fuisse?
1591 234 1660 263 Nam

1590 176 1600 203 Ι
1606 175 1660 204 ιδξ

876 281 911 315 si,
923 286 952 309 ut
962 282 1050 315 aiunt,
1059 281 1154 310 Victor
1166 282 1261 310 eadem
1272 281 1406 310 sentiebat
1415 289 1476 317 quae
1489 281 1599 308 illorum
1611 281 1662 309 do-

875 333 918 355 cet
933 328 1069 363 impietas,
1085 336 1135 356 cur
1149 327 1333 361 Theodotum,
1349 327 1488 363 opinionis
1510 327 1584 356 illius
1609 335 1660 356 au-

874 377 988 407 ctorem,
1004 373 1039 400 ab
1051 373 1172 402 Ecclesia
1184 373 1317 402 removit?
1329 373 1369 401 Ac
1383 374 1416 402 de
1426 373 1535 402 Victore
1549 374 1660 409 quidem

875 418 912 446 ita
925 427 956 446 se
968 427 1013 447 res
1028 419 1120 448 habet.
1140 429 1150 446 ι

911 475 954 503 16.
977 475 1054 509 Quod
1071 476 1114 504 hic
1133 476 1289 504 desiderare
1310 475 1429 503 fortasse
1446 475 1509 510 quis
1523 479 1616 510 posset
1630 474 1660 503 in

874 521 971 549 ordine
986 521 1019 548 ad
1035 522 1121 556 ipsam
1135 526 1218 549 totam
1233 520 1366 549 Theodoti
1381 521 1531 553 vesaniam,
1548 521 1658 556 supple-

873 567 913 595 bit
922 567 1031 595 abunde
1063 565 1240 603 Epiphanius,
1252 575 1286 595 ex
1299 575 1355 602 quo
1369 567 1436 595 satis
1450 567 1530 594 nobis
1540 567 1590 594 erit
1598 574 1660 601 per-

873 621 969 642 sonam
988 613 1099 647 referre,
1120 622 1202 649 quam
1221 614 1350 649 graphice
1372 613 1493 648 depingit
1506 613 1659 646 haeresi“,

874 660 917 688 his
932 660 1020 688 verbis
1036 668 1043 686 ε
1065 669 1075 686 ι
1093 659 1250 688 Theodotus
1274 660 1356 695 igitur
1373 659 1417 686 ille
1432 658 1554 686 Bizantio
1570 657 1660 685 oriun-

873 705 934 738 dus,
950 714 1010 741 quae
1026 706 1106 733 hodie
1116 705 1368 740 Constantinopolis
1381 705 1491 737 dicitur,
1504 708 1563 732 arte
1571 704 1660 731 coria-

873 753 932 780 rius
944 756 1014 786 erat,
1032 752 1115 780 homo
1130 752 1253 787 apprime
1269 751 1367 779 litteris
1380 751 1514 779 eruditus.
1530 750 1659 783 Quicum

871 799 932 826 aliis
943 799 1090 834 plerisque,
1109 799 1220 825 ineunte
1232 798 1432 833 persecutione,
1446 797 1660 832 comprehensus

872 844 1009 881 (quaenam
1029 852 1094 871 vero
1110 851 1142 871 ea
1163 843 1317 879 persecutio
1336 842 1419 871 fuerit
1443 843 1566 870 nondum
1582 849 1660 869 com—

872 891 953 927 peri),
969 891 1015 918 sed
1029 895 1087 917 tum
1104 890 1138 917 ah
1152 890 1229 918 urbis
1243 889 1370 925 praefecto
1383 897 1445 918 cum
1457 889 1581 924 pluribus
1597 896 1660 916 cor.

874 940 978 971 reptus,
995 943 1059 963 cum
1074 935 1108 963 de
1122 935 1249 963 omnibus
1261 935 1375 970 qumstio
1392 935 1426 962 ob
1440 934 1542 962 Christi
1558 941 1658 962 nomen

874 982 1030 1014 haberetur,
1050 980 1139 1009 caeteri
1150 980 1260 1016 quidem
1275 979 1322 1007 Dei
1339 979 1446 1014 famuli,
1461 983 1598 1015 reportata
1614 979 1658 1006 vi-

873 1026 972 1059 ctoria,
992 1026 1103 1054 cteleste
1118 1026 1259 1061 praemium
1273 1026 1413 1054 consecuti
1432 1030 1508 1059 sunt,
1524 1025 1658 1062 martyrio

873 1079 923 1107 pro
945 1071 1056 1100 Christo
1074 1071 1220 1107 perfuncti.
1235 1071 1328 1099 Atille
1348 1070 1488 1099 Christum
1504 1078 1617 1106 negans,
1631 1074 1660 1098 et

873 1125 889 1145 a
905 1124 988 1153 scopo
999 1118 1121 1145 veritatis
1143 1117 1282 1151 excidens,
1298 1122 1484 1152 transgressor
1499 1121 1541 1144 est
1557 1116 1656 1145 factus.

873 1162 933 1196 Qua
947 1171 979 1190 ex
996 1170 1025 1190 re
1035 1171 1098 1191 cum
1114 1163 1217 1198 probro
1230 1163 1353 1190 omnium
1365 1163 1512 1198 appetitus,
1524 1163 1658 1198 pudorem

873 1209 1009 1237 sustinere
1024 1216 1076 1236 non
1099 1214 1202 1244 posset,
1224 1209 1316 1237 relicta
1330 1210 1429 1244 patria,
1443 1209 1576 1245 profugus
1600 1209 1658 1237 Ro-

873 1262 946 1282 mam
962 1255 1112 1287 contendit,
1133 1260 1161 1283 et
1179 1255 1236 1283 illic
1255 1255 1396 1283 habitavit.
1421 1255 1475 1283 Sed
1489 1260 1517 1283 et
1535 1255 1629 1283 Romae
1642 1264 1658 1283 a

872 1299 991 1335 quodam
998 1300 1117 1336 agnitus,
1127 1300 1156 1328 in
1163 1300 1286 1328 eamdem
1295 1300 1471 1336 ignominiam
1479 1300 1586 1335 incidit,
1595 1308 1657 1328 cum

873 1346 919 1381 qui
935 1345 1012 1373 illum
1024 1346 1059 1373 ob
1071 1345 1206 1381 insignem
1218 1346 1401 1373 eruditionem
1420 1350 1563 1380 noverant,
1579 1347 1615 1374 ob
1631 1347 1658 1374 id

873 1400 936 1420 eum
960 1392 1131 1424 incusarent,
1156 1393 1230 1428 quod
1256 1392 1340 1420 homo
1365 1392 1507 1420 excellenti
1533 1393 1658 1420 doctrina

873 1439 1004 1474 praeditus
1011 1447 1027 1466 a
1035 1439 1147 1467 veritate
1153 1437 1402 1471 excidisset.Quare
1412 1438 1445 1466 ad
1455 1438 1496 1466 sui
1504 1440 1659 1466 excusatio-

873 1492 936 1512 nem
949 1492 1050 1511 vanum
1067 1485 1165 1520 dogma
1174 1488 1345 1512 commentus
1352 1487 1404 1517 est,
1416 1489 1497 1519 atque
1509 1484 1545 1511 ita
1555 1484 1659 1519 jactare

874 1530 975 1565 etrapit:
991 1529 1059 1565 Ego,
1077 1530 1177 1565 inquit,
1202 1537 1258 1557 non
1277 1529 1363 1558 Deum
1379 1530 1487 1565 negavi,
1505 1530 1553 1558 sed
1568 1531 1660 1557 homi-

875 1584 949 1604 nem.
965 1576 1163 1612 lnterrogatus,
1175 1584 1257 1611 quem
1277 1576 1387 1604 demum
1403 1576 1560 1604 hominem?
1575 1576 1656 1604 Chri-

874 1625 959 1655 stum,
974 1621 1074 1657 inquit,
1092 1621 1232 1649 hominem
1249 1622 1358 1657 negavi.
1384 1621 1454 1649 Hinc
1479 1621 1660 1657 praedicanda:

873 1666 948 1694 falsa:
954 1667 1036 1702 hujus
1047 1667 1183 1702 opinionis
1190 1667 1362 1695 occasionem
1370 1668 1483 1702 accepit,
1491 1671 1521 1695 ut
1535 1667 1662 1695 Theodo-

872 1712 951 1745 tiani,
963 1719 1080 1747 quorum
1093 1713 1138 1740 ille
1150 1717 1247 1740 auctor
1261 1712 1377 1746 exstitit,
1390 1714 1439 1748 qui
1455 1715 1558 1741 nudum
1568 1714 1659 1741 homi-

872 1765 935 1785 nem
951 1765 1013 1786 esse
1025 1757 1166 1786 Christum
1183 1761 1321 1792 asserunt,
1333 1762 1416 1793 atque
1431 1767 1465 1786 ex
1477 1759 1598 1786 humano
1613 1766 1658 1786 se—

872 1805 946 1833 mine
960 1805 1100 1840 genitum,
1119 1813 1129 1830 »
1150 1808 1203 1832 etc.

907 1871 951 1898 17.
966 1871 1092 1907 Synodus
1107 1878 1189 1907 porro
1200 1870 1331 1899 adversus
1345 1871 1458 1906 impium
1473 1870 1554 1899 istum
1565 1871 1657 1899 habita

871 1918 967 1953 paucis
982 1918 1119 1946 indicatur
1132 1917 1284 1953 penultimo
1298 1917 1359 1945 loco
1374 1918 1401 1944 in
1414 1916 1573 1945 Collectione
1586 1915 1657 1944 Lab-

871 1965 959 1992 beana
974 1968 1049 1992 tomo
1062 1963 1141 1996 l,co|.
1158 1963 1211 1990 602
1227 1970 1234 1989 :
1256 1972 1265 1989 ι
1287 1961 1413 1998 Synodus
1427 1963 1520 1990 divina
1531 1967 1558 1990 et
1575 1971 1655 1991 sacra

871 2008 1057 2045 provincialis,
1065 2008 1178 2036 collecta
1193 2007 1288 2035 Romae
1299 2007 1350 2035 sub
1364 2007 1470 2035 Victore
1481 2008 1656 2036 sanctissimo

871 2063 941 2090 papa
955 2054 1070 2088 aliisque
1086 2054 1293 2089 quatuOrdecim
1314 2053 1469 2088 episcopis;
1487 2061 1548 2089 quae
1566 2053 1655 2082 Theo-

870 2103 976 2134 dotum,
993 2099 1140 2127 Ehionem
1151 2104 1179 2127 et
1193 2099 1368 2126 Anemonem
1380 2099 1527 2133 abdicavit,
1541 2100 1587 2134 qui
1601 2107 1656 2128 non

871 2147 962 2174 minus
974 2153 1055 2181 quam
1069 2144 1154 2173 Judaei
1166 2145 1226 2172 tide.
1242 2144 1274 2172 Hi
1287 2145 1360 2172 enim
1369 2145 1452 2173 duces
1459 2145 1567 2173 fuerunt
1577 2145 1655 2173 Pauli

872 2192 1043 2221 Samosateni
1056 2196 1082 2219 et
1093 2190 1222 2219 Nestorii.
1235 2201 1245 2217 υ
1256 2190 1359 2218 Caetera
1375 2190 1403 2217 in
1417 2191 1564 2218 Annalibus
1577 2199 1592 2219 a
1604 2191 1656 2219 Ba-

871 2238 953 2266 ronio
968 2237 1005 2264 ita
1021 2237 1157 2272 explicata
1171 2229 1241 2264 sunt‘
1251 2236 1285 2264 ad
1305 2244 1407 2263 annum
1426 2236 1477 2264 196
1491 2242 1517 2264 et
1533 2237 1608 2270 alibi,
1626 2243 1656 2265 ut

870 2291 901 2311 ea
918 2283 964 2310 hic
978 2290 1012 2310 ex
1025 2282 1149 2310 instituto
1164 2286 1260 2309 nostro
1279 2281 1401 2316 attigisse
1417 2281 1542 2310 sufllciat.
1559 2282 1655 2318 Neque

869 2337 935 2357 vero
952 2329 1011 2357 sola
1028 2336 1059 2356 ea
1076 2333 1199 2355 monstra
1220 2327 1247 2354 in
1270 2327 1371 2355 Christi
1397 2326 1559 2362 Ecclesiam,
1586 2334 1654 2356 satis

869 2376 980 2404 aliunde
992 2383 1040 2411 per
1057 2382 1089 2402 ea
1105 2380 1227 2409 tempora
1246 2375 1384 2406 afﬂictam,
1405 2375 1610 2409 grassabantur,
1625 2380 1655 2403 ut

867 2423 923 2458 jam
938 2427 1031 2450 notato
1047 2429 1120 2450 anno
1145 2422 1267 2450 invenies
1283 2429 1359 2448 num.
1377 2421 1419 2449 i7.
1438 2431 1448 2447 ι
1467 2421 1572 2450 Rursus
1590 2430 1654 2450 vero

869 2469 903 2497 de
918 2469 992 2503 aliis,
1007 2469 1107 2504 inquit,
1124 2468 1171 2503 qui
1187 2468 1239 2495 sub
1254 2467 1364 2495 Victore
1377 2467 1548 2502 prodierunt,
1565 2467 1654 2495 hatre-

868 2516 931 2544 ticis
955 2523 1105 2550 eorumque
1130 2518 1243 2542 auctore
1257 2513 1372 2547 Prasea,
1389 2513 1486 2541 ultimo
1510 2513 1570 2541 loco
1595 2514 1653 2542 haec

869 2561 950 2588 habet
978 2560 1163 2588 Tertullianus
1182 2568 1188 2586 :
1207 2558 1261 2586 Sed
1281 2563 1344 2594 post
1371 2558 1422 2585 hos
1448 2566 1544 2597 omnes
1569 2558 1652 2586 etiam

868 2606 987 2635 Praxeas
1003 2607 1113 2642 quidam
1130 2605 1256 2633 haeresim
1273 2604 1437 2636 introduxit,
1456 2612 1538 2639 quam
1557 2604 1652 2632 Victo--

867 2652 945 2680 riuus
958 2652 1137 2680 corroborare
1152 2651 1268 2678 curavit.
1281 2649 1330 2678 llic
1344 2649 1428 2677 Deum
1440 2649 1548 2677 Patrem
1561 2650 1650 2678 omni-

867 2704 1004 2733 potentcm
1027 2697 1121 2726 Iesum
1142 2697 1281 2724 Christum
1304 2704 1365 2724 esse
1382 2696 1458 2729 dicit,
1471 2696 1545 2723 hunc
1558 2695 1647 2723 cruci-

868 2745 952 2771 fixum
979 2751 1146 2779 passamque
1163 2743 1312 2776 contendit,
1341 2746 1479 2770 mortuum
1509 2746 1649 2777 praeterea,

868 2790 988 2824 seipsum
995 2789 1046 2816 sibi
1060 2789 1154 2817 sedere
1166 2790 1200 2816 ad
1214 2789 1351 2817 dexteram
1362 2795 1520 2820 suam,cum
1535 2786 1649 2822 profana

867 2840 894 2862 et
915 2835 1044 2870 sacrilega
1060 2835 1223 2862 auctoritate
1235 2835 1373 2870 proponit.
1388 2834 1450 2862 Hzec
1463 2832 1649 2860 Tertullianus

869 2882 896 2909 in
910 2881 1107 2910 commentario
1124 2889 1204 2916 quem
1228 2882 1338 2917 scripsit
1362 2882 1493 2909 adversus
1514 2881 1646 2912 haereses.
