1873 3065
248 163 316 192 "85

890 163 919 190 8.
941 161 1102 190 VICTORIS
1118 162 1127 188 Ι
1147 161 1247 189 ΡΑΡιΕ

1803 164 1844 190 liti

246 221 293 249 sed
309 221 342 248 de
352 228 385 248 eo
399 220 523 255 pluribus
534 219 561 247 in
576 219 646 248 libro
657 219 788 248 adversus
798 221 925 248 eumdem
937 222 1029 256 prira-
1043 224 1065 252 Α
1081 221 1107 249 id
1136 226 1210 249 certe
1235 220 1314 248 facile
1340 226 1517 252 concessero,
1537 226 1593 246 nec
1610 218 1643 247 S.
1662 217 1801 251 Victorem,
1817 228 1845 247 tu:

246 267 294 294 tim
307 266 472 301 conscripto.
492 275 502 292 ι

281 312 326 340 18.
347 312 505 348 Sequuntur
524 311 625 339 ibidem
648 319 710 346 quas
723 311 758 339 ab
777 311 961 340 haeresiarcha
978 313 1031 340 isto

244 357 349 385 Praxea
369 358 497 393 nequiter
511 362 586 393 gesta
605 363 686 390 sunt,
703 366 819 393 quaeque
837 358 862 386 ei
884 359 1032 393 exprobrat

245 403 446 437 Tertullianus,
459 407 517 430 tum
533 404 655 438 ejusdem
672 405 786 432 subdola
797 405 957 440 paenitentia
973 409 1031 433 tur-

243 449 342 484 pisque.
362 449 486 484 relapsus
504 457 512 476 :
530 457 591 485 quae
603 450 697 477 omnia
709 455 800 478 utrum
817 450 850 477 ad
866 449 894 478 S.
912 450 1030 478 Victoris

243 499 367 530 tempora
380 500 513 530 spectent,
528 501 698 530 compertum
713 501 829 529 nonest,
845 497 885 524 uti
901 504 951 524 nec
963 497 1030 524 satis

241 541 361 569 discerni
375 546 559 577 potest,quem
575 542 729 570 Romanum
739 543 896 578 pontiﬁcem
911 543 1031 571 insinuet

243 584 440 619 Tertullianus,
456 588 503 622 qui
520 597 530 612 ι
542 587 618 615 falsis
632 588 666 615 de
677 587 807 615 Montano
822 588 953 622 deceptus
969 587 1029 615 fue-

242 633 279 659 rit
295 633 408 661 nuntiis.
425 643 434 659 ι
451 634 598 666 Caeterum,
615 635 723 662 vivente
736 634 765 662 S.
784 633 904 667 Victore,
921 642 1030 662 errores

243 686 310 706 suos
324 679 459 714 sparsisse
476 679 621 711 Praxeam.
643 681 709 708 satis
726 685 832 708 certum
849 685 902 713 est,
927 684 958 707 ut
970 684 1030 708 tuto

242 725 298 752 dici
310 726 406 760 possit,
419 731 476 754 toto
490 727 666 761 pontiﬁcatus
679 727 722 754 sui
734 727 867 754 decennio
879 727 1029 754 liatresibus

243 771 305 798 istis
328 772 444 807 aliisque
462 773 588 808 pluribus
606 774 756 800 exercitum
774 773 860 801 fuisse
874 772 1028 808 vigilantis-

246 816 347 844 simum
377 822 527 852 pastorem;
550 819 782 853 quemadmodum
818 823 893 855 patet
917 827 951 846 ex
975 818 1028 846 alia

240 863 356 898 synodo,
385 872 447 899 qua:
472 865 544 899 apud
562 865 699 893 Sabbeum
720 865 816 904 ultima
833 871 892 899 est,
913 873 1028 901 qumque

240 914 289 937 aut
303 910 331 936 in
347 909 452 938 Praxea
469 910 641 939 Valentinum
657 911 873 948 Sabelliumque,
889 917 937 940 aut
950 913 1026 940 illum

240 955 269 983 in
298 955 364 991 ipsis
389 957 488 984 merito
513 959 716 986 condemnavit.
739 959 839 986 Eadem
860 967 921 994 qua:
944 967 1027 994 supra

239 999 351 1034 phrasis
365 1005 408 1028 est
425 1010 432 1028 :
447 1010 457 1026 ι
477 1000 605 1037 Synodus
619 1002 711 1030 divina
727 1008 754 1031 et
776 1012 854 1031 sacra
869 1005 1028 1040 provincia-

239 1045 285 1079 lis,
302 1047 416 1074 collecta
431 1047 525 1075 Romae
537 1056 553 1075 ιι
568 1048 727 1077 beatissimo
743 1057 812 1085 papa
825 1050 950 1083 Victore;
966 1059 1028 1085 qua:

241 1089 390 1119 Sabellium
406 1097 433 1120 et
453 1092 571 1121 Noetum
591 1094 739 1128 abdicavit,
760 1096 807 1130 qui
830 1095 864 1123 de
884 1096 1027 1124 divinitate

239 1137 268 1164 in
295 1137 383 1166 tribus
406 1139 531 1173 personis
555 1140 734 1171 subsistente,
753 1142 970 1169 contractionem
1000 1147 1027 1170 et

239 1183 458 1211 commistionem
467 1192 646 1219 personarum
653 1185 826 1221 divulgalianl
836 1195 844 1220 ;
854 1187 1026 1215 Valentinum

239 1227 316 1260 item,
334 1228 381 1263 qui
405 1234 501 1264 praeter
524 1234 638 1259 caeteras
665 1231 792 1266 ineptias,
817 1239 918 1267 corpus
943 1233 1026 1260 etiam

238 1273 341 1302 Christi
355 1275 466 1303 caeleste
479 1277 626 1304 asserebat.
643 1287 652 1303 ι
671 1276 757 1305 Porro
776 1283 867 1306 utrum
881 1278 1024 1306 Tertullia-

238 1326 292 1347 nus
309 1319 339 1347 S.
357 1320 477 1350 Victoris
485 1327 607 1358 tempore
619 1323 712 1352 Romae
720 1324 813 1358 fuerit,
825 1332 859 1352 an
874 1326 966 1360 potius
975 1325 1026 1353 sub

238 1365 459 1402 Zephyrinotum
470 1369 551 1396 etiam
565 1370 723 1405 turpissima
735 1370 897 1403 defectione,
910 1371 937 1398 in
949 1371 1026 1399 Mon-

238 1410 405 1441 tani'deliria
430 1415 584 1450 prolapsus,
604 1423 660 1444 non
684 1422 726 1444 est
737 1417 785 1452 qui
801 1418 935 1445 hactenus
957 1419 1025 1446 satis

237 1459 311 1487 clare
326 1460 446 1488 deﬁniat.

274 1507 318 1534 i9.
333 1507 431 1535 Posset
442 1512 469 1535 et
481 1507 526 1536 hic
539 1517 593 1536 non
607 1508 697 1537 minus
711 1509 827 1538 obscura
839 1510 954 1545 quaestio
966 1518 1026 1538 mo-

236 1553 305 1586 veri,
325 1558 418 1581 utrum
440 1553 511 1582 inter
524 1555 680 1590 episcopos,
701 1564 771 1591 quos
785 1563 902 1584 numero
917 1556 1022 1584 duode-
1036 1565 1058 1595 ο

237 1598 290 1626 cim
301 1606 349 1634 per
356 1599 462 1627 diversa
474 1600 533 1628 loca
549 1601 691 1629 ordinasse
699 1606 811 1629 sanctus
821 1601 931 1633 dicitur,
941 1603 1024 1630 etiam

236 1644 338 1679 aliquis
353 1646 387 1673 ab
402 1646 461 1680 ipso
476 1645 511 1673 ad
525 1645 692 1674 Caiedonios
711 1654 759 1674 seu
779 1646 877 1675 Scotos
898 1647 1021 1675 directus

237 1687 331 1722 fuerit,
350 1689 384 1717 de
400 1697 454 1725 qua
472 1698 502 1718 re
522 1691 652 1718 nonnulla
669 1691 826 1726 disquisivit
852 1691 1020 1720 Blanchinus

236 1734 264 1762 in
280 1742 330 1762 suo
345 1735 488 1763 Anastasio
503 1740 578 1764 tomo
592 1736 625 1770 ll,
638 1744 703 1772 pag.
722 1737 770 1765 161
787 1738 837 1773 (l),
855 1739 902 1766 ubi
923 1744 1019 1766 testem

235 1780 348 1809 adducit
363 1781 500 1814 Boetium,
525 1783 634 1818 aliaque
657 1785 764 1812 erudite
790 1785 945 1820 investigat,
960 1793 1022 1820 quae

236 1826 310 1861 apud
325 1826 413 1862 ipsum
426 1827 477 1863 legi
492 1828 665 1864 malo,quam
675 1828 719 1856 hic
730 1828 854 1864 pluribus
867 1829 1019 1857 discutere:

1081 274 1254 295 successores
1270 265 1409 293 Romanos
1420 264 1566 300 pontiﬁces
1579 264 1758 292 Britannicas
1774 266 1846 294 insulas

1081 313 1169 348 magis
1186 312 1349 347 neglexisse,
1365 319 1449 346 quam
1470 311 1613 346 reliquam
1637 310 1724 337 totius
1740 311 1803 338 orhis
1818 319 1847 338 ca-

1082 359 1212 386 tholicam
1231 357 1393 385 Ecclesiam.
1419 357 1460 384 Ad
1477 357 1506 384 S.
1523 357 1675 392 pontiﬁcis
1692 358 1784 392 scripta
1797 360 1846 391 quoi

1081 405 1186 438 attinet,
1205 405 1256 432 hoc
1273 403 1302 431 S.
1323 403 1478 439 Hieronymi
1498 403 1533 430 de
1546 403 1740 438 scriptoribus
1751 403 1847 431 ecclesia-

1080 452 1156 480 sticis
1166 456 1255 480 exstat
1272 451 1456 479 testimonium
1472 459 1501 478 :4
1520 449 1633 483 Victor,
1651 451 1747 478 tertius
1755 450 1846 479 decimut

1081 497 1211 526 Romame
1226 497 1303 525 urbis
1318 497 1475 532 episcopus,
1496 504 1585 532 super
1600 497 1755 532 quaestione
1766 496 1847 524 Pasch:

1080 549 1108 572 et
1125 544 1178 571 alia
1191 543 1314 578 quaedam
1331 543 1454 570 scribens
1468 542 1622 577 opuscula,
1644 543 1718 570 rexit
1731 542 1845 570 Ecclesian

1080 589 1131 617 sub
1148 589 1248 616 Severo
1276 587 1399 623 principe
1414 587 1494 614 annis
1510 587 1626 614 decem.
1643 596 1653 612 ι
1673 586 1797 621 Epistolas
1810 587 1845 615 lor-

1080 639 1153 662 tasse
1164 634 1342 669 innuit,quas
1356 633 1391 660 ab
1409 633 1469 668 ipso
1485 634 1612 668 scriptas
1624 632 1739 660 dubium
1754 640 1843 664 non

1079 689 1174 708 verum
1195 688 1230 707 an
1246 688 1285 707 ea
1300 687 1361 715 qua:
1377 679 1430 714 ipsi
1445 679 1473 706 in
1493 679 1689 706 conciliorum
1705 679 1846 706 Collectiouiv

1079 728 1132 754 bus
1147 726 1333 758 ascribunlur,
1357 725 1484 760 genuinae
1507 725 1579 757 sint,
1599 733 1636 752 ex
1653 725 1793 753 novissima
1806 726 1843 752 eli-

1080 774 1153 800 tione
1172 772 1371 800 Constantiana
1388 771 1468 800 facile
1487 771 1649 806 colligitur.
1666 770 1742 798 Nunc
1757 779 1802 798 una
1815 780 1843 798 su—

1077 818 1309 854 perestpalmaris
1324 818 1369 845 illa
1378 818 1430 845 sub
1443 817 1503 852 ejus
1518 816 1688 851 pontiﬁcatu
1706 817 1841 851 disceptatio,

1079 872 1161 900 quam
1176 864 1278 891 laudati
1295 864 1446 899 scriptores
1460 864 1567 898 aliique
1581 863 1655 890 satis
1669 863 1782 890 studiose
1803 864 1841 890 illo-

1079 914 1213 943 strarunt,
1234 910 1296 938 aliis
1309 914 1405 938 contra
1424 910 1451 937 in
1470 909 1500 937 S.
1519 909 1640 937 Victore
1659 909 1781 936 nonnulla
1800 917 1841 945 su;-

1078 956 1246 992 gillantibus.

1112 1001 1157 1029 20.
1172 1001 1321 1028 Fatendum
1339 1009 1406 1030 sane
1423 1006 1475 1035 est,
1494 1001 1694 1030 celeberrimae
1711 1002 1781 1030 istius
1797 1009 1840 1029 eoo

1077 1047 1218 1074 troversia:
1229 1047 1326 1074 seriem
1341 1052 1368 1075 et
1377 1047 1500 1075 ordinem
1518 1048 1634 1075 erudite
1646 1055 1679 1075 ac
1690 1048 1794 1075 dilucide
1804 1048 1841 1075 dis-

1081 1093 1201 1120 cussisse
1228 1092 1432 1128 digessisseque
1455 1092 1612 1120 Baronium
1629 1093 1664 1121 ad
1686 1101 1776 1121 annum
1795 1093 1838 1125 l98,

1077 1146 1126 1174 per
1141 1144 1212 1166 totos
1228 1138 1422 1173 septemdecim
1440 1139 1593 1171 articulos,
1605 1138 1776 1174 probantibus
1787 1146 1839 1165 euta-

1077 1192 1130 1219 que
1147 1184 1247 1219 passim
1265 1184 1441 1219 sequentibus
1453 1184 1648 1218 scriptoribus
1659 1182 1838 1211 catholicisﬁe-

1077 1238 1131 1265 que
1145 1230 1218 1257 enim
1235 1230 1416 1258 heterodoxos
1436 1230 1482 1257 hic
1498 1237 1653 1257 moramur
1672 1235 1717 1257 aut
1735 1230 1838 1265 ιιῖρειτήι

1077 1277 1148 1304 ticos
1162 1276 1232 1304 alios
1247 1277 1294 1311 qui
1310 1284 1343 1304 ex
1359 1275 1513 1311 Polycratis
1534 1275 1566 1303 S.
1584 1275 1691 1303 Victori
1706 1275 1836 1302 adversantis

1077 1322 1243 1358 pervicacia,
1268 1330 1363 1350 ansam
1389 1322 1443 1350 sibi
1470 1321 1621 1356 praebitam
1646 1322 1783 1353 credidere,
1799 1328 1834 1354 qua

1077 1368 1244 1403 pontiliciam
1259 1368 1450 1396 auctoritatem
1469 1372 1520 1395 aut
1546 1367 1711 1395 vellicarent
1728 1372 1768 1394 aut
1785 1374 1835 1392 arm-

1076 1414 1171 1442 derent
1191 1414 1264 1441 inani
1285 1421 1398 1448 prorsus
1419 1416 1534 1440 conatu.
1552 1413 1583 1441 ld
1603 1413 1687 1440 etiam
1707 1413 1730 1440 in
1743 1412 1834 1440 coniesso

1075 1464 1129 1492 est,
1144 1467 1199 1486 non
1222 1466 1306 1486 unam
1322 1458 1502 1493 eamdemque
1525 1458 1605 1485 \‘iam
1624 1458 1755 1492 ingressos
1766 1464 1834 1483 omnes

1076 1505 1104 1532 in
1120 1505 1279 1540 exponenda
1301 1504 1440 1540 pontiﬁcia
1457 1504 1486 1532 S.
1504 1503 1633 1532 Victoris
1656 1503 1834 1531 excommunica-

1076 1552 1149 1579 tione
1163 1553 1189 1578 in
1205 1550 1374 1586 Polycratem
1390 1551 1570 1586 Asianosque
1579 1551 1723 1586 episcopOs
1735 1547 1834 1579 lanulis

1078 1596 1157 1624 ronio
1181 1603 1244 1623 cum
1271 1595 1384 1630 reliquis
1410 1595 1514 1630 passim
1543 1603 1609 1622 eam
1632 1595 1756 1622 vibratam
1773 1601 1832 1627 agnu-

1075 1647 1178 1675 scente,
1190 1642 1251 1669 aliis
1258 1642 1330 1669 solas
1338 1641 1426 1668 minas
1437 1641 1593 1668 intentatas
1601 1640 1773 1668 asserentibus
1780 1648 1785 1666 :
1792 1645 1832 1672 qu:

1073 1688 1164 1715 omnia
1176 1687 1302 1722 exposuit
1316 1687 1357 1714 vir
1371 1687 1438 1714 clar.
1454 1686 1626 1714 Emmanuel
1635 1686 1801 1714 Sclielstratius
1813 1693 1829 1710 ιιι

1073 1741 1122 1761 sua
1148 1733 1315 1768 Antiquitate
1339 1733 1476 1760 illustrata
1490 1754 1499 1766 ,
1519 1740 1597 1760 anno
1626 1732 1693 1760 1678
1706 1730 1829 1765 Antwerpia

1072 1778 1153 1810 edita,
1169 1782 1245 1812 parte
1257 1785 1288 1811 ιι,
1302 1785 1362 1812 cap.
1377 1777 1405 1805 5.

239 1904 1818 1918 —————_—___—__.______—__—_.

625 1988 689 2054 S.
737 1989 1112 2055 VICTORIS
1161 1990 1187 2052 Ι
1235 1987 1460 2053 ΡΑΡΛΕ

846 2115 1243 2173 EPISTOLAE.

786 2220 885 2252 (Missi,
898 2218 990 2246 Concil.
1003 2218 1079 2250 ampl.
1092 2218 1200 2250 Collect.,
1215 2218 1235 2251 ι,
1251 2219 1305 2245 698.
1318 2220 1330 2251 J

442 2339 610 2368 EPlSTI)LA
630 2341 735 2369 unum
751 2343 799 2379 (ε).

268 2415 302 2434 λι)
322 2415 492 2436 rnsorntwl
515 2417 690 2438 mensuum
709 2411 748 2448 (5)
768 2419 915 2440 smscoruu
930 2413 979 2448 (ι).

230 2475 270 2502 De
281 2475 383 2516 Pascha
395 2482 427 2516 Δει
445 2478 576 2512 baptismo
593 2487 602 2505 :
622 2480 656 2506 de
674 2482 844 2508 accusatione
862 2486 887 2508 et
904 2482 1014 2516 judico-

266 2512 336 2573 :io‘rw
359 2513 539 2548 episcoporum
562 2519 640 2550 atque
662 2516 693 2543 de
714 2517 856 2544 concordia
879 2512 1015 2544 utiaiiimi-

277 2555 292 2573 a
307 2555 339 2573 ιε.

277 2555 339 2574 aut.

267 2601 372 2630 VIo-ron
389 2602 517 2632 Romanae
529 2613 561 2633 ac
568 2606 730 2635 universalis
742 2607 870 2636 Ecclesiae
879 2608 1015 2644 archiepi-

228 2654 325 2683 copus,
345 2648 499 2677 Tnsornito
514 2651 643 2686 episcopo
664 2657 691 2679 et
706 2653 812 2680 cunctis
836 2652 968 2682 fratribus
985 2654 1013 2682 in

265 2705 274 2721 ‘
288 2705 318 2733 S.
326 2704 394 2740 Leo,
408 2714 451 2742 ep.
464 2706 509 2735 5'5.

263 2775 304 2844 il;
324 2774 486 2811 Patrologiw
498 2776 602 2805 Lult'mr
617 2783 684 2805 tom.
702 2778 798 2806 CXXI.

275 2810 292 2836 ‘2
323 2809 386 2838 Haec
399 2818 461 2838 cum
479 2813 602 2844 sequenti
615 2813 681 2841 viris
690 2814 798 2842 eruditi:

265 2809 303 2844 (‘2)
323 2809 386 2838 Haec
399 2809 461 2838 cuin
479 2813 602 2846 sequenti
615 2813 681 2841 viris
690 2814 805 2842 eruditis
820 2820 956 2850 suspecta.

265 2844 304 2877 (3)
324 2845 455 2872 Caesareae
472 2847 612 2877 corrigunt
631 2856 663 2875 ex
680 2849 762 2876 Beda.

265 2849 294 2877 (5
324 2849 455 2872 cessarem
472 2849 612 2881 corrigunt
631 2856 663 2875 ex
680 2849 762 2876 Beda.
869 2849 877 2850 ί

263 2849 304 2913 (ιζ
319 2879 488 2914 Theophilum
507 2881 675 2912 Alexandria
697 2884 856 2920 episcopum.
881 2883 932 2913 Hic
956 2885 1008 2914 sub

1035 2337 1058 2364 D
1071 2331 1232 2360 Alexandria
1251 2331 1368 2359 Domino
1383 2329 1598 2365 famulantibus,
1614 2330 1641 2358 in
1662 2323 1819 2356 Dominosalc-

1071 2384 1136 2406 tem.
1479 2385 1493 2398 "

1105 2424 1188 2451 Multa
1210 2423 1278 2451 mihi
1300 2423 1448 2459 gratulatio
1471 2427 1525 2456 est,
1543 2420 1711 2450 dilectissimi
1732 2418 1816 2446 l’ratns.

1068 2471 1141 2506 quod
1168 2469 1314 2498 manifesto
1338 2469 1427 2504 (sicut
1447 2470 1595 2504 optamus)
1616 2476 1663 2503 per
1678 2462 1815 2502 gratiamDei

1067 2517 1172 2544 lumine
1183 2517 1191 2532 ί
1211 2516 1375 2551 evangelicae
1394 2515 1549 2548 claritatis,
1566 2519 1594 2542 et
1614 2514 1648 2542 ab
1662 2511 1764 2541 Ecclesia
1776 2509 1813 2543 i1“

1067 2570 1165 2599 magna
1185 2569 1219 2590 ex
1234 2567 1310 2597 parte
1333 2561 1481 2597 perniciosi
1502 2561 1609 2588 erroris
1631 2564 1704 2587 nocte
1723 2555 1812 2590 depulsio

1066 2608 1175 2636 credita:
1190 2607 1270 2635 nobis
1283 2605 1498 2641 dispensationis
1514 2605 1623 2633 fructus
1649 2602 1735 2632 crescit
1747 2605 1769 2628 et
1779 2605 1811 2625 all-

1066 2660 1222 2691 gmentatur
1238 2655 1266 2682 in
1283 2653 1411 2682 Domino.

1067 2781 1186 2808 Arcadio
1212 2781 1375 2816 imperatore
1399 2782 1479 2809 vixit.
1503 2781 1599 2816 Itaque
1623 2780 1654 2808 ad

1065 2808 1304 2850 metropolitaiium
1320 2808 1453 2844 Caesareae
1462 2808 1622 2844 βλιωςὶιιὶε
1632 2817 1695 2843 hanc
1702 2808 1799 2850 cpi-sle

1063 2852 1194 2915 gciipsilm
1220 2859 1291 2887 csse,
1315 2856 1390 2888 patet
1413 2860 1447 2880 ex
1461 2852 1584 2882 Eusebio
1610 2852 1655 2879 lib.
1674 2858 1697 2883 ν,
1719 2852 1763 2880 ωι-

1084 2894 1124 2915 e'.
1192 2907 1198 2915 .
