1873 3065
199 179 272 208 1ι87

734 177 763 207 S.
784 177 946 206 VICTORIS
965 178 975 205 Ι
995 177 1095 206 ΡΑΡῶ
1113 177 1302 206 EPISTOLE.

1766 177 1827 206 M8

199 239 287 265 autem
312 242 369 261 mea
394 235 422 261 in
437 234 622 269 sempiternum
638 235 699 266 erit,
717 240 742 262 et
754 235 863 270 iustitia
888 243 947 263 mea
959 237 986 263 in
1003 238 1025 266 Α
1039 242 1077 264 est
1092 238 1177 264 omnis
1202 237 1314 271 ltetitia,
1339 237 1499 264 translatum
1521 241 1562 263 est
1586 234 1722 271 gaudium
1745 240 1822 265 term,

200 281 365 317 generatione
377 281 576 316 generatianum
590 281 622 307 ".
637 282 658 299 1³
671 281 762 309 Multis
786 282 881 309 mundi
905 282 988 317 hujus

202 327 349 359 illecebris,
374 326 469 354 multis
485 326 654 354 vanitatibus
670 327 854 355 resistendum
877 332 940 360 est,
958 331 988 354 ut

201 381 272 401 vera:
285 373 428 401 cbaritatis
439 378 466 401 et
480 373 654 402 continentia:
667 374 822 402 obtineatur
835 374 986 410 integritas.

201 420 334 448 Dominus
349 420 421 447 enim
438 420 541 447 nullum
553 420 606 448 uult
621 421 719 456 perire,
736 421 784 448 sed
799 429 887 448 omnes
900 421 987 448 salvos

200 466 259 500 ﬁeri
274 465 304 492 ".
334 466 356 482 ¹¹
365 465 461 493 Certus
481 470 574 494 autem
601 473 673 499 sum,
697 474 746 494 vos
761 465 796 494 ad
819 466 878 493 base
895 473 989 493 emen-

200 513 289 540 danda
311 513 353 540 vel
372 512 555 546 defendenda,
581 513 698 541 Domino
719 513 879 545 auxiliante,
905 513 988 548 proﬁ-

201 565 272 585 cere.
289 557 356 585 Dala
370 565 419 585 xm
435 557 547 585 Kalend.
569 558 697 592 Augusti,
714 557 868 586 Commodo
880 561 908 586 et
920 557 988 585 Gra-

200 603 282 631 vione
294 603 317 620 “
336 604 402 631 viris
418 604 582 632 clarissimis
597 604 767 632 consulibus.

485 670 655 699 EPISTOLA
673 671 704 699 ll.

512 736 546 756 AD
565 736 660 756 Αηοε.

419 783 458 812 De
475 785 563 812 causis
577 785 767 820 superioribus.

240 839 355 874 Vra-ron,
369 840 498 869 Ecclesiae
520 840 649 869 Romanae
665 847 692 869 et
703 841 780 869 urbis
803 841 988 877 archiepisco—

202 895 264 923 pus,
278 887 413 914 universis
427 887 564 923 episcopis
579 895 628 923 per
640 887 763 915 Africam
777 888 944 921 constitutis,
960 887 987 915 in

205 931 324 960 Domino
338 932 464 959 salutem.

238 977 353 1013 Semper
375 978 448 1006 enim
470 978 499 1006 in
518 982 621 1007 aeterno
637 979 658 994 "’
682 979 798 1006 oonsilio
821 978 868 1007 Dei
891 979 993 1006 mansit

203 1024 317 1053 humani
339 1023 445 1059 generis
469 1024 729 1053 incommutabiliter
751 1024 933 1060 praeordinata
952 1031 993 1052 re-

204 1071 320 1106 paratio,
350 1070 396 1098 sed
420 1070 488 1098 ordo
515 1078 607 1098 rerum
632 1078 681 1105 per
693 1070 839 1098 Dominum
865 1076 991 1105 nostrum

202 1117 298 1146 Jesum
311 1117 452 1145 Christum
476 1117 663 1152 temporaliter
689 1116 882 1152 gerendarum,
898 1116 991 1152 dispo-

203 1164 304 1192 sitione
319 1163 400 1191 Verbi
415 1163 499 1190 divini
517 1162 635 1198 sumpsit
647 1163 803 1190 exordium.
817 1163 992 1199 Quapropter

203 1214 311 1245 oportet
326 1217 386 1241 vos,
405 1208 514 1242 fratres,
540 1209 684 1236 unanimes
705 1215 767 1236 esse
787 1214 815 1237 et
840 1209 993 1236 adminicu-

203 1257 260 1283 lum
274 1255 395 1283 vicissim
411 1255 499 1290 ferre;
524 1256 550 1283 in
564 1260 637 1283 recta
651 1263 716 1291 ergo
733 1255 785 1283 fide
802 1259 831 1283 et
859 1255 885 1283 in
899 1263 993 1284 sacra-

203 1301 304 1330 mentis
316 1301 416 1330 divinis
434 1309 487 1330 non
504 1301 669 1337 discrepare,
684 1301 732 1330 sed
748 1301 900 1330 concordes
914 1309 991 1335 esse;

204 1347 268 1383 quia
294 1348 358 1376 licet
381 1349 461 1384 pauci
486 1348 546 1377 sitis
570 1348 704 1375 malorum
729 1348 944 1383 comparatione.
968 1348 993 1376 si

202 1399 295 1425 tamen
319 1395 470 1422 concordes
493 1393 621 1427 fueritis,
645 1393 736 1427 facile,
766 1394 915 1422 auxiliante
935 1393 992 1422 Do-

203 1441 301 1474 mino,
328 1445 436 1469 vestros
461 1440 635 1468 insidiatores
652 1440 830 1476 superabitis.
865 1439 895 1468 Si
925 1449 992 1469 vero

203 1486 353 1520 discordes,
364 1487 436 1522 quod
451 1486 531 1514 absit!
549 1486 653 1514 fueritis
663 1507 670 1519 ,
682 1493 737 1513 non
753 1485 928 1521 superabitis,
944 1487 992 1514 sed

203 1532 411 1567 supcrabimini.
431 1532 452 1548 ¹³
466 1531 604 1560 Perlatum
621 1539 664 1559 est
679 1531 752 1559 enim
770 1531 804 1558 ad
819 1531 911 1560 sedem
925 1539 992 1568 apo-

204 1577 330 1605 stolicam
346 1578 455 1613 aliquos
474 1582 596 1605 vestrum
619 1585 718 1605 nocere
738 1577 837 1606 fratres
861 1578 938 1612 velle,
953 1582 991 1611 et,
1006 1588 1028 1618 ο

205 1627 236 1651 ut
249 1623 358 1657 cadant,
372 1623 521 1651 decertare.
542 1623 673 1652 Similiter
696 1624 724 1651 in
739 1623 918 1652 sacramentis
933 1624 993 1652 dis-

203 1676 327 1705 crepare,
345 1673 373 1697 et
385 1670 420 1697 ob
433 1670 459 1697 id
476 1670 671 1698 contentiones
682 1674 709 1697 et
720 1670 908 1698 aemulationes
922 1669 994 1697 inter

203 1723 255 1743 vos
268 1716 339 1749 fleri,
373 1723 388 1743 a
404 1715 505 1751 quibus
529 1715 751 1743 dissensionibus
766 1723 814 1743 vos
831 1720 953 1743 avertere
967 1720 994 1743 et

204 1760 232 1787 in
246 1760 288 1788 his
303 1759 432 1788 omnibus
446 1761 614 1788 concordare
641 1765 668 1788 et
681 1767 760 1795 opem
787 1759 858 1788 ferre
870 1760 992 1788 vicissim

204 1805 370 1833 mandamus
383 1806 415 1832 ".
440 1804 508 1832 Nam
531 1806 555 1833 si
572 1806 624 1833 hoc
648 1813 728 1841 agere
741 1806 796 1833 cito
809 1807 992 1842 neglexeritis,

203 1852 359 1880 etvicissim
371 1851 540 1880 reconciliari
551 1859 605 1880 non
616 1852 786 1885 studueritis,
794 1853 829 1881 nb
836 1853 993 1888 apostolica

205 1898 278 1926 sedis
294 1902 321 1925 et
335 1898 419 1925 totius
434 1896 562 1925 Ecclesiae
576 1898 771 1926 communione
787 1905 839 1925 vos
852 1899 915 1934 pelli
936 1907 991 1926 non

204 1944 347 1972 dubitetis.
373 1942 428 1971 Nec
443 1943 592 1974 attenditis,
614 1943 769 1971 charissimi
782 1964 789 1976 ,
807 1944 925 1980 qualiter
940 1944 994 1972 Do-

204 1989 297 2017 minus
305 1996 354 2025 per
363 1989 460 2017 Isaiam
470 1989 630 2024 prophetam
639 1989 739 2017 talibus
748 1990 932 2018 comminatus
938 1996 992 2024 est,

203 2034 299 2062 dicens
312 2043 319 2060 :
331 2034 459 2062 Dominus
474 2035 543 2061 enim
555 2033 659 2062 locutus
669 2039 708 2062 est
720 2035 824 2062 verbum
836 2036 884 2063 hoc
893 2043 902 2063 :
911 2035 993 2064 Luwit

203 2085 229 2108 et
243 2080 355 2115 defluxit
376 2085 458 2112 terra,
473 2085 497 2107 et
510 2080 648 2114 inﬁrmata
659 2085 714 2108 est:
731 2081 843 2115 deﬂuxit
857 2082 939 2115 orbis,
951 2083 994 2109 in-

204 2128 313 2162 ﬁrmata
323 2131 362 2154 est
376 2126 492 2154 altitudo
503 2126 594 2162 populi
603 2131 689 2154 terra.
701 2126 735 2154 Et
749 2132 818 2154 terra
824 2128 964 2163 interfecta
971 2129 994 2146 "

203 2178 242 2201 est
255 2173 285 2200 ab
295 2173 488 2200 habitatoribus
497 2173 564 2204 suis,
573 2173 636 2207 quia
646 2174 803 2209 transgressi
809 2178 871 2201 sunt
883 2174 950 2210 leges
959 2175 992 2208 ",

206 2224 372 2246 mutaverunt
395 2219 452 2254 jus,
466 2219 662 2254 dissipaverunt
685 2219 772 2254 [tedas
794 2221 992 2255 sempiternum.

1039 283 1133 310 relicta
1153 288 1193 310 est
1209 283 1236 309 in
1250 283 1314 310 urbe
1334 283 1471 316 solitudo,
1491 286 1518 310 et
1537 281 1688 309 calas-itas
1710 281 1828 314 oppri-et

1038 334 1129 364 portas
1145 337 1155 356 :
1172 330 1236 365 quia
1256 330 1312 356 Ita'c
1337 334 1413 356 erant
1435 330 1465 356 in
1485 329 1574 356 medio
1590 333 1685 360 terra,
1710 327 1738 353 in
1753 327 1830 353 medio

1038 374 1208 409 populorum,
1224 375 1354 410 quomodo
1365 375 1389 402 si
1402 382 1496 409 pauca
1512 373 1604 406 olive,
1621 379 1685 407 quc
1702 379 1829 398 remanse—

1039 426 1111 455 runt,
1119 422 1289 449 excutiantur
1301 429 1334 448 ea;
1347 421 1417 454 olea,
1427 425 1452 448 et
1467 420 1579 454 racemi,
1592 427 1656 446 cum
1667 419 1750 453 fuerit
1761 418 1830 452 ﬁnita

1037 470 1170 497 vindemia
1178 478 1188 502 ;
1200 470 1228 497 Iri
1240 469 1362 497 levabant
1375 476 1462 496 uocem
1475 475 1562 500 suam,
1571 471 1657 501 atque
1666 465 1828 492 laudabunt:

1038 524 1099 543 cum
1124 516 1290 551 gloriﬁcatus
1309 515 1388 550 fuerit
1409 514 1550 546 Dominus,
1566 512 1696 539 binniesst
1712 511 1745 538 de
1757 511 1831 538 uari.

1039 561 1153 598 Propter
1164 562 1213 589 hoc
1226 562 1254 589 in
1268 562 1398 589 doctrinis
1410 560 1560 595 gloriﬁcate
1575 558 1743 589 Dominum,
1755 558 1784 584 ia
1795 559 1833 584 iu-

1036 608 1107 637 sulis
1125 609 1209 635 maris
1232 615 1325 635 nomen
1341 607 1446 634 Domini
1462 605 1512 632 Dei
1529 604 1621 632 Israel
1635 605 1671 631 η.
1697 603 1734 631 Et
1747 603 1834 631 Doni—

1039 664 1092 684 nus
1104 656 1131 683 in
1145 655 1279 687 oratione,
1293 661 1376 689 quam
1391 653 1542 688 discipulos
1555 659 1625 680 suos
1636 651 1736 678 docuit
1748 658 1832 682 orare,

1042 702 1082 730 ait
1095 711 1102 728 :
1118 701 1200 728 Pater
1215 705 1314 734 noster,
1326 699 1372 735 qui
1383 707 1410 726 es
1433 699 1462 726 in
1476 698 1560 730 uelis,
1575 697 1771 731 sancti/ieeur
1792 705 1834 723 ιο-

1039 756 1098 774 men
1113 752 1189 774 tuum
1200 746 1235 774 ".
1258 745 1286 773 ιιι
1302 745 1384 773 bonis
1395 749 1434 772 ~et
1444 745 1527 780 justis
1544 743 1714 771 hominibus
1736 743 1834 770 saliui-

1040 794 1139 822 iicatur
1163 800 1262 820 nomen
1277 791 1396 823 Domini,
1409 796 1438 818 et
1456 791 1483 818 in
1508 790 1590 818 malis
1611 789 1832 825 blasphematur.

1039 839 1072 867 Et
1086 840 1146 875 ipsa
1158 847 1206 874 per
1221 846 1251 867 se
1265 837 1372 865 Veritas
1387 837 1445 864 ait:
1461 835 1491 864 Si
1503 836 1582 870 offers
1597 843 1699 862 munus
1715 840 1793 862 tuum
1805 836 1834 861 ad

1039 886 1140 919 altare,
1163 890 1187 912 et
1204 884 1358 912 recordatus
1373 883 1456 918 fueris
1477 884 1541 918 quia
1572 882 1661 917 frater
1678 886 1743 908 tuus
1764 881 1836 908 habet

1044 931 1148 967 aliquid
1162 930 1303 958 adversum
1320 934 1355 961 te,
1373 928 1490 963 relinque
1505 927 1543 955 ibi
1559 935 1658 954 manus
1684 932 1764 954 tum
1779 932 1836 953 ante

1043 978 1139 1009 altare,
1152 982 1177 1005 et
1191 977 1255 1004 eode
1267 976 1342 1012 prius
1353 975 1521 1003 reconciliari
1537 974 1622 1009 fratri
1634 979 1695 1006 tuo,
1707 980 1731 1001 et
1748 979 1835 1007 postea

1043 1026 1136 1053 olferes
1156 1031 1251 1051 munus
1270 1027 1344 1050 tuum
1355 1022 1389 1050 ".
1414 1022 1437 1037 "
1451 1019 1524 1049 Nulli
1544 1028 1613 1048 vero
1630 1020 1718 1048 liceat
1733 1020 1836 1047 doctri-

1042 1080 1105 1100 nam
1129 1070 1313 1106 evangelicum
1330 1069 1468 1101 deserere,
1492 1072 1520 1095 et
1540 1066 1712 1095 sacerdotali
1734 1066 1836 1093 honore

1042 1117 1171 1152 gaudere.
1186 1117 1252 1144 Data
1265 1115 1394 1143 Kalendis
1413 1113 1582 1149 Septembris
1595 1114 1632 1146 “,
1655 1113 1795 1141 Laterano
1809 1118 1835 1140 et

1043 1163 1141 1192 Ruﬁno
1156 1163 1222 1191 viris
1236 1161 1399 1190 clarissimis
1414 1160 1588 1189 consulibus.

1318 1226 1488 1255 εΡιδΤοιΑ
1507 1225 1552 1253 Ill.

1147 1295 1180 1314 AD
1201 1293 1364 1314 DESIDBDIUI
1383 1292 1550 1312 VIENNENSEI
1569 1291 1735 1311 EPISCOPUI.

1080 1344 1195 1377 νισι-οι,
1221 1344 1376 1379 episcopus,
1402 1341 1582 1370 Dsstnsnio"
1605 1340 1760 1369 Viennensi
1777 1340 1831 1375 epi-

1043 1398 1136 1426 scopo,
1150 1391 1277 1418 salutem.

1079 1437 1157 1465 Sicut
1179 1441 1274 1464 sancta
1299 1434 1458 1463 fraternitas
1484 1440 1529 1462 tua
1557 1442 1572 1461 a
1588 1433 1776 1470 presbyteris,
1790 1433 1833 1468 qui

1043 1483 1182 1519 apostolos
1194 1483 1222 1510 in
1238 1489 1322 1510 carne
1336 1481 1474 1513 viderunt,
1489 1481 1595 1508 erudita
1613 1484 1669 1514 est,
1687 1481 1736 1516 qui
1749 1485 1777 1508 et
1789 1481 1835 1507 Ec-

1042 1529 1155 1557 elesiam
1171 1535 1258 1563 usque
1274 1527 1308 1554 ad
1324 1531 1371 1554 tua
1397 1531 1519 1562 tempora
1537 1531 1688 1560 rexerant,
1713 1533 1770 1554 non
1792 1526 1834 1553 de-

1043 1575 1114 1602 cima
1134 1578 1232 1609 quarta
1253 1573 1319 1600 luna
1341 1580 1403 1600 cum
1418 1572 1533 1605 Judaais,
1549 1572 1598 1600 sed
1613 1573 1727 1600 decima
1743 1572 1834 1607 quinta

1045 1629 1134 1656 usque
1158 1620 1192 1648 ad
1216 1620 1375 1655 vigesimam
1400 1619 1534 1654 primam,
1560 1618 1673 1647 Pascha
1703 1618 1833 1646 catholica

1044 1666 1165 1694 Ecclesia
1190 1666 1346 1694 celebravit.
1373 1664 1432 1693 Non
1456 1669 1529 1693 enim
1545 1665 1605 1701 jam
1629 1667 1778 1696 umbram,
1791 1666 1832 1692 sed

1044 1715 1186 1741 veritatem
1211 1721 1272 1748 qua:
1300 1714 1398 1741 umbra
1425 1714 1494 1749 legis
1529 1713 1702 1745 celebratur,
1731 1712 1832 1748 quaerit.

1044 1760 1120 1788 Hanc
1132 1760 1270 1788 dotrinam
1283 1759 1381 1788 Petrus
1394 1766 1420 1788 et
1431 1760 1533 1787 Paulus
1550 1759 1749 1791 instituerunt,
1764 1763 1794 1786 ut
1810 1759 1834 1783 in

1044 1807 1145 1842 azymis
1165 1807 1326 1834 sinceritatis
1346 1811 1370 1834 et
1393 1806 1512 1834 veritatis
1536 1804 1644 1832 Pascha
1665 1805 1833 1840 ageretur".

1044 1853 1096 1887 Qui
1111 1853 1183 1881 enim
1207 1860 1269 1881 cum
1284 1852 1385 1880 Judaais
1399 1851 1505 1880 Pascha
1529 1858 1612 1886 agere
1631 1851 1752 1884 volunt,
1774 1851 1833 1886 quid

1045 1899 1097 1927 nisi
1113 1899 1237 1926 umbram
1255 1898 1382 1933 diligunt,
1398 1902 1428 1925 ut
1439 1898 1502 1933 agni
1517 1905 1616 1925 carnes
1633 1905 1693 1925 non
1720 1898 1750 1924 in
1764 1897 1826 1924 veri-

1044 1951 1110 1980 tate,
1122 1945 1170 1973 sed
1188 1945 1216 1972 in
1234 1945 1330 1972 umbra
1341 1944 1475 1979 ﬁgurante
1490 1943 1683 1971 manducent?
1712 1942 1771 1970 Nec
1793 1950 1834 1970 au-

1044 1992 1124 2020 diunt
1137 1991 1271 2019 Joannem
1286 1990 1435 2026 Baptistam
1461 1991 1627 2018 clamantem
1641 1998 1650 2017 :
1664 1988 1738 2016 Ecce
1750 1989 1833 2025 Αςιιιι

1045 2038 1106 2071 Dei,
1120 2046 1178 2065 ecce
1194 2038 1240 2073 qui
1254 2037 1342 2072 aufert
1356 2041 1464 2072 peccata
1482 2036 1574 2063 mundi
1587 2035 1623 2064 ".

1082 2083 1152 2117 Seis,
1168 2083 1251 2111 frater
1266 2083 1434 2116 beatissime,
1452 2090 1522 2117 opus
1534 2081 1620 2109 totius
1634 2081 1752 2117 pietatis
1767 2087 1832 2110 sem

1046 2129 1113 2157 feria
1129 2134 1156 2157 et
1169 2129 1277 2157 decima
1290 2129 1386 2164 quinta
1409 2128 1475 2156 luna
1499 2127 1666 2163 perfectum,
1681 2128 1795 2162 quando
1811 2128 1832 2153 in

1045 2183 1127 2204 cruce
1151 2175 1280 2203 clamavit
1305 2175 1328 2201 is
1350 2181 1398 2209 per
1421 2181 1502 2209 quem
1526 2172 1617 2200 factus
1640 2177 1687 2201 est
1700 2173 1831 2200 mundus:

1046 2221 1264 2249 Consummatum
1276 2225 1313 2247 est
1322 2219 1361 2253 3"g
1374 2225 1402 2247 et
1416 2221 1541 2247 vincente
1554 2219 1626 2252 luce,
1643 2219 1756 2247 umbrae
1768 2226 1833 2246 mar-

206 2266 320 2301 Propter
335 2265 383 2292 hoc
398 2264 550 2292 maledictio
561 2265 662 2292 vorabit
686 2270 796 2299 terram,
810 2271 836 2293 et
848 2266 992 2301 peccabunt
1009 2263 1031 2290 D
1047 2268 1081 2295 tis
1095 2271 1230 2302 superata:
1244 2266 1426 2302 aufugerunt;
1443 2271 1469 2293 et
1484 2266 1511 2293 in
1528 2273 1604 2300 spem
1624 2271 1732 2293 nostra:
1744 2265 1833 2292 salutis

204 2312 367 2339 habitatores
381 2311 448 2346 ejus.
472 2310 587 2346 Ideoque
606 2311 737 2338 insanient
754 2311 868 2339 cultores
884 2312 953 2347 ejus,
967 2318 994 2340 et

206 2358 508 2394 relinquenturhomines
517 2358 606 2392 pauci.
614 2356 696 2385 Luxit
706 2358 848 2391 vindemia,
855 2359 994 2394 infirmata

205 2410 244 2432 est
251 2406 322 2439 vitis,
331 2405 513 2440 ingemuerunt
522 2412 610 2431 omnes
618 2404 663 2440 qui
672 2404 832 2432 ltelabantur
840 2406 927 2433 corde.
935 2405 996 2433 Ces-

206 2451 275 2478 savit
298 2450 425 2486 gaudium
449 2453 646 2485 tympanorum,
666 2450 763 2484 quievit
779 2451 882 2477 sonitus
897 2450 994 2478 [tetan-

207 2497 285 2530 tium,
304 2496 430 2524 conticuit
450 2495 562 2522 dulcedo
577 2495 699 2523 cit/torte.
722 2495 790 2523 Cum
813 2497 918 2523 cantico
943 2505 994 2524 non

206 2543 293 2571 bibent
299 2543 388 2570 vinum
395 2551 404 2570 .'
410 2543 560 2570 amaraerit
570 2543 642 2578 potio
649 2542 794 2570 bibentibus
802 2542 887 2570 illam.
894 2543 997 2571 Attrita

206 2595 244 2617 est
258 2590 352 2617 civitas
375 2588 513 2622 uanitatis,
528 2588 620 2615 clausa
641 2593 680 2615 est
697 2588 782 2614 omnis
800 2588 905 2622 domus,
919 2588 995 2616 nullo

206 2637 366 2663 introeunte.
381 2634 490 2662 Clamor
502 2635 553 2662 erit
567 2642 645 2668 super
657 2634 716 2661 uino
730 2633 758 2660 in
771 2633 878 2668 plateis,
891 2634 994 2662 deserta

243 2727 264 2742 "
275 2725 327 2754 lsa.
343 2725 446 2759 L|,l-6.
486 2726 508 2741 “
517 2725 666 2761 S.Leorep.
681 2726 726 2754 55.

776 2725 798 2742 “
810 2725 831 2752 ll
843 2725 915 2754 Petr.
933 2735 975 2760 Ill,
993 2727 1024 2761 9;
1042 2727 1052 2755 l
1066 2727 1138 2754 Tim.
1154 2735 1184 2758 ιι.
1200 2726 1228 2754 Δ.

207 2770 253 2798 an.
270 2761 337 2798 [86,
354 2762 462 2788 vivente
483 2760 584 2798 adhuc
603 2760 760 2795 Eleuthero,
776 2762 949 2798 consulatum
962 2797 965 2798 ν
977 2763 1072 2798 gessit.

1047 2314 1170 2342 centurio
1186 2312 1331 2341 confessus
1341 2317 1399 2340 est:
1415 2312 1439 2339 F
1442 2312 1504 2340 ilius
1518 2311 1567 2339 Dei
1581 2316 1641 2339 erat
1656 2312 1708 2339 iste
1722 2312 1756 2338 ".
1771 2311 1832 2338 Nus-

1046 2368 1129 2396 quam
1142 2360 1240 2388 Petrus
1252 2367 1315 2387 cum
1325 2358 1437 2391 Judzeis,
1451 2364 1596 2394 postquam
1611 2358 1668 2386 illis
1683 2357 1832 2385 dixitzpa-

1047 2407 1187 2435 nitentium
1210 2407 1291 2442 agite,
1311 2405 1377 2441 quia
1401 2405 1556 2440 sanguinem
1578 2404 1651 2438 justi
1681 2404 1830 2439 fudistis".

1048 2460 1098 2481 nos
1111 2451 1215 2480 Pascha
1228 2451 1366 2479 celebrare
1378 2450 1482 2478 docuit.
1507 2448 1650 2484 NuSquam
1663 2449 1779 2481 Paulus,
1792 2449 1830 2483 qui

1047 2506 1077 2529 ut
1094 2500 1175 2528 Deum
1187 2499 1368 2534 lucrifaceret,
1380 2498 1590 2526 observationes
1604 2497 1668 2525 illas
1685 2498 1754 2533 legis
1767 2498 1830 2524 arbi—

1049 2551 1135 2574 tratus
1148 2550 1187 2574 est
1199 2550 1226 2573 ut
1237 2550 1354 2572 stercora
1367 2545 1400 2571 ⁸³.

1082 2591 1191 2627 Collega
1218 2591 1391 2623 beatissime,
1416 2589 1518 2617 Christi
1546 2589 1706 2618 Eeciesiam
1732 2598 1784 2618 non
1806 2590 1828 2616 in

1047 2637 1157 2670 umbra,
1171 2636 1219 2664 sed
1240 2635 1267 2662 in
1279 2635 1394 2663 veritate
1413 2642 1497 2670 supra
1514 2634 1633 2662 solidam
1652 2640 1759 2671 petram
1777 2635 1827 2662 fan-

1281 2725 1302 2742 η
1319 2725 1347 2753 s.
1358 2724 1412 2753 Leo
1428 2732 1472 2760 ep.
1487 2724 1533 2753 59.

1588 2726 1613 2742 "
1621 2726 1776 2758 Glabrione,
1788 2726 1823 2761 qui

1127 2763 1148 2778 "
1166 2761 1195 2790 S.
1208 2761 1264 2789 Leo
1285 2768 1329 2796 ep.
1344 2761 1372 2793 4,
1392 2768 1417 2788 c.
1429 2761 1458 2796 2.

1508 2761 1530 2777 ¹⁸
1544 2759 1573 2788 ln
1591 2761 1707 2789 decreto
1718 2759 1821 2789 distinet.

207 2796 259 2824 90:
278 2796 469 2832 Perlatutnest.
508 2796 530 2812 ”
543 2795 553 2822 l
565 2795 627 2832 Cor.
647 2804 695 2823 xu.
734 2797 757 2813 ²⁰
773 2797 880 2831 infecta.
902 2798 942 2832 γη
956 2795 1047 2832 lenem.
1086 2799 1108 2814 "
1123 2797 1176 2825 lsa.
1189 2805 1264 2830 xxtv,
1278 2795 1363 2832 5522.7
1376 2830 1382 2832 _
1394 2795 1526 2832 "_Matth.
1541 2804 1581 2830 vr,
1599 2796 1629 2823 9.
1669 2798 1694 2813 "
1707 2797 1820 2824 Matth.r.

208 2832 253 2863 εδ,
266 2832 311 2859 24.
350 2832 373 2847 ’³
388 2831 417 2858 S.
433 2831 488 2858 Leo
499 2839 542 2866 cp.
559 2831 604 2858 44.
643 2832 665 2847 ¹⁶
676 2839 749 2858 anno
764 2830 825 2858 197.
863 2832 885 2848 ’⁷
901 2831 963 2859 Bar.
980 2830 990 2860 ἑ

1081 2834 1104 2863 3.
1125 2840 1201 2860 num.
1216 2832 1260 2865 Π,
1274 2839 1308 2859 ex
1326 2830 1395 2866 Bibl.
1411 2830 1602 2860 Floriacensis
1631 2832 1818 2860 additamanis.

208 2874 254 2914 qq.
269 2871 394 2900 suspecta
406 2871 448 2893 est
465 2873 518 2893 non
533 2873 614 2893 secus
626 2871 708 2901 atque
720 2868 805 2895 altera
818 2874 880 2914 qua
899 2867 1033 2902 sequitur.

224 2902 229 2914 I
247 2900 326 2914 “altl-
355 2908 426 2914 νν-ν..
454 2901 483 2914 ΕΙ
535 2901 557 2914 Μ
573 2901 616 2914 Α...
645 2910 661 2914 ..
689 2902 721 2914 το
771 2902 793 2914 ll
807 2901 825 2914 n
836 2902 911 2914 ιίιέ--ι
941 2910 970 2914 ...
998 2902 1013 2914 ο

224 2902 229 2914 ¹
246 2900 338 2926 Matth.
355 2908 439 2933 xxvu,
453 2901 496 2928 δι.
535 2901 557 2919 δ¹
568 2901 628 2929 Act.
645 2900 673 2935 ιι)
689 2902 733 2930 58.
771 2902 793 2918 ³³
804 2900 922 2938 Philipp.
938 2900 984 2937 in,
997 2902 1026 2931 8.

1083 2869 1105 2886 ’⁸
1119 2867 1129 2896 1
1144 2867 1210 2896 Cor.
1224 2875 1251 2900 ν,
1266 2867 1292 2896 8.
1332 2868 1354 2883 ²⁹
1367 2865 1446 2894 Joan.
1461 2873 1481 2900 ι,
1497 2866 1544 2894 29.
1586 2867 1610 2883 ³⁸
1625 2866 1710 2897 loau.
1728 2867 1816 2901 sls,5tl.
