1873 3065
42 170 58 197 Ι
66 170 140 199 489

665 170 841 201 ARCHEUS
861 171 968 201 EPISC.
986 171 1099 201 AFRIC.

1625 176 1695 204 M90

41 231 168 258 datam
183 232 340 265 doceamus,
357 237 386 260 ut
399 232 543 261 audiamus
555 240 618 261 cum
631 234 754 268 apostolo
767 233 858 261 Petro:
874 236 897 265 Α
944 234 1052 270 Collega
1069 237 1164 263 noster
1179 233 1325 271 Dionysius
1345 234 1495 268 dormiens,
1513 238 1541 263 te
1556 235 1636 264 nobis
1650 244 1696 265 so-

44 275 177 304 Beatus
195 286 232 311 es,
246 277 339 306 Simon
353 279 425 313 [ilius
443 279 572 312 Joannis,
589 279 652 314 quia
676 287 738 306 caro
753 285 779 307 et
797 288 861 307 san—

43 323 126 358 guis
153 332 205 351 non
224 325 347 352 reuelauit
363 325 422 356 tibi,
437 325 482 353 sed
493 324 576 352 Pater
595 334 666 353 meus
678 326 724 361 qui
746 326 774 353 in
788 326 859 353 uelis

41 373 98 395 est
119 369 163 396 ³⁵.
201 369 254 398 Per
279 374 353 398 tuam
377 378 442 406 ergo
471 370 668 398 fraternitatem
694 371 860 407 presbyteris

43 415 226 443 Galliarum
247 415 344 444 litterae
362 416 517 449 mittantur.
538 421 569 444 ut
581 417 727 444 observem
742 416 858 450 Pascha,

47 469 123 489 non
159 461 345 491 cum'Judatis
373 462 550 498 negatoribus
575 462 695 496 Christi,
719 463 766 491 sed
796 471 859 491 cum

46 508 242 543 sequacibus
268 509 454 544 apostolorum
478 510 688 545 praedicantibus
717 510 859 538 veritatem

44 553 188 582 Christi.
214 554 321 583 Salutat
336 559 361 584 te
375 557 520 592 collegium
538 556 665 584 fratrum.
689 556 783 584 Saluta
802 556 860 584 fra-

46 605 127 629 tres
143 602 192 637 qui
207 605 297 630 tecum
310 607 456 630 versantur
481 603 508 630 in
525 602 650 631 Domino.
665 602 796 636 Eubolus,
811 603 859 639 qui

47 647 218 681 epistolam
233 647 286 675 fert
300 647 446 681 Viennam,
462 649 496 677 de
509 649 624 685 collegio
645 653 752 682 nostro,
768 655 859 677 tecum

48 693 166 721 vivere
176 698 203 721 et
214 694 284 721 mori
296 699 407 729 paratus
420 699 478 728 est;
490 702 571 730 quem
583 695 692 730 suscipe
705 695 733 722 in
744 695 860 723 D.:mino

46 737 137 767 Jesu
152 738 273 768 Christo.
295 736 368 767 Vale.

347 808 517 837 EPISTOLA
536 808 581 836 IV.

290 873 433 893 “ascopa:
453 873 579 894 EPISCOPO
596 866 629 893 ".

911 279 984 307 cium
1001 280 1028 306 in
1052 279 1172 307 Ecclesia
1200 279 1302 307 Christi
1329 280 1448 316 reliquit.
1477 280 1572 315 Vides,
1599 281 1694 316 frater,

910 324 1074 353 Orientalem
1101 325 1252 354 Ecclesium
1274 331 1386 361 propter
1411 326 1620 355 celebrationem
1640 328 1694 356 Pa-

910 373 983 401 schae
994 374 1029 401 ab
1040 374 1208 402 Uccidentali
1234 373 1400 408 disjunctam
1416 380 1487 401 esse.
1511 372 1617 402 Placuit
1628 382 1694 410 ergo

899 420 990 456 [nobis
1002 420 1190 455 apostolorum
1215 420 1396 448 sectatoribus
1410 424 1507 448 vestrae
1521 421 1694 449 unanimitati

911 467 1043 499 scribere,
1069 471 1098 494 ut
1119 467 1193 502 (cum
1218 467 1367 495 secundum
1393 466 1466 502 quod
1492 467 1624 502 scriptum
1640 473 1693 502 est,

915 511 1009 540 Vetera
1029 513 1209 547 transierunt,
1226 521 1284 540 ecce
1297 520 1364 539 noua
1386 513 1458 547 facta
1475 518 1535 540 sunt
1553 514 1642 541 omnia
1654 514 1691 548 ";

910 565 965 585 non
986 558 1112 586 tenebras
1136 565 1296 592 sequamur,
1318 557 1365 585 sed
1390 557 1490 592 lucem)
1518 558 1694 586 advertamus

910 604 1068 639 prophetam
1084 611 1092 630 :
1107 603 1226 638 Populus
1242 604 1289 638 qui
1310 603 1416 630 sedebat
1438 603 1465 630 in
1479 604 1602 636 tenebris,
1626 604 1692 631 uidit

910 650 993 677 lucem
1008 658 1132 686 magnam
1147 650 1180 677 ³⁷.
1199 649 1358 684 Propterea,
1376 648 1459 676 frater
1482 649 1584 685 collega
1599 649 1625 676 in
1641 649 1695 677 Do-

911 695 1006 727 mino,
1031 694 1099 722 doce
1125 702 1173 729 per
1196 693 1336 722 Ecclesias
1361 694 1523 722 commissas
1547 702 1564 722 a
1588 695 1694 723 decima

909 739 1005 775 quinta
1022 739 1085 767 luna
1101 739 1207 767 Pascha
1221 739 1369 775 agendum,
1386 743 1416 766 ut
1426 739 1500 767 dicat
1516 740 1596 767 nobis
1620 739 1694 775 Apo-

909 785 997 813 stolus
1012 793 1019 811 :
1035 784 1141 812 Pascha
1157 789 1278 813 nostrum
1296 786 1450 813 immolatus
1467 791 1506 813 est
1517 786 1639 814 Christus
1653 787 1692 821 ";

908 835 935 858 et
949 839 956 857 :
972 830 1075 858 Fuisti;
1094 831 1216 865 tenebrae,
1238 839 1307 859 nunc
1322 836 1410 859 autem
1423 831 1470 859 (ua;
1490 831 1519 858 in
1532 831 1646 860 Domino
1659 833 1692 860 ".

910 876 1083 905 Unanimitas
1106 877 1225 909 fraterna
1243 882 1269 905 te
1291 878 1319 905 in
1333 877 1450 905 Domino
1466 878 1576 910 salutat,
1596 877 1694 907 fratres

99 916 221 956 Vtcroa,
242 923 398 958 episcopus,
410 922 488 951 fratri
499 922 650 952 Peucon:
661 923 799 959 episcopo,
809 931 854 952 sa-
873 910 896 941 Β
910 925 956 958 qui
981 917 1057 958 apud.
1077 927 1103 951 te
1124 923 1235 951 Vienna:
1252 927 1396 951 versantur
1411 923 1444 951 de
1463 923 1544 951 nobis
1559 923 1693 952 salutans.

51 967 167 995 lutem.

911 964 989 998 Vale.

93 1038 123 1055 "‘
139 1037 236 1074 Matth.
254 1046 309 1071 xvt,
326 1039 369 1066 l7.
390 1039 412 1056 ³⁸
425 1039 465 1067 Ex
476 1039 572 1069 eadem
587 1028 754 1069 Bibliotheca
767 1040 883 1069 Joannis
901 1048 916 1068 a
930 1040 1028 1069 Bosco.
1067 1042 1090 1058 ³⁸
1103 1041 1125 1068 ll
1140 1041 1202 1070 Cor.
1216 1049 1243 1074 v,
1260 1041 1303 1068 l7.
1340 1041 1362 1057 ³⁷
1374 1042 1430 1069 lsa.
1451 1049 1489 1074 Ix,
1504 1040 1532 1069 2.
1569 1041 1592 1058 ³⁸
1606 1040 1615 1068 l
1627 1041 1690 1069 Cor.

50 1083 84 1108 γ,
110 1075 140 1102 7.
179 1076 202 1092 ³³
213 1073 314 1111 prcs.
328 1082 356 1110 ν,
370 1075 397 1104 8.

64 1180 1689 1204 Mm

1463 1194 1688 1203 ...φιν-.-

690 1308 1073 1388 ΑΒΟΗᾹΞΙ

531 1453 852 1512 EPISCOPI
893 1453 1233 1513 AFRICANI

691 1573 1108 1619 FRAGMENTUM

476 1666 520 1695 DE
539 1667 721 1696 PASCHATE
743 1667 776 1696 IN
791 1667 848 1696 DIE
864 1668 1030 1698 DOMINICA
1052 1669 1292 1699 CELEBRANDO.

402 1745 481 1778 (ιω,
494 1744 609 1779 Spicileg.
624 1746 704 1778 Rom,
717 1746 801 1771 Romae
813 1745 883 1777 1840,
897 1749 914 1772 t.
927 1745 970 1778 Ill,
982 1754 1007 1779 ρ.
1020 1746 1076 1777 707,
1088 1754 1121 1772 ex
1134 1747 1218 1773 codice
1229 1747 1354 1777 Arabico.)

296 1895 403 1923 ΑνιΙιίεί
421 1895 467 1930 qui
482 1900 541 1931 post
550 1895 695 1931 discipulos
711 1895 818 1923 Domini
838 1897 975 1932 episcopus
988 1896 1040 1931 fuit
1055 1895 1204 1929 Leptitame
1221 1895 1294 1923 urbis
1316 1896 1344 1922 in
1358 1895 1461 1930 Africa.

103 1942 302 1971 Celebrandum
317 1947 360 1971 est
371 1943 476 1971 Pascha
495 1943 539 1971 die
555 1943 711 1975 Dominico;
728 1943 775 1970 tali
791 1942 863 1970 enim
879 1946 1001 1977 tempore
1016 1942 1157 1970 catholica:
1171 1941 1433 1977 Ecclesiaegaudium
1445 1941 1607 1977 completum
1626 1941 1690 1974 fuit,

62 1994 98 2017 et
112 1989 303 2024 unusquisque
316 1995 425 2017 aeternae
439 1989 502 2017 vitae
513 1990 665 2018 destinatus
676 1999 684 2024 ;
695 1989 794 2017 etenim
806 1996 838 2017 eo
849 1988 894 2016 die
911 1988 1130 2016 Resurrectionis
1142 1988 1313 2023 mysterium,
1329 1989 1442 2023 speique
1457 1988 1645 2022 immutabilis,
1657 1992 1685 2015 et

60 2035 141 2070 regni
158 2035 316 2063 haereditate
329 2035 455 2072 capiendi
467 2036 658 2064 conﬁrmatum
671 2041 722 2064 est.
733 2035 790 2063 Hoc
801 2041 922 2070 tempore
931 2034 1062 2062 Dominus
1076 2034 1110 2062 de
1122 2039 1211 2061 morte
1222 2033 1398 2069 triumphavit
1408 2033 1517 2062 inimica
1530 2034 1684 2065 hominum.

63 2087 184 2115 corpore
197 2088 249 2108 suo
264 2081 395 2110 suscitato
406 2103 414 2115 ,
429 2081 501 2117 quod
520 2090 660 2117 nunquam
674 2082 802 2117 deinceps
820 2080 953 2113 moritur,
969 2080 1016 2108 sed
1032 2079 1203 2107 immutabile
1219 2086 1282 2107 cum
1300 2079 1398 2114 spiritu
1424 2084 1593 2114 perseverat;
1612 2079 1686 2115 quod

59 2127 176 2163 quidem
191 2135 292 2163 corpus
303 2127 390 2164 gloria
405 2128 604 2156 circumdatum
619 2127 693 2156 Patri
708 2128 818 2160 obtulit,
833 2132 978 2163 postquam
993 2126 1018 2155 ei
1032 2126 1167 2155 ctelorum
1178 2125 1251 2153 fores
1267 2129 1426 2160 patuerunt.

72 2228 1686 2256 Μ

361 2331 814 2392 THEOPHILUS
855 2329 1395 2405 ANTIOCHENUS,

310 2451 765 2510 ATHENAGORAS,
800 2449 1120 2508 TATIANUS,
1152 2449 1439 2496 HERMIAS.

103 2548 248 2577 Auctorum
268 2557 351 2584 supra
372 2553 585 2577 memoratorum
609 2548 719 2576 nomina
736 2552 841 2576 tantum
863 2547 908 2576 hic
922 2547 1139 2584 ponimusrquod
1153 2554 1251 2584 eorum
1270 2547 1372 2584 scripta
1385 2554 1439 2575 una
1454 2554 1518 2575 cum
1533 2545 1642 2584 Iustino
1662 2547 1689 2574 in

68 2585 186 2620 editione
204 2585 236 2613 D.
248 2582 390 2614 Prudentii
410 2583 516 2613 Marani
542 2584 727 2618 continuentur,
752 2591 814 2620 quae
838 2584 865 2611 in
887 2582 988 2612 nostrae
1011 2582 1189 2612 Collectionis
1204 2587 1280 2612 tomo
1291 2582 1416 2619 proxime
1436 2583 1562 2618 sequenti
1585 2583 1690 2618 integra

69 2619 211 2649 reviviscit.
