1866 3073
203 116 255 144 155

705 123 734 151 S.
753 123 924 154 leATIHS.
945 142 980 148 -—
998 127 1267 157 PROLEGOMENA.

1782 123 1848 153 156

202 178 230 222 et
246 175 311 222 dcta
336 176 419 204 etiam
441 177 530 213 aliqua
549 181 672 216 martyrii
689 190 746 209 sum
759 184 879 218 opinioni
903 185 993 214 favere
1007 194 1030 222 Α
1044 195 1106 214 cum
1124 187 1231 215 [tullino
1247 187 1337 215 adhuc
1353 187 1507 215 simultates
1527 190 1699 218 exercuerat,
1716 185 1853 219 Ideoque

203 220 350 255 intellexit;
372 223 420 251 sed
444 233 493 253 nec
512 226 555 252 illa
569 227 602 253 ad
619 227 689 265 hanc
706 237 762 256 rem
784 230 933 266 quidquam
949 232 990 259 fa-

200 267 290 295 ciunt.
321 268 422 297 Fateor
451 272 578 306 equidem
608 273 804 310 Hieronymum
834 277 988 312 scripsisse,

201 313 285 340 verba
300 322 362 349 quae
384 317 456 351 apud
483 318 613 347 Irenaeum
639 324 748 348 exstant
763 321 897 357 lgnatium
911 324 989 351 locu-

199 365 258 388 tum
274 360 370 396 fuisse,
385 372 444 390 cum
461 368 591 400 rugientes
613 368 717 395 audiret
731 367 828 401 leones,
849 374 879 397 ut
895 369 921 397 in
939 371 990 398 ali-

199 405 304 439 quibus
328 408 468 437 codicibus
490 411 616 446 legimus.
637 411 704 439 Nam
722 413 749 440 in
764 413 826 442 aliis
842 414 912 442 illud
928 423 989 442 cum

198 459 232 479 eo
257 453 318 482 loco
343 463 398 482 non
413 461 535 491 apparet.
552 457 669 493 Cumque
685 459 744 493 jam
761 460 904 488 damnatus
922 466 989 489 esset

201 499 236 525 ad
255 499 362 533 bestias,
376 507 400 528 et
412 502 507 530 ardore
527 504 647 538 patiendi
666 505 797 540 rugientes
815 507 919 534 audiret
935 507 989 534 leo-

203 552 259 579 nes,
283 547 331 575 ait.
348 547 384 575 Ex
409 548 449 576 his
469 550 541 577 enim
571 558 624 578 non
655 557 709 580 tam
735 553 877 589 perspicue
899 554 988 583 Rome

200 599 263 619 eum
289 593 346 621 haec
372 595 486 629 dixisse,
508 604 541 623 ac
565 597 592 624 in
613 606 640 625 re
657 601 792 633 prcesenti,
817 604 845 627 et
863 601 940 635 quasi
960 601 988 628 in

200 645 281 664 strena
302 638 360 673 ipsa
371 647 405 666 ex
420 645 510 668 mente
525 640 685 679 Hieronymi
697 649 818 679 apparet.
828 645 909 673 Certe
921 647 987 675 illud

199 688 225 710 et
240 685 312 719 quod
333 685 361 713 in
383 685 524 716 Breviario
545 688 670 718 Romano
691 692 836 726 reperitur,
852 696 879 720 et
894 692 986 721 Graeca

199 729 348 765 Sophronii
381 734 510 762 versione
547 736 737 770 confirmatur,
764 738 848 766 alium
875 746 987 767 sensum

198 777 338 812 postulare
365 779 492 814 videtur;
509 788 598 816 neque
620 783 693 810 enim
715 783 819 817 Horme,
833 785 880 813 sed
891 786 988 814 Antio-

197 823 267 851 chiae
294 824 438 853 damnatus
470 831 509 854 est
537 827 573 855 ad
601 828 718 861 bestias;
741 831 878 866 rugientes
895 837 985 860 autem

1041 233 1067 260 in
1083 233 1134 261 hoc
1149 234 1209 269 ipso
1226 234 1294 260 libro
1311 234 1380 260 inter
1400 241 1507 261 cwleros
1529 237 1687 259 tractatores
1701 231 1813 258 librum
1834 239 1852 256 ο

1041 279 1183 313 Pamphilo
1201 280 1302 307 editum
1326 281 1426 315 posuit,
1439 280 1511 314 quod
1527 287 1542 306 a
1564 278 1672 306 Rullino
1686 278 1726 305 ita
1746 277 1852 312 fuerat

1039 325 1220 360 divulgatum;
1236 334 1286 354 nec
1303 325 1426 353 Bullinus
1439 326 1496 360 ipse
1512 325 1606 359 aliqua
1619 325 1672 351 alia
1687 329 1758 351 tunc
1769 330 1855 351 con-

1039 372 1197 407 scripserat,
1214 380 1276 408 qute
1289 372 1323 400 ab
1343 371 1510 407 Hieronymo
1528 370 1674 398 memorari
1691 373 1855 406 poterant.

1039 417 1223 454 Hieronymus
1247 418 1331 454 igitur
1356 426 1372 445 a
1393 418 1503 445 nemine
1517 417 1648 452 deceptus
1671 423 1725 444 suo
1747 415 1856 442 Marte

1040 464 1085 492 illa
1097 463 1260 492 Eusebianis
1269 464 1382 492 addidit.
1396 464 1498 492 Eodem
1511 464 1594 491 etiam
1606 463 1688 491 modo
1698 463 1729 490 in
1747 463 1856 489 altero

1038 510 1182 545 Apollonio
1211 510 1391 538 describenda
1419 514 1547 538 versatus
1578 514 1630 537 est.
1658 508 1855 543 Apollonius,

1039 555 1137 590 inquit,
1148 556 1187 583 vir
1196 556 1511 591 disertissimus,scripsit
1524 556 1649 583 adversus
1659 555 1854 586 Montanum,

1041 602 1196 630 Priscillam
1220 608 1246 630 et
1274 602 1455 630 Maximillam
1479 602 1581 638 insigne
1593 607 1617 629 et
1629 601 1741 637 longum
1758 601 1853 628 eolu-

1038 657 1106 680 men,
1117 649 1144 676 in
1154 656 1205 684 quo
1216 649 1310 676 asserit
1320 648 1476 675 Montanum
1486 653 1511 675 et
1524 649 1632 676 insanus
1639 652 1711 674 vates
1721 647 1856 682 periisse

1037 694 1196 729 suspendio;
1221 694 1255 721 de
1292 693 1440 728 suspendio
1468 693 1542 721 enim
1568 693 1689 721 Montani
1722 693 1857 721 ioculns

1037 740 1147 774 quidem
1175 744 1217 767 est
1241 739 1387 774 Eusebius,
1400 739 1448 767 sed
1462 739 1523 775 ejus
1543 739 1731 767 narrationem
1756 738 1855 765 alteri

1038 786 1117 821 plane
1130 785 1270 821 scriptori,
1288 790 1315 814 et
1328 786 1438 821 quidem
1452 793 1590 821 anonymo
1609 785 1719 817 tribuit,
1738 785 1799 813 lib.
1820 793 1853 817 v,

1037 841 1098 868 cap.
1115 833 1160 866 i6,
1178 840 1194 860 a
1213 841 1271 868 quo
1285 834 1353 862 satis
1380 839 1474 868 aperte
1487 833 1661 869 Apollonium
1685 833 1854 867 distinguit

198 869 292 897 leones
319 875 375 903 tam
403 872 528 908 Smyrnae
555 882 638 909 quam
666 874 761 904 Roma:
775 877 870 905 audire
881 879 986 913 potuit;
1004 882 1024 909 lt
1038 887 1099 914 cap.
1112 879 1157 907 18.
1182 878 1320 907 Eusebius
1336 879 1511 914 Apollonium
1526 879 1671 914 scripsisse
1683 879 1756 907 dicit
1773 879 1852 905 ἴδιον

198 923 249 942 nec
269 924 323 943 rem
336 923 490 951 praesentem
506 919 656 955 intelligere
679 922 787 950 videtur
804 922 986 959 Sophronius,

197 963 245 997 qui
271 963 393 991 dentibus
417 964 560 992 bestiarum
578 967 673 999 molor,
690 967 806 1004 εὔχομαι
821 971 877 1002 τοῖς
898 970 987 998 ὁδιτῦσι

197 1011 250 1037 τῶν
283 1011 384 1048 Θηρίων
418 1013 570 1050 ἀλησῦἧναι
600 1017 749 1044 transtulit.
781 1016 834 1045 Sed
867 1024 985 1047 mentem

197 1055 355 1094 Hieronymi
372 1059 398 1086 in
417 1060 469 1088 hac
484 1068 513 1088 re
525 1069 578 1088 non
595 1070 707 1096 moror;
726 1063 791 1098 quid
812 1064 864 1092 iste
883 1066 986 1100 perilla

197 1104 279 1131 verba
297 1105 414 1133 voluerit
436 1113 534 1141 parum
561 1107 653 1140 refert,
668 1117 730 1144 quae
743 1109 778 1137 ab
801 1117 834 1137 eo
857 1110 917 1138 sine
932 1111 986 1139 ulla

196 1151 359 1179 auctoritate
383 1152 457 1180 dicta
485 1159 560 1182 sunt.
580 1153 678 1183 Omnia
701 1164 762 1191 qua:
784 1157 818 1184 de
838 1156 986 1192 lgnatianis

197 1196 279 1224 habet
305 1197 332 1224 in
357 1197 543 1234 Catalogo,ex
571 1200 688 1229 Eusebio
711 1203 828 1237 sumpsit
853 1212 860 1230 :
882 1211 915 1231 ex
939 1204 986 1232 illo

196 1243 370 1278 transcripsit
386 1246 548 1273 sententiam
565 1247 637 1275 hanc
650 1248 684 1276 ah
700 1247 802 1276 Irenaeo
832 1250 983 1279 laudatam.

196 1288 268 1317 Nihil
282 1291 334 1318 tale
344 1290 492 1325 Eusebius,
509 1293 576 1321 nihil
592 1295 711 1322 lrenwus
723 1304 730 1323 :
743 1295 776 1324 de
788 1304 838 1324 suo
848 1296 894 1324 illa
903 1298 983 1325 verba

193 1344 256 1371 quae
280 1341 388 1372 tempus
415 1339 547 1368 denotare
581 1341 723 1369 videantur
740 1347 787 1370 aut
801 1343 919 1376 incaute,
937 1349 985 1372 aut

195 1383 332 1411 rhetorice
357 1385 477 1419 addidit;
493 1390 576 1422 atque
595 1387 630 1415 ita
651 1396 713 1423 (lucc
725 1388 759 1416 ab
774 1388 893 1417 Eusebio
906 1397 983 1418 accc-

194 1433 272 1463 perat
301 1430 393 1458 minus
419 1436 492 1460 recte
518 1433 640 1467 tradidit;
655 1435 728 1469 quod
743 1435 768 1462 ei
785 1435 812 1463 in
829 1436 880 1463 hoc
901 1444 983 1471 opere

193 1475 316 1503 solemne
335 1483 386 1504 est.
405 1477 443 1505 De
463 1478 608 1514 Apollonio
624 1489 708 1515 agens
724 1482 803 1516 cujus
819 1483 981 1518 martyrium

192 1521 374 1557 descripserat
385 1523 531 1559 Eusebius,
541 1533 604 1553 eum
619 1527 654 1554 de
668 1535 720 1554 suo
736 1533 888 1556 senatorem
906 1528 981 1562 facit,

193 1569 298 1604 insigne
306 1569 344 1597 illi
356 1571 485 1599 volumen
505 1573 764 1608 attrihuit,enmque
782 1574 810 1601 in
824 1574 985 1610 Catalogum

192 1618 359 1652 scriptorum
380 1618 631 1646 ecclesiasticorum
661 1620 753 1653 refert,
772 1621 828 1648 imo
845 1621 917 1648 inter
937 1629 985 1649 eos

192 1663 302 1690 tandem
328 1668 456 1691 numerat
477 1664 558 1698 epist.
577 1664 625 1696 8-4,
652 1665 698 1700 qui
711 1666 739 1692 in
755 1671 857 1693 tantum
870 1667 985 1701 philoso-

191 1707 303 1741 phorum
324 1709 455 1735 doctrinis
478 1714 557 1744 atque
585 1711 723 1738 sententiis
754 1720 816 1739 suos
841 1714 984 1747 relerciunt

191 1753 284 1787 libros,
310 1759 339 1781 ut
363 1755 466 1782 nescias
483 1755 547 1790 quid
574 1756 602 1782 in
629 1757 685 1783 illis
710 1758 825 1792 prinntm
853 1759 985 1786 admirari

191 1800 295 1834 debeas,
310 1801 485 1829 eruditionem
511 1803 613 1835 sa'culi,
638 1811 675 1830 an
698 1805 838 1831 scientiam
861 1804 981 1840 Scriptu-

192 1854 294 1874 rarum.
308 1846 370 1874 Haec
381 1847 563 1884 Hieronymus
577 1849 689 1884 proprio
704 1851 813 1885 ingenio
823 1859 856 1879 ex
865 1850 982 1880 Eusebio

191 1893 297 1920 extudit
316 1898 343 1921 et
355 1895 538 1930 exaggeravit.
554 1894 648 1930 Neque
670 1896 745 1923 enim
767 1897 922 1925 audiendus
935 1897 983 1925 Jo—’

191 1939 294 1973 scphus
310 1939 442 1975 Scaliger,
463 1942 588 1976 quicum
613 1949 675 1970 cum
702 1942 748 1970 illa
772 1943 914 1978 scriberet,
931 1953 982 1972 non

192 1983 315 2012 Gra'cum
335 1985 442 2014 Eusebii
454 1988 600 2022 exemplar,
619 1988 665 2015 sed
680 1988 775 2024 [iu/[ini
786 1990 982 2026 interpretatio-

190 2039 249 2057 nem
272 2030 396 2058 Latinam
422 2033 448 2060 in
476 2034 604 2061 inanibus
632 2034 761 2063 habuisse
791 2037 908 2070 asserit;
934 2042 982 2065 aut

192 2075 327 2105 Henricus
360 2077 494 2110 Valesius,
515 2080 562 2114 qui
585 2089 648 2108 eum
676 2081 734 2109 hare
761 2081 817 2109 sine
842 2083 922 2110 dubio
948 2091 981 2111 ea:

190 2131 273 2158 prava
297 2123 391 2158 Rugini
413 2125 630 2160 interpretatione
655 2127 781 2156 hausisse
804 2128 895 2156 tradit.
923 2128 980 2158 Hoc

188 2170 263 2197 enim
285 2170 343 2197 tieri
359 2170 434 2197 nullo
455 2171 537 2198 modo
552 2172 651 2206 potuit,
668 2182 730 2201 cum
749 2178 788 2201 tot
805 2175 885 2203 annis
896 2175 979 2204 Cata-

998 1553 1020 1582 C

1038 925 1218 961 σύγγραμμα,
1225 924 1407 962 Hieronymus
1422 925 1490 954 illud
1499 925 1617 961 appellat
1627 926 1732 960 insigne
1742 931 1769 953 et
1781 925 1852 952 lou-

1038 980 1100 1006 gum
1117 972 1248 1005 volumen,
1263 980 1326 1000 cum
1347 973 1415 1008 ipse,
1432 973 1548 1005 scilicet.
1562 973 1588 1001 ei
1602 973 1760 1001 addidisset
1784 978 1852 1000 tres

1037 1018 1107 1046 alios
1132 1018 1217 1046 libros
1233 1018 1268 1046 ab
1287 1026 1426 1054 an0nymo
1443 1019 1624 1054 conscriptos.
1642 1018 1699 1046 lmo
1716 1024 1747 1046 et
1763 1019 1851 1046 idem

1037 1064 1166 1100 anonymi
1185 1063 1261 1099 Opus
1283 1064 1408 1092 Illiodoni
1429 1065 1513 1092 etiam
1528 1064 1663 1092 attribuit.
1677 1063 1849 1098 Miltiades,

1037 1110 1137 1145 inquit,
1153 1110 1229 1145 cujus
1251 1110 1362 1138 Rhodon
1386 1111 1413 1138 in
1435 1119 1510 1146 opere
1528 1119 1593 1143 suo,
1608 1110 1679 1145 quod
1702 1110 1849 1137 adversus

1037 1154 1206 1189 Montanum,
1227 1154 1383 1183 Priscillam
1407 1155 1640 1190 Maximillamque
1663 1157 1848 1190 composuit,

1036 1201 1200 1229 recordatur.
1222 1201 1292 1229 Cum
1314 1201 1360 1229 ille
1379 1201 1427 1236 qui
1452 1201 1581 1229 Miltiadis
1605 1201 1745 1234 meminit,
1760 1201 1848 1228 idem

1035 1247 1072 1274 sit
1089 1247 1137 1282 qui
1156 1247 1270 1275 tradidit
1293 1247 1454 1276 Montanum
1473 1252 1501 1275 et
1517 1247 1696 1275 Maximillam
1711 1255 1848 1282 suspen-

1035 1291 1082 1320 dio
1099 1293 1185 1320 vitam
1204 1293 1318 1321 liniisse.
1334 1292 1397 1320 Haec
1413 1292 1598 1329 Hieronymus
1615 1293 1707 1328 itaque
1729 1300 1765 1320 ex
1785 1300 1848 1320 suo

1035 1338 1149 1366 addidit.
1168 1338 1236 1366 Nam
1252 1339 1326 1374 quod
1343 1339 1460 1367 Gravius
1476 1347 1526 1374 pro
1547 1339 1671 1366 Hhodone
1687 1338 1847 1373 Apollina-

1034 1385 1104 1411 rium
1121 1385 1196 1422 legit,
1212 1393 1263 1414 nec
1276 1393 1397 1414 errorem
1413 1385 1493 1418 tollit,
1507 1393 1557 1413 nec
1579 1384 1752 1420 Hieronymo
1766 1394 1845 1412 con-

1034 1430 1118 1464 venit,
1143 1431 1191 1466 qui
1220 1431 1380 1460 Rhodonem
1411 1431 1587 1466 composuisse
1612 1432 1652 1459 ait
1677 1431 1840 1460 adversum

1034 1476 1217 1513 Cataphrygas
1244 1478 1346 1513 insigne
1367 1486 1442 1513 opus.
1459 1477 1494 1506 Ut
1517 1478 1623 1513 aliquid
1647 1478 1682 1505 de
1704 1484 1843 1514 tempore

1037 1528 1140 1556 notem,
1162 1524 1236 1559 quod
1261 1524 1390 1559 prtescnti
1406 1524 1447 1552 rei
1468 1524 1557 1560 magis
1575 1524 1715 1552 convenit.
1733 1524 1842 1552 Hiero-

1037 1577 1136 1606 nymus
1149 1570 1176 1597 in
1190 1570 1332 1606 Catalogo,
1347 1579 1372 1598 v.
1382 1571 1520 1603 Clemens,
1538 1570 1596 1598 haec
1613 1570 1694 1598 habet
1707 1579 1715 1597 :
1731 1570 1841 1598 Exstat

1035 1616 1183 1644 Alexandri
1208 1616 1454 1652 Hierosolymorum
1470 1617 1597 1652 episcopi,
1613 1617 1659 1651 qui
1674 1625 1737 1643 cum
1756 1616 1841 1644 Nar-

1036 1662 1105 1688 cisso
1120 1667 1212 1696 postea
1225 1663 1294 1691 rexit
1320 1662 1477 1696 Ecclesium,
1491 1662 1603 1698 epistola
1623 1671 1702 1695 super
1714 1663 1839 1689 ordina—

1037 1708 1108 1735 tione
1127 1708 1294 1743 Asclepiadis
1312 1709 1470 1744 confessoris
1483 1710 1517 1736 ad
1530 1709 1730 1737 Amica/tenses.
1743 1708 1837 1742 Quasi

1034 1753 1188 1781 Alexander
1213 1759 1260 1782 aut
1288 1753 1544 1790 Hierosolymorum
1570 1755 1718 1790 cpiscopus
1746 1754 1839 1782 fuerit

1034 1800 1194 1835 priusquam
1219 1808 1282 1828 cum
1308 1800 1438 1829 Narcisso
1466 1801 1618 1829 Ecclesiam
1638 1806 1763 1836 regeret,
1782 1806 1837 1828 aut

1033 1843 1181 1879 Epistulam
1193 1851 1250 1872 tum
1263 1846 1475 1879 scriberet,cum
1493 1845 1751 1880 Hierosolymorum
1770 1845 1837 1880 epi-

1033 1899 1132 1926 scopus
1148 1895 1236 1924 esset;
1253 1899 1326 1924 eam,
1347 1891 1471 1926 inquam,
1494 1891 1649 1927 epistolam,
1676 1899 1760 1926 quam
1780 1899 1836 1926 per

1032 1937 1198 1966 Clementem
1212 1938 1428 1966 Alexandrinum
1444 1938 1553 1966 misisse
1570 1946 1600 1966 se
1613 1938 1763 1973 signiﬁcat,
1779 1938 1834 1973 qui

1032 1989 1096 2013 ante
1118 1985 1307 2020 episcopatum
1322 1985 1383 2020 eius
1401 1979 1680 2020 Hierosolymitatium
1698 1989 1835 2012 mortuus

1032 2031 1140 2059 videtur
1153 2039 1223 2059 esse.
1237 2031 1337 2059 Mirum
1351 2032 1435 2066 igitur
1450 2032 1566 2059 omnino
1582 2038 1638 2058 non
1652 2035 1706 2063 est,
1721 2031 1746 2058 si
1762 2029 1833 2058 llic-

1032 2085 1166 2113 ronymus
1190 2078 1355 2105 sententiam
1370 2077 1467 2113 lguatii
1483 2077 1518 2104 ab
1537 2077 1639 2104 [remeo
1659 2076 1776 2104 citatam
1796 2084 1833 2104 ex

1031 2124 1150 2152 Eusebio
1179 2124 1353 2160 depromens,
1366 2124 1393 2151 in
1415 2128 1536 2159 tempore
1552 2127 1600 2150 aut
1617 2122 1768 2151 occasione
1782 2131 1832 2151 er-

1031 2175 1114 2198 raret.
1127 2169 1259 2203 Quinimo
1274 2170 1308 2198 de
1327 2171 1386 2205 ipso
1397 2170 1504 2205 lguatio
1524 2177 1578 2197 non
1594 2169 1683 2204 magis
1695 2174 1833 2197 accurate

189 2214 280 2250 logum
297 2215 438 2250 scripserit
452 2214 649 2253 Hieronymus,
667 2223 816 2254 antequam
830 2219 926 2248 Eusebi

1093 2216 1170 2249 nitur;
1184 2223 1246 2243 cum
1267 2217 1341 2242 enim
1363 2215 1494 2250 epistolas
1511 2214 1547 2242 ab
1562 2222 1596 2242 eo
1609 2214 1736 2250 Smyrnae
1753 2215 1830 2242 scri-

189 2263 303 2290 verterit
327 2262 461 2290 Bullinus.
479 2262 596 2298 Scripsit
618 2265 676 2294 hzec
699 2265 883 2303 Hieronymus
904 2275 978 2295 anno

187 2307 333 2336 Theodosii
348 2309 456 2336 decimo
472 2314 582 2343 quarto,
603 2310 655 2337 hoc
668 2315 721 2344 est,
735 2311 808 2339 circa
824 2312 858 2339 Δ.
870 2312 900 2339 ι).
912 2312 977 2345 592,

187 2358 218 2380 ut
234 2354 292 2389 ipse
303 2354 330 2381 in
345 2354 398 2381 line
415 2354 506 2389 operis
519 2359 635 2382 testatur
654 2365 660 2382 :
679 2357 818 2384 transtulit
830 2357 977 2385 Historiam

188 2401 297 2429 Eusebii
316 2400 439 2429 Rullinus
452 2407 514 2436 post
527 2401 675 2429 Thcodosii
694 2411 821 2435 mortem,
838 2403 893 2431 imo
915 2409 979 2439 post

185 2447 289 2482 direpta
304 2447 396 2475 Italia:
411 2448 532 2475 claustra
544 2448 576 2474 ab
588 2448 696 2476 Alarico
708 2449 773 2477 duce
784 2450 939 2484 Gothorum,
949 2456 978 2478 ut

186 2494 245 2528 ipse
266 2494 294 2521 in
314 2494 473 2530 przefatione
492 2494 646 2530 proﬁtetur.
663 2495 788 2524 Alaricus
811 2501 902 2524 autem
924 2499 978 2525 Ita-

186 2539 250 2567 liam
279 2548 334 2567 non
364 2541 476 2568 intravit
495 2547 559 2568 ante
576 2540 605 2568 Α.
627 2540 656 2567 D.
671 2541 734 2569 400.
750 2541 818 2570 Octo
840 2542 922 2576 igitur
941 2544 977 2571 ad

185 2585 330 2614 minimum
357 2587 438 2614 annis
463 2585 612 2614 Eusebium
635 2586 732 2615 Latine
745 2588 831 2616 edidit
842 2588 976 2623 HulIinus,

184 2637 330 2667 postquam
344 2632 504 2668 Catalogum
521 2641 602 2661 suum
617 2634 766 2669 scripserat
782 2634 975 2671 Hieronymus.

184 2679 252 2705 Male
264 2679 346 2706 etiam
360 2678 486 2708 Valesius
500 2680 618 2715 eonjecit
632 2679 840 2717 Hieronymum,
851 2682 974 2709 eamdem

182 2725 219 2751 ob
235 2732 361 2762 causam,
374 2725 409 2752 ob
434 2733 516 2760 quam
540 2725 677 2754 Eusebius
696 2727 824 2754 omiserat
843 2726 975 2755 Methodii

182 2770 293 2806 Origcni
313 2772 460 2807 iniquioris
476 2780 569 2807 opera,
587 2772 723 2820 Βυαίιιιιφ
739 2781 858 2809 quocum
876 2773 974 2801 simul-

183 2821 253 2844 tates
263 2822 423 2845 exercuerat
437 2818 464 2844 in
474 2818 544 2845 libro
554 2818 592 2845 De
603 2818 776 2856 qrﬁto‘ribus
785 2820 974 2847 ecclesiasticis

183 2863 217 2891 de
231 2863 365 2892 industria
386 2857 689 2901 praetermisissé'I'Nam
703 2874 751 2894 nec
766 2871 830 2894 tunc
843 2867 974 2895 tcmuoris

1029 2267 1090 2298 ptas
1113 2267 1365 2295 commemorasset,
1374 2268 1398 2289 et
1417 2262 1488 2293 inde,
1503 2261 1592 2296 inquit
1602 2261 1741 2296 egrediens
1757 2262 1833 2288 scri-

1027 2309 1081 2344 psit
1098 2309 1134 2335 ad
1152 2308 1354 2343 Philadelplteos
1370 2313 1396 2336 et
1412 2308 1446 2335 ad
1461 2307 1655 2343 Smyrnwos-,et
1667 2308 1778 2342 proprie
1792 2309 1831 2334 ad

1030 2355 1216 2391 Polycarpum,
1237 2356 1422 2382 commendans
1441 2355 1483 2382 illi
1503 2355 1706 2382 Antiochenscm
1730 2353 1828 2381 Eccle-

1028 2403 1105 2430 sium.
1119 2402 1252 2430 Crederes
1272 2402 1406 2437 lgnatium
1424 2402 1474 2429 has
1488 2401 1619 2437 epistolas
1633 2401 1675 2428 vel
1689 2408 1705 2428 e
1727 2401 1830 2436 Smyr—

1029 2456 1071 2476 na:
1092 2449 1286 2482 suburhin,vel
1303 2456 1318 2475 a
1333 2449 1433 2483 primo,
1448 2452 1497 2476 aut
1512 2447 1635 2476 secundo
1648 2447 1740 2482 lapide
1754 2448 1828 2475 scri-

1028 2495 1136 2530 psisse;
1153 2495 1226 2530 quod
1248 2494 1322 2522 enim
1347 2495 1410 2530 quis
1424 2495 1569 2530 egrediens
1593 2493 1695 2522 fecisse
1707 2493 1827 2525 dicitur,

1027 2541 1055 2569 id
1071 2541 1098 2568 in
1119 2541 1180 2576 ipso
1199 2548 1311 2576 egressu
1332 2541 1375 2568 vel
1391 2548 1454 2568 cum
1479 2540 1657 2575 egrederetur
1682 2539 1827 2575 peregisse

1027 2587 1219 2622 intelligendus
1234 2587 1352 2615 videtur.
1366 2586 1419 2614 Sed
1435 2587 1485 2614 has
1495 2586 1625 2621 epistolas
1642 2586 1781 2622 lgnatius.
1797 2591 1826 2613 ut

1027 2633 1173 2666 Eusebius,
1186 2641 1202 2661 a
1216 2641 1271 2668 quo
1283 2634 1342 2662 haec
1355 2633 1452 2661 habuit
1466 2632 1662 2668 Hieronymus,
1673 2637 1702 2660 et
1716 2632 1824 2668 episto-

1026 2680 1060 2708 lae
1087 2681 1154 2716 ipsa:
1184 2685 1330 2713 testantur,
1359 2679 1468 2708 Troade
1492 2679 1613 2714 scripsit,
1638 2679 1673 2706 ad
1698 2687 1785 2714 quam
1807 2687 1823 2706 a

1027 2726 1144 2762 Smyrna
1160 2726 1266 2761 aliquot
1281 2726 1388 2754 dierum
1404 2726 1454 2753 iter
1467 2725 1536 2759 fuit;
1551 2725 1647 2760 ibique
1657 2725 1821 2760 aliquandiu

1026 2773 1178 2808 permansit
1198 2771 1330 2808 lgnatius,
1346 2777 1373 2799 et
1388 2772 1422 2799 de
1435 2771 1567 2807 pacatiori
1579 2771 1737 2800 Antiochia:
1749 2777 1820 2800 statu

1027 2818 1129 2853 aliquid
1145 2819 1258 2852 audivit,
1269 2818 1428 2853 priusquam
1440 2817 1592 2853 Polycarpo
1604 2818 1821 2846 Antiocheuscm

1028 2864 1178 2894 Ecclesium
1204 2864 1414 2893 commendavit.
1430 2863 1488 2892 Non
1504 2869 1546 2892 est
1559 2864 1645 2898 igitur
1659 2870 1710 2893 aut
1724 2865 1820 2893 abbre~
