1866 3073
38 148 64 176 lli

455 153 483 179 J.
503 149 679 178 PEARSONII
699 148 858 177 VINDICIE
879 148 1088 177 IGNATIANAS.
1113 165 1144 169 —
1161 148 1251 177 PARS
1265 147 1285 174 Ι.

1640 146 1692 174 158

37 207 182 236 nationibus
206 214 264 236 aut
291 211 570 246 exaggerationibus
591 210 748 246 Hieronymi
764 210 851 238 iiden—
867 213 890 240 Α
904 211 977 245 quod
1001 216 1107 238 caztera:
1133 210 1228 246 lgnatii
1258 209 1391 244 epistolae,
1404 216 1473 244 quas
1493 210 1579 236 nostri
1594 209 1691 237 eodem

34 256 88 287 dum,
104 254 155 282 ubi
174 260 331 284 auctores
347 257 431 293 ipsos
448 258 588 291 habemus,
598 265 670 293 quos
684 256 761 284 illum
773 264 852 283 secu-

32 308 70 328 tm
84 309 153 329 esse
170 307 319 331 constat.

49 348 89 375 Ad
105 348 185 376 Acta
204 349 352 385 martyrii
368 349 445 384 quod
464 349 571 382 attinet,
586 357 641 377 non
658 349 703 377 illa
715 353 780 377 sun:
792 357 854 384 quae

28 400 93 422 nate
109 394 144 421 S.
179 394 296 422 lrenaei
325 395 484 427 exstabant,
511 394 557 422 sed
581 395 634 422 alia
660 394 758 430 plane,
776 398 855 422 sexto

27 441 52 468 vel
66 441 208 475 septimo
224 441 344 469 saeculo
366 441 441 474 ﬁcta,
455 445 483 468 et
501 440 635 469 fabulosis
648 440 854 468 narrationibus

24 491 117 520 aucta;
156 487 285 523 quibus
316 486 457 523 lgnatium
489 487 568 521 quasi
593 487 620 514 in
650 486 854 521 amphitheatro

23 535 193 568 languentem
211 534 421 567 introducunt,
433 541 514 569 quem
527 541 561 560 ne
570 541 655 560 unum
665 537 730 560 tunc
741 533 854 560 verbum

22 579 128 606 dixisse
162 579 387 614 antiquissima
416 577 485 605 Acta
512 582 636 605 narrant.
669 577 745 605 Illius
773 577 857 613 igitur

21 625 162 652 Historia
206 625 354 653 conditor
377 625 526 653 sententias
549 624 656 660 Iguatio
686 623 766 658 quasi
794 623 855 651 viva

21 678 86 698 voce
102 670 256 705 prolatas
275 670 418 702 attribuit,
433 677 504 704 quas
517 677 551 696 ex
565 669 638 696 illius
652 667 777 703 epistolis
797 668 857 703 ipse

21 716 174 751 excerpsit
187 725 197 748 ;
210 716 310 751 idque
320 723 376 743 non
394 720 499 743 tantum
515 723 548 742 ex
563 714 702 750 genuinis,
712 715 759 742 sed
772 714 855 742 etiam

21 772 45 791 ίι
64 762 166 790 ﬁctis.
176 761 223 789 Ut
246 761 320 789 illud
333 761 369 788 ab
379 769 412 789 eo
428 769 522 789 coram
537 759 656 796 Traiano
670 761 776 788 dictum
792 767 856 787 nar-

22 815 59 837 rat.
77 818 89 838 :
110 809 218 841 τίνας
232 808 267 835 δὲ
281 808 366 844 ἡμῶν
382 807 468 842 ἔγνως
483 808 578 835 στάσιν
597 807 644 834 καὶ
660 806 778 842 πόλεμον
792 806 858 840 ἀγα-

22 856 166 887 τὼνταςς
197 855 273 890 οὐχὶ
294 854 326 880 δὲ
353 854 400 881 καὶ
417 852 652 888 ὑποτασσομένους
671 852 812 888 ἄρχουσιν,
827 851 857 877 ὲν

23 900 59 934 εἶς
81 901 257 932 ἀκίνδυνος
274 901 294 935 ὴ
310 899 453 934 ὑποταγῆς
470 898 554 926 Vetus
580 898 720 932 lnterpres
743 905 750 912 ·
768 895 854 929 Quem
873 896 882 925 Ι

25 949 95 975 mins
122 952 271 974 nostrum
296 945 443 981 cognovisti
471 944 567 972 bellum
594 943 741 970 meditari?
765 948 789 970 et
808 950 861 969 non

27 995 119 1028 potius
138 993 295 1028 subjectos
310 1000 368 1018 esse
378 990 555 1026 principibus,
570 990 615 1017 ubi
628 998 681 1017 non
699 994 738 1017 est
756 989 859 1024 pericu-

29 1042 83 1067 iam
98 1039 257 1074 :ubjectio
266 1039 280 1065 .’
290 1037 373 1070 Quod
385 1041 428 1064 est
438 1044 471 1064 es
487 1035 608 1071 Epistola
619 1036 652 1062 ad
669 1035 859 1062 Antiochenos

31 1089 266 1122 depromptum.
300 1083 339 1111 Ut
374 1076 456 1110 etiam
489 1081 591 1109 Menaaa
620 1080 687 1107 illud
718 1079 856 1107 referttnt:

33 1133 166 1170 Ἐχραξε
186 1133 246 1159 σὺν
266 1130 345 1165 πόθῳ
361 1131 390 1156 ὲν
409 1129 484 1164 μέσῳ
496 1127 551 1155 τῶν
567 1126 713 1154 κινδύνων·
729 1125 862 1160 Χριστὸν

34 1169 135 1207 (uitare:
170 1177 313 1213 χαίρων,
329 1174 447 1210 Χριστῷ
468 1173 734 1207 συνεσταύρωμαι·
757 1170 793 1201 ζῶ
818 1169 863 1202 δὲ,

37 1226 143 1254 οὐκέτι
154 1225 225 1259 μὲν
237 1222 312 1257 ἐγὼ.
328 1221 363 1256 ζῇ
380 1220 424 1252 δὲ,
449 1220 542 1256 φησὶν,
556 1218 591 1246 ἐν
610 1217 675 1254 ἐμοὶ
687 1218 781 1253 μόνος
796 1217 864 1250 Χρι-

40 1274 130 1305 ι’ῖός.
148 1269 303 1299 Clamavit
331 1276 391 1295 cum
415 1266 546 1294 desiderio
565 1266 594 1292 in
612 1265 706 1292 mediis
718 1263 864 1299 periculis:

42 1330 47 1343 ι
65 1317 226 1345 Christum
241 1314 516 1349 guudensiuuquor;
532 1319 591 1338 cum
601 1310 708 1338 Christo
720 1310 864 1344 cruciﬁxus

43 1371 121 1395 sum;
145 1363 213 1389 vico
237 1365 331 1387 autem
340 1359 399 1395 jam
415 1366 466 1385 non
486 1365 548 1393 ego;
563 1357 625 1384 vivit
639 1364 699 1383 vero
711 1356 738 1383 in
756 1363 807 1387 me,
823 1355 866 1382 in-

43 1410 110 1444 quit,
124 1408 208 1435 solus
223 1405 354 1434 Christus
364 1405 409 1438 '4,
429 1413 438 1430 ι
453 1411 486 1431 ex
509 1403 670 1438 interpolata
694 1401 810 1437 epistola
833 1401 866 1428 ad

45 1454 211 1480 Romanos.
244 1449 326 1478 Talia
349 1457 404 1477 non
428 1455 515 1484 pauca
542 1447 709 1482 posteriores
736 1447 865 1473 Actorum

49 1500 318 1529 consarcinatores
334 1495 442 1531 Iguatio
462 1495 627 1525 attribuunt,
646 1493 724 1527 quasi
739 1492 773 1519 ab
789 1499 822 1519 co
838 1491 865 1518 in

47 1549 103 1582 ipsa
130 1544 232 1574 veluti
253 1550 342 1570 arena
362 1540 549 1577 pronuntiata.
566 1547 629 1575 qua:
647 1538 699 1573 ipsi
724 1544 865 1573 nunquam

49 1594 125 1620 fama
141 1595 293 1624 tauquam
303 1586 435 1622 martyris
447 1585 675 1620 apophthegtnata
692 1585 866 1616 acceperant,

49 1639 93 1665 sed
119 1645 158 1665 ex
179 1634 327 1670 epistoiis,
344 1631 440 1667 quales
466 1638 516 1658 suo
536 1637 595 1657 aevo
615 1629 791 1659 exstiterunt,
815 1627 864 1654 de-
899 1649 902 1653 .

50 1686 255 1719 sumpserant.
274 1679 378 1707 Eodem
395 1677 479 1713 igitur
492 1677 573 1704 modo
586 1676 644 1703 haec
660 1673 790 1710 martyris
802 1680 866 1700 sen-

50 1730 155 1761 tentia,
174 1734 269 1763 quam
289 1725 411 1752 lrenams
430 1723 535 1753 citavit.
548 1722 575 1749 in
597 1720 674 1748 Actis
693 1720 798 1754 aliquot
816 1726 867 1746 sa:-

51 1775 124 1803 cuiis
142 1777 251 1809 postea
265 1769 443 1804 conscriptis,
455 1777 471 1795 a
487 1767 709 1796 consarcinatore
719 1764 827 1800 ignatio
838 1764 868 1791 in

52 1826 187 1848 extremo
216 1823 311 1852 agone
337 1814 479 1845 tribuitur,
492 1821 546 1841 non
561 1820 594 1840 ex
607 1811 691 1844 fama,
703 1819 759 1838 non
773 1818 806 1837 es
819 1817 868 1837 an-

54 1865 237 1901 tiquioribus
265 1861 354 1894 Actis,
372 1861 400 1887 in
423 1860 525 1895 quibus
541 1866 596 1886 non
621 1861 745 1893 apparet,
762 1856 810 1884 sed
835 1863 870 1883 ex

55 1910 179 1946 epistola
204 1909 242 1936 ad
270 1907 415 1935 Romanos
431 1906 602 1940 deprompta,
619 1909 647 1932 et
663 1903 698 1931 ad
717 1911 775 1930 rem
798 1909 870 1937 prae-

56 1963 172 1986 sentem
191 1954 355 1990 applicata;
370 1952 444 1979 unde
457 1955 553 1986 postea
570 1950 688 1985 Symeon
706 1948 871 1984 Logothetcs

59 2004 130 2030 huic
148 2000 304 2030 sententiae
317 1999 371 2026 alia
385 2006 419 2025 ex
435 1996 529 2024 cadent
543 1996 658 2031 epistola
669 1993 868 2030 superaddidit.

60 2050 143 2085 quasi
158 2047 264 2076 eodem
281 2050 407 2080 tempore
422 2043 539 2079 prolata,
550 2041 620 2068 ὥστε
631 2041 699 2068 Θεοῦ
716 2041 869 2075 ἐπιτυχεῖν,

61 2101 89 2122 et
100 2092 193 2130 οὗπερ
206 2092 278 2128 ἐρῶ.
291 2091 362 2118 Cum
377 2090 461 2124 igitur
471 2087 604 2115 sententia
619 2087 654 2114 ab
666 2087 770 2113 Irenaeo
785 2086 870 2114 citata

65 2140 95 2167 in
116 2138 241 2174 epistola
261 2136 297 2164 ad
311 2135 452 2162 Romanos
465 2137 563 2164 exstet,
576 2139 638 2159 cum
664 2130 739 2157 nulla
753 2136 874 2164 unquam

66 2183 287 2212 retustissimos
316 2180 469 2214 scriptores
490 2177 749 2212 apopbthegmatum
780 2174 875 2210 lgnatii

67 2231 144 2266 apud
154 2230 263 2257 mentio
271 2228 344 2255 facta
351 2227 399 2259 sit,
406 2223 674 2260 etapophthegmatis
685 2229 783 2249 nomen
791 2221 818 2248 iu
826 2221 878 2248 hac

904 266 966 285 cum
985 258 1037 285 hac
1051 257 1189 285 volumine
1204 265 1219 284 a
1232 256 1381 291 Polycarpo
1395 256 1523 283 collectas
1539 260 1566 282 et
1579 255 1691 283 ordina-

904 308 946 330 tas
970 302 1101 335 fatentur,
1128 301 1230 329 Irenaeo
1258 302 1358 337 ignota:
1386 301 1496 329 fuerint.
1522 301 1641 329 Cmtcras
1666 301 1691 328 ei

905 348 985 383 plane
1007 348 1114 383 ignotas
1130 346 1216 375 fuisse
1242 347 1295 374 hoc
1309 351 1472 382 argumento
1487 346 1575 381 capite
1594 346 1692 380 quinto

905 396 1022 429 probare
1038 399 1164 421 conatur.
1179 394 1299 420 lremeus
1312 393 1453 420 lucreticos
1471 396 1534 419 ante
1548 400 1577 419 se
1595 399 1693 419 omnes

904 440 1073 476 argumentis
1084 448 1117 467 ex
1133 440 1279 467 traditione
1298 444 1325 466 et
1339 439 1497 467 testimonio
1518 439 1608 466 ductis
1619 438 1694 466 refu-

906 491 954 514 tat.
974 486 1044 514 Sunt
1057 491 1147 513 antcm
1165 485 1191 512 in
1207 485 1331 520 epistolis
1346 485 1442 520 Ignatii
1466 485 1525 512 loca
1549 485 1694 520 quamplu-

906 534 975 561 rima
998 533 1032 560 ad
1059 533 1126 560 illud
1146 536 1340 568 argumentum
1365 531 1582 559 luculentissima
1605 540 1612 559 :
1636 531 1695 558 lucc

907 579 966 608 fuse
985 587 1036 607 suo
1059 587 1135 606 more
1165 578 1273 613 probat.
1288 577 1389 604 Habuit
1414 578 1496 613 igitur
1509 585 1621 605 causam
1636 577 1695 604 ido-

907 634 986 654 neam
1002 631 1028 653 et
1043 633 1113 660 pene
1126 624 1309 652 necessariam
1323 631 1353 650 ea
1366 624 1424 651 loca
1440 631 1474 650 cx
1491 623 1613 658 epistolis
1626 623 1696 650 reci-

906 671 1270 705 tandi,velsancindicaudi.
1284 671 1411 698 Ateasne
1423 677 1478 697 uno
1492 670 1575 697 verbo
1589 677 1695 696 memo-

908 721 1078 753 ravisse,nec
1091 720 1205 747 oumiuo
1219 724 1285 746 nutu
1300 716 1698 754 significassedeprehenditur:

908 769 964 796 imo
976 776 1010 795 ne
1022 774 1107 795 unum
1125 774 1157 797 ex
1172 766 1207 794 iis
1221 765 1268 802 μῦ.
1285 765 1368 792 Plane
1381 772 1446 800 ergo
1458 772 1505 791 eas
1515 763 1661 799 ignoravit.

942 825 1074 859 Quamvis
1086 823 1166 851 facile
1178 827 1206 850 et
1218 823 1338 863 breviter
1350 821 1549 857 respondeatur
1563 820 1696 848 celebrem

909 871 1073 899 sententiam
1101 878 1133 904 ex
1159 869 1275 905 epistola
1290 869 1325 896 ad
1338 867 1478 895 Romanos
1492 868 1525 894 ab
1537 867 1638 895 Irenaeo
1650 867 1698 893 ad-

910 918 1022 945 ductam
1048 924 1120 951 esse,
1137 916 1219 950 idque
1242 915 1328 943 fuisse
1344 916 1378 942 ab
1391 913 1509 942 Eusebio
1523 913 1697 941 observatqu

912 971 966 991 non
991 963 1086 995 semel,
1100 967 1127 990 et
1150 969 1165 990 a
1182 962 1275 989 multis
1290 961 1352 988 aliis
1367 961 1449 988 etiam
1471 960 1606 995 agnitum,
1618 966 1668 985 nec
1683 967 1698 986 a

912 1009 1041 1045 quopiam
1054 1013 1117 1036 ante
1129 1009 1182 1035 hoc
1196 1007 1326 1035 saeculum
1343 1011 1483 1042 negatum,
1495 1013 1510 1032 a
1526 1005 1605 1032 nobis
1615 1005 1698 1032 etiam

913 1056 1057 1090 probatum
1084 1058 1167 1089 atque
1186 1053 1396 1085 conﬁrmatum;
1416 1059 1466 1079 nec
1494 1050 1700 1085 Irenaeum,_qui

913 1100 984 1128 hanc
1001 1099 1035 1127 ad
1054 1098 1197 1127 Romanos
1211 1099 1356 1134 epistolam
1374 1098 1460 1131 novit,
1476 1102 1589 1124 exteras
1604 1096 1699 1124 eodem

913 1147 1053 1174 volumine
1069 1146 1283 1181 comprehensas
1296 1149 1323 1172 et
1338 1144 1482 1180 Polycarpi
1500 1142 1623 1178 epistola:
1633 1141 1701 1169 sub-

912 1194 1000 1230 jectas
1025 1193 1152 1229 ignorare
1178 1192 1316 1230 potuisse;
1334 1191 1419 1218 multa
1443 1194 1534 1216 tamen
1551 1188 1596 1214 hic
1622 1194 1701 1221 repo-

915 1227 1004 1267 nenda
1027 1227 1101 1267 sunt.
1123 1238 1192 1266 Cum
1216 1227 1289 1265 enim
1312 1244 1410 1272 magna
1425 1234 1563 1270 diligentia
1584 1241 1650 1260 usus
1667 1232 1704 1259 sit

916 1285 957 1313 vir
970 1285 1158 1318 doctissimus,
1177 1289 1206 1311 ut
1233 1283 1302 1310 nihil
1335 1286 1443 1318 ageret;
1460 1289 1511 1315 ego
1531 1287 1585 1306 non
1601 1278 1702 1306 minori

916 1331 985 1359 mihi
1015 1331 1147 1359 utendum
1168 1335 1244 1365 puto,
1260 1334 1289 1357 ut
1305 1337 1368 1356 eum
1387 1327 1454 1355 nihil
1472 1327 1560 1362 egisse
1575 1324 1703 1352 omnibus

916 1382 1056 1414 appareat.
1071 1377 1195 1412 Seposita
1209 1375 1291 1411 igitur
1306 1373 1550 1409 impraesentiarum
1567 1371 1612 1398 illa
1623 1370 1704 1397 unica

916 1421 1061 1454 sententia,
1079 1421 1142 1448 licet
1171 1421 1289 1448 irenzcus
1318 1419 1377 1446 loca
1400 1417 1475 1445 nulla
1496 1416 1529 1443 ad
1547 1416 1703 1443 institutum

917 1473 1069 1503 opportuna
1093 1475 1127 1495 cx
1157 1466 1263 1502 Iguatio
1280 1465 1406 1492 citaverit
1431 1461 1647 1493 intimaverltve;
1664 1465 1705 1488 ta-

919 1523 980 1542 men
992 1522 1047 1541 non
1059 1514 1121 1540 inde
1134 1512 1258 1547 sequitur
1273 1511 1404 1546 epistolas
1426 1509 1464 1536 illi
1482 1508 1567 1536 fuisse
1580 1508 1703 1543 ignotas:

919 1567 1008 1595 neque
1036 1559 1171 1591 Dallaeana
1199 1561 1361 1592 argumenta
1392 1554 1555 1590 persuadent
1571 1554 1705 1580 Irenmum

917 1605 1075 1634 necessario
1104 1604 1144 1632 uti
1167 1604 1288 1631 voluisse
1320 1602 1420 1629 talibus
1441 1599 1617 1632 testimoniis,
1639 1599 1662 1626 si
1681 1598 1706 1625 ei

916 1652 1026 1688 cognita
1042 1651 1171 1679 fuissent.
1188 1651 1247 1676 imo
1263 1646 1530 1676 multoverisinilius
1546 1649 1589 1672 est
1604 1651 1705 1678 suppo-

917 1699 971 1727 sito
992 1698 1065 1734 quod
1092 1696 1234 1732 lgnatiana
1255 1696 1281 1723 ei
1306 1694 1423 1722 fuissent
1450 1691 1653 1727 cognitissima,
1677 1695 1707 1717 ut

918 1745 1005 1773 nostri
1023 1744 1167 1774 aﬂirmant,
1186 1743 1210 1770 si
1229 1741 1367 1770 scribendi
1386 1739 1497 1767 modum
1514 1738 1548 1765 ab
1563 1745 1596 1764 eo
1612 1737 1707 1764 obsur-

918 1798 1011 1819 vatutn
1029 1794 1194 1825 spectemus,
1211 1796 1227 1815 a
1251 1787 1447 1823 sententiarum
1464 1783 1637 1819 excerptione
1646 1782 1709 1810 abs-

921 1839 1008 1866 tinere
1031 1837 1123 1872 potius
1136 1835 1269 1868 voluisse,
1285 1832 1520 1870 quemadmodum
1539 1837 1633 1858 revera
1647 1829 1710 1856 abs-

923 1884 1041 1913 tinuisse
1054 1882 1167 1911 dicitur.

957 1940 1085 1975 Quinque
1101 1939 1187 1966 libros
1204 1938 1336 1966 adversus
1355 1936 1473 1963 haereses
1489 1934 1598 1969 scripsit
1613 1932 1642 1960 S.
1656 1932 1712 1959 irc-

923 1996 999 2016 umus
1015 1995 1081 2014 sane
1094 1986 1250 2021 prmclaros,
1269 1992 1322 2011 non
1338 1983 1433 2010 eodem
1449 1986 1569 2015 tempore
1583 1985 1631 2007 attt
1646 1987 1713 2007 con-

924 2035 1014 2066 tinuo,
1027 2037 1057 2059 ut
1071 2040 1105 2059 ex
1121 2030 1330 2067 praefationibus
1346 2029 1462 2056 videtur.
1480 2027 1603 2054 Tertium
1621 2029 1711 2062 autem

926 2081 1024 2107 librum
1051 2078 1154 2106 scimus
1172 2078 1224 2104 sub
1240 2075 1379 2103 Eleuthcri
1401 2074 1560 2109 pontificatu
1579 2072 1713 2106 scriptum

926 2125 1029 2157 fuisse;
1043 2132 1124 2159 quem
1142 2130 1204 2150 cum
1230 2122 1264 2149 15
1279 2118 1371 2149 annos
1387 2119 1490 2147 sedisse
1503 2118 1624 2146 scribant
1640 2121 1714 2143 vetc-

927 2179 983 2204 res,
996 2170 1069 2197 circa
1083 2176 1164 2204 quem
1182 2175 1283 2195 annum
1306 2167 1405 2193 librum
1425 2173 1486 2192 eum
1508 2163 1648 2197 scripserit
1662 2163 1716 2188 Ire-

929 2224 1015 2249 nazus,
1042 2215 1162 2242 nondum
1194 2218 1364 2248 compertum
1395 2216 1446 2238 est.
1459 2210 1537 2237 Circa
1563 2208 1714 2244 posterio-a

68 2254 103 2304 re
113 2285 130 2303 a
141 2274 267 2302 Maximo
276 2273 311 2300 ad
318 2254 536 2308 eﬂiugiumsuitm
545 2254 687 2297 tuiandum
696 2272 749 2295 tam
760 2265 877 2294 infelici-
893 2260 914 2288 υ
929 2262 1067 2291 Eleutheri
1097 2266 1220 2295 tempora
1247 2259 1350 2286 editum
1375 2257 1460 2285 fuisse
1487 2257 1586 2283 librum
1604 2254 1713 2281 tertium

70 2328 114 2350 ter
129 2321 324 2357 excogitatum
337 2319 383 2351 sit,
392 2325 453 2345 cum
463 2315 654 2350 antiquissima
665 2313 788 2349 martyrii
797 2312 876 2347 lgna-

72 2369 143 2396 tiani
163 2369 233 2395 Acta
244 2374 297 2394 nec
311 2365 383 2392 hanc
396 2362 569 2391 nccsimilem
581 2361 702 2396 aliquam
714 2359 877 2387 sententiam

74 2411 373 2444 commemoraverint,
389 2409 542 2445 posteriora
557 2412 648 2435 autem
668 2405 735 2433 Acta
765 2408 876 2432 senten-

75 2461 131 2487 tias
145 2467 180 2486 es
195 2457 324 2493 epistolis
334 2460 393 2483 tum
406 2453 544 2489 genuinis,
556 2456 614 2479 tum
630 2449 812 2485 interpolatis,
820 2453 879 2475 tum

76 2506 164 2533 etiam
179 2504 251 2531 lictis
264 2501 467 2536 escerpserint,
480 2507 549 2534 quas
562 2497 739 2526 sanctissimo
754 2494 881 2530 martyris

77 2552 121 2579 ori
137 2551 166 2577 in
181 2550 242 2585 ipso
255 2557 343 2583 agone
356 2547 521 2578 insererent,
534 2543 658 2579 frivolum
668 2547 693 2569 et
704 2542 821 2576 ineptum
830 2544 881 2574 est,

79 2604 145 2624 eam
160 2595 326 2623 sententiam
341 2593 377 2620 ab
395 2591 499 2618 Irenaeo
509 2588 619 2616 aliunde
629 2595 710 2623 quam
721 2593 754 2613 επ
764 2586 813 2613 hac
824 2586 883 2620 ipsa

81 2642 197 2678 epistola
209 2641 321 2668 citatam
336 2645 394 2665 esse
417 2635 562 2663 hariolari.

116 2687 252 2722 Confugit
280 2685 365 2721 igitur
389 2683 433 2710 vir
445 2681 626 2709 doctissimus
637 2679 670 2707 ad
689 2681 882 2713 argumentum

83 2734 251 2769 negativuul,
263 2737 394 2767 tanquam
410 2728 444 2757 ad
460 2727 567 2763 asylqu
581 2726 760 2757 tutissimum,
773 2723 885 2750 asserit—

86 2788 141 2815 qne
166 2781 300 2807 lrenaeum
322 2777 379 2805 lucc
396 2773 476 2802 verba
489 2781 534 2799 nec
551 2772 694 2807 sumpsisse
709 2778 762 2797 nec
783 2776 885 2809 sumere

219 2833 252 2853 ex
277 2825 332 2852 hac
351 2821 471 2858 epistola
489 2819 523 2846 ad
539 2806 689 2850 Romanos,
699 2815 768 2852 quod
781 2824 812 2842 ea
826 2806 882 2841 Ire-

89 2881 143 2901 no
165 2874 255 2909 ignota
276 2871 379 2907 fuerit;
399 2870 525 2904 ignotam
543 2870 634 2894 autem
658 2866 683 2894 ci
700 2865 771 2893 hanc
788 2863 884 2896 fuisse,

125 2931 159 2946 ¹·¹
175 2929 233 2958 Gal.
251 2937 283 2962 ιι,
308 2928 353 2961 l9,
367 2925 415 2953 20.

929 2317 980 2345 ego
1007 2316 1060 2335 non
1084 2307 1189 2340 dubito,
1204 2313 1265 2333 cum
1285 2305 1367 2331 etiam
1383 2303 1480 2339 primo,
1497 2308 1577 2336 quem
1596 2300 1629 2327 ad
1652 2306 1714 2326 cum

931 2355 977 2383 cui
1004 2362 1074 2390 opus
1100 2360 1181 2381 suum
1207 2351 1359 2383 dedicavit,
1388 2349 1480 2384 aliquo
1507 2351 1570 2374 ante
1597 2350 1718 2379 tempore

912 2424 915 2428 .
933 2402 1051 2428 missum
1066 2398 1152 2426 fuisse
1175 2405 1209 2425 es
1229 2397 1288 2431 ipso
1309 2397 1423 2427 scimus,
1442 2392 1642 2420 Eucratitarum
1663 2389 1718 2416 ha:—

931 2449 1014 2476 resim
1030 2446 1178 2479 describat,
1190 2452 1272 2480 quam
1286 2443 1375 2479 primo
1388 2450 1404 2468 a
1417 2440 1532 2467 Tatiano
1547 2440 1717 2471 acceperant.

935 2494 1081 2521 Tatianum
1106 2496 1198 2519 autem
1231 2491 1288 2525 ipse
1315 2488 1440 2519 allii-mat,
1473 2485 1536 2512 vivo
1564 2483 1654 2510 adhuc
1676 2481 1719 2509 Ju-

933 2540 1016 2571 stino,
1033 2539 1107 2566 nulla
1124 2537 1250 2564 haeretica
1263 2535 1387 2563 doctrina
1404 2532 1534 2560 infectum
1549 2530 1645 2557 fuisse.
1655 2528 1721 2556 Post

933 2585 1094 2621 martyrium
1123 2583 1224 2611 Justini
1244 2582 1278 2609 ah
1299 2580 1421 2608 Ecclesia
1449 2578 1573 2610 recessit,
1585 2581 1623 2609 et,
1653 2580 1721 2603 teste

935 2631 1098 2667 Epiphanio,
1116 2630 1143 2657 in
1168 2629 1306 2656 Orientem
1329 2635 1360 2654 se
1380 2625 1512 2656 contulit,
1529 2624 1574 2652 ubi
1595 2622 1721 2651 haaresitn

936 2678 1034 2713 partim
1060 2685 1094 2704 cx
1116 2674 1259 2703 Saturnini
1285 2677 1313 2700 et
1330 2672 1476 2699 Marcionis
1491 2670 1608 2706 placitis,
1623 2668 1722 2704 partim

934 2733 969 2752 ex
984 2723 1118 2751 Valentini
1132 2721 1248 2755 deliriis,
1262 2719 1448 2748 additisetiam
1460 2719 1493 2745 de
1509 2725 1559 2745 suo
1574 2715 1724 2750 aliquibus,

937 2771 1080 2799 conﬂavit.
1100 2769 1139 2797 Ex
1160 2777 1193 2796 eo
1215 2768 1360 2795 Encratitae
1376 2767 1443 2797 nati,
1460 2769 1487 2792 et
1502 2765 1528 2791 in
1549 2762 1722 2790 Occidentem

937 2817 1019 2845 etiam
1036 2815 1219 2847 disseminati,
1237 2813 1289 2842 sub
1302 2812 1393 2840 Marco
1405 2811 1544 2839 Antonino
1556 2810 1724 2836 innotescere

938 2864 966 2891 in
987 2863 1076 2891 Gallia
1101 2869 1154 2889 non
1182 2865 1345 2896 potuerunt;
1365 2866 1452 2894 neque
1475 2857 1591 2884 lrcmt-us
1608 2854 1659 2882 nisi
1673 2853 1724 2880 sub
