1866 3073
191 163 243 191 159

190 221 352 255 Commodo,
368 226 395 250 et
411 221 505 249 adulto
517 220 575 256 jam
590 220 728 248 Eleutheri
745 221 918 256 pontiﬁcatu,
932 228 980 248 eos
995 227 1016 254 Α

190 274 244 295 tarn
261 267 389 303 graphice
403 267 548 302 depingere
563 266 661 302 potuit.
675 265 830 300 Quinetiam
849 266 977 294 Theodo-

190 315 273 343 tionis
300 315 452 342 versionem
482 317 617 341 memorat
643 313 690 341 lib.
720 322 762 346 ιιι,
783 321 844 349 cap.
863 314 909 347 Ξι,
931 313 978 349 qui

189 361 280 396 primo
303 362 336 388 ὲκ
359 361 409 397 τῆς
431 361 555 396 διαδοχῆς
577 360 739 397 Μαρκίωνος
755 363 826 394 erat,
846 367 862 388 e
879 360 979 388 castris

190 407 415 440 Mareionitarum
444 409 477 435 ad
508 407 653 435 Ebionieos
682 406 840 442 transfugit,
863 411 891 434 et
914 414 977 434 cum

189 454 371 481 circumcisus
385 458 474 487 esset,
495 453 617 489 linguam
632 452 774 481 Hebraaam
790 453 902 486 didicit;
917 461 978 481 ver-

189 501 294 528 sionem
320 499 426 527 Veteris
445 499 612 528 Testamenti
629 499 738 527 tandem
755 499 919 534 elaboravit,
938 504 975 534 et,

189 551 258 574 teste
275 545 439 581 Epiphanio,
454 546 507 573 sub
529 545 681 574 Commodo
700 546 866 581 imperatore
881 546 976 574 edidit.

188 593 297 620 Priores
326 592 408 628 igitur
437 596 492 620 tres
519 592 605 620 libros
629 592 681 619 sub
705 591 853 620 Eleuthero
866 592 977 628 quidem

188 639 304 674 scriptos
325 641 444 671 constat,
464 638 511 666 sed
538 642 664 673 vergente
681 637 739 673 jam
762 638 796 666 ad
817 638 899 666 [luem
917 639 978 674 ejus

188 686 362 720 pontiﬁcatu;
375 686 494 720 reliquos
502 689 550 712 aut
564 685 617 712 sub
627 684 774 712 Eleuthero
781 685 839 720 jam
851 690 977 718 exeunte,

187 737 236 760 aut
261 732 313 760 sub
325 732 437 760 ineunte
449 731 557 759 Victore
570 735 697 759 exaratos
711 735 794 766 patet.

223 778 315 812 Quare
342 782 404 805 ante
430 777 563 805 Irenaeum
595 777 730 812 scripsere
748 777 800 804 viri
816 777 842 805 in
856 776 978 806 Ecclesia

187 824 370 857 celeberrimi,
385 823 534 853 Barnabas.
547 823 691 857 Clemens,
704 823 829 856 Hermas,
843 823 978 859 lgnatius,

187 871 365 907 Polycarpus,
377 870 487 905 Papias,
503 869 671 903 Quadratus,
686 866 832 904 Aristides,
847 869 977 905 Agrippa,

186 917 295 950 Castor,
314 916 451 949 Justinus,
468 915 570 950 Melito,
587 916 787 952 Athenagoras,
799 915 978 951 Theophilus,

189 963 334 999 Dionysius
353 963 572 995 Corinthiorum,
588 963 786 998 Apollinarius,
799 962 978 998 Hierapolita-

187 1017 248 1037 rum
281 1009 450 1044 episcopus,
480 1013 508 1037 et
536 1008 723 1044 Hegesippus;
752 1010 873 1037 lrenaeus
896 1009 979 1045 igitur

186 1057 304 1082 omnium
329 1056 516 1083 doctrinarum
543 1055 741 1082 curiosissimus
762 1056 926 1090 explorator,
949 1059 979 1082 ut

185 1110 248 1129 eum
269 1102 389 1137 appellat
403 1101 601 1134 Tertullianus,
616 1102 718 1136 scripta
734 1102 832 1129 horum
854 1101 978 1129 omnium

185 1148 288 1183 optime
311 1148 402 1181 novit;
419 1148 528 1181 saltem,
542 1147 643 1176 Dallteo
662 1148 774 1180 fatente,
787 1149 847 1176 sine
859 1155 915 1183 quo
930 1156 977 1175 ar-

185 1194 307 1229 gumenti
333 1194 451 1229 negativi
476 1193 518 1222 vis
536 1194 650 1222 omnino
664 1194 811 1233 nulla,hoe
823 1202 978 1230 supponere

188 1242 251 1277 jure
272 1250 432 1277 possumus.
447 1242 484 1270 At
497 1251 531 1271 ex
542 1243 585 1270 bis
598 1243 702 1278 aliquot
713 1244 749 1270 ab
761 1245 865 1272 irenaeo
881 1245 976 1273 nullibi

186 1289 379 1322 nominantur;
398 1288 481 1316 nulla:
501 1296 535 1317 ex
549 1289 766 1318 illia'sententize
779 1296 975 1326 execrpuntur,

184 1340 212 1362 et
235 1335 269 1363 ad
291 1335 479 1363 testimonium
507 1335 640 1364 adversus
666 1336 808 1364 haereticos
832 1336 976 1365 ferendum

185 1381 361 1409 adhibentur.
390 1381 491 1415 Quales
529 1388 595 1410 sunt
624 1381 777 1416 Barnabas,
807 1383 975 1418 Quadratus,

186 1428 331 1462 Aristides,
352 1429 482 1464 Agrippa,
496 1428 598 1463 Melito,
615 1429 815 1465 Athenagoras,
837 1430 976 1466 Theophi-

184 1475 239 1507 lus,
257 1474 414 1510 Dionysius,
437 1474 606 1510 Hegesippus
632 1485 639 1503 :
661 1483 778 1504 numero
796 1481 871 1504 certe
884 1477 976 1511 plures

184 1529 266 1556 quam
293 1521 340 1557 qui
364 1522 400 1549 ab
413 1529 446 1549 eo
469 1522 658 1550 nominantur.
673 1522 714 1549 An
734 1522 786 1550 bos
801 1530 899 1551 omnes
914 1523 976 1551 ideo

184 1569 287 1596 Irenaeo
315 1568 470 1604 incognitos
497 1568 583 1596 fuisse
603 1569 705 1601 dicent,
720 1569 794 1604 quod
823 1569 858 1597 ab
879 1569 926 1597 illo
947 1570 974 1597 in

185 1615 263 1643 libris
282 1622 353 1650 quos
368 1623 442 1643 nunc
455 1615 601 1648 habemus,
619 1622 683 1643 cum
711 1616 804 1650 plures
831 1616 974 1650 perierint,

185 1669 240 1689 non
257 1662 525 1689 commemorentur?
544 1660 696 1694 Barnabas,
708 1661 842 1689 Clementi
857 1662 974 1690 Alexan«

183 1707 264 1734 drino
277 1715 348 1742 srepe
361 1707 461 1736 citatus
473 1711 500 1734 et
511 1707 779 1741 exscriptus,ltenzei
792 1706 973 1742 Synchrono:

184 1752 319 1786 Quadrati
342 1757 370 1780 et
388 1752 518 1780 Aristidis
545 1752 678 1788 apologia:
704 1753 865 1786 notissimae,
887 1753 976 1780 omni-

186 1799 293 1833 busque
327 1797 509 1832 charissima,
548 1798 625 1833 quod
659 1797 782 1825 Adriano
817 1799 975 1834 imperalori

185 1844 284 1872 oblata:
299 1844 518 1880 persecutionem
541 1844 728 1872 restinxerint.
741 1844 859 1880 Agrippa
878 1844 976 1873 Castor

186 1890 305 1918 Eusebio
319 1889 532 1926 γνωριμώτατος
548 1890 733 1926 συγγραφεύς,
745 1889 912 1926 Hieronymo
935 1891 975 1918 vir

185 1936 261 1963 valde
288 1935 391 1964 doctus.
416 1936 564 1964 Melitionis
583 1935 689 1971 elegant
711 1941 735 1963 et
754 1936 975 1964 declamatorium

184 1983 318 2018 ingenium
335 1982 455 2009 laudavit
474 1980 661 2009 Tertullianus
679 1990 686 2008 :
704 1980 852 2017 Dionysius
870 1989 974 2017 magna!

185 2028 341 2063 eloquentia:
363 2028 424 2062 fuit.
446 2026 615 2062 Hegesippus
638 2027 740 2054 vicinus
766 2026 975 2061 apottolicorum

186 2081 343 2110 temporum,
360 2079 427 2102 teste
452 2073 628 2109 Hieronymo.
642 2072 797 2108 Scriptores
812 2072 896 2108 igitur
917 2078 974 2100 tam

184 2122 332 2158 praeclaros
345 2122 471 2157 ignorare
482 2128 537 2148 non
548 2120 635 2155 potuit
645 2120 782 2152 lrenteus;
793 2127 879 2154 quare
891 2119 972 2146 iidetn

185 2175 236 2195 nec
261 2167 395 2194 notninati
420 2174 472 2194 nec
495 2166 579 2201 ignoti
593 2166 679 2196 fuere.
690 2169 718 2192 et
731 2173 873 2200 perperam
893 2166 974 2200 plane

185 2212 313 2245 infertur,
329 2212 447 2247 aliquem
471 2210 558 2239 fuisse
581 2212 684 2238 lrenam
709 2211 819 2246 penitus
836 2211 972 2246 ignotutn,

184 2258 257 2293 quod
281 2259 316 2286 ab
337 2265 371 2285 eo
402 2257 430 2284 in
447 2257 492 2285 his
515 2265 586 2292 quos
604 2257 737 2285 habemus
751 2257 811 2292 ejus
824 2257 902 2285 libris
916 2265 971 2285 non
987 2271 1012 2301 ο

185 2303 267 2330 fuerit
279 2303 449 2330 nominatus.

220 2350 299 2378 Dices
323 2350 442 2378 fortasse
463 2348 615 2377 sententias
637 2348 794 2384 lgnatianas
818 2349 851 2377 ad
877 2349 971 2377 Irenaii

183 2401 374 2432 argumentum
393 2403 455 2423 esse
469 2395 594 2427 idoneas,
608 2395 717 2423 illorum
736 2404 791 2423 non
808 2396 872 2424 item
886 2405 893 2424 :
905 2405 972 2425 cau-

183 2451 242 2470 sam
272 2442 402 2470 habuisse
420 2449 494 2470 .eutn
521 2440 655 2476 lgnatium
682 2442 842 2470 nominandi
865 2443 971 2478 justam

183 2493 264 2524 atque
292 2488 496 2520 necessariam,
521 2487 584 2514 illos
614 2493 709 2515 autem
736 2490 972 2516 commemorandi

183 2535 298 2562 nullam.
319 2533 378 2562 lmo
397 2542 463 2561 vero
488 2541 539 2561 nee
562 2533 627 2561 huic
645 2534 746 2568 eilugio
765 2534 811 2561 hic
825 2534 903 2562 locus
917 2538 970 2562 est.

182 2581 253 2608 Sunt
274 2581 302 2608 in
322 2581 438 2616 epistola
460 2580 593 2608 Barnabas
612 2580 671 2608 lora
691 2581 896 2616 quamplurima
909 2589 972 2617 quae

183 2627 337 2660 haereticos,
349 2631 446 2654 contra
460 2635 530 2662 quos
544 2627 655 2662 scripsit
667 2627 795 2661 lrenaaus,
810 2632 904 2662 aperte
926 2636 973 2656 re-

182 2673 287 2701 fellunt.
303 2673 387 2701 Multa
400 2674 482 2701 habet
492 2682 554 2710 quis
564 2673 672 2701 Patrem
685 2674 788 2702 Christi
803 2674 897 2702 mundi
907 2682 972 2702 cott-

181 2720 297 2748 ditorem
313 2721 503 2752 constituunt;
526 2721 560 2748 de
580 2729 635 2756 qua
660 2728 689 2748 re
713 2725 768 2748 tam
793 2720 898 2756 prolixe
915 2721 973 2756 agit

183 2765 311 2800 Irenasus,
323 2772 351 2796 et
363 2775 412 2802 pro
424 2775 480 2803 qua
498 2768 557 2796 sola
572 2767 723 2796 Clementis
739 2767 884 2803 epistolam
900 2767 971 2795 citae

182 2813 222 2840 vit
240 2823 248 2840 ι
267 2813 301 2841 de
321 2813 422 2850 Moysis
442 2820 470 2842 ct
494 2814 688 2849 prophetarum
710 2814 821 2849 scriptis
840 2814 971 2849 plurima,

181 2866 242 2893 quae
252 2859 315 2888 huic
324 2860 464 2888 sententia
472 2866 599 2895 tanquam
611 2860 787 2888 fundamento
801 2860 953 2888 innituntur
964 2870 969 2886 :

185 2904 322 2941 Propheta:
333 2906 364 2934 ab
376 2907 431 2942 ipso
449 2907 572 2935 [tabentes
586 2907 683 2935 donum
698 2908 722 2934 in
738 2906 815 2934 illum
831 2907 970 2934 orco/tcta-

722 162 751 191 S.
772 162 943 191 lCNATIUS.
964 178 998 184 —-
1018 163 1283 192 PROLEGOMENA.

1769 167 1835 194 160

1032 225 1135 255 terunt,
1149 225 1177 248 et
1191 229 1224 248 ex
1238 221 1374 248 diametro
1385 226 1508 257 pugnant
1520 230 1583 251 eum
1599 222 1632 251 iis
1645 230 1709 258 qua:
1720 231 1736 250 a
1750 222 1839 250 Mar-

1029 267 1109 294 cione
1123 267 1304 299 dicebantur;
1319 267 1404 295 multa
1422 275 1485 303 qua)
1497 268 1530 295 ad
1544 276 1622 297 suam
1637 268 1740 303 γνῶσιν
1752 276 1838 304 gno-

1028 312 1186 348 sticumque
1195 313 1323 342 trahebat
1332 313 1460 342 Clemens
1472 314 1676 343 Alexandrinus
1688 315 1840 343 adversus

1028 358 1090 386 illos
1113 359 1161 394 qui
1185 360 1239 387 ἁπὺ
1260 360 1440 396 ψευδωνύμου
1463 360 1591 395 γνώσεως
1613 361 1731 397 gnostiei
1747 361 1839 389 dice-

1029 405 1138 433 bantur.
1153 406 1310 440 Quadratus
1323 406 1447 434 Adriano
1462 408 1584 442 porrexit
1598 408 1699 436 librum
1713 416 1766 444 pro
1781 416 1837 436 re-

1028 451 1128 488 ligione
1141 457 1234 480 nostra
1245 453 1439 488 compositum,
1451 452 1481 485 ἐξ
1491 450 1522 480 οὗ
1532 453 1650 481 κατιδεῖν
1664 454 1741 481 ἐστιν
1754 453 1829 489 lup

1028 498 1086 533 πρὰ
1104 498 1242 534 τεκμήρια.
1256 499 1306 534 τῆς
1320 507 1350 526 τε
1369 498 1418 526 τοῦ
1434 499 1530 536 ἀνδρὸς
1545 500 1675 533 διανοίας,
1691 500 1740 527 καὶ
1756 500 1836 527 ἀπ

1029 544 1156 579 πολικῆς
1176 544 1347 580 ὀρθοτομιας,
1364 549 1394 572 ut
1414 545 1537 581 loquitur
1555 546 1705 579 Eusebius,
1721 545 1838 573 librum

1028 590 1104 617 uulde
1119 590 1211 617 utilem
1222 590 1378 626 plenumque
1392 592 1503 619 rationis
1515 598 1539 619 et
1551 592 1625 626 ﬁdei,
1633 596 1659 619 et
1672 592 1836 627 apostolica

1028 637 1150 665 doctrina
1175 637 1303 674 dignum,
1327 643 1396 666 teste
1421 638 1599 675 Hieronymo.
1627 639 1664 667 At
1685 639 1837 675 quidquid

1029 683 1090 710 lidei
1112 688 1140 711 et
1151 683 1285 712 doctrina:
1299 685 1457 720 apostolica:
1474 685 1538 719 fuit,
1552 685 1578 713 id
1597 693 1681 714 omne
1696 685 1732 714 ad
1748 685 1820 714 refu

1029 730 1127 758 tandos
1150 729 1306 759 Iremeanos
1330 731 1474 759 haereticos
1498 740 1552 760 non
1574 733 1664 767 potuit
1678 740 1737 760 non
1763 740 1837 760 esse

1031 777 1098 804 utile
1109 781 1137 805 et
1151 777 1297 812 idoneum;
1311 779 1462 814 praesertim
1477 786 1539 806 eum
1555 778 1638 806 fuerit
1651 779 1686 806 ab
1700 787 1736 807 eo
1751 779 1835 807 seri-

1028 828 1116 858 ptum,
1130 823 1176 858 qui
1190 823 1320 859 plurimos
1333 833 1350 851 a
1362 832 1389 851 se
1398 825 1479 857 uisos,
1491 825 1537 860 qui
1548 824 1595 852 sub
1610 824 1725 852 Domino
1740 827 1836 853 uariis

1028 871 1057 897 in
1073 869 1170 898 Judwa
1192 872 1310 906 oppressi
1331 872 1532 899 calamitatibus
1556 872 1646 899 sanati
1663 872 1789 907 fuerunt,
1803 879 1833 900 et

995 908 1017 938 Β
1030 917 1076 952 qui
1092 925 1109 944 a
1126 918 1237 944 mortuis
1255 922 1466 952 resurrexerunt,
1482 922 1531 946 aut
1546 918 1643 946 saltem
1668 925 1720 946 sua
1743 922 1834 946 astate

1030 962 1220 999 superfuisse,
1237 967 1351 992 testatus
1374 968 1426 992 est.
1449 963 1529 998 Quod
1556 964 1640 992 etiam
1662 964 1770 999 pariter
1794 965 1832 991 de

1029 1008 1148 1037 Aristide
1163 1009 1348 1049 sentiendum,
1359 1010 1407 1045 qtti
1423 1015 1491 1038 teste
1508 1010 1687 1047 Hieronymo,
1699 1011 1832 1038 solum.

1029 1057 1114 1084 nostri
1134 1057 1268 1092 dogmatis
1286 1058 1414 1084 rationem
1431 1057 1567 1084 continens
1592 1057 1684 1083 eodem
1706 1062 1831 1092 tempore

1028 1111 1080 1139 quo
1090 1108 1115 1130 et
1127 1103 1283 1136 Quadratus
1292 1103 1413 1131 Adriano
1424 1104 1540 1139 principi
1554 1103 1638 1130 dedit.
1651 1102 1734 1137 Quod
1748 1104 1830 1131 enim

1029 1150 1115 1178 nostri
1131 1150 1268 1185 dogmatis
1278 1150 1411 1178 rationem
1428 1151 1560 1183 continet,
1578 1150 1762 1178 fundamenta
1775 1158 1821 1178 eo»

1027 1204 1088 1224 rum
1101 1197 1291 1225 haereticorum
1306 1197 1463 1224 necessario
1477 1196 1585 1224 evertit.
1600 1196 1673 1224 Idem
1687 1197 1774 1224 etiam
1791 1197 1830 1224 de

1026 1243 1206 1278 Apullinario,
1215 1243 1287 1271 Asiae
1300 1242 1504 1278 llierapolitano
1512 1243 1652 1278 episcopo,
1661 1242 1828 1275 dicendum.

1027 1289 1074 1324 qui
1091 1289 1127 1317 Μ.
1144 1289 1285 1317 Antonino
1303 1289 1406 1325 insigne.
1419 1289 1540 1317 volumen
1554 1298 1601 1322 pro
1619 1289 1673 1324 ﬁde
1685 1289 1827 1317 Christia-

1027 1343 1122 1362 norum
1144 1335 1228 1367 dedit,
1252 1339 1283 1363 ut
1305 1339 1334 1362 et
1357 1335 1391 1363 de
1415 1334 1553 1363 Melitonc.
1573 1334 1746 1370 Theophilus
1770 1337 1827 1362 sub

1027 1381 1191 1415 imperatore
1205 1380 1241 1408 Μ.
1260 1381 1400 1409 Antonino
1415 1381 1515 1409 librum
1531 1385 1630 1409 contra
1650 1380 1824 1409 Marcionem

1026 1427 1196 1462 composuit;
1212 1428 1297 1455 alium
1316 1433 1412 1456 contra
1427 1427 1606 1464 Hermogenis
1632 1428 1762 1456 haeresim
1779 1428 1824 1455 in-

1026 1474 1147 1508 scripsit.
1163 1474 1283 1509 Agrippa
1293 1473 1392 1502 Castor
1402 1474 1542 1501 adversum
1554 1474 1686 1502 Basilidis
1700 1475 1824 1502 heretici

1026 1520 1171 1554 volumina,
1185 1528 1246 1554 quc
1258 1520 1286 1547 in
1303 1519 1477 1556 Erangelium
1494 1521 1654 1556 confecerat,
1673 1521 1823 1556 fortiori-te

1026 1567 1162 1594 disseruit.
1180 1566 1271 1594 Melite
1286 1570 1351 1594 ante
1369 1566 1490 1595 libellum
1509 1567 1660 1602 supplicem
1676 1567 1714 1595 Μ.
1730 1568 1822 1595 Anto-

1027 1613 1093 1641 nino
1104 1612 1198 1641 datum
1211 1613 1295 1640 multa
1307 1612 1455 1648 scripserat
1468 1612 1502 1640 tle
1513 1613 1666 1648 prophetis.
1679 1613 1715 1641 de
1727 1613 1822 1642 Eccle-

1026 1659 1079 1692 sia,
1094 1658 1128 1686 de
1143 1658 1205 1692 fide,
1219 1658 1253 1686 de
1271 1659 1448 1693 generatione
1466 1658 1532 1687 Jesu
1547 1659 1663 1691 Christi,
1676 1659 1711 1687 de
1727 1659 1821 1687 lucar-

1026 1704 1136 1732 natione
1151 1703 1210 1738 Dei;
1224 1704 1414 1739 Athenagoras
1423 1705 1519 1738 etiam,
1531 1710 1630 1740 pneter
1642 1705 1821 1740 Apologiam,

1026 1750 1060 1778 de
1081 1749 1294 1778 Resurrectione
1318 1752 1483 1786 scripserat,
1496 1759 1559 1786 qua:
1576 1752 1671 1779 omnia
1686 1751 1722 1779 ad
1736 1759 1821 1786 argu-

1026 1799 1149 1822 mentum
1178 1794 1272 1823 lrenati
1298 1796 1481 1830 pertinebant.
1511 1796 1654 1831 Denique,
1682 1802 1712 1825 ut
1737 1797 1821 1825 refert

1026 1841 1161 1870 Eusebius
1176 1840 1250 1868 Hist.
1263 1841 1369 1874 eadem,
1381 1842 1398 1869 l.
1419 1849 1458 1875 Iv,
1469 1850 1496 1870 c.
1511 1842 1543 1869 Ξί
1559 1851 1565 1869 :
1578 1841 1681 1869 Iisdem
1693 1844 1821 1878 tempori-

1025 1888 1072 1914 bus
1097 1888 1125 1914 in
1147 1887 1269 1915 Ecclesia
1293 1888 1385 1922 ﬂoruit
1412 1888 1593 1924 liegesipptu,
1620 1894 1646 1917 et
1672 1889 1821 1927 Dionysius

1025 1934 1224 1962 Corinthiorum
1240 1934 1388 1969 episcopus,
1400 1933 1514 1970 Pinytus
1530 1943 1633 1971 quoque
1648 1935 1821 1963 Cretensium

1024 1978 1172 2013 episcopus,
1185 1977 1326 2014 Philippus
1340 1984 1471 2014 pra'terea
1484 1985 1509 2007 et
1525 1981 1704 2015 Apollinaris,
1718 1990 1752 2008 ut:
1768 1981 1821 2008 Me-

1024 2024 1085 2057 lita,
1104 2024 1231 2052 Mutunus
1247 2025 1328 2052 etiam
1339 2031 1364 2053 et
1383 2025 1528 2059 Modestus,
1547 2026 1594 2054 καὶ
1610 2027 1658 2054 ἐπὶ
1671 2028 1759 2054 πᾶσιν
1774 2028 1820 2055 El-

1027 2072 1145 2106 ρηναῖος,
1159 2075 1185 2099 ct
1200 2076 1332 2106 postremo
1344 2093 1353 2105 ,
1370 2079 1419 2100 seu
1441 2078 1500 2107 post
1517 2073 1563 2099 Ito;
1580 2080 1670 2100 aranea
1686 2072 1821 2101 Iuncus.

1024 2119 1070 2150 At.
1084 2118 1180 2146 eodem
1193 2123 1273 2153 teste,
1287 2118 1430 2155 Philippus
1445 2119 1699 2147 lueulentissintum
1715 2120 1820 2148 librum

1024 2170 1119 2193 contra
1136 2165 1300 2194 Mareionem
1312 2167 1479 2202 composuit,
1492 2166 1632 2194 Modestus
1643 2175 1699 2202 prae
1710 2169 1822 2195 ueteris

1024 2220 1132 2241 errores
1143 2213 1204 2248 ejus
1214 2213 1344 2241 omnibus
1355 2213 1519 2248 spectandos
1531 2213 1672 2246 exhibuit;
1686 2213 1822 2241 Musauus

1025 2258 1125 2285 librum
1139 2258 1423 2294 ὲπιατρεπτικὼπατον
1438 2258 1571 2286 adversus
1586 2257 1746 2286 Encratitas
1761 2263 1822 2286 tum

1024 2303 1144 2339 primunt
1157 2309 1269 2332 exortes
1289 2304 1417 2339 scripsit;
1433 2311 1522 2338 neque
1541 2309 1632 2332 tamen
1647 2305 1750 2332 horum
1769 2314 1820 2332 cu-

1021 2350 1140 2385 jospiam
1157 2349 1276 2378 [renatus
1294 2350 1428 2378 meminit.
1444 2349 1478 2376 lli
1495 2358 1559 2377 eutn
1575 2349 1677 2377 Irenaeo
1692 2358 1748 2378 non
1769 2358 1821 2386 po-

1024 2397 1126 2424 tuerint
1145 2405 1208 2425 esse
1229 2397 1371 2432 incogniti,
1384 2401 1412 2423 et
1433 2396 1517 2424 multa
1534 2397 1560 2423 in
1578 2396 1656 2424 libris
1672 2397 1734 2424 suis
1751 2402 1822 2425 tunc

1023 2440 1104 2467 editis
1124 2440 1279 2474 habuerint,
1294 2448 1355 2475 qua:
1369 2440 1403 2467 ad
1419 2446 1613 2474 argumentum
1627 2441 1688 2476 ejus
1711 2440 1822 2470 fuerint

1024 2485 1133 2519 idonea,
1146 2493 1199 2512 non
1212 2491 1301 2513 tamen
1311 2490 1390 2513 erant
1399 2486 1434 2513 ab
1445 2495 1477 2513 eo
1491 2486 1637 2514 nominati.
1650 2485 1721 2514 Male
1733 2487 1821 2522 igitur

1023 2539 1037 2557 a
1052 2530 1153 2559 Dallaeo
1169 2536 1222 2558 tam
1246 2532 1428 2566 peremptoris
1439 2533 1586 2565 asseritur,
1601 2537 1748 2560 auctorem
1763 2534 1820 2560 ali-

1022 2585 1104 2612 quem
1119 2578 1202 2605 etiam
1216 2579 1375 2613 pneclarutn
1394 2578 1481 2605 fuisse
1495 2578 1599 2606 Irenaeo
1613 2579 1723 2614 penitus
1738 2580 1819 2615 igno-

1024 2629 1091 2657 tum,
1107 2624 1169 2651 ideo
1180 2628 1298 2658 tantum,
1313 2624 1378 2659 quia
1391 2629 1545 2659 opportuna
1559 2632 1709 2653 occasione
1722 2626 1820 2654 ablata

1022 2679 1087 2699 eum
1102 2671 1214 2698 minime
1226 2671 1387 2699 nominavit.

1059 2716 1166 2746 Rursus
1190 2716 1316 2750 Hermas,
1336 2717 1476 2751 Clemens,
1497 2716 1678 2754 Polycarpus,
1700 2717 1818 2754 Papias.

1022 2763 1155 2797 Justinus,
1168 2771 1203 2791 ex
1218 2763 1312 2791 multis
1325 2763 1371 2799 qui
1387 2768 1451 2792 ante
1465 2764 1555 2799 ipsum
1571 2765 1720 2799 scripsa'e,
1734 2768 1817 2800 pauci

1023 2810 1133 2837 fuerunt
1146 2809 1181 2837 ab
1193 2808 1295 2838 lrena-o
1313 2809 1424 2845 quidem
1441 2811 1592 2843 nominati;
1608 2812 1656 2838 sed
1674 2819 1709 2838 an
1727 2812 1817 2839 multa

1023 2863 1056 2883 ex
1070 2855 1124 2883 illis
1137 2855 1198 2883 loca
1214 2855 1247 2882 ad
1261 2860 1453 2890 argumentum
1473 2863 1552 2883 suum
1572 2856 1724 2889 luculenta,
1741 2859 1817 2893 quod

1024 2903 1056 2931 de
1076 2902 1179 2938 lguatio
1191 2902 1309 2937 postulat
1323 2902 1362 2930 vir
1379 2903 1565 2937 doctissimus,
1580 2904 1732 2938 excerpsit,
1750 2910 1777 2932 et
1789 2905 1816 2932 in
