1866 3073
22 167 58 195 161
439 171 469 199 1.
490 171 674 200 PEARSONII
695 172 855 200 νιΝοιίιιᾹΞ
877 172 1085 201 ΙϐΝΑΤΙΑΝᾸί.
1106 189 1140 193 -
1155 173 1246 201 PARS
1264 173 1283 201 Ι.

1643 174 1694 202 162

19 230 94 256 lituos
107 235 181 256 suos
194 231 388 266 congessit?
403 232 529 260 minime.
544 233 693 261 Clementis
705 233 849 268 epistolam
866 234 888 262 Α
901 234 995 261 eadem
1008 239 1080 262 esset
1093 241 1156 261 cuin
1170 234 1231 269 ipso
1243 234 1389 268 sententia,
1398 236 1586 264 controversia
1600 240 1691 263 autem

17 275 152 302 continere
166 276 212 303 ait
221 277 427 305 traditionem
447 280 650 306 annuntiaittem
666 287 748 306 unum
763 279 848 306 Deum

18 322 225 352 «omnium
245 323 404 358 factorem
418 325 479 353 caeli
491 330 516 353 et
528 331 606 354 teme
621 325 721 363 (neque
732 327 846 360 mirum,

19 369 89 402 tsqu
104 369 185 396 enim
200 370 359 399 catholici
375 372 522 407 scriptoris
535 380 605 408 opus
619 373 672 401 hoc
689 381 742 400 non
757 373 847 401 conti-

19 414 100 448 ne”);
116 415 169 443 sed
192 423 236 443 ne
256 425 362 445 unam
386 419 499 453 quidem
513 427 545 446 ex
560 427 591 446 ea
606 419 725 455 epistola
736 424 841 447 senten-

19 462 76 488 tiam
87 469 122 489 eo
136 462 196 490 loci
214 463 324 496 affert,
343 469 397 492 aut
409 465 476 492 alibi
495 465 537 492 vel
549 473 634 492 unum
654 465 690 501 μῦ
705 466 844 501 exprimit.

19 507 198 544 Polyrarputn
214 509 317 537 etiam
343 511 450 538 ibidem
465 511 570 544 laudat,
584 516 612 540 et
625 512 768 547 epistolam
784 512 846 547 eius

19 554 47 579 ad
68 553 275 590 Phi=ippenscs
306 563 475 592 memorat;
503 559 549 586 sed
573 566 607 586 ne
629 567 711 586 unam
733 560 844 595 quidem

19 599 144 634 syllabam
160 609 196 628 es
215 601 290 637 ejus
304 603 442 638 scriptis,
459 604 500 631 vel
511 604 545 632 ad
562 603 744 633 confutandos
758 605 845 633 haere-

19 647 92 679 ticos,
108 647 153 674 vel
169 648 198 674 in
212 649 317 676 alium
336 649 427 677 tinent
440 650 560 678 adducit.
574 650 687 686 Papiam
701 653 783 680 etiam
798 660 846 681 no-

20 693 110 726 minat,
128 698 158 722 et
181 696 454 724 narratiunculam
471 705 504 724 ex
520 705 553 725 eo
574 698 695 732 adducit,
717 707 771 726 non
788 704 843 728 tam

20 746 108 768 contra
119 741 284 771 hereticos
298 751 398 779 quam
411 744 444 771 ad
455 743 651 772 Chiliastarum
663 745 761 781 dogma
775 754 844 774 eon-

21 788 194 823 linnandum,
210 791 300 826 quod
316 791 362 818 illi
380 798 456 819 unus
465 790 565 826 Papias
577 798 762 826 persuaserat.
775 798 844 821 teste

22 834 134 863 Eusebio
161 837 215 864 lib.
243 846 296 869 ιιι,
318 838 358 864 ad
384 837 479 871 tinent,
494 843 521 866 et
536 837 702 874 Hieronymo
716 839 743 866 in
761 840 843 867 (lata-

22 881 88 916 !ogo.
103 881 144 909 Ex
159 883 256 911 unico
279 883 418 916 Justino,
435 884 482 918 qui
503 892 552 912 sua
575 890 654 912 aetate
676 887 754 920 vim,
774 887 843 915 duas

899 280 933 308 de
945 281 1039 308 verbis
1055 285 1172 308 tantum.
1189 281 1230 308 Ad
1247 282 1297 309 hos
1311 283 1490 316 posteriorem
1506 288 1612 317 partem
1632 282 1691 318 epi-

898 327 976 354 stolze
986 326 1090 362 dirigit.
1103 334 1119 354 a
1133 327 1232 362 pagina
1245 327 1299 355 9l5
1312 328 1486 363 incipientem
1498 338 1505 362 ;
1523 337 1604 364 quam
1619 329 1692 356 male

898 372 1084 408 interrumpit,
1097 373 1195 409 pagina
1208 374 1346 409 sequenti,
1362 374 1457 402 Latina
1477 375 1669 411 interpretatio
1683 386 1690 403 τ

898 419 955 446 Nos
968 428 1028 447 vero
1043 420 1138 447 iterum
1150 421 1302 455 impeteu‘es
1318 430 1373 453 eos,
1388 422 1433 456 qui
1455 421 1566 448 Verbum
1581 428 1691 449 creatit-

896 474 955 493 ram
973 474 1030 493 ease
1043 466 1151 500 dicunt,
1166 474 1211 493 nec
1226 474 1285 492 eum
1300 466 1390 493 solum
1406 467 1553 502 legitimum
1565 473 1589 494 et
1604 473 1690 494 uatu-

896 511 979 540 ralem
995 511 1082 547 ﬁlium
1097 521 1164 542 esse.
1183 513 1345 540 ostendimus
1359 521 1402 539 eos
1418 521 1451 540 ea;
1465 513 1587 540 humanis
1598 521 1690 541 mnt-

895 558 946 593 plis
962 559 1046 594 patris
1058 563 1083 586 et
1095 559 1147 593 ﬁlii
1162 559 1299 586 adversum
1315 567 1342 585 se
1355 560 1469 586 ratione!
1485 564 1510 586 et
1521 559 1686 587 demonstra-

896 605 978 632 tiones
990 605 1117 640 πείρετε.
1133 604 1200 638 Quae
1213 605 1296 632 verba
1308 610 1335 632 et
1347 610 1467 632 tenorem
1482 605 1687 634 dissertationis

894 652 1069 687 perturbant,
1085 655 1113 678 et
1134 659 1267 686 personas
1282 657 1364 686 atque
1379 659 1423 679 res
1440 652 1514 686 ipsas
1531 652 1601 679 mire
1623 660 1687 680 con-

895 698 1022 726 fundunt.
1040 697 1133 725 Graeca
1150 698 1186 725 ita
1204 706 1233 726 se
1249 698 1369 725 habent:
1383 698 1438 725 Καὶ
1454 699 1531 725 αὐτοὶ
1548 698 1613 733 γοῦν
1629 700 1685 725 ἑνι-

895 745 1023 781 στάμενοι
1039 745 1120 772 πάλιν
1133 744 1202 780 πρὸς
1217 744 1280 776 τοὺς
1294 744 1395 780 κτίσμα
1411 744 1539 780 λέγοντας
1555 742 1624 771 εἶναι
1639 743 1685 772 τὸν

894 791 989 825 Λόγον,
1007 791 1053 818 καὶ
1070 791 1107 826 μὴ
1124 790 1250 822 Θέλοντας
1265 791 1346 817 αὑτὸν
1362 792 1472 826 γνήσιον
1482 790 1546 817 Υἱδν
1561 788 1640 822 εἶναι,
1654 789 1686 823 ἐξ

893 837 1071 874 ἀνθρωπίνων
1095 837 1324 874 παραδειγμάτων
1345 837 1403 864 υἱοῦ
1425 837 1472 864 καὶ
1492 837 1595 874 πατρὸς
1612 837 1684 872 εἱλή-

893 890 960 916 φασι
975 883 1025 914 τὰς
1042 883 1103 910 κατ’
1113 883 1203 910 αὐτῶν
1226 882 1387 915 ἀποδείξεις.
1406 882 1508 910 Rursus
1532 883 1613 910 etiam
1632 883 1684 917 ipsi

22 929 166 956 sententias
189 930 339 964 protulit,
358 937 395 957 ex
422 928 521 958 Henna
543 938 636 958 unam.
658 930 679 958 Ε
696 936 735 959 tot
759 932 843 967 igitur
859 919 878 947 Β
894 929 1010 963 (scilicet
1026 938 1096 965 quos
1118 929 1218 957 fratres
1235 930 1430 964 appellaverat)
1446 930 1612 963 disputantes
1630 929 1681 956 ad-

23 974 218 1008 seriptoribus,
235 983 374 1011 quorum
399 976 510 1003 nomina
525 968 558 1003 ad
576 984 627 1004 nos
650 983 840 1012 pervenerunt,

23 1024 133 1053 quatuor
153 1024 276 1048 tantum
303 1022 469 1049 sententias
484 1021 511 1048 in
529 1026 583 1049 tam
606 1022 714 1056 prolixo
730 1028 842 1058 tantque

23 1070 146 1094 accurato
162 1071 193 1094 et
216 1067 348 1094 erudito
372 1074 457 1102 opere
477 1067 623 1102 excerpsit,
645 1075 762 1102 quarum
786 1076 840 1096 una

23 1120 51 1139 es
74 1113 195 1148 epistola
226 1113 344 1149 lgnatii
368 1113 516 1148 desumpta
543 1117 596 1141 est.
622 1113 714 1147 Quare
737 1114 840 1142 frustra

24 1159 133 1188 valla-us
153 1164 198 1188 tot
221 1159 401 1188 sententias
419 1168 453 1187 ex
475 1160 680 1192 commentitiis,
695 1164 736 1187 tot
748 1168 782 1187 ex
798 1160 841 1188 in-

25 1205 170 1240 terpolatis,
184 1210 232 1233 tot
246 1214 286 1233 ex
305 1205 446 1241 genuinis
464 1204 560 1240 lgnatii
576 1205 700 1241 epistolis
711 1206 840 1241 deprom-

24 1253 87 1286 psit;
101 1260 266 1287 possumus
283 1252 370 1280 enim
394 1251 474 1287 longe
486 1252 579 1287 plures
591 1260 624 1280 ex
639 1252 799 1280 auctoribus
812 1257 841 1280 et

24 1299 125 1333 quidem
142 1299 358 1327 celeberrimis
372 1298 421 1333 qui
441 1303 504 1325 ante
517 1297 649 1326 Irenaeum
668 1298 840 1334 scripserunt

25 1346 124 1379 all'erre,
137 1353 270 1381 quarum
299 1345 402 1372 nullas
425 1344 471 1372 ille
495 1345 596 1379 attigit,
617 1345 701 1372 etiam
720 1353 754 1373 ex
773 1345 837 1378 illis,

24 1399 88 1427 quos
101 1391 246 1420 lreuaaum
265 1391 391 1418 novisse
406 1390 592 1418 certissimum
608 1395 660 1419 est.

55 1440 106 1467 Sed
127 1439 339 1467 Athanasium
361 1441 392 1465 et
411 1436 618 1471 Bellarminum,
633 1437 837 1466 Tlteodot'etum

24 1491 46 1512 et
58 1485 201 1514 Gelasium
223 1486 307 1513 mire
326 1484 473 1520 coniungit
495 1487 524 1511 et
543 1484 647 1511 nostris
669 1484 774 1520 objicit,
790 1485 837 1519 qui

25 1537 57 1558 tot
70 1533 129 1560 ioca
145 1541 183 1560 ex
200 1531 324 1568 lgnatio
338 1531 536 1566 produxerunt.
549 1529 620 1557 Tum
632 1538 709 1564 vero,
723 1530 837 1558 Obsecro

26 1583 91 1604 tum
113 1578 213 1613 ﬁdem,
236 1576 359 1612 inquit,
379 1575 436 1602 hac
457 1574 601 1610 lgnatiana
622 1576 787 1603 Athanasius
810 1582 835 1604 et
850 1589 872 1618 ο

26 1622 206 1650 Theodoreus
224 1627 333 1650 contra
349 1621 465 1649 Arianos
476 1626 500 1648 et
515 1621 708 1656 Eutychiauoa,
720 1622 747 1648 in
759 1630 835 1658 quoa,

26 1674 103 1703 utpote
119 1668 257 1696 nondum
271 1672 397 1700 exortos,
408 1668 509 1701 scripta
524 1675 575 1694 non
589 1671 663 1701 sunt,
675 1668 836 1695 adducerent

25 1721 104 1743 tam
122 1721 150 1744 ct
166 1714 353 1742 recitarem?
365 1712 484 1740 Irenazus
500 1713 591 1740 eadem
604 1713 645 1741 Itis
656 1714 721 1749 ipsis
733 1714 760 1740 in
770 1722 835 1748 quos

25 1763 122 1795 proprie
139 1762 259 1795 scripta
286 1764 363 1791 sunt,
382 1758 527 1791 Gnosticis,
555 1758 762 1792 Valentiniauis,
780 1760 835 1787 Do-

24 1808 82 1834 cui:
93 1815 148 1834 non
164 1805 349 1841 objicerent?
364 1803 424 1831 Non
441 1812 513 1831 nunc
524 1804 644 1840 disputo,
656 1810 749 1833 contra
764 1814 835 1841 quos

25 1852 162 1885 lgnatiana
182 1852 307 1887 proprie
328 1850 430 1885 scripta
454 1851 520 1883 sint,
535 1851 569 1878 de
587 1859 641 1886 qua
667 1859 697 1879 re
716 1851 836 1880 fortasse

25 1900 176 1934 aliquando
190 1902 223 1925 et
239 1897 304 1924 fuse
313 1900 343 1924 et
357 1901 484 1924 accurate
498 1896 690 1925 disserendum
706 1897 769 1924 erit.
788 1896 836 1925 Sa-

25 1945 56 1970 tis
67 1950 119 1978 est,
134 1943 223 1980 quod
235 1943 376 1971 Eusebius
390 1950 441 1970 nos
455 1942 561 1976 docuit,
575 1947 604 1970 et
619 1950 662 1970 res
678 1943 736 1978 ipsa
750 1948 835 1971 testa-

26 1997 67 2018 tur
81 1999 149 2019 eum
173 1995 283 2019 contra
299 1989 342 2018 sui
359 1988 492 2024 temporis
507 1989 652 2017 haereticos
672 1990 832 2025 scripsisse:

26 2039 90 2066 satis
110 2042 171 2071 est,
194 2037 259 2064 sive
285 2040 383 2063 contra
405 2036 523 2071 aliquos,
538 2035 596 2063 sive
623 2041 718 2063 contra
746 2037 833 2064 mltos

26 2083 137 2116 diserte,
161 2087 199 2110 ut
209 2082 342 2109 Clemens
365 2080 516 2114 Romanus,
541 2081 692 2116 scripserit,
713 2082 834 2110 auctori-

27 2134 107 2157 tatem
124 2130 186 2157 viri
209 2127 381 2156 sanctissimi
397 2128 637 2162 antiquissitnique
652 2129 769 2156 multum
787 2136 832 2157 va-

27 2177 81 2204 lere
94 2182 206 2204 «intra
232 2175 380 2202 haereticos
394 2182 562 2209 quocunque
586 2175 687 2203 saeculo
709 2180 830 2203 exertos.

28 2222 53 2250 Id
68 2224 134 2251 dico
149 2223 233 2258 quod
249 2221 334 2256 hujus
349 2221 505 2256 argumenti
520 2222 576 2248 vim
592 2229 701 2249 omnem
717 2229 832 2257 prorsus

892 982 981 1001 uersus
1005 983 1048 1002 eos
1070 975 1118 1010 qui
1142 974 1253 1002 Verbum
1268 980 1420 1002 creaturam
1437 983 1492 1002 esse
1506 975 1609 1007 dicunt,
1636 983 1682 1002 nec

891 1016 1028 1056 proprium
1049 1020 1151 1048 Filium
1174 1029 1231 1048 esse
1252 1021 1342 1047 volunt
1356 1021 1478 1056 (scilicet
1497 1021 1682 1056 Ariauos),r:r

891 1068 1014 1095 humanis
1030 1068 1155 1102 exemplis
1167 1067 1252 1102 patris
1263 1072 1288 1094 et
1304 1068 1366 1102 lilii,
1380 1073 1473 1095 contra
1485 1076 1529 1095 eos
1541 1069 1681 1104 (Arianos)

891 1115 1127 1142 demonstrationes
1143 1118 1321 1149 sumpserunt.
1344 1114 1376 1141 Hi
1400 1114 1497 1149 igitur,
1513 1115 1680 1150 quibuscum

891 1160 947 1196 agit
962 1160 1138 1192 Athanasius,
1157 1165 1254 1187 contra
1273 1160 1390 1187 Arianos
1405 1160 1592 1195 disputabant.
1604 1169 1680 1188 eam-

889 1206 951 1234 dem
975 1205 1053 1232 Iidem
1075 1213 1139 1232 eum
1160 1205 1312 1232 Athanasio
1338 1204 1559 1239 proﬁtebantur;
1584 1213 1679 1233 vocem

890 1255 980 1278 autem
1001 1250 1144 1286 ὀμοούσιον
1161 1250 1280 1278 nondum
1306 1251 1498 1283 admittebant.
1518 1251 1601 1286 idque
1620 1259 1681 1287 pro-

889 1302 949 1332 pter
962 1297 1142 1324 reverentiam
1167 1301 1194 1324 et
1211 1297 1342 1324 honorem
1366 1304 1430 1332 erga
1447 1304 1495 1324 eos
1510 1296 1615 1331 Patres,
1631 1298 1679 1333 qui

889 1343 1003 1371 Paulum
1029 1343 1250 1370 Samosatensem
1274 1343 1537 1370 condemnaret-ant.
1554 1343 1679 1371 Athana-

889 1389 948 1417 sius
959 1393 989 1416 ut
1003 1388 1077 1416 hunc
1098 1388 1133 1415 iis
1148 1388 1309 1423 scrupulum
1331 1388 1439 1421 evellat,
1453 1389 1534 1416 docet
1547 1397 1603 1416 non
1618 1396 1680 1417 esse

888 1435 1119 1466 contendendum,
1129 1435 1153 1462 si
1164 1435 1240 1469 prior
1250 1434 1372 1470 synodus
1384 1433 1529 1469 ὁμοούσιον
1541 1435 1679 1470 rejiceret,

888 1482 1027 1518 posterior
1041 1482 1261 1510 commendaret:
1275 1481 1302 1508 id
1323 1481 1395 1509 enirn
1413 1490 1447 1509 ex
1465 1482 1574 1510 diverso
1596 1490 1678 1511 sensu

888 1528 991 1556 factum
1012 1535 1085 1556 esse.
1106 1527 1171 1555 Dein
1194 1527 1348 1562 exemplum
1368 1528 1496 1562 producit
1518 1533 1677 1556 sanctorum

888 1573 1012 1607 Patrum,
1025 1574 1072 1609 qui
1089 1573 1237 1609 ἀγέννητον
1253 1573 1333 1601 aliter
1355 1577 1439 1609 atque
1462 1573 1541 1602 aliter
1564 1582 1679 1609 accepe-

887 1625 963 1648 runt.
988 1620 1124 1655 lgnatius,
1149 1620 1256 1655 inquit,
1283 1619 1430 1647 Dominum
1455 1624 1513 1647 tum
1533 1622 1677 1657 γεννητόν,

887 1672 946 1695 ιιιιιι
959 1666 1126 1702 ἀγέννητον;
1143 1666 1190 1694 alii
1211 1670 1273 1701 post
1292 1665 1426 1701 lgnatium
1451 1666 1590 1700 dixerunt,
1603 1667 1632 1694 ἓν
1647 1667 1679 1694 τὸ

886 1713 1035 1748 ἀγέννητον
1048 1713 1063 1739 ό
1079 1712 1185 1748 Πατήρ,
1200 1711 1272 1738 solus
1284 1711 1368 1739 Pater
1379 1712 1523 1747 ingenitus.
1539 1711 1621 1740 Recte
1632 1721 1679 1741 atr-

887 1763 940 1786 lem
959 1763 986 1786 et
999 1758 1130 1793 lgnatius,
1144 1763 1170 1785 et
1183 1758 1220 1785 illi
1235 1758 1386 1785 secundum
1398 1758 1537 1786 diversum
1553 1766 1678 1794 sensum,

886 1805 930 1832 cui
946 1805 996 1839 ipsi
1007 1812 1070 1831 cum
1086 1804 1238 1832 scriberent
1249 1803 1435 1831 attenderunt.
1447 1803 1511 1832 Haec
1526 1804 1581 1832 ille.
1593 1805 1678 1833 Obse-

885 1859 934 1879 cro
949 1851 1033 1886 igitur
1049 1855 1124 1878 tuam
1140 1851 1232 1883 lldem,
1252 1855 1321 1886 quot
1341 1850 1402 1878 loca
1417 1858 1450 1877 ex
1466 1849 1573 1885 lgnatio
1589 1851 1677 1879 Atha-

885 1897 980 1925 nasius
1001 1897 1133 1924 adversus
1148 1897 1266 1924 Arianos
1280 1896 1426 1932 produxit?
1440 1902 1469 1924 ut
1484 1897 1532 1925 tibi
1547 1898 1656 1925 videtur
1667 1919 1675 1931 ,

885 1951 988 1976 unum;
1006 1947 1036 1970 ut
1050 1944 1129 1977 milii,
1147 1951 1180 1972 ne
1198 1952 1283 1971 unum
1300 1944 1425 1979 quidem.
1449 1944 1528 1977 Quod
1545 1945 1627 1980 igitur
1641 1945 1677 1973 de

884 1989 1034 2018 Athanasio
1047 1997 1143 2018 verum
1157 1997 1220 2018 esse
1237 1990 1352 2023 scimus,
1370 1990 1466 2025 quidni
1483 1990 1558 2018 etde
1572 1990 1676 2019 Irenaeo

884 2036 1027 2064 dicamus?
1039 2035 1248 2071 Quamplurima
1259 2043 1292 2063 ex
1308 2036 1433 2071 professo
1444 2041 1540 2064 contra
1557 2036 1676 2065 Arianos

884 2079 994 2115 scripsit
1013 2080 1190 2113 Athanasius,
1211 2080 1289 2114 plura
1304 2088 1387 2115 quam
1403 2081 1438 2109 ab
1452 2080 1555 2109 Irenaeo
1578 2087 1674 2111 contra

884 2133 980 2153 omnes
996 2126 1139 2154 haereticos
1154 2126 1255 2161 scripta
1266 2126 1411 2155 habemus.
1427 2127 1511 2155 Multa
1526 2128 1553 2155 in
1570 2127 1675 2163 lgnatio

883 2176 949 2200 sunt
959 2172 992 2199 ad
1012 2171 1176 2200 refellendos
1191 2172 1310 2200 Arianos
1325 2174 1393 2200 satis
1407 2173 1557 2206 luculenta,
1570 2174 1673 2201 nullam

883 2222 974 2246 tamen
987 2226 1020 2246 ex
1036 2218 1082 2245 illo
1104 2218 1266 2246 sententiam
1284 2218 1415 2247 adversus
1437 2227 1484 2247 eos
1500 2219 1623 2253 adduxit,
1640 2228 1675 2248 ne

27 2271 103 2297 elidit
119 2276 153 2297 et
167 2269 326 2304 pessundat
347 2277 354 2295 :
370 2273 478 2302 poterat
492 2268 660 2296 Athanasius
679 2276 734 2296 non
747 2276 834 2304 pauca
849 2270 873 2299 ι)
887 2263 1019 2300 lgnatium
1038 2265 1128 2300 ipsum
1148 2265 1316 2298 nominavit;
1332 2270 1360 2292 et
1373 2269 1463 2292 tamen
1480 2265 1556 2292 illum
1571 2266 1675 2300 optime

26 2325 60 2344 ex
76 2317 191 2344 nostris
206 2315 305 2351 lgnatii
316 2315 442 2350 epistolis
456 2314 581 2350 proferre
595 2315 665 2348 loca,
681 2323 742 2350 quae
757 2315 832 2343 Aria-

28 2371 92 2390 natn
111 2363 249 2390 haeresim
266 2362 369 2389 diserte
386 2365 519 2396 peterent.
536 2368 599 2389 cum
620 2369 667 2389 eas
680 2365 744 2388 ante
758 2361 832 2389 illius

29 2409 174 2436 haereseos
196 2411 328 2435 exortum
347 2408 465 2442 scriptas
484 2406 569 2435 fuisse
583 2407 665 2434 etiam
681 2404 832 2435 adversarii

28 2463 132 2484 omnes
148 2455 303 2482 fateantur.
323 2453 421 2482 Varios
436 2454 482 2481 ille
497 2453 608 2489 quidem
633 2453 717 2481 libros
733 2454 832 2481 adver-

29 2512 80 2531 sus
99 2502 224 2530 Arianos
237 2501 463 2535 fortissimosque
477 2499 650 2542 conscripsit,
666 2501 832 2528 auctoritate

30 2555 126 2577 tamen
142 2548 243 2584 lgnatii
259 2555 401 2583 nunquam
419 2554 468 2574 eos
481 2546 591 2582 premit,
606 2546 709 2574 nullam
722 2554 757 2574 ex
771 2546 832 2581 ejus

30 2595 145 2630 scriptis
160 2594 326 2622 sententiam
340 2593 375 2621 iis
388 2592 512 2628 opponit.
528 2591 557 2619 In
572 2592 685 2627 epistola
701 2592 829 2627 quadam,

32 2642 104 2677 πρὸς
126 2642 192 2673 τοὺς
212 2640 311 2668 ἑαυτοῦ
337 2639 512 2675 γνωρίμους,
537 2639 572 2665 ad
597 2638 760 2674 familiares,
783 2646 830 2666 seu

31 2689 180 2715 discinctos
197 2696 270 2721 suos,
287 2692 318 2715 ut
332 2694 396 2714 eam
413 2686 537 2721 indigitat
552 2685 691 2719 Socrates,
708 2685 830 2720 disputat

35 2736 124 2769 primo
146 2740 243 2764 contra
261 2734 396 2766 Arianos,
420 2733 485 2760 dein
509 2740 572 2759 cum
597 2731 651 2760 illis
670 2732 744 2767 agit,
760 2738 831 2767 quos

34 2783 152 2810 Ariauos
164 2790 227 2811 esse
242 2785 337 2818 negat,
354 2787 426 2816 quos
443 2779 535 2806 omnia
550 2779 602 2806 alia
623 2786 638 2806 a
658 2777 767 2806 Niczena
785 2785 831 2813 sy-

36 2829 106 2856 nodo
120 2829 219 2865 scripta
238 2829 378 2863 recipere,
399 2830 501 2862 praeter
518 2824 628 2853 unicam
652 2832 748 2852 vocem
766 2825 831 2860 ὁμο-

36 2875 122 2902 ούσιον
140 2880 268 2909 testatur,
282 2882 357 2910 quos
375 2871 549 2908 ἀγαπητούς,
570 2871 679 2899 dilectos
701 2871 829 2906 appellat,

40 2923 68 2948 at
80 2931 145 2958 quos
160 2929 290 2958 tanquam
304 2921 392 2956 frater
408 2919 444 2947 ad
464 2919 562 2954 fratres
578 2917 712 2954 loquitur,
728 2917 829 2953 quibus

884 2311 969 2344 novit,
985 2315 1013 2338 et
1029 2311 1112 2338 semel
1135 2311 1168 2338 ad
1190 2311 1304 2339 dilectos
1323 2316 1350 2338 et
1366 2311 1466 2339 fratres
1488 2319 1553 2339 suos
1568 2312 1671 2340 citavit.

884 2356 1002 2385 iremeus
1019 2357 1120 2392 pariter
1137 2357 1203 2384 nihil
1219 2357 1351 2385 adversus
1367 2357 1510 2385 hmreticos
1524 2365 1557 2385 ex
1573 2357 1672 2393 lgnatii

882 2401 1007 2436 epistolis
1023 2402 1209 2437 deprompsit;
1233 2410 1281 2430 eas
1302 2407 1393 2429 tamen
1416 2402 1519 2436 optime
1544 2402 1630 2435 novit,
1645 2406 1673 2429 et

883 2448 967 2475 semel
981 2447 1070 2475 obiter
1083 2448 1186 2476 citavit.

917 2494 952 2521 At
975 2492 1161 2521 Theodoretus
1182 2493 1273 2529 plura,
1296 2498 1388 2527 recte,
1412 2493 1460 2521 sed
1479 2492 1545 2528 quid
1566 2493 1618 2520 hoc
1637 2493 1671 2521 ad

882 2538 1034 2567 lrenatum?
1048 2539 1097 2568 Hic
1108 2541 1241 2573 secundo,
1257 2541 1302 2568 ille
1317 2541 1414 2575 quinto
1429 2541 1532 2568 saeculo
1548 2540 1669 2575 scripsit.

881 2585 938 2614 Nos
952 2592 1042 2614 autem
1065 2591 1128 2614 ante
1141 2587 1297 2617 docuimus,
1315 2587 1388 2614 circa
1410 2587 1490 2614 linem
1512 2586 1602 2622 quarti
1620 2594 1673 2613 sae-

882 2635 936 2662 culi
951 2635 1070 2670 primum
1085 2642 1120 2661 ex
1132 2634 1212 2669 longa
1228 2633 1397 2668 experientia
1409 2633 1582 2660 observatum
1597 2639 1671 2666 esse,

883 2681 1003 2709 haereses
1022 2686 1050 2708 et
1065 2681 1214 2708 schismata
1231 2679 1464 2715 disputationibus
1479 2679 1537 2706 tolli
1553 2685 1607 2706 nan
1625 2685 1672 2713 po-

882 2729 986 2761 tuisse;
1002 2733 1029 2755 et
1042 2728 1226 2756 certissimum
1244 2726 1394 2754 remedium
1409 2725 1470 2753 fore
1482 2725 1533 2757 τὰς
1549 2724 1672 2757 ἐκδόσεις

881 2775 935 2802 τῶν
949 2775 1072 2802 παλαιῶν
1086 2775 1114 2802 in
1130 2774 1317 2802 testimonium
1333 2773 1475 2800 adductas.
1490 2771 1568 2806 Quod
1584 2769 1672 2798 Theo-

881 2823 961 2851 dosio
976 2826 1004 2850 et
1025 2821 1154 2849 Nee-tario
1177 2821 1284 2856 primus
1307 2819 1432 2846 Omnium
1458 2817 1595 2846 Sisinnils
1611 2823 1671 2851 per-

881 2870 978 2898 suasit.
992 2868 1058 2897 Post
1074 2869 1157 2903 igitur
1168 2875 1291 2895 severam
1310 2865 1459 2894 Theodosii
1473 2865 1558 2899 legem
1573 2865 1669 2890 contra

881 2916 1025 2944 haereticos
1043 2915 1137 2949 latam,
1156 2914 1194 2942 illi
1208 2914 1288 2949 paulo
1301 2912 1478 2948 sapientiores
1495 2910 1570 2944 lacti,
1583 2908 1670 2937 admi-
