1866 3073
210 168 262 197 183

713 168 742 196 S.
763 169 938 198 IGNA'I‘IUS.
958 185 991 190 —
1008 168 1279 197 PROLEGOMENA.

1806 168 1863 195 161

211 232 305 255 serunt
317 235 413 255 eorum
426 228 538 255 Patrum
554 228 720 260 testimonia.
733 230 779 263 qui
803 234 866 256 ante
880 229 990 257 divisio-

1095 229 1182 264 μηρὸν
1211 228 1256 255 καὶ
1281 228 1388 260 ἀναιδὲς
1414 229 1487 264 ψυχὴ
1514 228 1583 264 κενῷ
1609 228 1673 266 ἀέρι
1698 228 1863 263 θερμαινα

210 282 272 301 nem
298 279 387 301 ortam
417 275 600 309 scripserant,
620 279 649 302 et
674 275 797 302 celebres
823 275 850 302 in
876 275 996 303 Ecclesia

210 320 329 347 fuerant.
346 321 416 347 Ante
432 321 501 347 hanc
525 325 631 348 aetatem
649 329 703 348 non
719 322 843 350 videmus
867 322 997 349 ecclesia-

209 368 297 394 sticos
308 367 456 401 scriptores
469 367 606 401 catalogus
617 366 729 394 Patrum
743 372 875 397 texentes.
890 372 918 395 et
933 374 997 395 con-

209 412 294 440 fertas
310 413 457 440 sententias
470 421 503 440 ex
514 420 610 440 eorum
622 413 733 447 scriptis
747 417 842 440 contra
854 413 996 440 hmreticos

208 461 374 490 prementes.
390 457 492 490 Quinto
504 457 614 484 demum
630 458 731 485 saeculo
747 458 799 485 hoc
812 457 927 489 factum,
941 463 968 485 et
979 466 995 485 a

208 501 380 530 Theodoreto
390 503 460 530 inter
472 503 588 538 primos;
605 508 668 531 ante
684 504 750 531 illud
763 509 869 539 tempus
886 505 995 539 parcius

207 552 234 575 et
255 548 358 580 obiter;
383 553 462 577 :etate
478 553 569 576 autem
588 549 683 576 lrcmei
710 549 735 576 id
757 549 815 576 ﬁeri
839 550 914 577 nullo
931 549 996 584 jure

206 595 304 628 potuit.
322 594 445 622 Heretici
460 596 544 628 enim,
561 600 657 623 contra
671 603 742 630 quos
756 596 801 623 ille
813 596 933 630 scripsit,
948 603 995 623 ve-

207 641 368 668 tustioribus
383 641 527 668 catholicis
550 642 619 680 nihil
643 641 816 675 tribuebant;
835 642 926 669 omnia
948 650 994 669 eo-

207 694 268 713 rum
285 686 386 721 scripta
405 686 482 714 flocci
505 687 651 720 faciebant,
669 687 753 715 libros
774 688 994 723 qnamplurimos

206 733 378 768 apocrypbos
389 741 404 759 a
418 733 476 760 suis
493 733 672 768 compositos,
693 735 806 769 suisque
822 739 926 762 tantum
943 742 994 761 no-

206 782 249 805 tos
272 778 323 805 sub
340 779 517 813 antiquorum
535 780 647 807 nomine
663 780 851 815 proferebant,
874 780 992 815 plurima

205 824 287 851 etiam
311 825 540 859 evangelistarum
564 830 592 853 et
616 827 803 861 apostolorum
828 827 930 861 scripta
952 835 995 854 re-

206 871 357 906 spuebant,
388 872 528 907 multaque
555 874 702 901 commenti
724 879 798 906 sunt,
814 878 908 902 contra
932 881 994 908 qua

206 924 287 944 nemo
310 921 430 944 veterum
449 918 598 953 quidquam
623 919 802 947 disseruerat.
829 919 949 947 Irentcus
962 924 992 947 ut

206 962 257 990 IIOS
268 963 410 996 refutaret,
420 965 488 992 libro
496 964 585 999 primo
594 966 755 992 sententiam
767 973 862 992 eorum
875 966 992 1000 aperuit.

205 1009 326 1036 secundo
346 1010 499 1037 rationibus
521 1010 665 1042 subvertit,
690 1011 771 1038 tertio
793 1011 950 1046 Scripturas
966 1013 994 1038 et

204 1054 376 1081 traditionem
402 1055 536 1087 adhibuit,
559 1056 633 1090 quod
659 1056 693 1083 ad
717 1063 776 1083 eam
797 1056 917 1084 h:eretici
940 1057 992 1084 ali-

203 1098 315 1133 quando
330 1105 526 1134 provocarent,
540 1108 639 1135 quarto
653 1109 686 1128 ex
710 1101 799 1129 Veteri
816 1102 992 1130 Testamento

204 1144 340 1178 praecipue
367 1144 526 1179 disputavit,
551 1146 649 1180 quinto
668 1154 702 1174 ex
721 1147 835 1182 reliquis
860 1148 992 1176 doctrinis

205 1188 312 1216 Domini
327 1191 424 1223 nostri,
436 1195 464 1218 et
479 1199 511 1219 ex
527 1192 686 1227 apostolicis
697 1193 831 1228 epistolis,
849 1199 879 1222 ut
893 1195 951 1229 ipse
963 1195 990 1222 in

203 1234 414 1263 Praefationibus
436 1237 588 1272 profitetur.
611 1238 757 1274 Nunquam
773 1247 803 1267 sc
819 1248 934 1268 usurum
951 1246 991 1269 te-

203 1281 341 1309 stimoniis
352 1286 473 1310 veterum
487 1284 620 1312 adversus
626 1292 723 1312 eorum
733 1287 894 1314 sententiam
908 1292 992 1315 testa-

203 1330 260 1357 tur,
274 1335 413 1361 nunquam
428 1328 483 1355 ulla
499 1329 558 1356 loca
578 1330 612 1357 ad
627 1337 687 1357 eam
702 1338 759 1358 rem
774 1331 870 1358 idonea
886 1333 991 1360 exscri-

202 1371 252 1402 bit.
264 1377 291 1400 et
303 1373 326 1399 si
339 1381 420 1407 quem
434 1373 503 1402 forte
517 1375 628 1403 adducit
638 1376 673 1403 ad
688 1376 862 1404 traditionem
877 1377 990 1405 ﬁrman-

201 1419 265 1446 dam
281 1423 386 1446 tantum
411 1421 549 1455 nominat;
571 1422 733 1449 sententiam
756 1423 864 1457 quidem
888 1422 990 1451 Justini

201 1465 294 1492 laudat
307 1469 401 1493 contra
417 1465 582 1494 Marcionem
604 1467 736 1495 fervidam
751 1473 778 1496 et
791 1469 842 1496 zeli
862 1469 988 1504 plenam;

200 1515 230 1538 at
242 1510 362 1538 Marcion
380 1511 489 1539 Iustino
501 1513 641 1548 antiquior
653 1513 716 1547 fuit,
727 1518 755 1542 et
769 1516 919 1543 auctoritas
930 1516 990 1550 ejus

200 1557 235 1584 ad
248 1557 427 1585 revincendos
437 1557 661 1586 Marcionitarum
671 1567 782 1588 errores
794 1560 861 1587 nihil
871 1561 988 1594 valebat,
1002 1576 1026 1607 ε

200 1610 290 1638 neque
311 1602 338 1630 in
360 1611 424 1630 eum
449 1603 530 1631 linem
556 1609 597 1632 est
624 1605 751 1633 adducta.
777 1605 875 1640 Dispar
898 1606 990 1642 itaque

202 1650 318 1677 omnino
343 1650 416 1677 ratio
441 1649 534 1677 lrenaei
555 1654 583 1678 et
605 1650 769 1679 Theodoreti
790 1661 796 1679 :
816 1660 870 1679 non
894 1649 989 1680 eadem

200 1695 310 1730 utrique
325 1703 413 1728 mens,
426 1701 473 1723 aut
487 1697 596 1724 occasio
614 1696 641 1723 in
664 1697 810 1724 scribendo
832 1697 893 1725 fuit.
919 1698 990 1726 Fru-

200 1746 258 1768 stra
275 1741 358 1776 igitur
370 1746 397 1768 et
413 1742 474 1769 sine
489 1742 545 1769 ullo
567 1741 744 1769 fumlamcnto
766 1743 865 1770 asserit
888 1743 929 1770 vir
941 1744 990 1771 do-

200 1786 357 1819 ctissimus,
381 1794 445 1814 cum
468 1791 509 1814 tot
529 1788 589 1814 loca
613 1795 647 1815 ex
667 1787 772 1823 lgnatio
801 1788 990 1817 Theodoretus

200 1833 369 1868 produn-rit,
384 1832 514 1861 Irenteum
529 1834 612 1861 etiam
628 1842 682 1861 non
704 1835 834 1869 pauciora
854 1835 989 1863 adducere

199 1878 338 1910 debuisse,
352 1879 375 1906 si
389 1879 522 1913 lgnatium
537 1879 710 1914 epistolicum
730 1879 864 1908 novisset.

239 1922 490 1957 Verumenimvero,
505 1929 575 1952 estet
583 1925 671 1957 aliud,
679 1925 777 1960 inquit,
786 1935 837 1961 quo
849 1927 904 1954 ha'c
911 1926 990 1962 Igna-

199 1969 275 1996 tiana
289 1970 379 1996 omnia
394 1969 511 1998 [renatus
526 1971 606 2006 plane
620 1972 761 2000 nescivit“
775 1973 987 2007 deprehenditur.

199 2014 274 2042 Solet
289 2016 359 2042 enim
373 2015 419 2043 ille
436 2017 622 2050 prmtantium
639 2017 756 2044 virorum
774 2025 802 2045 se
817 2020 989 2046 vetustiorum

197 2062 342 2088 sententias
356 2067 380 2089 et
409 2063 514 2098 ῥήσεις,
532 2063 587 2090 sive
601 2064 726 2098 scriptas,
741 2064 794 2091 sive
807 2060 866 2092 vivit
880 2073 941 2093 voce
955 2067 988 2093 ab

197 2108 232 2134 iis
248 2108 377 2142 prolatas,
390 2117 442 2136 non
459 2109 603 2136 nominatis
617 2110 771 2137 auctoribus
789 2111 886 2145 a/ferre
902 2120 934 2138 ae
947 2120 988 2138 ra-

196 2154 293 2182 citare.
316 2152 411 2182 Nullas
431 2154 526 2190 lgnatii
555 2163 607 2183 suo
630 2156 707 2191 operi
729 2156 868 2192 inspersit.
892 2157 988 2186 Nullas

196 2209 263 2237 ergo
284 2201 415 2236 epistolas
429 2202 518 2229 scivit.
545 2202 632 2230 Nullae
649 2211 715 2238 ergo
732 2208 790 2231 tum
807 2205 984 2232 exstiterunt.

197 2247 254 2274 lmo
273 2255 338 2274 vero
360 2247 383 2274 si
407 2248 569 2281 sententias,
589 2256 658 2283 quas
679 2249 719 2276 vir
742 2250 924 2278 doctissimus
945 2251 987 2278 in-
1004 2252 1025 2280 D

197 2293 309 2329 telligit,
330 2293 555 2326 consideremus,
577 2294 630 2321 etsi
655 2295 742 2322 multo
763 2296 856 2330 plures
881 2301 985 2330 essent,

197 2347 278 2367 nemo
298 2347 420 2374 unquam
439 2339 500 2366 ideo
521 2339 708 2372 concluderet,
727 2341 884 2368 necessario
903 2342 985 2370 etiam

196 2394 259 2414 eum
297 2386 403 2420 aliquas
436 2392 471 2413 ex
499 2384 648 2420 lgnatianis
686 2394 820 2421 usurpare
855 2387 984 2415 voluisse.

198 2431 317 2458 Primam
348 2430 383 2458 ab
415 2430 509 2464 aliquo
541 2437 571 2457 se
602 2431 794 2464 praestantiore
829 2432 856 2459 in
885 2432 985 2468 praefa-

197 2477 273 2503 tione
307 2476 390 2504 refert
417 2480 562 2504 venustam
594 2483 662 2504 sane
691 2480 775 2511 atque
809 2477 984 2513 elegantem:

198 2523 260 2549 Ὅτι
275 2521 347 2549 λίθον
362 2522 408 2549 τὸν
429 2522 520 2558 τίμιον
541 2522 697 2559 σμάραγδον
719 2522 798 2555 ὂντα,
815 2523 862 2550 καὶ
879 2523 986 2550 πολυτί-

199 2568 284 2604 μητόν
306 2577 377 2595 τισιν
400 2568 480 2601 ἴκελος
501 2569 638 2605 ὲνυὸρίζει
653 2567 699 2595 διὰ
711 2568 810 2604 τέχνης
827 2578 987 2606 παρομοιω-

198 2613 277 2650 μένη,
288 2614 388 2641 ὁπόταν
406 2614 444 2650 μὴ
460 2616 534 2651 παρῇ
544 2616 558 2642 ό
569 2614 671 2642 σθένων
687 2614 831 2650 δοκιμάσαι
842 2615 889 2642 καὶ
904 2616 987 2653 τέχνῃ

195 2660 330 2694 διελέγξαι
353 2661 403 2696 τὴν
428 2661 590 2698 πανούργως
614 2661 773 2697 γενομένην.
793 2661 878 2688 Vetus
903 2661 987 2688 inter-

197 2714 259 2742 pres
276 2715 284 2734 :
297 2706 434 2739 Quomodo
451 2707 567 2742 lapidem
579 2707 725 2742 pretiosum
739 2705 911 2742 smaragdun
928 2714 986 2732 ma-

196 2753 241 2789 gni
252 2753 329 2788 pretii
345 2753 415 2787 apud
425 2754 552 2788 quosdam
564 2753 675 2781 vitreum
688 2754 716 2780 in
728 2753 784 2788 ejus
798 2752 986 2780 contumeliam

196 2807 243 2834 per
264 2804 350 2826 artem
373 2799 554 2826 auimilatum
579 2799 751 2835 quoadusque
773 2807 826 2826 non
845 2799 920 2826 adest
939 2799 986 2834 qui

195 2849 279 2879 potest
303 2845 425 2880 probare,
440 2851 464 2872 et
489 2845 635 2878 artiﬁcium
659 2853 769 2880 arguere
790 2845 859 2880 quod
878 2845 986 2872 subdole

195 2891 230 2918 sit
244 2891 362 2925 factum;
375 2896 401 2919 et
413 2891 495 2919 aliam
512 2891 594 2919 etiam
607 2891 641 2918 ab
656 2891 752 2919 eodem
766 2895 797 2918 ut
812 2891 929 2924 videtur,
944 2891 985 2918 ὃτι

1054 275 1133 310 μένη,
1152 274 1211 308 pari
1228 280 1371 301 venustate
1388 279 1416 301 ct
1434 275 1569 310 elegantia
1594 274 1800 308 conspicuam.
1821 272 1863 298 Tu

1058 328 1133 351 vero,
1149 320 1260 351 Dalltee.
1274 327 1307 346 ex
1322 319 1365 346 his
1378 319 1504 354 colligere
1517 324 1605 354 potes,
1620 319 1791 346 necessario
1809 317 1863 345 Ire

1047 373 1138 393 meum
1164 373 1197 392 ex
1220 364 1346 399 epistolis
1374 363 1524 399 lgnatianis
1549 364 1703 392 sententias
1735 363 1863 390 laudare

1047 410 1180 442 voluisse,
1198 411 1222 438 si
1240 410 1385 438 scivisset?
1402 409 1454 443 Tu,
1471 410 1596 444 inquam,
1612 409 1659 444 qui
1677 408 1863 437 Usserianas

1047 463 1144 483 omnes
1165 456 1268 489 tristes,
1291 455 1457 487 salebrosas.
1471 456 1552 484 rudes
1571 462 1599 483 et
1619 455 1745 483 incultas
1762 454 1863 482 dicis?

1047 499 1099 533 Tu,
1116 501 1162 536 qni
1182 501 1336 528 orationem
1356 505 1486 536 tanquam
1510 501 1652 529 horridam
1665 506 1694 529 et
1710 501 1863 533 tos-mntis

1046 547 1133 574 instar
1145 554 1193 581 per
1205 547 1371 581 confragosa
1386 547 1531 579 montium,
1540 555 1588 582 per
1599 548 1720 583 abrupta
1739 551 1773 575 et
1788 555 1863 574 sax:

1045 597 1073 619 et
1088 597 1182 619 cautes
1197 597 1224 619 et
1241 592 1390 627 praecipitia
1411 593 1456 619 vix
1478 593 1606 621 enitentis
1630 601 1758 622 accusas
1775 595 1789 621 3
1806 593 1863 626 Tu,

1045 638 1092 672 qui
1108 645 1235 673 magnam
1252 646 1383 666 sensuum
1408 639 1509 674 ubique
1524 639 1726 668 obscuritatem
1740 661 1750 674 ,
1769 647 1806 668 et
1820 641 1863 668 vel

1046 683 1152 710 nullum
1173 683 1215 710 vel
1242 684 1392 719 malignum
1417 685 1563 712 verborum
1587 685 1659 712 inter
1678 693 1712 713 se
1741 687 1863 713 nexum

1045 728 1192 756 observas?
1207 727 1259 761 Tu,
1274 729 1321 764 qui
1342 730 1433 764 prisca
1456 729 1548 757 Loxite
1566 730 1702 765 Apollinis
1727 733 1863 759 oracula

1046 776 1085 802 vel
1103 775 1267 810 Sibyllarum
1284 775 1349 803 folia
1366 776 1454 811 legere
1469 781 1495 803 te
1509 777 1616 804 credis?
1630 776 1676 804 Sic
1690 778 1779 805 enim
1794 778 1863 805 dis-

1044 826 1136 857 putas.
1149 822 1267 850 lrenteus
1281 823 1357 858 operi
1373 830 1424 851 suo
1434 823 1569 859 τηλαυγὲς
1586 823 1739 859 πρόσωπον
1759 832 1863 859 διενο-

1045 869 1111 900 suit,
1121 868 1308 904 praefationem
1332 868 1450 903 eleganti
1465 870 1585 904 quadam
1602 875 1731 898 veterum
1757 871 1863 898 alicu—

1008 906 1029 934 Β
1041 913 1088 949 jus
1103 914 1240 942 sententia
1256 914 1411 947 adornavit,
1427 918 1454 941 et
1468 915 1549 941 aliam
1569 915 1667 942 similis
1682 916 1863 942 venustatis

1043 960 1107 987 alibi
1130 959 1272 992 adhibuit;
1290 959 1428 995 lgnatiana
1451 960 1534 995 igitur
1553 968 1667 995 prorsus
1681 961 1863 996 ignoravit:

1043 1005 1123 1032 aliter
1143 1005 1238 1032 rudem
1255 1006 1379 1040 aliquam
1394 1011 1421 1033 et
1449 1006 1590 1038 incultam,
1606 1007 1716 1034 tristem
1729 1013 1761 1034 et
1779 1009 1863 1036 sale-

1044 1051 1154 1079 brosam
1181 1052 1346 1079 sententiam
1371 1052 1406 1079 ad
1428 1048 1641 1081 commentarios
1662 1062 1735 1082 suos
1760 1063 1863 1082 exor—

1043 1099 1148 1126 nandos
1161 1103 1189 1126 et
1202 1099 1399 1126 illuminandos
1420 1100 1603 1133 produxisset.
1620 1101 1643 1127 Α
1658 1100 1762 1128 divino
1779 1110 1863 1137 quo-

1042 1144 1105 1171 dam
1129 1152 1210 1177 sene,
1234 1150 1262 1172 et
1283 1145 1407 1173 veritatis
1430 1153 1557 1180 prtccone
1575 1154 1673 1174 versus
1697 1149 1860 1181 quosdam

1043 1190 1175 1218 iambicos
1194 1191 1327 1219 adversus
1343 1191 1464 1219 Marcum
1484 1192 1642 1219 haereticus:
1658 1192 1775 1221 eﬁ‘usos
1792 1195 1862 1221 Iau-

1042 1236 1097 1268 dat,
1113 1245 1182 1271 quos
1204 1237 1276 1264 bica
1293 1237 1444 1273 Scaligero,
1468 1243 1550 1272 atque
1571 1237 1684 1266 Patavio
1706 1240 1777 1268 suis
1798 1249 1854 1280 nu—

1042 1284 1123 1310 meris
1143 1284 1284 1312 restitutos
1300 1290 1467 1320 reprtesento
1481 1293 1488 1312 :

1094 1329 1275 1357 Εὶδωλοποιὲ
1289 1331 1400 1365 Μάρκε,
1418 1331 1466 1358 καὶ
1482 1333 1694 1365 τερατοσκόπε,

1094 1365 1321 1403 ᾏσξρολογικῆς
1336 1367 1453 1403 ἐμπείρε
1470 1368 1518 1394 καὶ
1532 1367 1664 1402 μανικῆς
1679 1368 1821 1403 τέχνης.

1092 1399 1187 1437 Δι’ὦιξ
1201 1399 1359 1437 «pararat;-
1374 1399 1428 1436 τῆξ
1445 1399 1564 1436 πλάνὴς
1579 1399 1615 1429 ὶνὰ
1631 1399 1827 1437 δὶδάῇιαὲἇ.

1093 1435 1203 1473 Σημεῖα
1218 1435 1338 1473 δειλίᾳ-ῦς
1352 1437 1414 1473 τοῖς
1429 1437 1488 1464 ὑπὸ
1504 1438 1562 1464 σοῦ
1577 1435 1816 1473 alar-tamira“

1093 1471 1306 1507 Ἀποστατικῆς
1321 1472 1474 1506 δυνάμεως
1490 1471 1700 1507 ἐτχειρήματὰ,

1097 1506 1125 1532 Ἀ
1143 1506 1192 1532 σοὶ
1209 1507 1333 1541 χορηγεῖ
1346 1507 1402 1540 σὸς
1418 1507 1516 1541 πατὴρ
1532 1506 1632 1535 Σατᾶν
1647 1509 1695 1535 ἀεὶ

1092 1541 1304 1576 Δι’ἀγγελικῆς
1319 1542 1472 1576 δυνάμεως
1489 1541 1606 1576 Ἄζαζὴλ
1622 1544 1736 1575 ποιεῖν,

1095 1576 1192 1610 Ἔχων
1207 1584 1244 1603 σε
1259 1577 1427 1612 πρόδρομον
1441 1578 1578 1605 ἀντιθέου
1594 1581 1805 1614 πανουργίας.

1076 1630 1197 1663 Quorum
1209 1631 1346 1660 restitutio
1363 1633 1446 1660 veteri
1458 1634 1585 1661 versione
1600 1635 1727 1663 maxime
1737 1638 1858 1665 conﬁr-

1042 1681 1132 1703 matur
1149 1685 1155 1703 2

1093 1721 1231 1749 [dolorum
1247 1722 1394 1757 fabricator
1407 1723 1508 1759 Marce,
1533 1730 1558 1752 et
1583 1731 1779 1760 portentorum
1805 1730 1854 1755 in-

1649 1761 1791 1797 [δικαιοῖ.

1092 1793 1252 1831 astrologia:
1267 1795 1397 1830 cognitor,
1410 1799 1434 1822 et
1449 1796 1560 1831 magian
1571 1793 1651 1829 artis,

1095 1827 1146 1864 [fer
1159 1827 1224 1862 quas
1237 1827 1379 1864 conﬁrmas
1389 1827 1651 1863 erroris'deetriuas,

1094 1861 1175 1901 Signa
1189 1861 1329 1901 ostendens
1343 1865 1383 1892 Itis
1398 1866 1443 1900 qui
1460 1874 1476 1892 a
1494 1871 1518 1893 te
1532 1861 1710 1901 seducunt",

1091 1898 1253 1934 apostolicae
1266 1900 1372 1927 virtutis
1387 1898 1561 1934 operation“,

1091 1933 1158 1970 Quae
1172 1933 1219 1960 tibi
1229 1940 1346 1970 praestat
1363 1933 1422 1962 tuus
1433 1941 1507 1970 pater
1523 1936 1641 1964 Satanas

1092 1967 1148 2006 {fer
1157 1967 1304 2003 angelicam
1317 1967 1440 1997 virtutem
1454 1971 1553 1998 Azazel
1564 1972 1664 2006 facere,

1094 2002 1200 2031 [labens
1215 2009 1240 2031 te
1256 2013 1445 2040 praecursorem
1455 2002 1598 2034 contraria:
1607 2002 1741 2035 aduersus
1755 2009 1854 2037 Deum

1624 2043 1788 2078 [nequitiam

1074 2083 1242 2112 Posteriores
1265 2084 1394 2113 Petavius
1417 2086 1530 2114 metrice
1554 2086 1673 2116 reddens
1697 2090 1780 2117 male
1795 2099 1850 2118 ex—

1039 2130 1139 2164 pressit
1148 2138 1156 2157 :

1091 2175 1157 2214 licet:
1169 2180 1198 2214 tu
1212 2176 1261 2203 illa
1278 2176 1388 2214 satam:
1403 2177 1487 2212 fretus
1502 2178 1606 2206 auxilio
1619 2180 1725 2214 patris,

1089 2211 1341 2249 {zazelisquemira
1352 2213 1474 2248 designat
1485 2221 1545 2249 9pc,

1091 2245 1247 2274 Prwcursor
1260 2247 1301 2274 illi
1318 2245 1422 2282 fraudis
1435 2249 1463 2275 in
1478 2245 1592 2284 superos
1604 2249 1698 2277 datus.

1039 2291 1102 2320 llaec
1112 2292 1184 2320 enim
1197 2292 1318 2321 Marcum
1339 2293 1458 2324 Satanae.
1472 2299 1520 2322 aut
1533 2295 1659 2322 Azalelis
1676 2304 1854 2331 przecursn-

1039 2346 1095 2365 rem
1112 2337 1236 2372 faciunt;
1251 2346 1314 2367 cum
1339 2339 1448 2367 divinus
1465 2340 1510 2367 ille
1526 2348 1608 2368 senex
1635 2349 1700 2368 eum
1727 2342 1851 2371 descri-

1039 2384 1102 2412 bere
1118 2384 1253 2419 voluerit,
1279 2389 1410 2420 tanquam
1436 2385 1597 2414 Antichristi
1616 2394 1852 2421 prmeursorem,

1037 2430 1110 2465 quod
1125 2431 1170 2459 hic
1185 2431 1321 2466 signiﬁcat
1334 2431 1455 2464 ἀντίθεος
1471 2433 1632 2468 πανουργία.
1645 2432 1708 2460 Jam
1725 2442 1805 2462 vero
1817 2445 1851 2462 rx

1038 2476 1186 2512 lgnatianis
1209 2485 1243 2504 an
1263 2477 1365 2513 aliquid
1379 2478 1469 2506 simile
1485 2483 1577 2513 petere
1591 2479 1681 2513 potuit
1699 2479 1850 2514 Irenaeus,

1038 2523 1062 2550 si
1076 2531 1107 2550 ea
1121 2523 1266 2552 novisset?
1281 2529 1329 2551 aut
1347 2524 1493 2559 quisquam
1513 2533 1566 2552 non
1583 2526 1693 2553 novisse
1710 2526 1849 2555 alﬁrma-

1037 2567 1086 2600 bit,
1099 2569 1164 2604 quia
1178 2569 1225 2604 qui
1241 2570 1393 2598 versiculos
1405 2571 1515 2598 aliunde
1538 2572 1564 2598 in
1579 2571 1703 2599 Marcum
1721 2579 1849 2601 contor-

1038 2616 1084 2648 sit,
1100 2616 1168 2643 nihil
1191 2616 1229 2644 illi
1245 2624 1279 2643 ex
1292 2615 1396 2652 Ignatio
1407 2618 1543 2652 aspersit?
1555 2617 1708 2653 Cujusdam
1727 2625 1804 2648 ante
1818 2629 1850 2648 se

1037 2660 1072 2688 de
1083 2661 1185 2696 duplici
1203 2662 1328 2689 vocabuli
1348 2661 1416 2689 Filii
1433 2663 1593 2698 acceptione
1607 2664 1848 2694 observationem

1038 2707 1071 2734 ad
1087 2707 1341 2742 interpretationem
1362 2708 1392 2736 S.
1410 2707 1561 2744 Scriptura:
1573 2710 1780 2744 pertinentem,
1795 2713 1846 2738 lib.

1038 2761 1076 2786 tv,
1091 2761 1150 2789 cap.
1164 2753 1198 2781 79
1215 2753 1303 2781 ali'ert.
1320 2753 1385 2782 Vult
1405 2754 1479 2782 enim
1506 2755 1608 2790 impios
1621 2761 1649 2784 et
1664 2757 1801 2785 inﬁdeles
1818 2759 1847 2784 in

1038 2799 1125 2826 sacris
1136 2798 1247 2827 Litteris
1261 2799 1332 2834 filio:
1344 2805 1368 2827 et
1385 2800 1491 2836 angelo:
1499 2801 1601 2828 diaboli
1614 2802 1669 2829 diei
1684 2812 1692 2835 ;
1711 2808 1846 2831 veterum

1037 2849 1129 2871 autem
1145 2845 1263 2879 alicujus
1278 2845 1467 2873 testimonium
1486 2846 1575 2880 aﬂ‘ert,
1589 2848 1636 2882 qui
1657 2847 1767 2875 Filium
1791 2849 1845 2875 dn-

1037 2891 1143 2926 plicitcr
1158 2891 1271 2928 intelligi
1283 2892 1363 2927 dixit,
1375 2897 1422 2921 aut
1433 2893 1466 2921 de
1477 2899 1553 2928 nato,
1569 2899 1617 2922 aut
1632 2894 1668 2923 dc
1685 2895 1774 2928 laeto,
1795 2900 1844 2922 aut
