1866 3073
33 181 77 209 163
457 181 481 210 Ι.
502 181 681 210 PEARSONII
701 180 861 209 VlNDlCl/E
880 181 1087 211 IGNATIANJE.
1111 201 1140 205 —
1159 182 1248 211 PARS
1267 181 1287 208 Ι.
1643 178 1693 206 μ’ιῦ

30 239 191 267 secundum
208 244 358 268 naturam
378 245 409 268 et
421 241 617 271 conditionem.
636 244 683 267 aut
702 248 766 267 secu

954 251 986 274 ος
1002 242 1103 277 ἔλεγεν.
1123 243 1250 272 Ιιιρηίιιιις,
1269 240 1351 275 Papia
1369 239 1472 274 junior,
1491 238 1617 272 exemplo
1634 239 1691 273 ejus

29 285 168 312 doctrina:
212 286 427 321 magisterium
453 294 460 312 :
484 285 537 318 Qui
574 286 644 313 enim
671 286 780 313 edoctus
815 291 854 313 est
906 289 989 315 nimis
1014 294 1171 323 permotus,
1197 288 1325 324 qua-sivit
1348 287 1450 321 pariter
1477 293 1493 313 a
1524 285 1694 317 senioribus,

29 332 116 382 ferto,
139 331 456 382 ﬁtiusﬂdocentis-e-sse
470 332 580 382 dicitur,
600 337 624 359 et
639 331 685 382 ille
696 331 754 366 eius
769 337 854 382 pqter.
905 334 972 369 quid
993 334 1031 361 illi
1048 335 1207 362 audiverant
1225 334 1260 360 ab
1277 333 1320 362 iis.
1341 333 1388 368 qui
1405 331 1592 366 apostolorum
1608 330 1696 357 disci-

30 377 63 404 τι
86 382 199 412 postea
222 377 368 406 Clemens
387 378 598 410 Alexandrinus,
619 377 717 405 αὐτίκα
733 386 767 404 πα

957 388 985 408 os
1001 381 1134 414 viderant,
1154 385 1182 408 et
1200 387 1262 408 curn
1278 380 1335 406 Ιηυο
1352 378 1412 405 viva
1429 385 1495 405 voce
1509 378 1614 412 prolata
1626 376 1694 405 sibi-

28 425 90 456 ιι-οὒς
97 425 226 460 κατηχὴ
231 433 343 457 scurra;
350 424 452 460 φαμέν,
461 428 487 452 ct
494 424 641 460 Gregorius
647 423 765 452 Nazianz

984 426 1071 454 radita
1088 426 1200 461 scriptis
1215 425 1366 461 praeferret,
1382 432 1443 458 qua:
1458 424 1492 451 ab
1508 424 1562 451 illis
1575 431 1685 459 accepe-
1718 449 1720 452 .

100 482 213 518 Δῦτὰρ
234 482 419 518 ἐμοὶᾼτοκὲες
435 481 485 518 μὲν
500 482 557 508 ὅσοι
573 480 653 507 καλὸν
670 479 833 514 ὲξεδίδαξαν,

959 473 1062 508 pariter
1071 473 1190 508 scripsit.
1205 471 1308 499 Horum
1323 471 1405 506 igitur
1418 471 1558 498 seniorum
1571 470 1692 498 atlctori-

101 516 223 550 natas;
242 516 268 544 δ’
287 516 339 549 οὓς
357 516 478 549 ἐδίδαξα.

956 528 960 546 2
978 525 1006 547 et
1024 519 1191 550 testimonio,
1206 518 1239 546 ad
1259 518 1419 545 ﬁrmandam
1436 516 1608 544 traditionem
1624 524 1693 543 non-

905 574 1058 601 nunquam.
1079 567 1179 601 saapius
1197 565 1230 592 ad
1252 572 1328 596 suas,
1352 565 1386 591 de
1406 564 1486 591 annis
1499 563 1602 591 Christi
1622 570 1693 598 quos

905 613 961 647 egit
976 612 1004 639 in
1021 612 1113 644 terris,
1133 612 1167 639 de
1184 612 1238 638 illis
1251 618 1320 646 quos
1340 609 1439 636 ibidem
1462 609 1561 636 iterum
1580 613 1693 636 acturus

905 660 958 691 e‘st,
976 658 1011 685 dc
1029 662 1202 684 mortuorum
1221 659 1306 687 statu,
1324 655 1358 681 de
1374 655 1468 681 bestiae
1489 653 1693 688 Apocalyptica'.

905 710 1031 735 numero.
1040 703 1162 737 privatas
1176 702 1321 737 opiniones
1336 700 1513 728 stabiliendas
1524 699 1619 726 utitur.
1640 698 1692 725 Sed

905 750 971 784 quid
983 749 1046 777 inde
1054 749 1199 785 sequitur?
1209 757 1244 776 an
1258 748 1324 776 illud
1340 749 1366 775 in
1381 747 1488 782 primis,
1500 745 1602 773 Irenzeo
1613 745 1693 780 igno-

905 799 932 823 ta
948 795 1034 824 fuisse
1053 795 1192 831 lgnatiana
1211 794 1314 825 omnia.
1330 793 1395 829 quia
1421 793 1488 820 nihil
1515 793 1550 819 ab
1573 799 1607 818 eo
1621 790 1692 818 scri-

906 845 981 876 ptum
998 841 1069 868 inter
1082 841 1141 868 hace
1158 841 1250 867 omnia
1267 838 1422 866 testimonia
1439 834 1593 872 reperitur?
1613 835 1693 862 mini-

906 893 960 913 me.
976 885 1110 921 lgnatium
1131 885 1274 913 consulere
1300 892 1355 911 non
1378 883 1468 918 potuit
1495 882 1624 914 lrenaaus,
1645 881 1691 916 qu'

64 578 110 604 An
128 582 238 604 autem
252 576 326 611 quia
339 583 356 602 θ
370 576 509 603 veteribus
524 583 620 609 unum,
633 575 679 610 qui
696 575 779 603 simili
793 583 854 602 mo-

29 622 65 649 do
85 627 159 650 ante
173 622 280 657 ipsum
303 622 462 656 Scripturas
475 621 667 656 interpretatus
683 625 736 653 est,
756 628 791 647 nc
805 629 855 647 no-

30 677 98 695 rum
122 676 255 696 sensum
274 668 332 695 illis
348 668 468 695 allixisse
478 667 626 700 videretur,
642 667 756 694 adduxit
771 675 778 692 ε
795 667 855 694 ideo

31 718 81 741 aut
99 713 223 749 aliquid
237 721 275 740 ex
290 712 444 748 Ignatianis
457 713 541 740 citare
553 712 687 745 debuerit,
701 718 748 739 aut
758 720 789 739 ea
803 712 854 747 ipsi

32 762 134 795 ignota
159 769 222 788 nos
248 759 408 788 concedere
429 759 587 792 debeamus,
618 759 645 786 in
667 759 768 794 quibus
790 758 854 785 talia

33 815 85 833 nec
98 805 237 833 inveniri
256 813 312 833 nec
326 804 479 840 exspectari
492 803 655 839 potuerunt?

68 852 157 885 Quod
172 853 201 879 si
217 852 284 879 haec
297 851 331 878 ad
346 850 509 878 sententiam
523 849 573 877 viri
587 849 740 877 doctissimi
754 849 855 876 conﬁr-

33 899 174 926 mandam
189 906 303 933 parum
318 897 410 924 valere
421 897 575 928 videantur,
591 900 666 924 certe
679 895 783 930 reliqua
795 903 855 923 om-

35 945 104 972 nino
124 944 218 971 nihil.
248 943 325 970 Sunt
346 943 420 970 enim
443 946 547 969 tantum
576 941 700 968 virorum
719 948 853 976 quorum-

35 989 114 1021 dam,
129 997 193 1016 non
215 988 330 1022 scripto
343 987 391 1014 sed
406 986 468 1013 viva
484 993 550 1013 voce
562 985 666 1019 prolata
684 985 853 1018 testimonia;

36 1043 98 1070 qtae
129 1038 218 1061 recte
251 1031 526 1067 ἀτωμνημονεύματα
558 1030 694 1058 Eusebius
725 1031 854 1066 appellat,

37 1082 85 1108 lib.
104 1089 134 1113 ν,
147 1088 220 1115 cap.
238 1079 268 1111 8,
288 1078 336 1105 καὶ
354 1077 642 1113 ἀπομνημονευμάτων
665 1076 854 1104 Ἀποστολικοῦ

37 1137 111 1160 τινος
139 1125 362 1163 πρεσϐυτέρου,
388 1121 418 1151 οὗ
444 1123 561 1160 τοῦνομα
588 1125 676 1160 σιωπῇ
702 1124 853 1160 παρέδωκε,

40 1173 235 1209 μνημονεύει.
269 1164 402 1199 Bullinus
425 1170 558 1205 interpres
576 1178 582 1196 :
602 1170 653 1197 Sed
674 1175 699 1197 et
715 1170 855 1205 apostolici

39 1220 192 1254 cujusdam
205 1219 277 1250 viri,
296 1218 373 1249 cuius
394 1225 486 1244 nomen
501 1217 617 1249 reticuit,
631 1217 759 1244 sermonis
778 1217 854 1252 quasi

40 1268 206 1295 memoriter
233 1265 372 1292 meminit.
394 1263 440 1291 Sic
460 1263 543 1290 Marci
563 1262 740 1298 Evangelium
758 1263 854 1291 crede—

40 1315 107 1342 bant
118 1320 241 1341 veteres
258 1311 331 1339 nihil
345 1311 418 1339 aliud
439 1310 524 1338 fuisse
537 1318 619 1345 quam
637 1309 710 1337 Petri
726 1309 854 1346 ἀπομνη-

42 1359 227 1395 μονεύματα.
247 1356 291 1384 Ita
309 1356 408 1391 Papias
423 1356 495 1390 apud
506 1355 622 1387 Euseb.,
634 1355 653 1382 l.
669 1363 710 1389 nt,
726 1363 786 1390 cap.
802 1355 852 1383 59:

41 1406 161 1442 Μάρκος
174 1405 232 1440 μὲν
247 1402 424 1439 ἑρμηνευτὴς
434 1402 537 1438 Πέτρου
547 1402 701 1437 γενόμενος,
711 1401 761 1428 ὅσα
770 1402 855 1437 ἐμνη-

43 1454 191 1487 μὺνευσεν,
213 1449 345 1486 ἀκριϐῶς
361 1448 500 1484 ἔγραψεν;
517 1453 545 1476 et
564 1455 662 1475 rursus
683 1456 691 1474 :
711 1447 791 1474 Ὥστε
808 1447 855 1473 οὐ-

41 1499 85 1525 δὲν
100 1499 222 1534 ἥμαρτε
233 1496 354 1531 Μάρκος
369 1494 456 1526 οὕτως
472 1494 530 1521 ἔνια
549 1494 659 1530 γράψας
674 1493 712 1526 ὡς
733 1494 856 1529 ἀπεμνη-

44 1546 179 1580 μόνευσε.
195 1542 234 1570 Ut
248 1541 349 1577 Cynici
368 1540 509 1576 cujusdam
518 1540 600 1568 verba
610 1540 643 1567 de
659 1538 807 1575 Peregrino
821 1547 855 1567 ex

44 1590 186 1618 memoria
201 1588 328 1616 recitare
337 1594 367 1614 se
375 1587 491 1614 ﬁdeliter
499 1586 642 1620 proﬁtetur
650 1584 856 1618 Lucianus,-ua.l.

44 1636 81 1667 ὡς
96 1635 134 1663 ἂν
151 1632 216 1666 οἷός
233 1642 267 1661 τε
290 1629 313 1659 ὦ
339 1631 506 1668 πειράσομαί
531 1640 572 1658 σοι
594 1630 664 1659 αὐτὰ
684 1631 775 1658 ἐκεῖνα.
790 1631 858 1658 ἀπο-

48 1680 250 1717 μνημονεῦσαι
267 1679 308 1710 ὡς
324 1678 442 1711 ἐλέγετο.
461 1678 507 1704 Sic
523 1677 606 1712 igitur
616 1675 736 1704 lrenazus
751 1676 799 1704 lib.
818 1683 856 1708 tv,

47 1736 97 1763 cap
113 1728 133 1755 5
153 1737 161 1754 :
182 1725 424 1759 Quemadmodum
437 1724 529 1751 audivi
542 1722 683 1759 aquodam
694 1722 856 1758 presbytero,

49 1776 93 1810 qui
105 1775 244 1801 audierat
260 1772 295 1799 ab
313 1772 354 1799 his
371 1772 416 1806 qui
432 1771 565 1806 apostolos
577 1770 708 1802 viderant,
723 1774 748 1797 et
766 1770 798 1797 ab
815 1770 857 1797 his

48 1823 94 1856 qui
105 1822 284 1848 didicerant.
295 1818 350 1846 Ubi
364 1818 508 1854 diligenter
522 1816 724 1844 observandum
742 1821 785 1844 est
799 1816 856 1843 lre-

53 1876 143 1895 meum
164 1867 215 1894 hic
236 1866 322 1901 plane
343 1864 456 1900 Papiam
477 1863 563 1891 fuisse
587 1862 736 1895 imitatum,
764 1869 780 1890 a
801 1869 857 1897 quo

54 1913 219 1941 doctrinam
232 1911 311 1939 mille
323 1918 461 1938 annorum
475 1909 597 1945 accepit;
615 1910 655 1937 sic
669 1909 743 1936 enim
759 1907 857 1943 Papias

53 1966 86 1986 ea
104 1958 256 1986 memoria)
271 1956 413 1984 mandavit
435 1962 496 1991 qua:
518 1963 534 1983 a
551 1954 690 1982 veteribus
710 1953 763 1981 hoc
776 1953 858 1981 modo

56 2005 208 2038 didicerat,
222 2008 255 2031 ut
268 2003 328 2038 ipse
342 2003 376 2030 de
388 2009 418 2030 se
428 2005 564 2029 testatur:
579 2001 611 2027 El
623 2000 653 2027 δέ
663 2009 714 2027 που
729 2000 776 2027 καὶ
786 2008 858 2037 παρ-

56 2051 257 2087 nmio-obnxii);
273 2058 317 2081 τις
332 2049 389 2080 τοῖς
406 2047 601 2084 πρεσϐυτέροις
617 2047 699 2078 ἔλθοι,
725 2047 789 2078 τοὺς
804 2045 859 2073 τῶν

59 2096 262 2133 πρεσδυτέρων
287 2094 429 2130 ἀνέκρινον
453 2092 560 2127 λόγους,
585 2092 613 2119 τί
628 2091 767 2127 ’Δνδρέας,
791 2090 808 2126 ἢ
831 2091 859 2117 τί

58 2144 165 2178 Πέτρος
181 2140 275 2172 εἶπεν,
292 2140 309 2175 ἢ
327 2140 354 2166 τί
369 2139 512 2170 Φίλιππος,
529 2139 546 2174 ἢ
562 2137 590 2165 τί
606 2138 718 2174 Θωμᾶς,
732 2138 749 2172 ἢ
767 2136 860 2164 Ἰάκω-

59 2190 116 2222 ϐος,
134 2190 153 2224 ἢ
170 2188 199 2215 τί
223 2187 363 2222 Ἰωάννης,
380 2186 397 2221 ἢ
415 2185 565 2217 Ματθιιῖος,
590 2185 609 2221 ἡ
631 2193 673 2216 τις
696 2183 789 2220 ἓτερος
804 2183 859 2210 τῶν

59 2236 107 2262 τοῦ
124 2234 233 2270 Κυρίου
252 2232 393 2269 μαθητῶν,
411 2231 459 2259 are
481 2230 624 2267 Ἀριστίων
645 2230 692 2256 καὶ
708 2230 722 2256 ὁ
737 2228 859 2265 πρεσϐύ-

908 932 954 959 ἰΙΙο
981 935 1089 959 mortuo
1113 935 1194 959 natus
1216 935 1268 958 est.
1295 929 1423 957 Seniores
1448 929 1552 956 Irenaeo
1577 927 1692 955 recitant

905 977 971 1012 quid
988 977 1165 1009 audiverant;
1185 977 1211 1004 id
1228 976 1349 1012 lgnatius
1368 975 1415 1002 diu
1429 979 1493 1002 ante
1506 974 1601 1002 bestiis
1615 973 1694 1000 obla-

906 1028 951 1051 tus
969 1023 1057 1052 facere
1071 1031 1126 1051 non
1139 1023 1237 1058 potuit.
1251 1022 1362 1049 Frustra
1380 1021 1463 1056 igitur
1479 1028 1541 1048 eum
1567 1020 1637 1047 inter
1650 1026 1692 1046 so-

906 1070 999 1097 niores
1011 1069 1074 1096 illos
1089 1076 1139 1096 sua
1152 1068 1282 1103 suﬁ‘ragia
1294 1067 1451 1094 alivrentem
1464 1073 1582 1101 quaeras.
1599 1064 1694 1092 Senio-

906 1123 951 1144 res
973 1116 1024 1149 illi,
1045 1116 1110 1150 quid
1134 1122 1200 1142 voce
1227 1116 1288 1142 viva
1316 1114 1493 1145 audiverant,
1513 1121 1566 1139 non
1583 1112 1648 1147 quid
1667 1113 1694 1139 in

906 1162 1016 1196 scriptis
1032 1162 1163 1196 legerant,
1180 1164 1379 1193 narraverunt;
1401 1159 1502 1187 frustra
1516 1159 1598 1194 igitur
1610 1158 1693 1185 etiam

906 1208 1070 1236 sententiam
1083 1208 1202 1242 aliquam
1215 1208 1249 1234 ah
1263 1206 1370 1242 lgnatio
1387 1205 1517 1241 scriptam
1534 1205 1569 1232 ab
1581 1205 1635 1232 illis
1644 1211 1694 1232 ex-

906 1259 1023 1288 spectes.
1035 1253 1157 1289 lgnatius
1166 1253 1224 1287 ipse
1232 1253 1265 1279 ad
1275 1252 1377 1280 bestias
1386 1252 1595 1284 condemnatus,
1605 1256 1634 1278 et
1646 1250 1695 1278 Ec-

906 1300 1005 1328 clesias
1016 1300 1043 1327 in
1060 1299 1158 1327 itinere
1171 1298 1350 1331 conﬁrmans,
1362 1307 1416 1325 non
1428 1303 1458 1325 ut
1467 1297 1566 1333 Papias
1579 1297 1695 1333 σμικρὸς

906 1346 945 1373 ῶν
960 1346 1006 1373 τὸν
1023 1346 1096 1378 νοῦν,
1114 1346 1180 1381 quid
1199 1346 1234 1373 ab
1252 1345 1334 1380 hujus
1355 1344 1397 1371 vel
1418 1344 1493 1372 illius
1507 1343 1635 1379 apostoli,
1653 1343 1695 1370 vel

906 1392 1034 1427 discipuli
1047 1399 1096 1419 ore
1109 1391 1150 1418 vel
1167 1391 1225 1426 ipse
1236 1390 1278 1418 vel
1290 1390 1336 1417 alii
1347 1393 1519 1424 acceperant,
1534 1389 1561 1416 in
1572 1389 1696 1424 epistoits

907 1438 1037 1474 scripsit:
1050 1437 1115 1465 hinc
1130 1437 1214 1472 igitur
1225 1436 1315 1471 colligi
1333 1435 1407 1462 nullo
1424 1435 1507 1462 modo
1521 1439 1620 1470 potest.
1635 1435 1696 1469 ejus

906 1484 1036 1520 epistolas
1049 1485 1084 1511 ab
1100 1483 1202 1511 Irenaeo
1216 1482 1321 1510 laudari
1333 1481 1473 1515 debuisse.
1482 1485 1530 1509 aut
1541 1489 1574 1509 eo
1586 1482 1696 1509 nomine

907 1533 960 1568 ipsi
978 1532 1086 1566 ignotas
1098 1530 1110 1558 l'
1111 1531 1194 1558 uisse.

942 1578 1070 1606 Nondum
1087 1578 1170 1613 igitur
1188 1584 1229 1604 res
1253 1576 1320 1603 satis
1337 1575 1458 1610 confecta
1478 1574 1563 1601 videri
1584 1573 1695 1606 debuit,

908 1625 955 1653 sed
966 1633 1026 1652 eam
1043 1623 1127 1652 multo
1142 1623 1303 1650 luculentius
1317 1630 1350 1649 ea;
1363 1621 1478 1657 quodam
1487 1619 1605 1655 ejusdem
1621 1618 1695 1647 Scri-

906 1671 991 1707 ptoris
1007 1671 1063 1697 loco
1076 1669 1193 1705 probare
1207 1676 1236 1696 se
1249 1676 1330 1704 posse
1343 1671 1422 1703 putat
1439 1667 1480 1694 vir
1498 1665 1675 1693 doctissimus
1687 1674 1695 1697 ;

907 1715 964 1748 illo,
985 1714 1090 1742 scilicet
1104 1720 1160 1748 quo
1174 1713 1207 1740 ad
1221 1712 1358 1740 Ecclesias
1370 1712 1439 1739 duas
1452 1710 1581 1745 epistolas
1593 1717 1697 1736 memo-

907 1766 960 1794 rat,
977 1769 1059 1788 unam
1073 1760 1222 1788 Clementis
1241 1760 1275 1786 ad
1298 1759 1467 1789 Corinthios,
1486 1757 1599 1784 alteram
1616 1755 1698 1792 Poly-

907 1807 983 1842 earpi
1008 1807 1041 1834 ad
1065 1806 1266 1841 Philippenses.
1290 1804 1381 1838 Quare
1399 1803 1442 1830 hic
1456 1807 1544 1838 rogat,
1563 1810 1621 1835 cur,
1635 1802 1659 1830 si
1672 1802 1697 1829 ei

908 1858 984 1881 notus
998 1858 1056 1880 erat
1073 1858 1162 1879 noster
1178 1851 1312 1887 Ignatias,
1327 1849 1402 1877 illius
1413 1849 1471 1876 loco
1483 1854 1539 1876 tam
1549 1852 1697 1883 opportuno

909 1906 1013 1936 tamque
1041 1900 1190 1927 necessario
1217 1898 1307 1925 nullus
1332 1896 1506 1924 meminerit!
1525 1895 1699 1930 Respondeat

908 1955 963 1975 non
980 1951 1035 1974 tam
1052 1954 1102 1981 pro
1121 1945 1201 1974 nobis
1220 1951 1302 1980 quam
1323 1950 1372 1979 pro
1388 1943 1480 1978 seipse
1495 1942 1551 1976 iam
1568 1941 1697 1969 lrenaens.

908 1992 963 2020 Nos
981 1992 1053 2020 enim
1067 1991 1154 2018 multo
1168 1991 1282 2018 tutiores
1302 1996 1398 2017 sumus
1416 1995 1432 2015 a
1446 1987 1537 2015 Dallaei
1554 1988 1695 2022 conjectu-

908 2039 958 2070 ris,
973 2045 1056 2073 quam
1069 2036 1098 2065 S.
1115 2036 1234 2064 [remeas
1253 2036 1288 2064 ab
1302 2035 1425 2071 ejusdem
1438 2041 1565 2062 censura.
1583 2033 1630 2060 Sic
1644 2033 1698 2068 igi-

908 2089 954 2112 tur
971 2085 1015 2112 ille
1025 2085 1073 2112 lib.
1093 2092 1134 2115 nt,
1151 2091 1212 2119 cap.
1229 2083 1246 2110 3
1263 2092 1270 2110 :
1286 2081 1467 2109 Traditionem
1488 2081 1579 2116 itaque
1594 2085 1698 2115 aposto-

910 2130 997 2157 lorum
1012 2129 1039 2156 in
1050 2133 1104 2156 toto
1118 2128 1216 2155 mundo
1229 2128 1438 2162 manifestatam,
1454 2127 1482 2153 in
1497 2127 1569 2153 omni
1579 2125 1698 2153 Ecclesia

910 2176 984 2203 adest
1003 2176 1147 2211 perspicere
1169 2174 1289 2201 omnibus
1311 2174 1356 2209 qui
1372 2181 1431 2200 vera
1445 2173 1524 2200 velint
1538 2172 1648 2203 audire;
1672 2176 1697 2198 ct

910 2222 1035 2249 habemus
1055 2229 1229 2248 annumerare
1251 2228 1294 2247 eos
1316 2220 1361 2255 qui
1380 2220 1412 2246 ab
1435 2218 1561 2254 apostolis
1582 2217 1697 2245 instituti

60 2288 141 2317 τερος
162 2266 294 2314 imm];
310 2266 335 2304 οἱ
351 2276 398 2304 τοῦ
414 2266 519 2313 Κυρίου
536 2275 655 2312 μαθηταὶ
671 2276 795 2310 λέγουσιν

963 2268 1096 2304 tepiscopi
1113 2267 1141 2294 in
1155 2266 1282 2300 ccclesiis,
1297 2271 1322 2293 et
1338 2273 1498 2292 successores
1513 2271 1604 2291 eorum
1618 2271 1698 2298 usque

61 2328 118 2363 γὰρ
134 2326 170 2353 τὰ
188 2327 223 2353 ἑκ
237 2325 293 2352 τῶν
311 2324 422 2360 βιϐλίων
442 2323 568 2351 τοσοῦτόν
594 2332 628 2359 με
654 2322 768 2357 ὠφελεῖν
789 2322 859 2348 ἀπε-

60 2373 217 2409 λάμϐανον,
241 2372 306 2399 ὅσον
329 2371 362 2398 τὰ
384 2369 462 2406 παρὰ
484 2369 574 2405 ζώσης
591 2368 684 2404 φωνῆς
701 2368 746 2395 καὶ
764 2367 860 2404 μενού-

64 2429 126 2455 σης.
145 2418 225 2452 Quod
239 2418 265 2445 si
277 2417 336 2452 quis
350 2417 485 2444 interdum
499 2416 564 2443 mihi
578 2415 732 2442 occurrebat
746 2415 791 2450 qui
802 2423 862 2441 cum

63 2466 217 2493 senioribus
232 2468 353 2492 versatus
371 2463 476 2498 fuisset,
489 2470 522 2490 ea:
539 2470 568 2489 ea
583 2463 686 2489 curiose
704 2461 863 2488 sciscitabar

62 2520 190 2544 «mus
210 2515 297 2538 essent
315 2510 449 2536 seniorum
466 2509 538 2535 dicta
553 2516 564 2536 .'
574 2508 640 2544 quid
654 2507 785 2538 Andreas,
798 2507 861 2543 quid

67 2560 175 2592 Petrus,
188 2559 254 2594 quid
267 2557 420 2592 Philippus,
434 2555 499 2591 quid
516 2554 642 2587 Thomas,
658 2554 722 2590 quid
732 2553 861 2586 Iacobus,

64 2603 130 2637 quid
140 2602 271 2634 Joannes,
284 2601 348 2637 quid
361 2599 520 2630 Hau/was,
531 2598 595 2634 quid
605 2598 695 2626 ca’teri
704 2597 814 2624 Domini
824 2597 864 2624 di-

70 2650 163 2685 ἐἰραιί
169 2650 257 2676 dicere
265 2648 340 2676 soliti
345 2651 442 2678 essent,
449 2644 703 2682 quidnantAristion
713 2648 739 2671 et
745 2643 862 2670 Joannes

66 2696 202 2732 prabyter
215 2694 343 2731 discipuli
360 2693 470 2721 Domini
485 2692 629 2719 traderent.
646 2690 737 2727 Neque
749 2691 819 2718 enim
829 2697 862 2717 ea:

67 2743 197 2770 librorum
212 2742 325 2770 lectione
336 2745 442 2767 tantam
458 2746 498 2766 me
512 2738 656 2765 utilitatem
679 2745 771 2772 capere
788 2744 864 2771 posse

66 2789 261 2822 existimabam,
278 2791 412 2823 quantum
431 2792 465 2812 ea:
480 2784 616 2811 hominum
631 2783 718 2810 adhuc
736 2782 864 2817 supersti-

68 2840 123 2862 tut
135 2836 192 2863 sica
204 2843 276 2862 voce.
294 2831 430 2867 Quaesivit
438 2830 540 2866 Papias
550 2838 564 2857 a
577 2829 732 2858 senioribus
746 2828 812 2864 quid
826 2827 863 2855 illi

69 2883 104 2909 ab
123 2882 255 2917 apostolis
270 2884 322 2908 aut
338 2878 487 2913 discipulis
506 2877 677 2908 audiverant,
705 2880 733 2903 et
752 2881 814 2910 quae
830 2874 865 2901 ab

73 2928 121 2957 'llis
134 2931 279 2958 acceperat
291 2925 418 2956 scribsit.
434 2924 481 2952 καὶ
498 2922 580 2955 οὕτω.
596 2923 692 2955 inquit,
709 2922 724 2948 ὁ
741 2919 862 2953 πρεσεύ-

911 2316 945 2343 ad
961 2323 1007 2342 nos
1020 2333 1028 2347 ,
1045 2314 1090 2350 qui
1104 2313 1170 2340 nihil
1181 2313 1235 2340 tale
1244 2313 1401 2343 docuerunt,
1417 2319 1499 2346 neque
1512 2313 1698 2345 cognouerunt.

911 2361 989 2397 quale
1012 2361 1044 2388 ab
1068 2361 1106 2388 eis
1134 2359 1275 2387 deliratur.
1297 2358 1420 2386 Traditio
1445 2358 1527 2392 igitur
1547 2356 1698 2383 secundum

911 2408 1044 2437 irenzeum
1058 2412 1118 2435 erat
1130 2407 1156 2434 in
1167 2407 1242 2434 omni
1257 2405 1378 2433 Ecclesia
1391 2404 1525 2436 Romana,
1536 2402 1698 2430 Alexandri-

912 2462 958 2487 na,
974 2453 1155 2485 Antiochena,
1168 2451 1427 2487 Hierosolymitaua,
1441 2448 1621 2484 reliquisque,
1634 2451 1662 2474 et
1676 2447 1698 2474 si

913 2499 1061 2532 voluisset,
1087 2501 1194 2534 poterat
1218 2503 1364 2524 numerare
1385 2502 1481 2522 omnes
1496 2494 1642 2530 episcopos
1665 2493 1699 2520 ab

913 2546 1046 2582 apostolis
1077 2545 1227 2577 institutos,
1251 2551 1317 2579 quos
1340 2548 1502 2570 successores
1526 2540 1699 2575 reliquerant,

913 2601 990 2620 suum
1009 2592 1126 2627 ipsorum
1140 2591 1225 2618 locum
1237 2589 1383 2625 magisterii
1397 2588 1542 2619 tradentes,
1559 2591 1588 2613 et
1603 2593 1698 2614 eorum

913 2639 995 2668 etiam
1011 2645 1194 2666 successores.
1212 2635 1264 2663 Sed
1274 2635 1411 2671 quoniam,
1434 2633 1533 2668 inquit,
1547 2632 1575 2659 in
1592 2631 1639 2659 hoc
1652 2631 1700 2657 tali

913 2686 1044 2714 columine
1056 2684 1162 2719 longum
1174 2687 1212 2710 est
1224 2681 1340 2708 omnium
1357 2679 1536 2707 Ecclesiarum
1547 2685 1700 2704 enumerare

914 2732 1088 2759 successiones
1100 2737 1110 2762 ;
1122 2729 1257 2760 maxime,
1271 2733 1297 2754 et
1311 2726 1436 2760 antiqute,
1445 2728 1470 2751 et
1481 2723 1601 2750 omnibus
1610 2723 1700 2757 cogni-

892 2781 894 2783 ’
915 2786 959 2814 ιω,
975 2789 992 2807 ιι
1007 2778 1205 2815 gloriosissimis
1216 2776 1318 2803 duobus
1337 2774 1466 2809 apo.~~tolis
1483 2772 1562 2800 Petro
1573 2776 1597 2798 et
1613 2769 1700 2797 Paulo

914 2827 1004 2855 Romae
1020 2824 1138 2861 fundata:
1149 2827 1174 2851 et
1189 2822 1340 2850 constitute
1350 2819 1476 2848 Ecclesia:
1487 2826 1546 2846 eam
1560 2824 1640 2852 quam
1651 2815 1700 2841 ha-

915 2874 956 2901 bet
965 2873 996 2900 ab
1011 2877 1137 2907 apostolis
1148 2869 1315 2897 traditionem
1324 2872 1349 2895 at
1357 2866 1542 2894 annunlintam
1552 2861 1700 2890 hominibus

917 2920 1004 2949 fidem.
1017 2926 1062 2946 aer
1076 2916 1248 2945 successiones
1259 2915 1438 2950 episcoporum
1451 2909 1639 2940 oervenieutem
1657 2915 1697 2934 usa
