1866 3073
166 201 168 203 _
195 166 244 194 εστ

696 164 729 192 S.
748 163 924 194 lGNA'I‘lUS.
944 179 979 187 ο·-
997 163 1266 192 PROLECOMENA.

1790 159 1844 187 163

193 233 243 260 qu
255 225 290 252 ad
303 233 350 252 nos
364 225 524 258 indicantes,
538 223 727 257 canfuntlimu's
738 233 828 252 omnes
842 234 897 253 eos.
910 224 987 252 Tunc
1002 227 1025 254 Α
1039 224 1134 252 eadem
1153 232 1216 251 cum
1232 222 1363 250 Romanis
1377 221 1562 256 praedicasset.
1584 220 1660 255 quod
1681 219 1795 247 multus
1810 227 1846 246 ex

195 271 266 298 inter
281 271 351 299 alios
374 271 467 299 Romae
482 271 627 307 episeopos
647 271 815 299 Clementem
832 275 986 304 enumerat,

194 317 240 351 qui
257 320 282 343 et
301 316 366 343 vidit
384 317 454 351 ipsos
475 317 608 351 apostolos
621 321 646 344 et
658 317 769 344 contulit
782 325 842 344 rum
856 318 906 349 eis.
926 325 986 344 cum

194 361 282 388 adhuc
294 361 460 388 insonantem
471 362 688 396 praedicationem
699 362 880 397 apostolorum
891 368 915 390 et
930 367 987 390 tra-

193 407 319 434 ditionem
349 414 409 436 ante
433 407 523 435 oculos
539 408 655 438 haberet.
674 409 813 443 traditque
827 407 921 436 Romae
935 408 987 436 Ec-

195 457 308 480 clesiam
328 453 380 480 sub
392 454 445 480 hoc
456 453 605 487 Clemente,
627 454 772 490 scripsisse
791 455 935 490 epistolam
952 455 986 482 ad

195 497 365 531 Corinthios,
381 498 416 525 ad
428 506 520 532 pacem
533 507 577 526 eos
591 504 803 535 congregantem,
818 504 844 527 et
860 507 988 535 reparan-

198 549 251 572 tem
264 543 343 579 ﬁdem
354 552 456 577 eorum,
469 550 494 571 et
506 546 710 573 annuntiantem
723 554 803 581 quam
815 546 847 572 ab
858 546 987 581 apostolis

196 595 328 625 receperat
344 591 527 618 traditionem.
545 592 669 620 Meminit
691 593 774 628 igitur
791 592 940 621 Clementis
959 600 987 621 et

195 638 320 673 epistola:
336 638 387 666 sub
404 638 465 674 ejus
478 639 637 674 pontiﬁcatu
657 640 778 675 scriptae,
792 648 879 675 quare
891 648 946 668 non
959 645 987 668 et

197 683 316 720 lgnatii?
333 685 485 719 respondeo
501 685 565 720 quia
587 684 710 720 Ignatius
727 685 823 713 Romae
837 686 986 721 episcopus

196 738 337 765 nunquam
357 730 421 764 l'uit,
449 731 501 758 sub
511 738 544 758 eo
566 730 686 759 Ecclesia
708 731 833 759 Romana
854 731 986 767 epistolas

196 776 318 803 scribere
332 783 387 803 non
404 777 503 811 potuit.
520 776 621 804 Statuit
634 781 726 804 autem
744 777 862 805 Irenaeus
879 778 913 806 de
927 783 984 806 tra-

196 822 301 850 ditione
315 823 348 850 ad
366 822 519 850 Romanam
537 823 686 851 Ecclesiam
704 824 860 859 pertinente
877 829 985 853 tantum

196 869 284 904 loqui.
300 867 404 896 Inerter
417 877 449 896 ac
463 869 607 905 ﬂagitiose,
627 869 699 898 dicet
722 869 839 898 Dallaaus
858 870 984 899 fortasse.

1038 264 1184 302 liazreticis,
1199 274 1294 297 ccutra
1310 276 1381 304 quos
1393 268 1420 295 lii
1435 268 1498 295 libri
1513 268 1618 294 exarati
1634 272 1704 294 sunt
1715 287 1723 298 .
1743 266 1781 293 ad
1799 274 1848 293 ca-

1037 316 1168 344 tholicam
1188 316 1267 343 Iidem
1285 315 1378 342 Roma:
1389 314 1566 347 converterit,
1583 318 1611 341 ct
1629 313 1776 340 Romam:
1797 312 1849 339 Ec-

1037 361 1128 390 clesia:
1140 361 1369 394 reconciliaverit,
1381 361 1454 396 quod
1469 360 1533 395 quid
1551 360 1580 387 S.
1596 359 1727 386 Joannes
1742 358 1781 386 de
1795 358 1849 385 Ce-

1037 408 1132 436 rintho
1143 408 1271 440 senserit.
1284 407 1350 443 quid
1363 407 1422 443 ipse
1439 407 1472 435 de
1486 406 1635 440 Marcione,
1651 410 1785 434 testatus
1799 405 1847 434 sit.

1038 453 1143 481 Horum
1152 461 1216 482 vero
1224 453 1332 481 nihilde
1338 452 1501 489 lgnatiodici
1511 452 1609 487 potuit.
1621 451 1768 486 Epistolas
1780 451 1846 485 qui-

1038 501 1100 529 dem
1113 501 1174 536 ejus
1186 501 1277 529 obiter
1287 500 1425 533 meminit,
1441 500 1488 528 sed
1502 507 1536 527 ne
1553 498 1589 534 μῦ
1599 506 1633 526 ex
1641 497 1690 526 illa
1706 498 1847 530 adducit;

1037 555 1072 576 ne
1081 547 1108 575 id
1128 547 1238 582 quidem
1257 547 1324 575 dicit
1341 554 1402 575 eam
1416 546 1557 574 continere
1566 545 1696 572 eamdem
1708 544 1846 572 traditio-

1039 601 1102 620 nem
1120 601 1182 628 qua:
1197 593 1223 620 in
1249 592 1372 620 Romana
1401 591 1523 619 Ecclesia
1554 590 1685 618 obtinuit.
1710 589 1849 625 Polycar-

1037 646 1101 674 pum
1119 638 1209 673 itaque
1222 639 1282 666 ideo
1296 643 1401 666 tantum
1416 637 1521 669 citavit,
1531 637 1604 672 quod
1622 636 1730 664 Romae
1745 636 1845 663 eadem

1037 693 1100 712 cum
1116 684 1238 713 Romana
1254 684 1376 713 Ecclesia
1390 685 1525 717 docuerit,
1534 688 1562 711 et
1576 683 1726 711 haereticis
1740 683 1845 710 ibidem

1038 732 1176 759 restiterit.
1190 731 1245 759 Nec
1259 736 1318 759 crat
1334 731 1472 766 utriusque
1487 729 1643 757 nominandi
1654 737 1715 764 par
1734 729 1822 756 ratio.

1072 778 1150 811 Quod
1164 778 1240 805 addit
1251 778 1294 805 vir
1303 777 1492 808 doctissimus,
1512 776 1643 803 [renatum
1663 776 1698 802 in
1723 775 1845 810 epistola

1036 824 1070 852 ad
1085 823 1227 851 Florinum
1244 823 1386 859 Polyearpi
1402 822 1568 850 mentionem
1587 821 1701 855 fecisse,
1723 829 1784 849 non
1797 830 1845 847 au-

1039 875 1092 899 tem
1120 871 1228 907 lgnatii.
1251 871 1331 906 cujus
1354 869 1476 904 epistola:
1500 869 1584 896 multa
1606 872 1711 895 contra
1738 867 1844 894 Florini

197 914 279 942 Certe
295 915 332 942 ita
350 914 414 943 fecit
432 915 561 948 Irenaeus,
573 921 600 943 et
612 923 663 944 cur
675 916 716 944 sic
730 921 922 952 argumentum
938 917 988 944 ad-
1003 913 1025 941 Β
1039 916 1238 951 blasphemiam
1258 916 1412 948 continent,
1428 914 1454 941 id
1467 914 1580 942 omnino
1592 914 1648 940 vim
1662 913 1782 940 trullam
1798 913 1845 939 ha-

196 969 293 989 versus
324 961 470 990 hazreticos
500 962 666 996 institueret,
696 963 830 991 rationem
859 963 986 997 reddidit,

196 1007 269 1042 quod
282 1013 389 1042 propter
402 1009 577 1042 potentiorem
594 1008 668 1037 illius
686 1008 816 1037 Ecclesiae
829 1010 982 1045 principali-

197 1057 289 1087 tatem,
303 1054 364 1088 ejus
378 1054 464 1082 solius
481 1054 592 1082 traditio
604 1062 702 1082 omnes
714 1055 858 1083 haereticos
871 1055 989 1083 confun-

196 1100 283 1127 deret.
299 1099 365 1133 Quae
389 1100 499 1134 quidem
522 1100 594 1127 ratio
614 1100 757 1133 Irenaeum,
776 1101 829 1129 etsi
848 1101 944 1136 lgnatii
956 1109 989 1129 eo

196 1146 250 1173 loci
272 1154 328 1174 non
344 1146 511 1179 meminerit,
527 1147 597 1181 apud
611 1154 653 1174 me
670 1146 876 1182 ﬁagitiosissimi
887 1147 988 1175 silentii

196 1192 314 1220 crimine
322 1192 459 1225 absolvit;
475 1192 595 1220 viderint
616 1192 745 1221 Dallaaani
759 1193 783 1221 si
801 1193 891 1221 adhuc
910 1201 987 1221 reum

199 1242 321 1266 teneant.
335 1238 371 1265 At
386 1243 484 1273 praeter
498 1238 665 1266 Clementem
678 1239 761 1266 etiam
776 1238 918 1275 Polycarpi
931 1247 988 1267 me-

198 1284 279 1311 minit
289 1284 467 1319 epistolzeque
480 1284 540 1320 ejus
555 1284 590 1312 ad
606 1284 796 1320 Philippenses
812 1294 820 1313 :
836 1293 923 1320 quare
935 1285 987 1321 igi-

198 1333 244 1357 tur
265 1338 319 1357 non
339 1334 368 1357 et
387 1330 494 1365 lgriutii,
511 1330 663 1366 Polycarpo
679 1331 808 1364 senioris,
823 1331 905 1365 cujus
927 1331 987 1366 epi-

196 1376 275 1406 stolae
290 1376 329 1404 illi
351 1376 385 1404 ad
399 1376 589 1412 Philippenses
605 1381 685 1404 erant
706 1376 863 1411 adjuncta?
885 1375 988 1404 Hemo-

196 1422 277 1449 randi
298 1426 368 1449 certe
392 1423 462 1449 ratio
482 1422 620 1458 utriusque
640 1431 691 1458 par
709 1427 778 1456 erat,
804 1421 906 1458 lgnatii
928 1430 989 1450 vero

196 1468 278 1495 etiam
305 1468 404 1502 potior.
438 1467 602 1503 Priusquam
634 1468 788 1503 respondeo
813 1468 848 1496 de
873 1468 987 1501 lrenao,

196 1521 292 1549 quaero
322 1514 424 1549 pariter
449 1514 485 1541 de
511 1513 690 1542 Tertulliano.
708 1514 861 1548 Concedes,
878 1514 988 1550 opinor,

197 1568 261 1588 eum
276 1560 346 1588 bene
363 1559 485 1593 novisse,
499 1559 635 1596 lgnatium
647 1560 734 1588 fuisse
750 1559 882 1589 Ecclesia:
892 1561 989 1589 Antio-

196 1606 292 1633 chense
322 1591 482 1641 episcopum
512 1591 545 1633 et
576 1606 612 1633 ab
645 1606 780 1641 apostolis
810 1607 986 1641 ordinatum,
1000 1591 1022 1620 θ

197 1651 306 1679 otiamsi
327 1651 459 1685 epistolas
479 1650 541 1686 ejus
558 1651 703 1687 ignorasse
715 1656 805 1686 putes.
822 1652 921 1685 Quaero
935 1653 987 1689 igi-

197 1701 243 1724 tur
264 1705 327 1725 cum
350 1696 489 1726 Ecclesias
511 1698 680 1733 apostolicas
694 1703 842 1731 memorat,
859 1697 897 1725 De
919 1707 988 1734 prte-

198 1744 341 1778 scriptione
357 1744 551 1778 Iucreticorum,
564 1752 625 1780 cap.
641 1745 687 1778 32,
703 1753 754 1773 cur
765 1744 861 1780 lgnatii
877 1750 923 1772 aut
934 1745 987 1773 Ec-

197 1790 288 1818 clesiae
300 1790 479 1819 Antiochense
490 1798 545 1819 non
558 1791 702 1820 meminit?
717 1792 776 1819 Hoc
787 1792 875 1826 modo,
887 1793 987 1828 inquit,

199 1836 326 1864 Ecclesia
354 1837 511 1872 apostolica:
539 1846 634 1865 census
663 1846 724 1866 suos
751 1838 892 1873 deferunt,-
920 1839 989 1866 sicut

199 1881 400 1917 Smyrntcorum
412 1883 534 1911 Ecclesia
546 1883 726 1919 Polycarpum
742 1884 775 1911 ab
787 1884 890 1912 Joanne
906 1884 989 1912 collo-

197 1933 286 1954 catum
301 1929 391 1962 relcrt,
406 1929 476 1956 sicut
487 1928 668 1956 Romanorum
683 1928 841 1956 Clementem
863 1937 880 1956 a
905 1928 989 1956 Petro

198 1972 352 1999 ordinatam
367 1973 471 2002 itidem.
482 1973 591 2001 Nullam
603 1974 685 2002 aliam
699 1973 849 2002 l-lcclesiam
861 1975 990 2009 apostoli-

197 2025 260 2044 cam
278 2018 440 2046 nominavit.
457 2018 548 2052 Quid?
559 2027 656 2052 nonne
670 2020 748 2047 novit
762 2019 896 2056 lgnatium
908 2019 988 2056 Poly-

1039 964 1095 991 bet.
1109 963 1282 998 Blasphemia
1293 969 1377 997 quam
1394 966 1460 989 tunc
1477 960 1608 996 temporis
1626 960 1769 987 tuebatur
1784 960 1844 987 Flo-

1039 1010 1128 1042 rinus,
1142 1009 1192 1044 ipsi
1206 1009 1353 1044 peculiaris
1369 1007 1432 1039 fuit.
1447 1012 1541 1042 utpote
1555 1015 1638 1042 quam
1651 1006 1843 1041 haereticiqui

1039 1059 1116 1083 extra
1130 1054 1280 1082 Ecclesiam
1297 1058 1385 1087 erant.
1398 1060 1539 1088 nunquam
1555 1052 1677 1088 proﬁteri
1693 1054 1762 1080 ausi
1776 1053 1842 1080 sint.

1039 1103 1137 1131 Postea
1156 1102 1278 1138 quidem,
1293 1106 1364 1129 teste
1380 1100 1511 1134 Eusebio,
1530 1100 1647 1128 descivit
1662 1099 1702 1127 ad
1719 1100 1844 1127 Valenti-

1039 1150 1147 1177 nianos.
1162 1148 1284 1184 Epistola
1295 1152 1386 1175 autem
1399 1146 1492 1174 lremei
1507 1146 1706 1173 tantummodo
1723 1154 1779 1180 pro
1796 1154 1840 1173 ar—

1039 1199 1170 1230 gumento
1195 1194 1300 1226 habuit,
1329 1193 1401 1229 quod
1424 1192 1495 1220 Deus
1514 1200 1565 1218 non
1579 1191 1614 1218 sit
1635 1197 1741 1218 auctor
1755 1191 1843 1218 malo—

1039 1248 1099 1266 rum
1111 1239 1132 1273 ",
1145 1247 1208 1266 nam
1221 1239 1284 1266 licet
1299 1238 1368 1266 alter
1382 1237 1479 1265 titulus
1489 1236 1558 1273 Περὶ
1575 1236 1736 1272 μοναρχίας
1748 1241 1842 1264 osten-

1039 1285 1104 1313 dere
1123 1285 1249 1313 vidcatur
1267 1284 1409 1312 Florinum
1427 1283 1483 1310 duo
1499 1282 1632 1318 principia
1652 1282 1804 1309 invexisse
1818 1287 1842 1308 ει

1039 1330 1186 1359 Marcionis
1211 1337 1245 1358 ac
1261 1329 1397 1357 Cerdonis
1425 1327 1600 1363 dogmatibus
1617 1327 1792 1359 adhaesisse,
1814 1332 1842 1353 ut

1039 1377 1169 1405 observat
1182 1376 1360 1404 doctissimus
1374 1375 1518 1408 Valesius;
1530 1378 1620 1401 tamen
1634 1381 1702 1401 cum
1716 1373 1840 1400 Irenqu

1040 1423 1099 1458 ipse
1111 1423 1236 1457 dogmata
1250 1421 1353 1453 Elorini
1372 1426 1479 1449 asserat
1493 1421 1528 1448 ab
1539 1419 1678 1448 haereticis
1689 1427 1838 1454 nunquam

1039 1469 1126 1497 fuisse
1145 1468 1256 1501 tradita,
1279 1472 1306 1495 et
1328 1467 1463 1495 Eusebius
1477 1466 1571 1498 addat.
1596 1464 1705 1500 ταύτης
1723 1464 1783 1500 γάρ
1798 1473 1838 1490 τοι

1038 1515 1089 1551 τῆς
1104 1514 1228 1550 γνώμης,
1244 1510 1321 1546 οὗτος
1338 1513 1425 1540 ἐδόκει
1441 1511 1631 1549 προασπίζειν,
1650 1511 1767 1538 videtur
1783 1511 1838 1538 Ire-

1039 1568 1116 1588 uaaus
1131 1559 1164 1588 de
1183 1559 1229 1587 illa
1243 1567 1272 1587 re
1288 1563 1316 1586 ta
1338 1566 1396 1587 sum
1409 1558 1564 1594 disputasse
1585 1557 1726 1585 adversus
1747 1556 1838 1583 Flori-

1041 1613 1107 1633 num
1123 1615 1131 1633 :
1150 1615 1160 1632 ι
1173 1605 1226 1639 An,
1241 1604 1355 1636 scilicet.
1372 1605 1445 1631 Deus
1462 1608 1558 1631 auctor
1571 1608 1643 1631 esset
1658 1603 1814 1630 malorum.
1827 1611 1836 1627 ι

1038 1653 1074 1680 At
1083 1660 1165 1688 quam
1174 1652 1382 1687 multa,qu:eso,
1392 1651 1427 1678 ad
1436 1651 1636 1686 blasphemiam
1653 1650 1680 1678 in
1699 1658 1734 1678 ea
1746 1658 1778 1678 re
1791 1658 1836 1677 re-

1038 1699 1205 1727 tundendam
1214 1702 1368 1734 opportuna
1379 1698 1501 1733 epistola:
1511 1697 1605 1732 Ignalii
1615 1697 1764 1725 continent
1771 1697 1784 1723 ‘!
1792 1702 1837 1724 aut

1038 1747 1062 1776 si
1081 1747 1265 1780 continerent,
1281 1746 1353 1773 unde
1365 1746 1458 1773 liceret
1470 1745 1598 1780 colligere
1619 1744 1779 1772 sententias
1803 1752 1837 1771 ex

1039 1794 1074 1822 iis
1088 1793 1123 1821 ad
1135 1792 1313 1820 refellendum
1327 1791 1465 1819 Florinum
1478 1798 1623 1825 excerpere
1632 1790 1762 1817 voluisse
1781 1789 1837 1817 lrc-

1038 1839 1145 1868 ηειυωῖ
1158 1838 1239 1866 Certe
1256 1839 1290 1866 ab
1304 1838 1430 1873 exemplo
1442 1837 1583 1873 Polycarpi
1604 1837 1657 1864 hoc
1676 1837 1760 1864 nullo
1777 1845 1836 1863 mo-

1038 1884 1074 1912 do
1094 1883 1228 1920 sequitur.
1244 1883 1337 1911 lnnuit
1358 1882 1469 1919 quidem
1489 1890 1553 1910 eum
1582 1882 1676 1917 plures
1699 1882 1836 1917 epistolas

1039 1930 1195 1966 scripsisse,
1219 1937 1254 1958 no
1279 1937 1363 1958 unam
1391 1938 1426 1958 ex
1453 1937 1548 1957 earum
1580 1929 1634 1956 ulla
1664 1929 1835 1956 sententiam

1039 1976 1160 2004 adducit.
1172 1977 1263 2011 ipsum
1280 1975 1415 2009 nominat,
1428 1976 1476 2003 sed
1487 1983 1521 2003 eo
1536 1975 1597 2003 loco
1607 1983 1664 2010 quo
1675 1975 1835 2011 πεφεισμέ-

1038 2030 1101 2055 νως,
1117 2030 1196 2057 parce
1214 2029 1247 2049 ac
1266 2021 1357 2048 leviter
1372 2029 1435 2049 cum
1452 2020 1565 2048 Floriuo
1579 2021 1645 2056 agit,
1661 2027 1724 2055 quo
1741 2027 1835 2049 osten-

198 2070 283 2098 carpo
305 2063 392 2092 fuisse
410 2065 567 2094 seniorem?
582 2073 674 2093 nonne
693 2066 864 2094 existimavit
886 2065 916 2094 S.
937 2065 989 2095 Pe-
1037 2068 1079 2097 dit
1098 2068 1222 2096 seniores
1240 2068 1287 2103 qui
1303 2075 1368 2096 cum
1384 2068 1514 2104 apostolis
1537 2068 1636 2096 versati
1659 2074 1741 2101 sunt,
1769 2069 1834 2096 nihil

198 2114 272 2136 trum
292 2107 378 2137 fuisse
394 2110 548 2138 Antiochize
569 2111 646 2146 prius
661 2119 744 2147 quam
763 2111 875 2140 Romae?
897 2112 988 2146 Quare
1037 2115 1093 2155 tale
1117 2122 1182 2142 eum
1207 2114 1345 2142 docuisse.
1369 2114 1471 2142 Eorum
1496 2114 1636 2150 aliquibus
1662 2114 1832 2143 familiarem

199 2156 282 2191 igitur
300 2155 500 2183 Antiochenam
519 2155 670 2185 Ecclesiam
688 2162 716 2185 et
740 2158 902 2194 episcopum
927 2159 988 2194 ejus
1037 2156 1124 2188 iniisse
1147 2159 1288 2187 Florinum
1315 2163 1447 2194 noverat;
1475 2168 1561 2187 unum
1583 2168 1617 2187 cx
1646 2160 1680 2187 iis
1694 2162 1832 2191 nominat.

199 2202 333 2237 Ignatium
348 2209 402 2229 non
414 2203 656 2231 commemoravit?
671 2203 775 2240 Nempe
785 2206 883 2233 inerter
895 2209 921 2232 et
935 2205 988 2241 βα-
1038 2212 1137 2240 nempe
1150 2203 1347 2240 Polycarpum;
1372 2213 1491 2240 eumque
1509 2205 1645 2240 praecipue
1664 2206 1775 2242 seligit,
1801 2208 1833 2233 ob

199 2248 292 2284 gitiose
304 2247 369 2276 fecit
387 2256 396 2275 :
414 2253 488 2276 certe
511 2249 646 2277 lrenteum
679 2249 803 2279 imitatus
826 2255 854 2278 et
876 2256 987 2279 secutus
1002 2272 1024 2299 Β
1039 2252 1140 2279 multas
1163 2259 1233 2287 quas
1259 2251 1396 2287 signiﬁcat
1418 2251 1550 2279 rationes.
1575 2251 1678 2284 Primo,
1705 2258 1831 2288 respectu

197 2300 251 2323 est.
266 2294 402 2329 Quocirca
416 2293 440 2322 si
455 2295 513 2329 jam
526 2302 644 2329 auteras,
663 2304 749 2331 quare
775 2297 893 2325 Irenaeus
906 2297 985 2334 Poly-

198 2340 274 2376 carpi
286 2340 422 2374 meminit,
433 2348 487 2367 non
495 2345 588 2369 autem
600 2341 713 2376 Iguatii;
726 2338 810 2370 causa
821 2343 848 2370 in
859 2347 985 2378 promptu

198 2392 260 2420 est;
276 2387 340 2422 quia
352 2386 528 2414 traditionem
541 2386 628 2414 solius
637 2386 767 2415 Ecclesia:
777 2387 908 2417 Romanae
923 2397 988 2425 pro-

199 2437 338 2468 posuerat,
367 2433 401 2460 ad
416 2440 501 2468 quam
515 2432 733 2461 conﬁrmandam
751 2434 883 2463 adversus
900 2435 987 2464 haere-

199 2481 278 2512 ticos,
290 2479 440 2508 auctoritas
452 2479 596 2515 Polycarpi
607 2480 756 2516 plurimum
768 2480 894 2515 faciebat,
907 2482 987 2518 lgna-

199 2527 230 2554 tii
248 2526 327 2554 nihil.
354 2525 432 2554 Hanc
446 2526 581 2554 rationem
599 2527 658 2562 ipse
670 2526 783 2555 indicat.
802 2527 830 2555 1s
844 2529 926 2562 enim,
944 2529 986 2556 in-

197 2571 270 2607 quit,
288 2575 338 2601 est.
350 2571 397 2606 qui
415 2571 463 2598 sub
479 2571 589 2599 Aniceto
603 2580 663 2599 cum
676 2572 820 2600 advenith
837 2573 864 2600 in
879 2573 984 2607 Urbem,

198 2617 295 2644 multos
308 2625 342 2645 ea:
355 2618 397 2645 his
407 2626 472 2653 quos
485 2618 659 2653 praediximus
673 2618 810 2647 htcreticos
821 2620 946 2647 convertit
957 2621 986 2647 in

199 2661 346 2690 Eccleiiam
358 2663 416 2696 Dei,
427 2672 507 2691 unam
518 2669 543 2691 et
556 2665 642 2692 solam
656 2665 724 2692 Itane
735 2666 872 2694 veritatem
882 2675 986 2694 annun-

198 2710 269 2737 tians
292 2709 325 2737 alt
343 2711 469 2745 apostolis
489 2711 637 2745 percepisse
660 2719 697 2744 se,
716 2720 796 2747 quam
819 2716 846 2738 et
866 2711 985 2739 Ecclesia

197 2756 320 2783 tradidit.
335 2755 377 2783 Ad
394 2755 609 2784 conﬁrmandam
629 2756 764 2785 Romana:
782 2757 911 2785 Ecclesiae
927 2761 985 2785 tra-

196 2802 328 2830 ditionem
341 2802 452 2830 adducit
471 2802 663 2839 Polycarpum,
683 2811 764 2839 quem
789 2804 847 2839 ipse
868 2804 983 2838 viderat,

197 2848 270 2884 quod
294 2848 465 2878 venerandus
487 2849 532 2878 ille
552 2858 639 2879 senex
664 2850 759 2879 Romae
779 2850 896 2885 adesset,
910 2850 985 2886 quod

234 2906 301 2941 ‘Jac
330 2914 349 2938 ι,
363 2905 407 2933 l3.

1038 2296 1153 2330 Florini,
1168 2297 1214 2332 qui
1227 2296 1408 2332 Polycarpum
1423 2297 1557 2329 audierat,
1574 2297 1619 2324 sed
1631 2302 1659 2324 et
1671 2305 1743 2326 cum
1756 2307 1790 2326 eo
1799 2299 1831 2325 si-

1036 2343 1094 2370 mul
1112 2342 1238 2375 Irenaaus,
1254 2341 1324 2370 εῑδον
1340 2343 1396 2378 γάρ
1413 2351 1454 2375 σε,
1479 2342 1586 2378 inquit,
1603 2344 1668 2375 παῖς
1684 2343 1732 2370 ὦν
1749 2345 1790 2371 ἔτι
1806 2346 1831 2370 ἐν

1035 2389 1070 2425 τῇ
1087 2389 1163 2416 κάτω
1179 2388 1256 2425 Ἀσίᾳ
1271 2387 1347 2424 παρὰ
1359 2388 1398 2423 τῷ
1410 2388 1582 2424 Πολυκάρπῳ
1591 2388 1735 2424 λαμπρῶς
1747 2390 1830 2425 πράτ-

1035 2443 1117 2462 τοντα
1132 2435 1162 2461 ὲν
1178 2436 1212 2470 τῇ
1229 2434 1355 2470 βασιλικῇ
1372 2434 1452 2471 αὐλῇ,
1470 2435 1517 2461 καὶ
1534 2433 1710 2470 πειρώμενον
1729 2435 1830 2462 εὐδοκι-

1037 2482 1100 2516 μεῖν
1122 2481 1187 2517 παρ’
1204 2479 1289 2515 αὐτῷ.
1318 2479 1378 2507 Vidi
1390 2480 1461 2507 enim
1480 2484 1504 2506 te
1523 2487 1582 2506 cum
1601 2479 1691 2505 adhuc
1709 2488 1780 2514 pater
1794 2489 1828 2506 es-

1036 2535 1090 2554 sem
1112 2526 1141 2553 in
1164 2522 1286 2561 inferiori
1307 2526 1372 2553 Asia
1390 2525 1461 2561 apud
1476 2525 1666 2560 Patycarpum,
1690 2525 1828 2560 splendide

1035 2576 1155 2608 agentem
1172 2573 1199 2598 in
1211 2571 1324 2607 palatio,
1346 2576 1371 2599 et
1391 2579 1546 2606 magnopere
1561 2570 1735 2598 laborantem
1762 2577 1792 2598 ist
1807 2578 1828 2598 tt:

1034 2619 1077 2647 illi
1088 2618 1257 2654 approbaret.
1273 2617 1412 2650 Secundo,
1430 2621 1554 2652 respectu
1567 2617 1610 2644 sui
1626 2616 1732 2652 ipsius,
1750 2625 1826 2653 quem

1035 2670 1165 2699 tanquam
1181 2665 1316 2700 optimum
1332 2664 1426 2699 ejusce
1440 2664 1479 2691 rei
1494 2668 1590 2691 testem
1602 2663 1742 2700 depingit,
1758 2663 1825 2699 quod

1035 2718 1096 2747 qua
1107 2716 1172 2738 tunc
1187 2710 1291 2738 audivit
1304 2718 1320 2737 a
1331 2709 1493 2746 Polycarpo,
1505 2709 1611 2737 ﬁrmius
1627 2711 1774 2737 met-toria:
1785 2708 1825 2735 ad-

1035 2757 1178 2790 baarerent,
1195 2764 1278 2791 quam
1295 2763 1357 2791 quae
1373 2763 1460 2791 nuper
1476 2755 1645 2783 acciderant.
1667 2755 1767 2782 Ταῦτα
1783 2753 1824 2780 καὶ

1034 2803 1095 2830 τότε
1121 2802 1273 2834 σπουδαίως
1298 2802 1395 2838 ἤκουον
1420 2800 1717 2837 ὑπομνηματιζόμενος
1733 2801 1784 2828 οὐκ
1798 2801 1821 2826 ὲν

1035 2849 1122 2885 χάρτῃ
1133 2849 1190 2877 ἀλλ’
1207 2850 1236 2877 ὲν
1251 2849 1285 2885 τῇ
1301 2849 1356 2885 ἐμῇ
1372 2848 1483 2885 καρδίᾳ,
1504 2848 1551 2876 καὶ
1567 2848 1613 2876 ἀεὶ
1628 2848 1701 2876 αὐτὰ
1717 2849 1819 2883 ἀναμη-
