1866 3073
186 149 233 177 171

693 149 723 178 S.
740 150 916 180 lGNATlUS.
936 168 969 172 —
986 152 1253 182 PROLEGOMENA.

1783 152 1851 179 ΠΩ

183 209 306 245 epistolis
329 197 516 238 testimonium
548 211 650 245 scripto
673 210 824 245 pmbuissc
853 212 974 240 creditur
988 217 1011 245 Α
1026 214 1191 247 testimonia,
1221 221 1272 241 non
1299 214 1375 241 modo
1399 213 1521 249 Origenis
1551 222 1603 240 non
1623 221 1691 244 esse.
1736 213 1793 240 sed
1813 221 1853 240 ne

183 255 325 292 Orige’nes.
342 255 421 290 Quod
434 257 495 284 ideo
507 257 709 284 observandum
722 257 783 290 luit,
795 265 850 285 non
868 262 975 286 tantum

183 307 215 328 ut
228 301 400 329 ostenderem
416 301 486 330 falsa
499 309 562 330 esse
573 310 635 337 qua:
650 301 768 330 Dallaeus
785 303 819 330 de
832 303 976 332 intervallo

183 349 293 382 asserit,
309 349 355 376 sed
369 349 451 376 etiam
463 353 493 376 ut
506 350 530 376 ei
545 353 751 384 argumentum,
765 357 821 384 quo
833 354 977 386 tantopere

183 395 345 428 delectatur,
362 395 518 429 negativum
534 395 680 430 eriperem.
698 395 859 432 Launoyum
874 396 976 425 doctis-

183 441 285 468 simum
303 440 435 469 Sorbonze
449 441 605 477 theologum
618 442 651 469 de
668 442 693 468 vi
707 443 858 478 argumenti
874 449 977 477 negan-

181 486 219 514 tis
234 485 294 513 fuse
307 487 493 521 disputantem
518 487 646 515 advocat.
672 486 724 515 Sed
749 487 897 524 Launoyus
918 489 975 523 ipse

182 533 222 560 ita
243 533 404 560 sententiam
424 542 501 560 suam
522 535 656 570 protulit:
673 534 741 562 Cum
757 532 846 561 nullus
867 535 975 562 omnino

181 580 297 614 scriptor
318 579 429 614 aequa/it
457 580 497 607 vel
522 589 623 615 suppar
643 585 756 615 prwstat
778 582 973 615 testimonium,

182 630 245 652 tunc
263 633 296 653 ea:
310 626 426 660 generali
440 626 558 659 silentio,
571 627 641 662 quod
655 627 831 655 ducentorum
848 628 908 661 plus
924 629 974 655 mi-

179 680 231 699 nus
254 679 384 698 annorum
406 674 537 700 testimari
562 679 663 709 potest,
689 675 786 710 efﬁcax
810 675 974 709 depromitur

181 723 376 754 argumentum.
399 718 448 746 Hic
463 724 556 747 autem
575 721 691 755 scriptor
705 721 895 749 nobilissimus
909 720 973 749 Ori-

180 772 274 800 genes,
289 765 396 801 lgnatio
410 774 522 800 suppar,
537 766 634 794 eodem
658 775 714 802 quo
738 767 782 795 ille
799 767 909 803 scripsit
922 775 973 796 sa}-

179 811 244 838 culo
261 817 359 845 natus,
377 811 628 840 luculentissimum
648 813 773 848 epistolis
787 813 848 848 ejus
863 818 971 848 prastat

179 857 376 889 testimonium;
390 862 416 885 et
431 858 454 885 si
469 866 550 886 nemo
565 864 629 886 ante
642 866 704 886 eum
719 858 815 895 lgualii
831 860 972 888 meminis-

177 907 232 936 set,
250 910 285 930 ne
309 903 349 930 sic
371 904 482 938 quidem
500 904 620 939 generale
640 904 815 932 ducentorum
839 914 970 933 annorum

178 949 289 977 circiter
301 949 437 976 silentium
452 951 657 985 pra-cessisset,
681 956 711 979 ut
728 952 792 979 inde
812 952 905 987 efficax
923 953 969 980 da—

176 1000 343 1030 promeretur
358 1001 554 1030 argumentum.
574 996 666 1030 Quare
677 998 701 1025 si
715 998 866 1025 tacuissent
877 997 906 1026 S.
919 997 971 1026 Po-

176 1042 317 1077 lycarpus,
332 1047 359 1070 et
373 1042 405 1070 S.
423 1042 553 1077 lrenteus,
575 1044 764 1072 testimonium
786 1044 912 1079 Origcnis
927 1052 971 1072 se-

176 1088 299 1116 cundum
310 1089 433 1116 rationes
446 1088 629 1126 Lauuoyanas
641 1090 710 1119 satis
719 1091 774 1118 vim
786 1095 813 1118 ot
823 1090 969 1118 eﬂieaciam

176 1135 305 1170 negantis
333 1136 487 1170 argumenti
508 1137 677 1164 retunderet.
707 1136 782 1165 Unus
803 1137 885 1172 igitur
908 1136 978 1164 Ori’

177 1189 282 1216 genes,
307 1183 331 1209 si
361 1187 492 1216 tanquam
518 1184 596 1211 testis
621 1183 758 1219 legitimus
789 1183 969 1217 admittatur,

177 1229 343 1256 sententiam
367 1229 460 1256 Dallaei
481 1230 590 1263 penitus
605 1229 744 1263 convellit,
761 1234 788 1257 et
808 1234 969 1264 argumenta

176 1274 380 1309 quamplurima
391 1275 426 1302 ab
437 1275 497 1309 ipso
508 1275 661 1311 excogitata
672 1281 800 1308 enervat;
811 1283 865 1303 non
877 1275 969 1311 itaque

175 1318 280 1347 frustra
295 1327 310 1346 a
324 1320 404 1347 nobis
419 1320 576 1347 advocatur.

212 1366 327 1400 Appello
344 1371 451 1393 veteres
466 1365 549 1393 etiam
566 1366 638 1394 inter
656 1366 830 1394 Christianos
844 1367 966 1395 criticos.

176 1411 246 1439 Cum
264 1412 338 1439 enim
364 1412 398 1440 de
420 1412 531 1448 scriptis
556 1412 694 1449 Dionysii,
710 1412 815 1448 lgnatio
834 1414 966 1448 senioris,

175 1458 298 1486 celebris
306 1459 495 1487 controversia
511 1459 538 1487 in
559 1459 683 1487 Ecclesia
696 1465 780 1492 esset,
796 1464 824 1487 et
844 1460 878 1487 de
885 1460 967 1488 testi-

175 1505 434 1540 moniis-ageretur;
447 1506 494 1541 qui
507 1513 603 1533 eorum
618 1510 758 1534 auctorem
775 1506 966 1542 Areopagitam

1029 259 1114 287 Gnaei
1140 260 1256 295 quidem,
1275 269 1363 288 verum
1390 259 1482 287 Latini
1503 260 1590 294 potius
1603 260 1752 295 scriptoris
1783 267 1854 286 esse

1027 309 1147 340 apparet.
1168 305 1261 333 Primo
1283 306 1366 340 igitur
1389 313 1459 340 opus
1474 304 1602 340 Origenis
1624 305 1652 332 in
1676 304 1855 332 Canticum

1026 351 1210 383 canticorum,
1222 359 1255 379 ex
1271 350 1352 387 cuius
1366 352 1481 386 prologo
1497 350 1687 379 testimonium
1707 350 1855 378 adduxi-

1026 405 1098 430 mus,
1114 403 1195 433 negat
1205 397 1330 433 Origenis
1344 405 1415 430 esse,
1436 402 1518 433 negat
1532 405 1594 425 esse
1617 397 1711 425 Graeci
1729 397 1854 432 cujus-

1025 443 1099 477 piam
1112 443 1266 478 scriptoris,
1287 442 1377 470 Latini
1400 450 1462 471 esse
1482 442 1636 470 contendit.
1662 441 1699 470 Et
1722 442 1754 469 in
1790 442 1855 468 hac

1025 489 1136 524 quidem
1158 497 1189 517 re
1211 489 1294 518 habet
1317 495 1444 517 auctores
1464 497 1534 524 quos
1557 494 1702 525 sequatur.
1734 489 1855 516 Primo

1025 536 1086 564 loco
1102 536 1249 563 Erasmum
1263 537 1396 568 nominat,
1413 537 1494 571 cujus
1508 543 1654 564 censuram
1670 544 1798 571 grai-em
1815 544 1855 562 ac

1025 591 1114 610 ueram
1138 583 1272 618 appellat,
1293 591 1354 610 cum
1379 583 1415 610 sit
1433 583 1574 610 levissima
1600 582 1851 616 lalsissimaquc.

1025 627 1095 655 Huic
1111 628 1236 663 adjungit
1259 628 1472 655 Amerhachium
1488 633 1516 655 et
1536 628 1661 658 Cocum;
1679 629 1790 662 potuit
1822 633 1855 655 ct

1024 675 1103 706 alios.
1118 675 1165 710 qui
1182 674 1326 702 Erasmum
1343 675 1531 706 ἀῆασανίστως
1543 675 1632 702 secuti
1646 680 1729 702 sunt.

1061 720 1108 749 His
1124 728 1233 756 oppono
1248 721 1381 749 Iacobum
1397 721 1543 748 Merlinum
1564 721 1592 748 iu
1608 720 1744 756 Origcnis
1765 729 1852 756 ope-

1023 767 1100 795 ribus
1125 768 1245 795 maxime
1263 773 1414 801 versatum,
1429 768 1509 803 cujus
1523 768 1607 795 verba
1621 768 1655 795 de
1672 768 1721 795 his
1737 767 1853 795 Immi—

1022 814 1067 842 liis
1081 819 1165 842 sunt:
1179 814 1210 842 Si
1222 815 1385 850 pensiculate
1396 816 1483 850 ipsam
1499 815 1640 852 materiam
1656 822 1723 850 qua:
1744 815 1782 841 in
1809 815 1850 841 iis

1023 861 1141 888 traditur
1156 861 1313 894 attenderis,
1327 862 1379 897 ipsi
1396 861 1505 896 Origeni
1525 860 1666 888 attribues.
1682 860 1766 888 lluic
1789 861 1849 887 atl-

1020 907 1106 942 jungo
1133 907 1359 940 Genebrardum,
1376 908 1428 943 qui
1438 907 1582 944 Origenem
1603 913 1700 943 postea
1725 907 1847 938 edidit,

1022 958 1049 981 et
1067 954 1144 982 libris
1157 954 1263 989 aliquot
1275 962 1330 982 non
1347 959 1413 982 ante
1435 955 1517 982 editis
1533 954 1728 989 locupletavit.
1758 953 1848 981 Huic

1022 1000 1155 1028 editorem
1169 1000 1296 1028 ultimum
1310 1001 1391 1033 addo,
1403 1001 1449 1036 qui
1465 1008 1573 1028 summa
1585 1008 1649 1028 cum
1663 1000 1846 1035 diligentia,

1021 1044 1145 1073 doctrina
1168 1050 1251 1080 atque
1269 1045 1375 1081 judicio
1390 1046 1418 1074 in
1434 1046 1574 1079 eruendis,
1588 1046 1720 1078 edendis,
1738 1047 1843 1073 ador-

1021 1091 1176 1127 n‘andisque
1197 1092 1320 1127 ejusdem
1343 1093 1473 1128 operibus
1488 1092 1591 1120 Graecis
1610 1098 1758 1126 versatur,
1778 1093 1843 1120 Da-

1020 1138 1120 1166 nielem
1132 1137 1260 1166 Huetium
1275 1147 1282 1166 :
1297 1138 1489 1174 Castigandus.
1497 1139 1587 1174 inquit
1599 1139 1656 1171 ille,
1672 1139 1841 1170 Erasmus,

1020 1182 1065 1217 qui
1078 1186 1104 1209 et
1117 1182 1172 1217 ipse
1192 1182 1285 1214 sentit,
1297 1188 1322 1210 et
1335 1182 1449 1209 idem.ut
1460 1183 1587 1209 sentirent
1607 1181 1843 1217 Magdeburgen-

1019 1236 1060 1255 ses
1084 1227 1210 1263 perfecit,
1226 1228 1274 1255 hoc
1300 1237 1367 1263 opus
1382 1237 1438 1256 esse
1457 1228 1572 1256 hominis
1590 1227 1684 1255 Latini
1709 1228 1842 1263 pulchre

1019 1273 1092 1302 docti
1105 1279 1130 1311 et
1149 1274 1211 1302 bene
1225 1275 1331 1302 diserti.
1354 1274 1412 1302 lmo
1427 1279 1459 1302 ut
1482 1275 1646 1302 sententiam
1670 1274 1777 1302 Huetii
1801 1276 1842 1303 de

1019 1319 1136 1348 Erasmo
1157 1328 1208 1348 suo
1231 1320 1387 1356 intelligant
1406 1319 1535 1348 Dallteani
1549 1340 1557 1352 ,
1579 1320 1638 1347 haec
1653 1320 1719 1355 ejus
1737 1321 1838 1348 verba

1020 1369 1084 1392 sunt
1100 1374 1106 1392 :
1123 1363 1239 1399 Effrenit
1263 1366 1400 1400 profecto,
1428 1365 1525 1392 iterum
1550 1365 1621 1397 dico,
1639 1369 1666 1392 et
1695 1365 1838 1400 projecta

1019 1409 1129 1438 Erasmi
1144 1411 1279 1438 temeritas
1291 1415 1407 1438 veterum
1426 1409 1545 1438 Patrum'
1563 1411 1664 1446 scripta
1688 1411 1835 1438 inanibus

1018 1457 1073 1483 suis
1093 1456 1255 1492 conjecturis
1274 1458 1313 1484 ita
1327 1457 1521 1491 permiscentis,
1538 1462 1567 1484 ut
1581 1457 1635 1483 nisi
1650 1458 1833 1484 comminis-

1018 1507 1074 1530 sent
1090 1503 1266 1538 posteriorum
1279 1503 1458 1539 theologorum
1471 1504 1574 1536 studia,
1588 1505 1632 1531 uia:
1646 1509 1758 1531 certum
1772 1505 1835 1532 ali-

174 1559 271 1579 verum
299 1559 355 1579 non
382 1559 443 1580 esse
471 1552 689 1586 contendebant,
717 1560 772 1580 non
801 1553 968 1588 objiciebam
981 1560 1003 1591 ο
1018 1548 1082 1584 quid
1090 1549 1122 1576 de
1129 1549 1303 1577 adolescentis
1312 1549 1438 1577 Ecclesia:
1453 1550 1576 1577 doctrina
1590 1555 1713 1577 statuere
1727 1559 1833 1585 posse-

174 1599 288 1627 secundi
311 1599 406 1627 saeculi
432 1598 592 1632 silentium;
618 1598 667 1626 sed
689 1599 743 1626 hoc
766 1599 966 1632 tantummodo,

174 1646 249 1680 quod
269 1644 402 1680 Origenes
419 1648 447 1673 et
461 1645 598 1673 Eusebius
623 1645 684 1680 ejus
702 1645 817 1673 minime
835 1647 968 1674 memine-

172 1691 240 1718 rint.
248 1690 286 1718 lta
295 1690 441 1723 Maximus,
452 1694 549 1719 contra
557 1698 638 1726 quem
651 1691 689 1719 ita
695 1691 872 1727 disputabant
883 1701 890 1719 :
900 1692 964 1726 Ναὶ,

173 1734 268 1769 φασὶν,
286 1734 403 1762 ἀλλὀὐκ
417 1735 536 1771 ἔγραψεν
552 1735 634 1762 αὑτοῦ
653 1736 704 1768 τὰς
727 1736 868 1769 συντάξεις
881 1737 966 1764 Εὐσέ-

173 1781 233 1812 ϐιος
249 1781 264 1806 ὸ
282 1780 436 1816 Παμφίλου,
450 1781 498 1807 καὶ
514 1781 567 1817 μὴν
578 1781 633 1808 οὐδ’
653 1781 802 1818 Ὤριγένης.
819 1782 878 1809 Ima
894 1790 964 1815 vero,

162 1826 309 1861 inquiunt,
328 1834 408 1861 opera
429 1827 487 1861 ejus
509 1835 561 1854 non
575 1828 715 1862 descripsit
732 1828 861 1856 Eusebius
884 1828 966 1855 Pam-

172 1872 252 1907 phili,
272 1880 356 1907 neque
369 1872 450 1900 etiam
467 1873 604 1908 Origenes.
619 1872 649 1901 Si
661 1873 764 1902 frustra
780 1881 876 1902 eorum
889 1874 966 1902 testi-

172 1919 268 1946 monia
281 1918 457 1951 aﬂ‘errentur,
473 1919 495 1947 si
508 1927 569 1947 sera
584 1919 643 1947 haec
652 1926 745 1949 essent
758 1925 785 1948 et
795 1920 887 1948 inania
901 1920 965 1949 Dio-

174 1965 353 2000 nysiauorum
366 1966 509 2000 praesidia:
526 1973 577 1993 cur
591 1970 697 1994 veteres
711 1967 782 1994 inter
790 1966 965 1996 Christianos

173 2011 261 2038 critici
277 2018 310 2038 ea
331 2011 526 2046 postularunt?
542 2012 570 2040 Si
597 2013 662 2040 huic
683 2014 829 2048 quaestioni
850 2022 965 2050 respon-

172 2057 239 2085 dere
260 2064 311 2092 pro
332 2057 462 2094 Dionysio
481 2066 533 2086 suo
547 2059 683 2093 potuisset
704 2059 850 2093 Maximus,
867 2068 964 2095 quem-

172 2104 320 2132 admodum
331 2104 530 2139 respondemus
542 2112 592 2139 pro
603 2104 718 2140 lgnetio,
730 2113 762 2132 ea
774 2106 869 2140 procul
880 2106 965 2134 dubio

172 2151 328 2185 responsio,
347 2148 492 2184 Origenem
515 2150 621 2177 scilicet
641 2155 669 2178 et
680 2149 832 2178 Eusebian
849 2151 909 2186 ejus
924 2152 965 2179 di—

173 2201 248 2224 serte
262 2195 434 2228 meminisse,
457 2203 507 2230 pro
529 2195 685 2224 frustranea
706 2204 847 2231 nunquam
872 2197 964 2224 habita

1019 1603 1089 1625 mus.
1100 1595 1217 1623 Maxime
1231 1596 1314 1631 igitur
1322 1596 1437 1624 idoneus
1448 1601 1545 1624 auctor
1553 1596 1689 1624 Erasmus
1699 1596 1831 1630 Deliaco,

1017 1641 1066 1676 qui
1086 1641 1120 1669 de
1136 1649 1188 1669 usu
1211 1641 1261 1668 SS.
1278 1641 1389 1669 Patrum
1414 1641 1441 1668 in
1456 1649 1520 1669 eum
1537 1642 1652 1669 modum
1674 1641 1830 1676 disputat.

1053 1686 1154 1715 Tribus
1167 1687 1210 1715 his
1222 1686 1348 1723 Origenis
1357 1687 1520 1720 editoribus,
1531 1687 1602 1715 addo
1618 1687 1694 1715 viros
1711 1687 1832 1715 doetis-

1017 1733 1102 1760 simos
1117 1737 1145 1760 et
1158 1732 1364 1768 lgnatianorum
1386 1733 1479 1761 hostes
1501 1732 1706 1768 juratissimos,
1722 1734 1830 1768 primo

1016 1778 1198 1810 Blondellum,
1215 1779 1263 1814 qui
1287 1778 1315 1805 in
1339 1778 1465 1814 apologia
1490 1784 1520 1806 ut
1538 1779 1637 1813 probet
1660 1778 1827 1814 Origenem

1016 1827 1090 1853 binos
1100 1829 1204 1853 tantum
1214 1825 1383 1852 sacerdotum
1391 1831 1414 1852 et
1424 1825 1608 1857 diaconorum,
1618 1825 1749 1860 magistri
1760 1825 1829 1853 Cle-

1016 1872 1110 1899 mentis
1125 1871 1254 1906 exemplo,
1274 1871 1374 1907 gradus
1390 1871 1539 1907 agnovisse,
1557 1871 1680 1898 sectione
1693 1871 1725 1903 ‘2,
1739 1871 1755 1907 §
1777 1872 1829 1906 l3,

1015 1917 1205 1946 testimonium
1221 1925 1255 1945 ex
1270 1918 1392 1946 secunda
1413 1918 1496 1953 hujus
1510 1917 1602 1953 operis
1617 1918 1734 1945 bomilia
1752 1926 1831 1953 pro—

1015 1963 1102 1991 ducit.
1125 1962 1186 1990 Non
1214 1963 1298 1999 igitur
1326 1963 1454 1991 Latinum
1476 1963 1618 1998 aliquem,
1646 1964 1695 1991 sed
1721 1964 1830 1999 ipsum

1015 2008 1173 2045 Origenem,
1183 2008 1331 2037 Clementis
1344 2009 1522 2036 Alexandrini
1533 2009 1715 2044 discipulum,
1730 2009 1831 2045 hujus

1016 2055 1108 2089 operis
1123 2058 1264 2082 auctorem
1285 2054 1411 2090 agnoscit
1427 2054 1595 2081 Blondellus.
1609 2054 1745 2082 Secundo
1775 2056 1831 2082 Al-

1016 2101 1151 2128 bertiuum
1163 2121 1170 2134 ,
1186 2101 1233 2136 qui
1245 2106 1300 2128 tam
1315 2101 1446 2136 praeclare
1458 2106 1554 2129 contra
1571 2100 1743 2128 Halloixium
1765 2101 1830 2130 dis-

1016 2149 1132 2182 putavit,
1151 2147 1190 2174 De
1206 2148 1369 2175 eucharislia
1385 2147 1432 2175 lib.
1448 2156 1480 2181 ιι,
1492 2155 1517 2176 c.
1535 2148 1561 2175 1.
1580 2147 1632 2175 Ubi
1648 2148 1704 2176 hoc
1720 2148 1829 2183 ipsum

1016 2200 1085 2227 opus
1108 2193 1136 2220 in
1151 2193 1295 2220 Canticum
1318 2193 1502 2225 canticorum,
1520 2197 1548 2221 et
1571 2193 1646 2220 hunc
1661 2194 1759 2228 ipsum
1778 2196 1829 2223 lo-

172 2243 281 2270 fuisset.
300 2241 354 2270 Pro
376 2242 473 2269 iisdem
489 2241 689 2276 Areopagiticis
703 2239 834 2277 Hypatius
850 2241 965 2277 Ephesi-
980 2234 1001 2261 D
1016 2246 1096 2271 Cum,
1112 2246 1194 2273 quem
1217 2239 1289 2266 inter
1310 2239 1468 2266 testimonia
1493 2239 1673 2271 adduximus).
1698 2239 1828 2276 Origeni

171 2297 226 2317 nus
237 2290 384 2324 episcopus
399 2288 431 2315 B.
447 2287 541 2324 Cyrilli
553 2293 578 2315 et
595 2288 625 2316 Β.
643 2288 786 2316 Athanasii
808 2289 964 2324 requirebat

172 2335 341 2368 testimonia,
354 2334 532 2369 addiditque:
548 2333 578 2361 Si
593 2339 679 2362 autem
697 2335 787 2362 nullus
803 2343 836 2362 ea:
846 2335 962 2370 antiquis

172 2381 327 2408 recordatus
341 2386 379 2407 est
392 2388 434 2412 ea,
452 2379 522 2406 unde
535 2388 603 2406 nunc
614 2380 724 2414 potestis
742 2380 888 2413 ostendere,
899 2381 963 2415 quia

172 2427 248 2454 illius
271 2428 336 2461 sint,
362 2427 462 2454 nescio.
488 2425 629 2454 Habemus
653 2425 755 2462 Cyrillo
776 2427 962 2462 synchronum

173 2473 394 2507 'l'heodoretum;
410 2473 546 2500 habemus
568 2472 813 2508 Chrysostomum,
830 2472 962 2508 llierony-

174 2526 262 2552 mum,
269 2519 358 2554 ipsum
367 2518 566 2551 Athanasium;
577 2517 710 2545 habemus
717 2524 751 2545 ex
761 2517 963 2553 antiquioribus

173 2564 323 2592 Eusebium
339 2569 367 2592 et
385 2563 543 2599 Origeuem,
562 2563 609 2599 qui
625 2567 654 2590 ut
676 2563 711 2591 ab
722 2563 777 2591 illis
789 2571 843 2591 non
858 2562 961 2590 frustra

173 2609 393 2644 pestulabantur,
403 2610 439 2636 ita
451 2617 467 2636 a
480 2609 559 2637 nobis
570 2616 625 2636 non
641 2608 744 2636 frustra
755 2608 918 2636 atteruntur.

209 2655 263 2682 Sed
276 2655 365 2691 pergit
377 2656 419 2682 vir
431 2655 620 2688 doctissimus,
634 2659 662 2682 et
672 2655 707 2682 ad
722 2659 862 2690 utrumque
874 2653 962 2681 locum

172 2709 206 2729 ex
230 2700 347 2736 Origene
375 2701 523 2729 adductum
544 2700 625 2728 simul
647 2700 777 2736 semelque
801 2699 939 2735 respondet
952 2706 962 2725 :

173 2748 249 2776 Leuit
260 2756 316 2775 esse
326 2748 362 2775 ad
375 2756 430 2775 rem
442 2755 501 2784 quae
511 2748 601 2783 agitur
613 2747 751 2781 momenti,
764 2747 833 2782 quod
849 2753 963 2781 opuutt-

172 2795 270 2825 lorum,
292 2801 324 2821 ex
345 2793 441 2829 quibus
467 2793 546 2820 allati
570 2797 643 2826 sunt,
664 2792 747 2819 dubia
767 2793 802 2820 sit
818 2796 843 2819 et
860 2792 962 2818 incerta

172 2841 332 2868 auctoritas.
349 2840 387 2868 Ita
405 2840 515 2875 quidem
536 2841 627 2874 primo
648 2839 730 2875 paulo
754 2838 844 2866 lenius
861 2847 868 2864 :
885 2844 961 2870 mox,

171 2887 212 2915 uti
227 2886 306 2921 solet,
319 2887 501 2915 conﬁdentius
515 2895 521 2913 :
538 2885 590 2913 Eat
605 2885 698 2918 libros,
715 2884 784 2912 unde
796 2888 858 2911 sunt
873 2883 960 2911 allata

1016 2284 1124 2318 tribuit,
1142 2289 1170 2312 et
1191 2285 1389 2313 verisimillime
1412 2286 1530 2321 colligit,
1546 2285 1683 2313 larvatum
1708 2286 1829 2324 Diony-

1014 2329 1085 2356 sium
1110 2337 1144 2357 ex
1163 2329 1222 2364 uiso
1245 2329 1362 2366 Origene
1389 2339 1438 2359 sua
1463 2332 1631 2359 traduxisse.
1658 2331 1827 2368 Origenem

1014 2379 1105 2402 autem
1120 2383 1214 2403 verum
1233 2377 1377 2412 intelligit,
1390 2377 1467 2404 illum
1482 2385 1591 2412 nempe,
1606 2378 1654 2413 qui
1669 2387 1827 2414 nunquam

1013 2421 1097 2456 plagii
1120 2431 1136 2448 a
1154 2430 1287 2457 quoquam
1301 2423 1353 2458 fuit
1369 2423 1553 2456 insimulatus,
1575 2432 1637 2450 cum
1652 2430 1724 2451 esset
1747 2426 1826 2453 adeo

1020 2468 1117 2502 feracis
1129 2469 1238 2503 ingenii,
1253 2474 1282 2495 ut
1297 2469 1360 2497 aliis
1374 2470 1463 2504 potius
1478 2475 1583 2503 auctor,
1610 2478 1693 2505 quam
1720 2473 1827 2507 cujus—

1013 2522 1093 2549 quam
1117 2514 1238 2541 imitator
1262 2521 1309 2542 aut
1334 2516 1510 2551 transcriptor
1529 2516 1608 2551 foret.
1632 2516 1824 2545 Albertinum

1014 2561 1137 2595 sequitur
1148 2561 1265 2589 Daliirus
1277 2562 1397 2590 delibris
1409 2562 1560 2597 suppositis
1572 2555 1708 2598 Dionysio
1724 2563 1825 2591 Areo-

1013 2607 1112 2641 pagitae
1125 2607 1174 2634 lib.
1191 2615 1211 2641 ι,
1226 2615 1250 2635 c.
1265 2608 1309 2635 l7.
1323 2608 1420 2636 Merito
1431 2609 1585 2636 Albertinus
1599 2613 1702 2641 noster,
1720 2609 1823 2645 inquit

1013 2653 1146 2681 adversus
1159 2655 1286 2682 eumdem
1307 2654 1475 2682 Halloixium
1493 2655 1657 2690 disputans,
1671 2655 1821 2690 judicavit

1013 2699 1173 2735 Dionysium
1192 2706 1266 2728 tuum
1284 2705 1370 2728 totum
1386 2702 1455 2729 hunc
1475 2702 1563 2730 locum
1584 2712 1602 2730 a
1621 2708 1668 2731 tuo
1695 2703 1820 2740 Origene

1013 2745 1052 2772 vel
1067 2754 1122 2773 este
1146 2747 1277 2781 furatum,
1301 2747 1340 2774 uel
1359 2752 1428 2774 certe
1441 2752 1532 2774 mutuo
1553 2749 1712 2783 sumpsisse.
1733 2749 1819 2783 Quo-

1013 2793 1095 2819 modo
1109 2792 1182 2820 enim
1196 2794 1289 2820 merito
1310 2793 1337 2821 id
1356 2794 1494 2829 judicaret
1509 2794 1682 2829 Albertinus,
1697 2795 1721 2823 si
1739 2797 1819 2824 scri-

1013 2843 1074 2873 ptor
1085 2839 1130 2866 ille
1144 2847 1194 2867 nec
1208 2839 1340 2876 Origenes
1354 2845 1438 2874 esset,
1453 2848 1503 2868 nec
1515 2840 1679 2869 Grazcorum
1696 2843 1815 2878 aliquis,

1014 2885 1061 2913 sed
1075 2885 1187 2914 Latinus
1199 2887 1293 2915 nescio
1306 2887 1386 2922 quis?
1397 2887 1466 2915 Cum
1480 2887 1644 2922 Halloixius,
1662 2895 1692 2917 ut
1708 2889 1815 2926 Diony-
1847 2880 1851 2886 ’
