1866 3073
44 154 88 182 175

431 161 457 188 J.
479 161 660 191 PEARSUNH
681 163 841 192 WNDICI/E
859 164 1068 192 IGNATIANAL.
1087 181 1122 187 —
1142 165 1231 194 PARS
1250 166 1270 194 Ι.

1644 170 1694 197 174

42 215 106 243 sitim
120 223 205 243 suum
219 217 409 253 defenderet,
427 224 607 258 corrupisset,
622 225 769 260 locumque
780 226 854 254 hunc
870 229 890 257 Α
907 225 1024 258 Graecos)
1037 227 1117 254 etiam
1137 227 1237 261 logicen
1255 227 1345 262 (quam
1362 235 1407 253 nos
1425 228 1585 254 rationalem
1599 237 1691 259 possu-

42 272 67 290 ex
82 263 146 298 ejus
162 265 241 292 libro
264 268 520 296 exterminandum
533 270 701 305 iudicasset;
717 271 854 300 facessere

41 318 96 336 eum
108 318 174 337 cum
186 313 392 341 morosissima
401 319 430 341 et
437 315 604 350 ineptissima
613 317 708 344 critica
717 325 766 344 sua
776 317 855 352 jubet

42 357 169 389 Dallams,
185 363 215 384 et
232 359 310 393 quod
330 360 358 386 in
377 359 493 396 Origene
510 362 595 397 (quem
612 371 675 397 pare
693 367 738 390 tua
752 363 853 399 Diony—

41 404 76 429 »ἑο
103 409 151 430 tuo
175 405 267 431 multo
286 405 438 434 doctiorem
463 407 545 442 fuisse
568 409 654 436 cirum
675 409 756 444 puto)
783 415 852 438 totus

41 451 170 478 hactenus
186 451 265 479 orbis
281 460 358 487 requa
371 454 464 480 animo
477 454 548 486 tulit,
563 455 590 481 id
602 455 630 482 in
645 455 774 491 Dionysio
788 457 851 492 legi,

41 497 105 529 noli,
130 497 239 532 inquit,
259 499 330 533 ferre
344 500 475 535 iniquius.
490 501 593 528 Auctor
607 502 690 537 igitur
700 504 851 538 expositio-

40 552 106 571 num
125 544 155 571 in
167 544 326 572 Canticum
345 546 520 574 canticorum
532 566 539 579 ,
554 555 616 575 cum
633 552 730 575 contra
748 547 852 584 Diony-

38 591 114 618 sium
129 591 235 618 scribit
246 591 383 624 'Dallzeus,
396 591 528 627 Origenes
541 599 594 624 est.
606 598 633 621 et
648 595 751 628 locum,
767 603 850 630 quem

38 637 229 669 adduximus,
245 637 274 664 in
293 638 390 665 eodem
406 637 523 674 Origene
537 644 610 668 totus
624 639 757 668 hactenus
774 642 851 670 orbis

37 690 122 717 aquo
139 683 239 710 animo
258 684 342 711 tulit:
356 692 444 719 quare
460 684 530 712 idem
547 693 600 712 non
615 690 668 719 est,
681 694 769 722 quare
783 695 851 714 con-

37 734 77 755 tra
97 734 196 756 totum
217 731 315 758 orbem
340 731 441 758 militat
467 731 601 764 Dallarus,
627 741 689 760 cum
713 734 849 762 adversus

36 774 181 810 lgnatium
202 784 282 804 arma
296 777 404 805 sumit?

73 823 224 850 Auctores
250 831 315 851 eum
336 825 498 853 auctoribus
513 827 695 860 contulimus;
711 835 785 855 nunc
801 835 847 855 ra-

35 870 136 898 tiones
166 877 234 897 cum
258 872 413 899 rationibus
432 873 617 901 conferamus.
647 873 768 902 Caecum
794 883 845 902 non

907 280 964 299 mus
982 272 1079 306 dicere)
1094 278 1189 308 quarto
1203 273 1230 298 in
1246 280 1355 299 numero
1370 278 1523 306 posuerunt.
1536 271 1591 300 Nec
1602 278 1694 306 tamen

905 323 1002 345 auctor
1027 319 1071 346 hic
1091 327 1120 346 se
1146 319 1273 346 Latinum
1296 319 1450 354 proﬁtetur.
1470 318 1538 346 Nam
1562 319 1609 347 illa
1633 328 1696 355 qua:

905 365 1014 392 unculis
1030 365 1205 397 inclusimus,
1226 365 1384 399 interpretis
1400 369 1477 397 sunt,
1493 373 1546 391 non
1561 367 1693 394 auctoris.

904 407 972 436 Cum
995 409 1068 437 enim
1084 409 1190 442 Graeca,
1215 410 1314 438 litteris
1329 410 1441 445 quidem
1468 410 1585 445 Latinis,
1602 412 1694 440 verbis

905 460 995 482 autem
1010 455 1113 483 Gr:ecis
1126 457 1215 492 primo
1235 457 1408 490 reddidisset,
1425 465 1459 485 ne
1475 456 1544 484 forte
1558 465 1573 485 a
1589 457 1695 486 Latinis

904 508 959 528 non
974 503 1202 538 iutelligerentur.
1219 507 1267 530 aut
1281 511 1314 531 ne
1324 503 1383 538 ipse
1399 511 1454 530 non
1468 504 1636 533 intellexisse
1651 506 1692 532 vi-

903 548 1023 582 deretur,
1040 541 1135 577 eadem
1157 549 1254 577 Latine
1275 558 1373 578 rursus
1391 551 1569 586 interpretari
1583 551 1691 586 voluit,

903 593 977 628 quod
988 599 1031 621 est
1042 595 1180 622 veteribus
1190 596 1386 631 interpretibus
1399 603 1532 632 perquam
1544 597 1692 626 familiare.

903 636 1006 666 Locum
1023 647 1114 667 autem
1127 640 1216 675 ipsum
1227 641 1262 668 ab
1274 641 1392 676 Origene
1407 642 1540 676 scriptum
1554 642 1639 671 fuisse
1650 644 1693 671 rel

902 684 970 713 illud
985 686 1084 721 arguit,
1098 687 1171 722 quod
1183 695 1246 714 eum
1264 687 1447 723 Hieronymus
1460 688 1494 715 ad
1509 689 1691 718 Ecclesiasten

901 735 1044 766 sequatur,
1064 736 1104 764 ut,
1125 737 1191 760 tunc
1206 733 1380 768 potissimum
1404 741 1466 762 eum
1488 736 1611 764 nondum
1631 736 1693 764 Ori-

899 777 996 811 genica
1011 778 1080 805 adeo
1096 779 1304 814 displicuerant,
1319 781 1436 808 solebat.
1453 780 1489 808 De
1510 783 1599 810 tribus
1616 784 1689 811 enirn

900 823 1056 852 Salomonis
1079 825 1156 852 libris
1173 834 1266 861 agens,
1281 831 1310 854 et
1327 834 1424 854 eorum
1442 828 1579 861 ordinem,
1598 834 1626 857 ct
1644 837 1691 857 ar-

899 875 1028 904 gumenta
1041 878 1103 898 cum
1117 871 1234 907 Origene
1249 873 1410 907 observans,
1426 875 1464 902 ait
1479 883 1485 900 :
1500 875 1580 902 Haud
1597 877 1690 910 procul

35 917 128 949 fuisse
139 918 182 944 rel
196 917 261 944 hinc
274 917 386 953 colligas
399 919 500 950 licebit,
513 920 602 955 inquit
620 920 763 954 Erasmus,
778 929 841 956 quoa

927 925 932 940 ι
950 917 998 944 hoc
1019 918 1113 944 ordine
1127 918 1312 946 doctrinarum
1333 925 1359 947 et
1375 921 1525 956 philosophi
1546 928 1689 950 sectatores

33 963 63 988 in
90 962 218 998 Prologo
242 965 310 990 citat
337 964 443 992 Cra-cos
465 965 535 993 velut
557 967 670 994 alienos.
690 967 759 995 Cum
777 968 848 1002 apud

34 1009 170 1041 Gnaeos,
188 1011 292 1044 inquit,
308 1011 355 1046 qui
372 1012 472 1039 eruditi
496 1017 523 1039 et
543 1013 682 1047 sapientes
707 1013 846 1042 videntur.

35 1056 175 1090 lmperite
193 1064 310 1090 prorsus
327 1061 354 1084 et
367 1057 468 1092 inepte.
483 1057 555 1086 Citat
568 1059 641 1087 enim
658 1059 763 1087 (ἔτασσε
779 1061 848 1088 velut

35 1102 145 1129 alienos
167 1110 225 1129 non
249 1110 266 1129 a
283 1102 395 1138 lingua,
410 1108 458 1131 aut
471 1109 550 1139 gente
562 1112 624 1137 sua,
639 1106 686 1133 sed
705 1107 845 1142 religione.

35 1148 88 1175 llic
105 1149 185 1175 enim
201 1148 310 1176 Cra-cos
326 1158 380 1176 non
397 1151 497 1185 opponi
518 1150 635 1182 Latinis.
650 1152 697 1180 sed
710 1152 847 1181 Christia-

36 1196 93 1225 nis,
111 1199 224 1221 certum
235 1199 289 1222 est.
302 1194 340 1222 lla
351 1196 425 1222 enim
439 1196 583 1231 sequitur:
599 1195 660 1224 Non
674 1205 735 1233 ergo
749 1198 846 1225 mirum

35 1247 120 1273 esset.
137 1243 162 1269 si
177 1249 203 1268 et
217 1242 291 1277 apud
308 1249 367 1276 nos,
385 1243 430 1270 ubi
444 1249 543 1278 quanto
556 1244 645 1279 plures
657 1245 844 1279 simpliciores,

38 1293 117 1314 .cntn
130 1289 225 1323 plures
239 1293 265 1315 et
275 1289 452 1323 imperitiores
463 1290 594 1317 videntur.
609 1289 676 1323 Qua:
686 1291 845 1319 rerbacerte

38 1342 94 1361 non
109 1335 144 1361 ad
163 1334 282 1362 Latinos
296 1340 416 1368 tantum,
428 1335 475 1363 sed
487 1335 706 1364 Christianorum
720 1339 843 1365 omnium

39 1387 132 1408 NB'LIJS
144 1381 309 1416 pertinent;
326 1385 354 1408 et
374 1386 505 1417 prreterea
520 1381 664 1418 Origenem
677 1384 756 1412 nobis
774 1384 842 1412 refe-

39 1432 118 1458 runt,
140 1427 192 1462 qui
213 1427 250 1454 de
271 1427 450 1462 simplicitate
465 1433 492 1455 et
513 1429 649 1464 imperitia
672 1430 773 1464 ubique
788 1429 844 1459 fere

40 1473 178 1508 loquitur.
196 1473 294 1509 Neque
307 1481 374 1501 vero
387 1474 534 1509 quisquam
548 1475 658 1503 Graecos
672 1474 844 1510 frequentius

40 1519 157 1554 opponit
185 1519 368 1552 Christianis,
384 1527 466 1554 quam
485 1519 631 1555 Origenes;
655 1521 735 1555 cujus
757 1529 842 1548 unum

899 970 962 989 suos
973 963 1117 995 erudiunt;
1136 969 1165 991 ut
1187 965 1302 999 primum
1323 967 1439 994 ethicam
1458 969 1580 1001 doceant,
1596 970 1689 996 deinde

899 1008 1037 1042 physicam
1055 1008 1272 1043 interpretentur,
1293 1014 1320 1037 et
1341 1019 1418 1046 quem
1437 1011 1466 1038 in
1485 1012 1527 1038 his
1546 1013 1689 1047 profecisse

898 1056 1088 1089 perspexerint,
1104 1056 1139 1082 ad
1154 1056 1313 1092 theologiam
1332 1066 1416 1093 usque
1429 1059 1586 1092 perducant.
1601 1059 1687 1092 Quem

898 1100 989 1128 locum
1007 1101 1030 1129 si
1048 1101 1076 1129 in
1103 1102 1198 1129 animo
1222 1103 1365 1131 habuisset
1392 1103 1528 1132 Henricus
1552 1104 1686 1138 Valesius,

874 1144 1039 1182 'nunquam
1062 1147 1136 1175 illam
1159 1148 1382 1177 observationem
1408 1150 1436 1177 in
1463 1151 1688 1180 adnotationibus

897 1192 931 1219 'ad
945 1191 1092 1220 Eusebium
1108 1195 1268 1228 protulisset
1282 1194 1377 1223 :Certe
1393 1196 1421 1223 in
1438 1195 1514 1223 libris
1531 1197 1688 1232 Hieronymi

898 1247 1032 1274 nunquam
1046 1240 1202 1275 theologiam
1214 1241 1268 1268 dici
1283 1242 1408 1276 reperies,
1428 1243 1474 1270 sed
1489 1242 1581 1270 Graece
1596 1243 1688 1270 θεολο-

896 1285 969 1320 γίαν.
990 1285 1084 1321 Neque
1103 1287 1126 1314 si
1149 1287 1298 1322 cogitasset
1318 1287 1514 1324 Hieronymum
1530 1289 1558 1316 in
1571 1290 1685 1324 epistola

897 1332 960 1365 i55,
984 1331 1111 1368 Origenis
1130 1333 1203 1361 hunc
1220 1334 1311 1362 locum
1327 1335 1483 1370 exprimere
1500 1336 1630 1369 voluisse,
1648 1337 1687 1364 le—

895 1379 1014 1406 etionem
1037 1379 1142 1408 codicis
1162 1379 1318 1407 Memmiani
1340 1381 1455 1416 vulgata
1474 1382 1566 1409 statim
1583 1387 1686 1417 praetu-

896 1424 982 1456 lisset,
1007 1429 1055 1452 aut
1076 1425 1146 1452 hanc
1167 1426 1224 1452 sine
1246 1433 1324 1452 sensu
1346 1427 1480 1454 theoricen
1498 1428 1629 1455 exhibere
1643 1428 1686 1456 di-

894 1471 991 1497 sisset.
1013 1469 1100 1498 Verba
1124 1470 1283 1507 Hieronymi
1304 1476 1369 1499 sunt
1390 1481 1397 1500 :
1422 1472 1577 1508 Philosophi
1599 1474 1683 1501 solent

895 1515 1089 1550 disputationes
1104 1525 1166 1544 suas
1181 1517 1208 1544 in
1222 1517 1491 1552 physicam,etlticam
1521 1519 1686 1554 logicamque

40 1566 134 1592 locum
156 1565 372 1592 memorandum
394 1573 454 1593 esse
476 1566 558 1599 duxi,
581 1571 609 1594 ut
633 1568 734 1602 pariter
747 1575 841 1594 emen-

927 1563 1009 1595 rrtiri;
1030 1563 1070 1590 ita
1087 1568 1113 1590 et
1132 1563 1237 1598 eloquia
1251 1564 1342 1591 divina
1366 1569 1413 1591 aut
1430 1564 1462 1592 de
1479 1570 1575 1592 natura
1595 1565 1685 1601 dispu-

40 1611 114 1638 dem.
132 1610 206 1637 Dum
222 1611 321 1637 evolro
336 1611 552 1638 commentarios
568 1612 595 1638 in
612 1611 641 1639 S.
657 1611 801 1645 Joannem,
815 1612 842 1639 in

41 1665 147 1691 nupera
173 1657 315 1688 editione,
328 1664 392 1692 pag.
408 1656 473 1690 ‘2“,
489 1657 550 1692 lego
568 1667 575 1685 :
598 1658 641 1689 Ὠς
657 1658 760 1694 Πέτρου
771 1659 844 1686 διδά-

41 1712 157 1735 εκοντος
186 1703 224 1739 μὴ
250 1703 377 1730 καοελεϊν
402 1703 435 1735 ἃς
460 1706 633 1740 προσκυνεῖν,
654 1713 736 1733 sensu
763 1706 843 1741 plane

42 1750 129 1778 nullo.
145 1750 201 1777 Sed
224 1755 300 1777 recte
314 1749 462 1778 Ferrarius
481 1755 610 1784 verterat,
634 1751 741 1786 perinde
765 1753 843 1787 quasi

42 1796 138 1824 Petrus
151 1796 293 1826 docuerit.
317 1804 368 1823 non
393 1801 511 1832 oportere
535 1806 582 1824 nos
607 1799 745 1833 gentilium
770 1807 842 1826 more

42 1842 173 1874 odorare;
191 1843 254 1869 ideo
272 1841 390 1869 Huetius
412 1842 501 1870 editor
515 1843 548 1870 ad
565 1844 716 1877 marginem
736 1849 840 1877 monet,

43 1888 190 1923 legendum
212 1888 273 1915 κατ’
289 1888 415 1920 ὲθνικούς
449 1896 498 1923 pro
518 1889 642 1916 καθελεῖν
666 1890 710 1921 ἃς,
727 1897 840 1918 sensum

41 1936 145 1969 potius,
161 1944 247 1970 quam
265 1935 350 1962 verba
362 1935 524 1969 respiciens,
540 1941 567 1962 et
581 1935 738 1963 Fcrrarium
752 1937 840 1972 magis

42 1990 123 2015 quam
138 1981 288 2017 Origcnem
310 1989 367 2016 prze
383 1981 471 2009 oculis
488 1982 602 2009 habens.
624 1981 691 2017 Ipsae
705 1983 776 2010 enim
792 1983 840 2010 lit-

44 2032 108 2055 terae
123 2037 176 2062 pm
190 2027 318 2054 καθελεῖν
347 2027 379 2058 ἃς
397 2029 584 2062 reponendum
611 2028 723 2056 omnino
740 2030 839 2057 docent

43 2073 101 2100 κθ*
120 2073 268 2105 Ἕλληνις,
284 2078 311 2101 et
339 2073 376 2100 ita
402 2073 454 2108 legi
482 2082 580 2101 moneo
598 2075 624 2101 in
652 2083 704 2102 ms.
729 2080 837 2109 nostro,

43 2119 180 2147 Huetiano
198 2119 295 2146 codice
305 2119 386 2153 longe
399 2120 600 2154 praestantiore.
616 2120 727 2148 [nterim
741 2122 838 2149 certis-

41 2165 141 2191 simum
161 2169 203 2191 est
216 2185 225 2196 ,
249 2163 357 2191 Cra-cos
385 2172 439 2191 non
468 2163 589 2195 Latinis.
607 2165 655 2192 sed
671 2165 837 2194 Christianis

41 2211 185 2245 oppositos
206 2218 240 2237 eo
255 2210 317 2237 loco
330 2218 411 2244 quem
429 2210 530 2238 indicat
546 2210 692 2245 Erasmus;
706 2216 733 2239 et
748 2212 837 2239 multo

895 1614 962 1640 tare,
977 1613 1007 1635 ut
1024 1610 1051 1635 in
1067 1608 1161 1637 Genesi
1175 1615 1199 1636 et
1219 1609 1394 1642 Ecclesiaste;
1408 1614 1455 1636 aut
1465 1610 1497 1637 de
1510 1611 1638 1642 moribus,
1655 1616 1683 1637 ut

894 1655 921 1681 in
939 1654 1100 1687 Proverbiis,
1115 1660 1140 1682 et
1160 1655 1188 1682 in
1206 1655 1327 1682 omnibus
1342 1657 1457 1691 sparsim
1472 1655 1547 1683 libris
1561 1665 1570 1689 ;
1590 1662 1638 1683 aut
1651 1657 1684 1683 de

893 1699 989 1736 logica,
1007 1708 1056 1736 pro
1072 1709 1125 1736 qua
1148 1703 1234 1729 nostri
1252 1703 1381 1730 theoricen
1402 1703 1453 1730 sibi
1477 1703 1629 1736 vindicant,
1653 1708 1682 1730 ut

893 1747 920 1773 in
943 1746 1054 1774 Cantica
1068 1747 1236 1774 canticorum
1264 1752 1288 1775 et
1302 1748 1330 1775 in
1350 1748 1511 1784 Euangeliis.
1533 1748 1600 1782 Quae
1619 1757 1681 1777 eum

892 1801 926 1820 ex
947 1792 1065 1828 Origene
1089 1794 1172 1829 petita
1197 1795 1288 1829 quivis
1314 1795 1459 1828 intelligat,
1485 1795 1626 1823 tbeoricen
1649 1803 1683 1823 eo

893 1839 945 1867 loci
962 1840 1016 1875 pati
1033 1841 1096 1875 quis
1112 1848 1165 1868 non
1186 1842 1297 1876 poterit,
1314 1841 1360 1875 qui
1382 1849 1442 1868 eam
1464 1842 1500 1869 ita
1519 1842 1627 1870 deliniri
1647 1843 1682 1869 ab

892 1885 1010 1915 Oriaene
1024 1887 1124 1914 novit:
1141 1886 1292 1922 lnspectiva
1313 1888 1422 1920 dicitur,
1445 1896 1497 1923 qua
1518 1889 1680 1924 supergressi

891 1932 1008 1959 visibilia
1026 1932 1058 1959 de
1072 1933 1170 1960 divinis
1194 1933 1297 1968 aliquid
1310 1937 1335 1960 et
1355 1933 1504 1960 caelestibus
1519 1934 1682 1969 contempla-

891 1988 960 2012 mur,
973 1987 1054 2015 eaque
1066 1979 1122 2006 sola
1135 1984 1220 2007 mente
1234 1979 1460 2007 intuemur?Haec
1472 1980 1555 2015 igitur
1567 1981 1681 2008 omnino

890 2024 1017 2059 Origenis
1032 2030 1106 2057 sunt,
1121 2030 1149 2053 et
1163 2033 1197 2052 ex
1214 2033 1247 2052 eo
1260 2025 1354 2052 hausit
1371 2025 1566 2061 Hieronymus.

927 2071 980 2100 Sed
996 2072 1076 2106 idem,
1092 2072 1181 2107 inquit
1201 2071 1344 2103 Erasmus,
1363 2071 1446 2106 liquet
1468 2079 1501 2098 ea:
1519 2072 1681 2106 interpreta-

892 2119 961 2145 tione
988 2119 1098 2151 umoris,
1123 2118 1275 2148 charitatis,
1304 2117 1454 2144 dilectionis
1479 2122 1504 2144 et
1532 2118 1678 2153 cupidinis.

891 2164 1001 2192 Minime
1015 2172 1092 2192 vero.
1108 2163 1168 2191 Non
1179 2164 1252 2191 enim
1272 2163 1370 2190 harum
1384 2168 1505 2199 quatuor
1517 2171 1615 2192 vocum
1634 2164 1678 2191 in-

890 2211 1112 2246 terprelationem
1122 2210 1205 2238 tradit
1214 2215 1321 2243 auctor,
1336 2210 1383 2237 sed
1395 2218 1427 2238 ea
1443 2214 1550 2237 tantum
1567 2210 1680 2237 adhibet

41 2255 213 2290 probabilius
237 2263 269 2282 es
295 2255 390 2282 eodem
416 2256 518 2292 colligit
542 2256 667 2288 Hui-tius,
694 2262 835 2284 auctorem
851 2265 875 2293 ι)
889 2257 1023 2291 interpres
1045 2257 1079 2284 ad
1104 2256 1280 2291 exprimenda
1296 2256 1352 2283 duo
1375 2256 1519 2289 vocabula,
1540 2264 1602 2291 quae
1625 2264 1677 2283 au-

42 2301 123 2336 hujus
141 2301 235 2335 operis
254 2308 316 2328 esse
333 2300 490 2336 Origenem,
506 2302 579 2336 quod
597 2303 641 2329 hic
657 2310 711 2329 non
736 2303 837 2330 obscu-

41 2349 78 2375 ris
98 2349 191 2375 verbis
212 2348 341 2374 laudetur
353 2347 478 2376 Platonis
497 2348 687 2385 Symposium,
703 2349 750 2376 ubi
772 2350 837 2385 περὶ

42 2395 163 2430 Ἔρωτας
182 2395 249 2430 agit,
263 2403 346 2429 quem
363 2395 454 2430 ipsum
471 2396 570 2423 librum
586 2397 679 2424 laudat
692 2397 763 2424 idem
776 2396 838 2423 Ori-

41 2449 132 2476 goncs.
142 2447 168 2468 et
180 2442 272 2469 locum
282 2442 315 2469 de
328 2442 440 2474 Amore,
455 2443 580 2470 adversus
594 2442 698 2470 Celsum
716 2442 786 2470 libro
799 2451 834 2470 tv.

42 2488 114 2515 Adeo
140 2487 289 2516 infeliciter
319 2488 346 2515 in
377 2488 429 2515 boc
455 2494 617 2524 argumento
642 2493 767 2516 versatus
794 2493 836 2516 est

43 2533 182 2562 Erasmus.

75 2580 168 2608 lli-lius
189 2581 334 2616 aliquanto
357 2580 433 2608 hanc
457 2580 640 2614 objectionem
664 2585 743 2615 urget
762 2579 836 2616 Bay-

42 2628 145 2654 naudus
162 2627 281 2655 Jcsuita.
300 2626 430 2653 Latinum
448 2634 474 2653 se
490 2631 583 2653 auctor
603 2627 656 2660 ipse
672 2626 711 2653 bis
727 2627 835 2661 proﬁte-

43 2678 83 2700 tur
102 2682 179 2709 agens
203 2674 235 2700 de
252 2673 345 2709 logica
364 2673 392 2699 in
415 2672 589 2708 philosophia:
612 2672 751 2700 divisione.
779 2672 835 2699 lllic

42 2718 108 2745 enim
128 2719 229 2746 diserte
250 2718 346 2745 Latini
365 2717 470 2745 Grmcis
484 2722 671 2752 opponuntur.
694 2717 834 2746 Generales

42 2766 194 2801 disciplinas,
214 2766 315 2802 quibus
337 2765 374 2791 ad
397 2772 485 2791 rerum
511 2765 649 2791 scientiam
671 2765 834 2799 pervenitur,

45 2815 88 2838 tm
103 2819 161 2840 sunt
182 2821 251 2848 quas
268 2810 384 2846 (Graeci)
399 2811 525 2842 ethicam,
539 2811 675 2846 physicam
695 2816 719 2837 et
736 2811 833 2837 theori—

44 2866 82 2884 ten
96 2859 315 2894 appellaverunt;
332 2857 394 2891 (nos
415 2856 464 2882 has
480 2856 565 2883 dicere
582 2864 721 2891 possumus
742 2864 833 2883 mora-

46 2908 96 2940 lem,
107 2906 260 2934 naturalem
273 2909 300 2932 et
315 2903 513 2938 inspectiram).
529 2901 659 2931 Nonnulli
671 2911 735 2932 sane
748 2903 830 2939 (apud

890 2308 950 2331 etor
975 2304 1044 2330 inter
1066 2311 1095 2330 se
1118 2303 1236 2336 confert,
1264 2302 1354 2338 ἔρωτα
1378 2302 1482 2330 scilicet
1503 2307 1531 2329 et
1555 2302 1676 2337 ἀγάπην,

888 2350 976 2385 ἔρωτα
996 2355 1087 2376 autem
1109 2352 1157 2375 aut
1179 2356 1305 2381 amorem,
1323 2353 1371 2375 aut
1389 2348 1550 2382 cupidinem,
1566 2348 1678 2383 ἀγάπην

888 2400 935 2422 aut
948 2395 1125 2427 dilectionem,
1139 2400 1185 2421 aut
1201 2395 1362 2422 charitatem
1382 2393 1524 2422 transfert.
1536 2394 1677 2430 'Origenes

886 2440 997 2474 quidem
1019 2439 1168 2474 Scriptum
1189 2440 1248 2467 loca
1266 2447 1315 2474 pro
1329 2447 1406 2468 more
1420 2447 1471 2468 suo
1488 2445 1675 2475 congesserat,

887 2491 917 2513 ut
932 2486 1043 2521 ἀγάπην
1063 2486 1134 2513 idem
1154 2487 1311 2513 ostenderet
1333 2486 1515 2521 scriptoribus
1531 2485 1619 2514 sacris
1635 2485 1675 2513 si-

886 2532 1025 2567 gnificare,
1039 2533 1111 2567 quod
1126 2533 1196 2567 apud
1213 2532 1282 2559 alios
1292 2526 1372 2568 ἐρώς.
1383 2532 1424 2559 Ad
1440 2532 1497 2559 haec
1511 2536 1601 2560 autem
1615 2532 1675 2559 loca

885 2578 1047 2612 explicanda
1067 2586 1179 2606 necesse
1199 2578 1294 2606 habuit
1307 2578 1440 2612 interpres
1456 2577 1584 2605 charitati
1607 2578 1677 2605 dile-

885 2626 996 2652 ctionem
1007 2625 1116 2657 addere,
1130 2625 1195 2660 quia
1211 2632 1283 2659 Stepe
1295 2624 1407 2652 verbum
1429 2625 1539 2659 ἀγαπᾷν
1557 2631 1676 2659 usurpa-

885 2672 923 2698 vit
945 2676 1051 2704 auctor,
1066 2672 1147 2706 quale
1162 2672 1189 2698 in
1214 2670 1319 2698 Latinis
1343 2671 1469 2697 charitati
1489 2678 1542 2698 non
1561 2677 1676 2705 respon-

884 2718 939 2745 det.
953 2717 1016 2745 Hazc
1029 2725 1061 2744 ex
1075 2718 1135 2752 ipso
1148 2717 1209 2745 loco
1221 2717 1288 2744 satis
1301 2717 1453 2744 luculenter
1466 2721 1607 2752 apparent.
1625 2715 1672 2745 V.i-
1708 2716 1710 2718 ’

884 2764 961 2791 detur
974 2769 1061 2790 autem
1084 2763 1148 2790 mihi
1167 2763 1237 2798 quod
1259 2763 1350 2791 divina
1368 2762 1507 2797 Scriptura
1525 2762 1612 2789 uolens
1627 2771 1674 2790 ca-

884 2818 942 2837 uere
957 2818 989 2837 ne
1003 2810 1093 2845 lapsus
1108 2809 1205 2845 aliquis
1226 2809 1372 2844 legentibus
1387 2809 1435 2836 sub
1452 2809 1550 2836 amaris
1567 2810 1674 2836 nomine

885 2861 1054 2890 nasceretur,
1076 2864 1124 2892 pro
1147 2855 1340 2891 inﬁrmioribus
1362 2855 1520 2892 quibusque,
1542 2863 1601 2882 eum
1626 2856 1672 2890 qui

885 2903 954 2938 apud
966 2904 1094 2938 sapientes
1110 2902 1211 2938 saeculi,
1223 2902 1328 2937 cupido,
1343 2909 1387 2929 seu
1405 2910 1481 2929 amor
1494 2902 1603 2936 dicitur,
1622 2896 1672 2929 ho;-
