1866 3073
158 163 206 190 "5

153 221 263 251 nestiori
285 219 410 247 vocabulo
433 218 589 246 charitatcm
611 217 650 243 vel
666 216 832 243 dilectionem
853 214 939 241 uonti-
954 216 976 243 Α

153 277 239 296 nasse.
262 267 340 293 Verbi
353 266 439 301 gratia
455 270 483 291 ut
497 273 556 290 cum
571 264 641 290 dixit
652 263 684 289 de
699 262 779 289 Isaac
794 269 803 288 :
819 271 827 286 ε
846 260 880 287 Et
895 267 942 286 ac-

154 317 225 351 cepit
252 314 415 345 Rebeccam,
441 317 468 340 et
491 311 563 339 facta
584 314 626 338 est
644 310 669 337 ei
691 317 772 341 uxor,
799 313 826 336 et
847 306 943 334 dilexit

154 370 214 390 eam
230 362 252 393 ‘,
277 371 286 386 ι
311 360 420 395 ἀγαπᾷν
433 359 544 393 di.ig:re
571 361 644 384 recte
659 356 785 388 vertitur,
806 358 834 380 et
848 353 942 388 ἀγάπη

156 408 308 443 antiquitus
326 414 378 433 non
401 405 491 432 minus
510 403 617 430 dilectio
639 409 722 437 quam
739 401 858 428 charitas
881 399 942 426 red-

156 454 281 481 debatur.
295 451 433 479 Glossaria
446 456 536 477 vetera
557 457 563 474 :
578 449 685 475 dilectio
696 469 702 480 ,
720 446 824 482 ἀγάπη·
837 445 942 480 ἀγάπη,

156 499 272 525 dilectio.
288 496 472 524 Tertullianus
494 495 528 521 de
547 493 640 528 agapis
669 496 791 519 veterum
806 489 943 518 Christia-

158 552 256 572 norum
275 553 281 571 ε
295 543 374 570 Coma
389 546 479 569 nostra
494 541 526 567 de
541 540 643 566 nomine
660 538 789 565 rationem
799 537 841 563 sui
856 540 944 562 osten-

157 591 197 617 dit
222 598 231 617 :
252 589 279 615 id
293 592 400 615 vocatur
414 586 482 621 quod
501 584 613 612 dilectio
624 583 694 617 apud
714 580 830 608 Grtccos.
845 579 881 606 Ut
895 587 943 606 atl-

158 642 212 663 tem
228 634 355 662 clmritati
375 632 553 662 dilectionem,
574 630 612 656 ita
633 633 662 655 et
686 628 772 655 amori
793 626 944 660 cupidinem

159 681 292 716 adjunxit.
309 679 479 706 Glossarium
497 681 573 703 vetus
587 683 594 701 :
616 675 716 710 Ἔρως,
734 681 820 704 antur,
837 670 942 706 cupido.

159 727 238 761 Quod
249 730 312 753 ante
325 733 386 752 eum
400 724 500 751 fecerat
511 721 706 756 Hieronymus,
720 718 831 746 homilia
845 717 943 752 prima,

158 772 293 809 spirituali
308 770 430 806 cupidine
445 769 483 796 vel
509 775 599 794 amore
613 766 783 793 accendatur.
812 762 874 790 Haec
896 770 946 789 au-

160 807 213 847 tem
229 824 258 846 ut
269 821 408 845 auctorem
424 814 552 842 Latinum
567 812 678 839 minime
689 811 817 845 produnt,
831 809 868 835 ita
883 807 945 835 Ori-

161 873 256 901 geriem
279 864 367 898 ipsum
391 861 481 896 potius
507 863 648 886 auctorem
676 856 761 883 fuisse
784 854 943 886 ostendunt,

161 900 206 946 qui
229 911 254 936 in
272 908 381 943 scriptis
400 907 453 934 illis
467 913 529 940 qua:
552 904 696 934 habemus,
711 902 801 937 ἔρωτα
823 901 849 927 in
865 900 947 927 rebus

160 955 261 982 divinis
276 959 331 981 tam
356 953 512 987 frequenter
529 953 644 984 usurpat
671 957 677 975 :
700 952 727 976 et
747 955 829 982 quem
850 947 877 973 in
898 946 950 972 hac

162 1004 221 1038 ipsa
238 1009 276 1034 re,
293 1000 331 1028 uti
347 1000 426 1031 solet,
441 998 564 1025 imitatur
585 996 614 1023 S.
630 995 779 1030 Gregorius
797 993 948 1029 Nyssenus,

162 1037 190 1076 in
203 1048 315 1075 Cantica
338 1045 449 1073 homilia
471 1044 582 1079 prima:
613 1041 739 1068 Ἐπειδὰν
761 1039 848 1066 τοίνυν
871 1037 950 1072 σοφία

163 1094 236 1120 ἐστὶν
247 1095 264 1128 ἡ
278 1091 406 1123 λαλοῦσα,
419 1090 560 1124 ὰγάπησον
571 1089 632 1114 ὅσον
642 1087 753 1114 δύνασαι
767 1085 796 1118 ὲξ
805 1085 869 1120 ὅλης
881 1092 951 1118 καρο

162 1140 222 1171 διας
245 1148 274 1165 τε
298 1139 345 1165 καὶ
367 1136 526 1171 δυνάμεως,
550 1133 720 1168 ὲπιθύμησον
745 1132 807 1158 ὅσον
834 1131 948 1165 χωρείς’

164 1185 329 1222 προστίθημι
349 1184 378 1210 δὲ
399 1181 509 1218 ϐαῤῥῶν
523 1181 580 1211 τοῖς
595 1179 698 1215 ῥήμασι
716 1177 823 1207 τούτοις
845 1176 893 1202 καὶ
909 1175 950 1205 τὸ,

163 1231 303 1267 ὲράσθητι.
318 1230 385 1257 Cum
400 1237 462 1263 ergo
485 1228 519 1254 sit
533 1234 591 1260 qua:
614 1225 731 1260 loquitur
746 1222 888 1257 sapientia,
908 1222 951 1247 di-

164 1278 214 1312 lige
228 1280 357 1312 quantum
369 1278 453 1308 potes,
477 1279 509 1299 ex
525 1276 579 1298 toto
603 1269 683 1297 corde
699 1274 723 1296 et
746 1269 808 1295 totis
830 1266 928 1294 viribus
942 1275 951 1297 ;

165 1322 319 1357 concupisce
339 1324 468 1356 quantum
485 1322 557 1352 potes
573 1323 684 1350 capere:
707 1314 777 1341 addo
797 1318 885 1341 autem
901 1321 951 1339 uu-

165 1369 255 1395 dacter
267 1367 307 1394 his
319 1373 421 1402 quoque
434 1364 517 1392 verbis
533 1369 543 1389 .'
556 1363 637 1389 Ama.
651 1361 735 1388 Plane
744 1365 772 1387 ut
788 1361 816 1387 in
828 1359 966 1387 versione

166 1413 378 1449 llieronymiana
394 1410 513 1438 homilia:
533 1408 628 1444 prima:
647 1406 784 1442 Origenis,
809 1409 834 1432 et
851 1409 879 1431 ut
901 1403 953 1430 ιιιί-

165 1460 228 1495 quid
252 1459 393 1486 audentius
414 1457 513 1489 dicant,
535 1453 652 1489 spiritali
675 1453 798 1487 cupidine
817 1455 842 1478 et
864 1457 954 1477 amore

166 1506 335 1533 urceiidatur.

963 885 983 912 Β

662 158 690 185 S.
711 156 886 185 IGNATIUS.
909 171 943 175 —
960 151 1229 180 PROLEGOMENA.

1734 147 1789 173 176

991 213 1073 247 plane
1096 219 1125 238 se
1148 213 1259 244 superet
1283 209 1423 243 Origenes.
1442 206 1534 234 Tertio
1556 213 1637 233 nemo
1660 211 1791 239 unquam

996 258 1076 284 toties
1090 265 1171 292 opera
1185 264 1234 283 sua
1247 255 1324 290 prius
1336 253 1435 287 scripta
1449 253 1578 284 laudavit,
1593 260 1626 279 ac
1637 251 1794 286 Origenes.

994 303 1108 336 Quoties
1124 303 1196 329 enim
1213 301 1362 335 Scriptura:
1381 299 1472 326 locum
1487 299 1576 326 obiter
1590 298 1668 329 citat,
1685 297 1721 324 ad
1738 304 1796 323 ex-

994 347 1144 382 positiones
1155 354 1220 373 suas
1234 346 1363 372 lectorem
1374 344 1500 379 ablegare
1511 343 1591 371 solet.
1602 343 1674 370 Idem
1690 342 1719 369 in
1734 341 1799 368 hoc

994 401 1076 429 opere
1101 392 1259 427 frequenter
1287 391 1433 427 prtestitit;
1459 390 1525 418 citat
1551 389 1625 417 enim
1655 388 1799 416 homilias

994 448 1059 467 suas
1074 441 1100 466 in
1114 439 1246 470 andum,
1258 442 1285 465 et
1296 437 1404 465 Judices
1417 437 1511 470 semel,
1524 436 1551 463 in
1566 435 1701 463 Numeros
1714 443 1799 470 qua—

994 490 1055 518 ter;
1071 485 1269 521 explicationes
1293 485 1320 512 in
1348 483 1504 515 Levilicum,
1519 487 1546 510 et
1568 482 1800 510 commentarios

994 532 1022 558 in
1040 531 1142 558 Novum
1159 531 1364 558 Testamentum.
1381 529 1495 562 Quarto,
1519 527 1628 563 Origeni
1644 528 1734 555 moris
1748 531 1802 554 est

994 578 1103 613 propria
1118 578 1228 605 nomina
1242 576 1374 603 llcbraica
1390 575 1575 610 interpretari,
1590 579 1617 602 et
1638 582 1674 601 ex
1688 581 1800 610 eorum

995 624 1268 659 interpretationibus
1297 630 1395 650 sensus
1425 620 1609 656 tropologicos
1633 619 1799 654 explscari.

995 670 1096 697 Nullibi
1113 669 1285 705 frequentius
1300 676 1382 703 quam
1399 668 1426 694 in
1442 668 1485 694 his
1497 667 1579 694 tomis
1593 667 1647 694 hoc
1660 666 1739 693 facit.
1764 665 1800 693 ln

995 716 1109 750 prologo
1132 715 1234 750 inquit,
1257 713 1343 741 Israel
1362 714 1392 740 ob
1409 714 1557 740 divinorum
1582 711 1802 746 contemplatio-

997 769 1054 788 nem
1074 761 1224 787 nominatus
1237 764 1287 786 est.
1304 754 1412 788 Zaretlt.
1428 758 1515 784 aliena
1530 756 1681 786 descensio;
1698 754 1800 782 Deba-

997 808 1056 839 rali,
1072 807 1130 841 apis
1152 808 1193 841 (ut
1221 805 1315 833 homil.
1331 805 1347 831 5
1366 805 1393 832 in
1407 803 1546 838 Iudices);
1575 802 1693 834 Barac/1,
1710 810 1802 828 coru—

997 855 1080 881 scatio
1096 854 1137 884 (ut
1149 853 1242 880 cadent
1258 851 1359 886 hom.),
1370 850 1506 883 Salomon,
1516 849 1654 884 paciﬁcus.
1672 848 1802 876 llomilia

998 901 1098 935 prima,
1114 899 1200 931 Etlen,
1214 898 1334 929 deliciaz;
1348 896 1479 928 secunda,
1495 895 1593 928 Cedar,
1612 896 1735 930 nigredo,
1756 895 1804 922 vel

998 946 1158 973 obscuritas.
1187 944 1366 976 Hierusalem,
1384 944 1447 970 visio
1462 943 1534 977 pacis
1553 942 1594 977 (ut
1622 942 1736 969 homilia
1761 942 1799 969 '21

999 993 1025 1020 in
1044 992 1168 1023 Josuam,
1182 992 1215 1018 de
1234 990 1385 1018 Jerusalem
1406 989 1554 1024 frequenter
1569 989 1699 1021 diximus,
1722 989 1802 1023 quod

999 1039 1069 1066 visio
1090 1038 1166 1073 pacis
1188 1037 1403 1071 interpretatur).
1429 1036 1609 1068 Abdimelech,
1635 1044 1728 1062 servus
1756 1044 1805 1062 re-

1000 1092 1080 1119 gum;
1106 1083 1236 1114 Mambre,
1256 1083 1340 1114 visio;
1357 1082 1502 1113 cherubim,
1519 1081 1654 1116 plenitudo
1675 1081 1804 1108 scicntia:

1001 1130 1050 1157 1)ρί
1066 1129 1146 1165 (utin
1163 1129 1332 1156 Ezechielem
1353 1128 1464 1155 homilia
1480 1127 1520 1160 τὶ).
1544 1127 1679 1162 Engaddi,
1701 1127 1804 1154 oculus

1002 1176 1154 1202 tentationis
1166 1183 1231 1202 mete
1247 1175 1288 1209 (ut
1302 1175 1328 1201 in
1349 1174 1463 1201 humilia
1477 1174 1495 1200 2
1510 1174 1538 1200 in
1559 1173 1665 1200 Cantic.
1681 1173 1717 1201 ab
1732 1173 1805 1200 llic-

1001 1229 1117 1258 ronymo
1132 1222 1241 1255 versa):
1258 1222 1347 1255 tertia,
1362 1221 1463 1254 Bethel,
1479 1220 1575 1247 domus
1588 1220 1647 1247 Dei.
1661 1219 1804 1255 Quisquis

1003 1272 1092 1307 autem
1108 1267 1177 1294 mira
1198 1267 1241 1293 illa
1257 1268 1438 1300 theoremata,
1452 1275 1513 1302 qua:
1531 1275 1563 1294 ex
1580 1267 1613 1293 iis
1631 1267 1804 1301 interpreta-

1003 1314 1123 1341 tionibus
1139 1313 1248 1340 deducit
1272 1318 1378 1346 auctor,
1401 1313 1585 1348 perpenderit,
1602 1313 1706 1339 nemini
1724 1317 1804 1339 certe

1003 1366 1184 1396 prmterquam
1210 1360 1319 1395 Origeni
1343 1360 1426 1388 hosce
1446 1359 1660 1387 commentarios
1683 1359 1800 1386 tribuet.

1003 1407 1115 1440 Quinto,
1129 1406 1280 1441 peculiares
1293 1406 1416 1441 quadam
1433 1406 1576 1441 opiniones
1587 1405 1700 1441 Origcni
1718 1407 1803 1432 attri—

1004 1453 1076 1479 bula:
1091 1456 1165 1483 sunt,
1180 1451 1330 1487 praesertim
1343 1451 1376 1478 de
1390 1451 1480 1478 anima
1497 1456 1523 1478 et
1535 1451 1651 1485 angelis,
1668 1459 1682 1478 a
1698 1451 1804 1485 quibus

1004 1499 1141 1534 praecipue
1157 1498 1247 1526 Latini
1264 1498 1459 1525 abhorrebant.
1473 1497 1520 1525 Hi1)
1538 1502 1629 1524 autem
1652 1497 1758 1532 ubique
1773 1497 1802 1524 in.

201 1552 278 1586 Quod
295 1555 386 1578 autem
405 1550 432 1576 in
445 1547 586 1576 nonnullis
601 1546 679 1573 libris
692 1546 745 1572 hoc
760 1551 829 1579 opus
842 1543 867 1570 in
880 1542 953 1570 (Ζωι-
967 1550 989 1582 C
1005 1545 1057 1573 hoc
1067 1545 1200 1579 opusculo
1217 1550 1416 1579 proponuntur.
1429 1543 1551 1578 Denique
1565 1543 1698 1578 Origenes
1714 1544 1741 1570 in
1759 1548 1804 1570 to—

167 1599 251 1625 ticum
282 1596 447 1631 Hieronymo
473 1593 629 1624 tribuatur,
655 1595 684 1619 et
707 1599 722 1618 a
749 1589 903 1616 Lombardo
928 1593 955 1615 et

167 1643 283 1675 Thoma,
300 1646 396 1669 Irarum
422 1646 513 1666 rerum
528 1636 753 1672 imperitissimis,
769 1636 821 1662 sub
844 1634 954 1661 nomine

167 1687 306 1715 Ambrosii
321 1686 431 1718 citetur,
455 1691 508 1711 non
528 1682 593 1710 inde
616 1681 743 1714 efﬁcitur,
760 1681 801 1708 vel
825 1680 898 1707 hunc
914 1679 955 1705 rel

168 1734 244 1761 illum
267 1732 349 1767 huius
370 1730 461 1765 operis
484 1732 626 1756 auctorem
653 1727 749 1759 fuisse,
778 1733 840 1753 cum
864 1725 954 1752 neutri

168 1779 235 1807 illud
250 1782 404 1812 competere
424 1784 505 1811 posse
521 1781 620 1802 omnes
635 1773 733 1801 sciant.
754 1772 807 1799 Sed
832 1771 894 1798 inde
911 1772 956 1805 juo

172 1826 240 1853 stior
253 1823 373 1858 suspicio
386 1828 438 1854 est,
451 1829 511 1850 esse
534 1821 599 1848 illud
615 1819 706 1855 potius
722 1818 808 1854 ipsius
819 1817 955 1853 Origenis,

173 1871 238 1906 quia
254 1869 415 1897 Ambrosius
436 1872 463 1895 et
485 1867 667 1902 Hieronymus
682 1865 808 1900 Origenis
826 1864 910 1891 multa
929 1863 954 1889 in

172 1916 301 1943 Latinum
316 1920 469 1942 sermonem
488 1915 689 1939 converterunt.

206 1960 278 1988 Nihil
291 1960 372 1995 igitur
391 1959 482 1985 valent
498 1959 618 1985 rationes
642 1961 738 1984 contra
756 1955 901 1990 Origenem
915 1954 956 1981 al-

170 2007 251 2039 latae;
268 2010 296 2033 at
311 2005 364 2032 ilhc
375 2013 445 2040 quas
464 2012 514 2039 pro
535 2012 568 2031 eo
582 2003 740 2036 alleremus,
757 2006 822 2029 sunt
843 2000 957 2027 validis-

172 2054 259 2081 simae.
284 2051 459 2085 Quaecunque
474 2051 547 2077 enim
571 2050 605 2076 de.
626 2056 708 2083 opere
732 2048 825 2081 aliquo
847 2046 957 2081 Origeni

172 2097 334 2127 ascribendo
349 2096 403 2123 diei
416 2100 541 2130 possunt,
557 2094 623 2121 huic
634 2094 661 2120 in
676 2093 772 2128 primis
787 2095 956 2126 competunt.

171 2143 265 2179 Neque
279 2142 392 2173 mirum,
414 2149 487 2173 cum,
506 2145 535 2167 ut
558 2140 624 2166 olim
647 2138 804 2165 observavit
827 2137 958 2171 Hierony-

172 2197 244 2222 mus,
260 2189 385 2224 Origenes
408 2195 466 2214 cum
488 2187 515 2213 in
529 2186 630 2213 caneris
655 2185 730 2211 libris
751 2192 839 2210 omnes
856 2184 958 2216 vicerit,

1005 1591 1058 1618 mis
1070 1591 1139 1623 suis,
1156 1590 1203 1617 ubi
1220 1589 1253 1617 ad
1270 1591 1415 1625 mysticum
1432 1598 1543 1617 sensum
1561 1589 1757 1624 explicandum
1772 1597 1804 1616 se

1005 1637 1133 1672 applicat,
1150 1644 1221 1671 saepe
1242 1636 1369 1671 precibus
1392 1635 1425 1663 ad
1448 1635 1533 1663 Deum
1556 1643 1586 1663 se
1605 1635 1754 1667 convertit,
1773 1640 1804 1662 ut

1006 1683 1092 1718 gratia
1107 1682 1155 1710 Dei
1169 1683 1322 1710 illustratus
1334 1682 1378 1710 illa
1391 1690 1500 1718 magna,
1510 1686 1540 1709 ut
1555 1682 1684 1717 appellat,
1698 1687 1804 1717 myste-

1006 1729 1046 1755 ria
1061 1728 1218 1763 perspiciat.
1241 1728 1319 1761 Quod
1339 1728 1384 1755 hic
1404 1729 1504 1762 saepius
1521 1728 1560 1754 tit.
1585 1727 1613 1754 Si
1633 1728 1719 1763 igitur
1739 1728 1803 1755 libri

1006 1776 1160 1806 materiam,
1177 1773 1344 1808 modumque
1362 1774 1495 1801 tractandi
1521 1778 1690 1808 spectemus,
1707 1774 1802 1801 omnia

1007 1818 1151 1853 Origencm
1167 1820 1256 1846 solum
1271 1819 1390 1854 sapiunt.

1043 1865 1177 1893 Prazterea
1198 1870 1262 1893 sunt
1283 1869 1310 1892 et
1330 1866 1382 1893 alia
1396 1873 1457 1900 qum
1480 1866 1564 1893 hosce
1584 1866 1804 1894 commentarios

1010 1920 1063 1940 non
1086 1913 1199 1940 alterius
1221 1920 1282 1940 esse
1301 1921 1382 1948 quam
1406 1913 1532 1948 Origeni’s
1553 1914 1668 1941 onmiuo
1684 1916 1803 1942 convin-

1009 1963 1084 1985 cunt.
1101 1957 1225 1985 Homin
1241 1958 1301 1985 dua:
1322 1958 1478 1985 Adamantii
1496 1959 1522 1986 in
1547 1958 1692 1986 Canticum
1711 1960 1802 1987 canti-

1009 2011 1105 2030 corum
1121 2008 1185 2030 sunt
1199 2003 1233 2030 ab
1252 2002 1419 2038 Hieronymo
1437 2003 1551 2030 ﬁdeliter
1569 2011 1666 2037 νει-ειη,
1682 2009 1710 2032 et
1724 2012 1806 2039 papa:

1010 2050 1128 2077 Damaso
1143 2050 1285 2082 dedicatae,
1303 2055 1384 2084 atque
1403 2058 1417 2077 a
1441 2049 1548 2077 Ilullino
1564 2051 1672 2085 agniuc.
1697 2050 1803 2078 Earum

1011 2101 1100 2124 autern
1127 2097 1270 2123 sententia:
1294 2097 1454 2124 consimiles
1481 2101 1507 2124 et
1533 2105 1671 2132 germana:
1701 2097 1805 2125 harum

1012 2147 1075 2169 sunt
1087 2150 1148 2177 qua:
1163 2143 1189 2169 in
1205 2143 1256 2169 hoc
1272 2150 1355 2178 opere
1366 2143 1552 2176 continentur,
1565 2147 1594 2170 ut
1608 2143 1635 2169 in
1649 2143 1746 2170 cadent
1760 2144 1806 2171 in-

1012 2188 1080 2214 cude
1104 2187 1256 2214 formatum
1275 2195 1335 2214 esse
1357 2192 1504 2223 utrumque
1527 2192 1676 2222 appareat;
1692 2188 1734 2215 uti
1750 2188 1806 2216 ob-

172 2236 200 2263 in
222 2234 333 2263 Cantica
357 2232 521 2259 canticorum
543 2232 599 2265 ipse
624 2238 650 2257 se
672 2230 744 2256 vicit.
770 2229 838 2256 Nam
858 2229 958 2264 primo,
977 2241 998 2268 ι)
1012 2233 1132 2260 servavit
1151 2232 1327 2259 doctissimus
1346 2231 1471 2264 lluetius,
1487 2232 1534 2267 qui
1555 2240 1609 2259 non
1629 2240 1717 2267 pauca
1741 2233 1806 2260 loca

173 2283 315 2309 character
330 2279 557 2315 Origeuianorum
573 2283 650 2304 vetus
670 2281 722 2307 est,
746 2276 871 2310 pluribus
893 2283 959 2304 mss.

174 2329 201 2355 in
216 2327 331 2362 collegio
350 2325 378 2353 S.
392 2325 466 2352 Petri
481 2324 552 2359 apud
567 2322 807 2357 Cantabrigienses
822 2322 960 2356 praeﬁxus,

173 2373 339 2408 cognoscitur
355 2370 477 2405 Origenis
498 2376 584 2396 sermo
605 2375 650 2402 per
669 2367 858 2394 auctoritatum
875 2366 961 2393 abun-

173 2417 307 2444 dantiam.
326 2416 427 2443 Nullibi
444 2419 535 2442 autent
559 2413 732 2441 manifestior
753 2412 797 2439 hic
821 2412 962 2440 character

174 2471 257 2497 quam
274 2463 301 2489 in
322 2462 375 2489 hoc
391 2468 473 2495 opere
488 2469 494 2486 :
513 2460 540 2487 in
557 2467 612 2494 quo
632 2463 728 2485 auctor
741 2465 849 2492 semper
865 2466 961 2485 excur-

176 2507 222 2539 rit,
243 2511 270 2534 et
287 2507 347 2534 loca
371 2506 401 2533 ὅ.
425 2504 573 2539 Scriptura:
594 2504 776 2538 undecunque
794 2503 916 2536 adducit,
935 2508 964 2530 et

175 2553 209 2580 ad
225 2551 395 2587 propositum
410 2558 491 2578 suum
511 2550 604 2577 trahit.
632 2549 771 2582 Secundo,
795 2549 961 2583 tropologica

173 2598 277 2633 ubique
288 2601 410 2625 sectatur
421 2596 563 2631 Origenes,
575 2595 733 2624 notantibus
745 2594 873 2622 oumibus
883 2594 962 2622 Chri-

172 2644 284 2677 stianis,
299 2644 359 2678 ipso
369 2643 451 2670 etiam
468 2643 629 2678 Porphyrio.
643 2641 711 2669 Tres
726 2646 817 2669 autem
830 2645 961 2676 perpetuo

172 2698 274 2718 sensus
293 2690 321 2717 in
336 2694 393 2717 toto
412 2690 463 2717 hoc
481 2698 564 2725 opere
584 2689 770 2724 persequitur,
789 2688 961 2720 historicum,

173 2736 384 2771 tropologicum,
410 2737 606 2771 anagogicum;
634 2743 722 2770 neque
745 2735 824 2761 aliter
850 2733 963 2768 exponit

173 2782 281 2818 reliqua
295 2783 442 2818 Scriptura:
458 2783 516 2810 loca
534 2790 594 2818 qua:
613 2782 725 2809 adducit
744 2781 831 2808 obiter
850 2791 854 2807 :
873 2784 903 2806 ut
917 2779 962 2806 hic

213 2872 223 2888 '
238 2872 307 2900 Gen.
321 2881 396 2908 μιν,
415 2873 458 2900 67.

1013 2278 1161 2314 congessit,
1177 2283 1202 2305 et
1221 2278 1307 2304 multo
1323 2278 1400 2312 plura
1416 2285 1565 2312 congerere
1577 2279 1726 2313 potuisset.
1747 2278 1805 2306 Sed

1013 2331 1123 2351 omnem
1137 2324 1297 2358 scrupulum
1315 2324 1386 2351 tollit
1400 2324 1568 2351 luculentum
1584 2323 1712 2360 Origenis
1742 2324 1807 2350 ira-

1013 2371 1242 2405 gmentunuquod
1258 2368 1352 2397 Graece
1373 2369 1524 2396 etiamnum
1546 2369 1579 2396 ad
1601 2369 1682 2396 linem
1708 2368 1809 2395 Philo-

1014 2416 1090 2443 calia:
1104 2420 1204 2448 exstat,
1219 2416 1250 2442 ὲκ
1267 2414 1314 2441 τοῦ
1334 2414 1355 2450 β’
1376 2415 1460 2449 τόμου
1479 2414 1533 2441 τῶν
1552 2416 1593 2446 εἰς
1603 2412 1738 2449 τὺᾌσμα
1749 2415 1809 2441 τῶν

1013 2461 1152 2496 ᾀσμάτων,
1169 2469 1200 2488 ex
1213 2462 1326 2488 secundo
1339 2467 1409 2488 ιοηιο
1424 2460 1674 2488 commentariorum
1686 2460 1713 2486 in
1728 2460 1808 2487 Can-

1014 2507 1094 2532 ticum
1125 2507 1290 2534 canticorum
1313 2507 1480 2542 decerptum.
1511 2505 1581 2533 lluic
1604 2505 1680 2532 enim
1705 2505 1808 2533 ϐηθεο

1014 2551 1167 2587 fragmento
1182 2553 1261 2587 plane
1283 2552 1449 2587 respondent
1467 2551 1562 2579 Latina
1584 2558 1646 2586 qua:
1668 2551 1808 2578 habemus

1014 2598 1041 2624 in
1063 2598 1144 2632 hujus
1158 2598 1247 2633 operis
1266 2598 1377 2625 homilia
1395 2597 1527 2625 secunda.
1543 2596 1620 2623 Licet
1635 2596 1711 2623 enim
1728 2597 1808 2631 prior

1013 2643 1159 2678 fragmenti
1182 2652 1245 2678 pars
1267 2643 1381 2671 liberius
1403 2643 1460 2670 illic
1479 2647 1645 2678 exponetur,
1664 2642 1806 2677 posterior

1014 2695 1104 2717 tamen
1127 2690 1250 2724 pressius
1269 2689 1391 2717 redditur
1416 2699 1422 2716 :
1445 2694 1472 2716 et
1494 2689 1521 2716 in
1543 2689 1602 2723 ipsa
1620 2689 1708 2723 priori
1728 2695 1806 2724 parte

1014 2736 1060 2762 illa
1073 2735 1217 2770 fragmeuti
1229 2736 1323 2769 verba,
1336 2735 1406 2762 οὕτω
1423 2735 1452 2763 δὲ
1468 2735 1516 2762 καὶ
1534 2735 1638 2771 μήποτε
1656 2735 1805 2772 σκληρύνει

1014 2781 1115 2817 Κύριος
1131 2781 1179 2818 τὴν
1199 2781 1312 2818 καρδίαν
1329 2782 1444 2817 Φαραώ,
1465 2781 1499 2808 ab
1516 2781 1562 2808 illo
1585 2786 1679 2809 vetere
1706 2782 1805 2810 melius
