1866 3073
81 133 117 162 *τι
474 138 499 166 J.
520 139 703 167 rususouu
723 138 882 167 VlNDlChE
903 137 1110 166 lGNATlANA-I.
1129 153 1163 158 _
1179 137 1268 165 usus
1284 137 1304 164 ι.

1677 139 1728 166 178

82 200 249 228 exponuntur
267 205 368 231 quam
382 206 399 225 a
418 198 518 225 'l‘arino
536 207 639 233 nupero
654 199 812 234 interprete.
832 197 887 225 Ta-
903 201 925 228 Α
941 198 1003 225 dam
1024 197 1109 225 fuisse
1135 201 1269 225 coactum.
1294 196 1519 231 Trauscripserat
1540 196 1613 225 hunc
1638 197 1727 230 ipsum

86 240 150 269 riuus
165 242 203 269 ita
223 244 317 271 vertit
331 252 340 270 :
366 243 416 271 Ita
428 253 560 281 nunquam
574 245 704 272 Dominus
720 253 765 272 cor
776 245 886 272 indurat

90 287 243 321 Pharaonis,
264 291 348 324 quod
371 299 389 318 a
412 295 502 319 meme
525 291 680 318 Adamantii
698 291 816 318 alienum
833 295 885 318 est.

89 332 165 362 Vetus
180 333 339 369 interpres,
360 336 507 363 secundant
527 336 582 363 hac
595 345 658 371 ergo
672 337 786 371 fortasse
801 341 825 363 et
844 338 887 363 in-

90 379 194 407 durasse
206 381 314 408 dicitur
329 381 405 409 Deus
422 391 467 409 cor
481 382 643 410 Pharaonis.
658 382 740 410 Recte
756 392 763 409 :
783 383 887 418 μήποτε

91 427 174 460 enim,
188 435 245 454 vos
260 426 379 463 Origeui
394 429 546 463 saepissime
565 434 708 464 usurpata,
727 436 781 456 non
794 429 870 464 signi
881 444 887 449 -

88 472 153 500 ﬂeat
163 481 314 508 nunquam,
330 473 379 501 sed
394 474 528 508 fortasse:
552 474 602 502 sub
617 482 649 502 ea
667 475 741 501 enim
759 475 887 510 loquendi

89 517 210 545 formula
240 519 435 553 expositiones
457 528 524 547 suas
551 520 710 547 dubitanter
735 527 888 555 proponere

86 564 192 599 ubique
204 564 263 593 fere
280 565 352 592 solet
366 566 559 593 Adamantius.

123 610 323 638 Certissimqu
341 611 424 647 igitur
439 616 481 639 est
502 612 568 639 illud
597 620 666 648 opus
685 612 713 640 in
732 612 886 646 Canticum,

80 664 117 683 ex
151 665 208 691 quo
229 657 397 685 sententiam
424 659 667 693 transcripsimus,
707 663 734 687 et
761 659 885 687 testimo-

80 703 167 730 nium
186 711 239 738 pro
258 703 364 739 lgnatio
382 708 477 731 nostro
502 705 689 737 adhibuimus,
715 713 776 733 esse
800 706 887 740 ipsius

78 747 230 782 Origeuis,
258 756 314 775 non
333 748 423 776 Latini
451 749 568 784 alicujus
592 750 723 777 auctoris.
752 750 830 784 Quod
858 755 887 777 ut

77 794 181 822 adhuc
215 794 391 823 manifestius
423 800 562 830 appareat,
596 796 668 823 dabo
688 796 771 823 etiam
805 797 887 824 inter-

78 847 216 876 pretem;
233 849 316 876 quem
339 841 477 868 Bullinum
496 850 557 869 esse
576 850 683 874 assero,
703 851 758 870 non
780 849 885 870 tantum

938 245 1027 271 locum
1043 253 1076 271 cx
1101 244 1217 280 Origene
1232 248 1295 272 ante
1319 251 1381 271 eum
1408 242 1436 270 S.
1470 243 1643 276 Ambrosius,
1669 245 1727 271 sola

938 292 1063 319 vrrsionc
1075 295 1230 318 contentus.
1253 282 1306 318 Sed
1320 299 1382 318 cum
1400 290 1574 318 observasset
1586 289 1727 326 Origenes,

938 345 1032 364 vocem
1047 337 1073 364 in
1088 336 1253 364 salutatione
1266 344 1380 371 prorsus
1395 335 1554 363 inusitatam
1570 343 1728 368 esse,eam-

937 392 991 419 que
1014 383 1198 419 Hieronymus
1219 383 1393 416 reddidisset,
1413 383 1501 418 gratia
1522 383 1639 418 plenam,
1657 385 1727 412 duo-

938 432 1000 464 bus,
1024 431 1139 463 scilicet,
1156 430 1309 462 vocabulis,
1332 437 1452 465 quorum
1477 435 1603 457 neutrum
1633 439 1726 458 rarum

938 480 989 509 est,
999 483 1112 503 necesse
1126 475 1221 502 habuit
1232 474 1341 507 addere,
1354 475 1423 509 quod
1435 474 1525 502 Grazce
1536 475 1637 502 dicitur
1647 484 1728 511 κεχα-

939 522 1086 558 ριτωμένη.
1104 521 1231 548 Secundo
1246 521 1297 548 ista
1313 521 1409 556 objicit
1426 528 1459 548 ex
1481 521 1594 548 homilia
1610 522 1705 556 quinta
1720 530 1725 546 :

939 567 996 603 Ego
1009 573 1096 595 autem
1111 577 1169 596 sum
1185 567 1292 602 ἄλογος,
1308 567 1376 602 quod
1393 567 1452 594 licet
1468 567 1578 594 Latinus
1591 568 1669 595 aliter
1682 576 1728 594 ex-

937 615 1073 649 presserit,
1101 619 1189 641 tamen
1216 615 1321 648 proprie
1345 614 1486 648 transferri
1506 618 1603 648 potest,
1625 614 1728 649 absque

939 668 1065 688 sermone
1077 661 1117 688 vel
1133 661 1247 687 ratione.
1263 660 1315 687 Sed
1327 665 1354 688 et
1374 660 1417 688 hic
1433 664 1491 687 tulit
1508 666 1648 688 auctorem
1667 660 1727 688 Ori-

938 714 1046 741 genem,
1072 711 1129 733 tum
1158 706 1334 742 interpretem
1361 705 1558 741 Hieronymum
1582 706 1726 734 habemus.

939 753 1044 780 Mutum
1067 753 1163 788 probat
1179 757 1275 780 auctor
1290 752 1420 788 populum
1442 751 1634 785 lsraeliticum,
1654 753 1727 787 quod

939 807 1107 830 sermonem,
1131 799 1156 826 id
1171 803 1214 826 est
1228 798 1559 832 Cliristum.rejeeissent;
1576 798 1656 833 idque
1669 799 1728 833 plu-

939 847 1016 874 ribus
1033 845 1181 880 Scripturm
1198 845 1265 873 locis
1285 845 1403 880 explicat
1420 855 1426 872 :
1443 845 1515 880 quod
1533 845 1612 880 plane
1633 843 1728 879 Orige-

77 886 274 921 conjecturis,
296 895 366 922 quas
389 887 504 916 lluetius
516 888 660 923 amplexus
671 894 722 922 est,
735 896 885 924 permotus,
902 882 923 909 Β
939 894 1030 921 nicum
1049 897 1099 920 est.
1114 892 1186 919 Citat
1200 892 1246 919 illa
1255 891 1287 919 de
1309 891 1413 927 Moyse,
1431 891 1517 918 Exod.
1533 899 1559 924 v,
1577 891 1629 918 12:
1654 891 1726 926 Ἐγὼ

77 933 135 961 sed
150 934 238 962 etiam
254 934 355 961 idoneo
367 934 526 962 testimonio
542 935 681 968 suffultus,
697 936 770 970 quod
786 937 887 971 ι)τωῦοῑ

76 979 288 1011 Cassiodorus,
305 981 352 1014 qui
371 985 481 1008 centum
498 985 560 1015 post
579 980 677 1008 Rudini
696 987 813 1009 mortem
838 991 888 1009 an-

76 1026 128 1053 nis
139 1026 229 1055 ,vixit.
245 1025 270 1053 Is
285 1026 372 1059 enim,
386 1027 434 1054 lib.
449 1026 488 1054 De
502 1028 585 1054 divin.
601 1027 676 1059 lect.,
699 1035 760 1063 cap.
780 1028 886 1063 quinto,

78 1073 145 1100 hac
158 1073 246 1100 habet
261 1082 267 1101 :
288 1072 321 1100 In
335 1072 447 1100 Cantica
461 1075 625 1101 canticorum
645 1075 749 1101 duabus
770 1075 887 1102 hamiliis

78 1120 284 1154 expositionem
305 1119 429 1154 Origcnis
442 1120 510 1147 idem
524 1120 553 1148 S.
571 1120 761 1155 Hieronymus,
783 1120 905 1148 Lutinaz.

80 1165 189 1199 lingua:
206 1164 402 1198 multiplicatur
416 1166 546 1199 egregius,
568 1174 616 1192 sua
629 1165 715 1199 nobis,
731 1171 760 1192 ut
776 1174 887 1193 consito.

81 1212 134 1243 tit,
149 1211 287 1246 probabili
304 1211 480 1238 translatione
493 1213 640 1247 prospexit.
654 1215 726 1245 Quas
741 1214 803 1240 item
821 1213 887 1248 Ruf-

83 1258 172 1291 ﬁnus,
190 1258 324 1292 interpres
344 1257 585 1292 eloquentissimus,
602 1258 713 1292 adjectis
728 1259 886 1294 quibusdam

83 1301 165 1334 locis,
181 1310 266 1337 usque
283 1302 318 1328 ad
333 1302 401 1328 illud
421 1309 581 1337 prazceptam
593 1303 664 1337 quod
677 1304 716 1331 ait
732 1312 742 1330 :
764 1314 772 1330 α
791 1304 887 1340 Capite

86 1348 170 1375 nobis
192 1349 293 1382 vulpes
310 1348 424 1383 pusillas
438 1349 652 1377 exterminantes
669 1350 763 1377 vineas
774 1351 795 1382 ⁸,
811 1361 820 1376 ι
838 1352 886 1378 tri-

87 1394 139 1420 bus
151 1394 233 1421 libris
252 1393 337 1420 latius
353 1393 507 1429 explicavit.
525 1394 658 1427 Quamvis
677 1396 750 1422 enim
765 1396 822 1424 hare
838 1397 886 1424 ob-

88 1447 169 1466 scure
182 1439 258 1466 dicta
273 1439 328 1466 sint
347 1447 362 1466 a
374 1439 552 1470 Cassiodoro,
578 1440 645 1467 satis
665 1445 756 1468 tamen
778 1441 828 1468 hoc
843 1442 885 1477 ip-

89 1494 151 1513 sum
175 1493 248 1520 opus
273 1486 389 1516 indicat,
408 1488 482 1520 quod
504 1486 531 1513 in
549 1486 596 1514 illo
615 1487 753 1514 versiculo
770 1495 775 1511 :
794 1487 887 1522 Capite

90 1534 165 1560 nobis
190 1533 281 1568 culpes
297 1532 410 1568 pusillas
432 1533 636 1560 exterminantes
658 1534 758 1566 uineas,
775 1534 883 1562 desinit.
899 1553 921 1582 ο

91 1579 152 1607 Non
175 1585 216 1606 est
241 1580 325 1615 igitur
343 1579 414 1614 quod
437 1580 497 1615 quis
523 1581 716 1615 suspicionibus
737 1581 884 1616 indulgeat,

90 1626 203 1654 Erasmi
215 1627 324 1661 judicio
342 1626 426 1660 fretus
457 1626 498 1661 (ut
515 1627 543 1654 in
562 1635 590 1654 re
604 1628 740 1655 consimili
756 1629 790 1655 de
807 1627 886 1656 Inuo-

89 1673 172 1700 eentii
180 1673 309 1707 epistolis
320 1673 389 1700 dixit
399 1672 577 1707 Blondellus),
588 1674 674 1701 multo
687 1674 777 1702 minus
788 1674 886 1701 Amer—

88 1719 194 1750 bachii,
208 1719 254 1746 hic
273 1719 445 1752 fluctuantis,
461 1718 584 1753 nihilque
607 1718 681 1746 aliud
694 1718 826 1746 aﬂirmate
839 1727 884 1746 as-

88 1766 220 1798 serentis,
239 1765 293 1792 nisi
316 1765 389 1800 quod
405 1769 433 1792 et
449 1761 500 1800 ip'si
516 1765 676 1792 asset-imus.
694 1765 732 1792 lta
747 1765 820 1792 enim
842 1765 886 1792 ille

89 1811 254 1846 praefatione
267 1812 301 1838 ad
319 1817 424 1838 tomum
441 1811 587 1846 septimum
603 1810 760 1847 Hieronymi
775 1821 782 1838 :
799 1811 884 1839 Culte-

89 1865 147 1883 rum
159 1857 194 1884 de
207 1856 329 1884 liomiliis
351 1862 468 1893 quatuor
488 1857 516 1883 in
533 1856 644 1884 Cantica
664 1857 828 1884 canticorum
851 1865 886 1883 an

88 1903 142 1930 sint
157 1902 295 1938 Origenis,
315 1912 407 1935 necne,
431 1903 492 1930 nolo
513 1904 541 1930 in
563 1905 706 1938 praesentia
726 1904 884 1938 disputare;

89 1954 157 1976 certe
182 1949 268 1975 multa
290 1954 352 1975 sunt
379 1957 438 1984 qua:
454 1957 486 1976 ea
503 1949 592 1977 Latini
612 1950 725 1977 hominis
744 1959 809 1984 esse,
833 1959 885 1979 non

88 1994 178 2022 Graeci
203 1995 384 2030 comprobent.
409 1996 484 2022 Illud
509 1996 595 2023 ausint
621 1997 761 2031 afﬁrmare,
780 1998 886 2024 etiamsi

89 2041 178 2070 Grati
195 2043 309 2069 hominis
322 2044 388 2075 sint,
406 2042 595 2078 Hieronymum
607 2051 661 2070 non
675 2044 793 2072 vertisse.
807 2044 885 2077 Quod

87 2093 115 2116 et
133 2097 186 2116 nos
201 2089 382 2116 allii-luamus.

124 2134 167 2162 Ad
195 2136 314 2170 primum
339 2135 468 2170 Origenis
490 2135 679 2163 testimonium
706 2135 884 2164 refellendum

89 2189 157 2208 usus
169 2186 212 2208 est
226 2181 395 2208 auctoritate
417 2181 523 2208 lirasmi
539 2181 581 2208 vir
592 2181 781 2214 doctissimus,
795 2182 828 2209 ad
842 2190 885 2209 se-

88 2227 211 2253 cundum
228 2227 392 2254 eleramlum
415 2235 466 2254 suo
480 2227 590 2261 quidem
606 2227 702 2260 Harte,
726 2236 775 2255 nec
793 2229 884 2256 minus

89 2273 237 2301 infeliciter
259 2274 444 2309 progreditur.
467 2273 561 2301 Primo
577 2274 753 2302 liomiliarum
774 2275 885 2309 triginta

89 2328 189 2347 novem
201 2321 229 2346 in
242 2320 344 2347 Lucam
358 2325 500 2347 auctorem
516 2321 573 2348 vult
584 2329 644 2348 esse
656 2320 782 2348 Latinum
794 2329 800 2347 :
811 2321 884 2355 quod

88 2372 114 2393 et
125 2374 175 2401 per
191 2374 221 2394 se
237 2367 349 2399 mirum,
364 2373 392 2394 et
405 2373 471 2394 ante
491 2367 564 2394 hunc
578 2367 661 2400 dicm,
677 2367 788 2401 opinor,
806 2367 884 2394 inatt-

89 2413 176 2440 ditum
188 2418 241 2441 est.
258 2413 421 2440 Latinorum
441 2414 573 2440 natalium
591 2414 691 2440 indicia
706 2421 767 2448 qua:
786 2414 885 2447 depre-

91 2459 184 2487 hendit
204 2460 263 2487 lucc
284 2465 361 2487 sunt.
384 2459 491 2491 Primo,
515 2460 647 2492 observat,
671 2460 770 2495 inquit,
794 2460 883 2495 gratia

89 2503 202 2538 plenam,
214 2503 307 2531 (Ira-ce
316 2503 546 2539 κεχαριτωμένην
557 2504 621 2531 dici.
631 2504 683 2532 Sed
692 2505 765 2539 quis,
777 2513 881 2539 quaeso,

89 2549 234 2577 observat?
245 2554 353 2580 auctor,
368 2557 404 2576 an
418 2549 571 2583 interpres?
581 2549 712 2578 Neutrum
726 2551 802 2582 dicit,
815 2551 882 2578 satis

91 2601 187 2623 caute:
213 2596 261 2623 sed
284 2596 400 2623 ltomilia
422 2595 554 2626 observat,
579 2597 650 2630 quod
675 2597 743 2623 mire
766 2597 880 2627 dictum,

91 2646 168 2677 atque
183 2642 246 2670 itide
268 2643 426 2674 concludit,
453 2647 589 2669 auctorem
614 2650 667 2669 non
687 2642 819 2676 Graecum,
836 2643 881 2670 sed

92 2686 208 2715 Latinum
226 2689 320 2724 fuisse.
347 2689 407 2724 Ego
430 2693 526 2723 aperte
543 2689 605 2716 dico
684 2688 880 2724 Hieronymum

93 2734 201 2763 honiilite
221 2737 404 2771 interpretem
427 2735 480 2762 hoc
495 2735 583 2762 obiter
598 2735 772 2769 observasse,
793 2740 820 2763 et
834 2744 882 2763 ne-

91 2783 205 2810 cessitate
222 2783 348 2818 quadam
364 2784 400 2809 ad
422 2781 505 2808 talem
521 2781 740 2809 observationem
758 2782 881 2809 inseren-

121 2860 212 2888 'Caut.
225 2869 256 2895 tt,
275 2861 318 2888 l3.
360 2861 368 2873 τ
388 2859 486 2886 Matth.
507 2859 633 2891 xxn’,‘28.

938 940 973 966 δὲ
989 940 1100 974 ἄλογός
1115 940 1184 974 εἰμι.
1198 938 1333 974 luterpres
1351 939 1415 973 quia
1431 939 1501 965 nihil
1515 938 1567 966 tale
1579 938 1605 965 in
1623 938 1727 965 Latinis

939 985 1081 1014 codicibus
1101 985 1233 1020 scriptum
1255 985 1400 1016 inveniret,
1418 984 1465 1011 sed
1484 985 1575 1019 potius
1598 984 1678 1017 forte,
1701 985 1726 1011 id

938 1031 1012 1067 quod
1028 1039 1101 1059 nunc
1122 1031 1250 1066 legimus,
1272 1039 1332 1058 cum
1350 1031 1552 1058 incircumcisus
1569 1030 1646 1057 labiis
1666 1031 1727 1063 sim,

939 1083 1008 1106 utet
1030 1077 1143 1106 llehraaa
1167 1083 1275 1111 sonant,
1297 1083 1323 1106 et
1349 1077 1545 1106 Tlieodotiouis
1561 1079 1662 1111 versio,
1687 1078 1727 1104 vel

939 1124 1012 1151 tardi
1021 1125 1161 1157 sermonis,
1173 1128 1201 1151 ut
1213 1124 1368 1159 antiquitus
1384 1124 1535 1158 legebatur,
1551 1131 1664 1151 necesse
1678 1131 1729 1158 pu-

939 1171 1004 1198 tavit
1016 1170 1049 1197 ad
1064 1169 1209 1205 Origenem
1222 1174 1294 1198 recte
1307 1170 1471 1205 capiendum
1485 1170 1642 1202 admonere,
1655 1170 1727 1205 quod

938 1217 998 1244 licet
1014 1216 1126 1244 Latinus
1141 1217 1221 1244 aliter
1235 1217 1392 1251 expresserit
1415 1217 1488 1244 illam
1509 1224 1602 1244 vocem
1621 1216 1726 1250 ἄλογος,

938 1269 1029 1292 tamen
1055 1265 1162 1299 proprie
1183 1263 1325 1298 transferri
1348 1269 1433 1298 potest
1458 1264 1563 1299 absque
1589 1271 1727 1296 sermone,

938 1309 996 1337 sive
1007 1309 1126 1337 ratione.
1143 1309 1176 1336 Et
1199 1309 1252 1336 hoc
1273 1309 1354 1344 plane
1370 1308 1613 1345 Hieronymianum
1628 1314 1679 1342 est,
1699 1314 1728 1336 ut

938 1363 1035 1383 omnes
1060 1360 1171 1382 norunt.
1195 1355 1252 1390 Ipse
1273 1359 1347 1382 certe
1375 1355 1569 1390 Hieronymus,
1592 1356 1624 1382 ad
1647 1361 1728 1390 caput

938 1410 1000 1429 xuv
1017 1401 1116 1429 Ezech.
1136 1411 1142 1428 :
1164 1401 1199 1428 Et
1221 1402 1248 1428 in
1264 1401 1358 1428 Exodo
1380 1401 1485 1428 locutus
1505 1406 1544 1428 est
1572 1401 1676 1436 Moyses
1701 1402 1726 1428 in

937 1452 1079 1482 conspectu
1101 1448 1220 1479 Domini,
1242 1447 1330 1474 dicens
1343 1455 1353 1474 :
1371 1456 1380 1472 ι
1399 1446 1471 1474 Ecce
1495 1447 1543 1474 lilii
1566 1446 1650 1474 Israel
1670 1454 1726 1474 non

937 1493 1086 1520 audierunt
1106 1501 1159 1525 me,
1183 1491 1323 1527 quomodo
1345 1491 1438 1518 audiet
1457 1499 1500 1518 me
1525 1491 1656 1518 Pharao?
1677 1499 1728 1526 pgo

937 1543 1028 1566 autem
1044 1547 1104 1566 sum
1119 1538 1189 1565 tardi
1205 1537 1357 1565 sermonis:
1379 1547 1388 1562 ι
1402 1545 1449 1571 pro
1461 1545 1511 1572 quo
1528 1535 1604 1563 LXX
1621 1537 1712 1563 dixere

945 1584 1015 1619 Ἐγὼ
1029 1584 1064 1612 δὲ
1082 1584 1193 1619 ἄλογός
1208 1585 1277 1618 ειμι,
1294 1584 1362 1618 quod
1379 1583 1472 1610 melius
1495 1583 1606 1610 habetur
1624 1584 1652 1610 in
1673 1583 1727 1610 lle-

938 1629 1021 1662 brwo,
1036 1637 1087 1664 ego
1107 1629 1318 1656 iucircumcisus
1341 1636 1402 1655 sum
1427 1628 1517 1655 labiis.
1535 1627 1639 1659 Tertio.
1657 1629 1728 1662 ejus-

937 1676 1008 1708 dem,
1021 1675 1120 1710 inquit,
1133 1679 1171 1702 cst
1186 1675 1337 1707 commatis,
1352 1674 1421 1709 quotl
1435 1674 1551 1701 cadaver
1566 1682 1581 1700 a
1596 1682 1662 1701 casu
1680 1683 1728 1701 no-

937 1728 1000 1748 men
1012 1720 1150 1755 acecpissc
1161 1719 1291 1751 observat,
1307 1719 1402 1746 liomil.
1421 1719 1463 1747 16.
1479 1719 1535 1746 lino
1550 1719 1607 1747 lucc
1623 1720 1725 1747 nullam

938 1774 1000 1794 cum
1017 1766 1233 1801 pra-cedentibus
1253 1766 1462 1793 similitudinem
1477 1766 1586 1798 habent,
1601 1766 1648 1793 scd
1663 1772 1727 1794 sunt

938 1820 1006 1847 pura
1032 1812 1192 1845 translatio,
1218 1812 1275 1839 sive
1301 1812 1374 1839 nulla
1399 1812 1557 1840 Graecorum
1582 1812 1726 1840 verborum

938 1858 1064 1886 redditio.
1094 1858 1218 1893 Explicat
1238 1866 1271 1885 eo
1294 1858 1356 1885 loco
1379 1859 1544 1886 versiculqu
1567 1859 1601 1886 34
1621 1867 1680 1894 cap.
1706 1867 1725 1886 ιι

937 1904 1040 1940 Evang.
1061 1906 1213 1933 secundum
1236 1904 1265 1932 S.
1282 1905 1394 1933 Lucam.
1415 1906 1469 1932 ἰδοὺ
1490 1904 1566 1938 οὗτος
1582 1907 1668 1933 κεῖται
1687 1907 1726 1937 εἰς

937 1951 1042 1978 πτῶσιν
1058 1959 1066 1978 :
1084 1952 1152 1979 Ecce
1169 1952 1211 1979 hic
1233 1952 1336 1987 positus
1354 1958 1392 1980 est
1409 1953 1436 1980 in
1456 1954 1573 1986 ruinam,
1594 1953 1725 1989 Origenes

937 2005 1013 2024 more
1027 2005 1093 2030 suo;
1111 2003 1137 2024 ιιι
1161 1998 1269 2025 laudent
1290 1998 1354 2026 huic
1372 1999 1490 2034 applicat
1505 2000 1596 2028 locum
1612 1999 1640 2027 S.
1656 2000 1724 2027 Mat-

937 2043 1000 2071 tluei
1016 2053 1023 2070 :
1042 2043 1076 2070 Et
1091 2044 1123 2070 de
1143 2044 1193 2071 hac
1215 2046 1294 2071 ruina
1313 2046 1434 2072 dicitur:
1457 2047 1549 2073 Ὅπου
1565 2046 1620 2081 γὰρ
1635 2046 1689 2074 ἐὰν
1705 2046 1724 2080 ᾖ

938 2089 970 2116 τὸ
981 2089 1095 2124 πτῶμα,
1107 2090 1170 2117 ἐκεῖ
1181 2091 1428 2126 συναχθήσονται
1441 2093 1467 2118 οὶ
1477 2092 1566 2124 ἀετοί,
1579 2092 1725 2128 ubicunque

938 2136 1016 2170 fuerit
1034 2137 1156 2167 cadaver,
1180 2136 1217 2163 ibi
1240 2137 1470 2172 congregabantur
1490 2137 1587 2172 aquila:
1606 2139 1627 2165 ⁷.
1647 2138 1725 2171 Quod

937 2189 971 2208 ne
987 2187 1112 2209 coactum
1129 2183 1209 2210 nimis
1224 2183 1360 2216 videatur,
1372 2184 1486 2217 addidit,
1500 2184 1599 2219 πτῶμα
1610 2184 1725 2220 γὰράπὸ

900 2225 923 2253 D
937 2227 1066 2260 πτώσεως
1086 2229 1206 2263 λέγεται,
1224 2229 1337 2257 cadaver
1352 2231 1444 2265 quippe
1458 2239 1474 2257 a
1488 2239 1552 2257 casu
1575 2239 1668 2258 nomen
1680 2239 1725 2258 ac-

933 2275 1015 2310 cepit.
1038 2275 1125 2307 Quale
1140 2276 1242 2310 aliquid
1260 2277 1331 2311 apud
1351 2277 1526 2312 Hippolytum
1544 2278 1618 2313 legas
1635 2277 1725 2305 libello

935 2321 968 2348 de
982 2322 1162 2349 Auticbristo.
1179 2322 1293 2355 Quarto,
1305 2323 1424 2358 ejusdem
1437 2325 1576 2351 coniuratis
1590 2332 1652 2351 esse
1667 2325 1724 2352 vult

936 2368 1000 2395 illud
1017 2376 1050 2395 ex
1064 2369 1138 2395 hom.
1154 2369 1200 2400 Ἡ,
1219 2370 1293 2404 quod
1307 2369 1415 2397 Crwcus
1427 2379 1513 2397 sermo
1527 2370 1585 2402 hoc,
1601 2370 1670 2406 quod
1684 2376 1723 2398 est

934 2415 1050 2441 conuerti
1075 2415 1102 2441 in
1122 2415 1239 2450 lapides,
1262 2415 1458 2450 significantius
1481 2421 1557 2443 sanat
1581 2416 1724 2443 ἀπολιθοῦ-

935 2460 1008 2487 σθαι.
1033 2461 1086 2488 Sed
1111 2468 1185 2489 totus
1201 2463 1246 2489 ille
1266 2467 1399 2490 tractatus
1422 2464 1455 2490 de
1477 2463 1642 2491 suscitandis
1659 2464 1723 2492 tiliis

934 2506 1052 2534 Abt-aha:
1063 2514 1097 2533 ex
1120 2508 1256 2542 lapidibus
1272 2509 1350 2542 plane
1365 2508 1528 2543 Origenicus
1543 2513 1603 2543 est;
1624 2514 1651 2536 et
1666 2510 1723 2538 haec

933 2554 1026 2584 verba,
1042 2561 1102 2587 quae
1118 2556 1273 2587 parenthesi
1287 2555 1388 2582 includi
1404 2556 1514 2588 debent,
1532 2555 1677 2583 manifeste
1688 2556 1723 2583 ab

934 2599 1081 2634 interprete
1101 2599 1268 2636 Hieronymo
1289 2607 1353 2628 sunt
1373 2602 1474 2628 inserta
1509 2601 1622 2635 Quinto,
1647 2606 1721 2629 notat

931 2647 1051 2680 judicem
1074 2647 1146 2681 apud
1168 2647 1277 2675 Graecos
1298 2657 1360 2675 cum
1381 2649 1499 2676 articulo
1523 2650 1654 2684 positum,
1673 2649 1719 2683 qui

933 2693 1132 2727 singularitatis
1148 2693 1317 2728 signiﬁcanter
1332 2700 1384 2727 est,
1400 2700 1424 2722 et
1440 2703 1501 2722 mox
1514 2694 1655 2722 discrimen
1674 2703 1722 2720 no-

934 2740 1012 2766 minis
1025 2741 1063 2766 vel
1077 2749 1136 2767 cum
1149 2741 1264 2767 articulo
1278 2741 1317 2767 vel
1329 2741 1426 2776 absque
1440 2741 1555 2768 articulo
1566 2741 1646 2775 positi
1656 2740 1720 2767 dicit

932 2786 1004 2820 apud
1024 2786 1135 2813 Graecos
1152 2786 1238 2820 magis
1254 2786 1366 2821 intelligi
1380 2787 1475 2814 bomil.
1492 2787 1536 2814 55.
1559 2786 1610 2814 Sed
1634 2786 1720 2813 facilis
