1866 3073
201 146 236 174 79
725 147 754 177 S.
773 147 945 177 lGNATlUS.
961 165 996 170 —
1013 148 1279 177 PROLEGOMENA.

1771 145 1831 172 180

182 206 346 241 responsio:
370 213 467 236 auctor
485 209 604 237 humilia»
619 214 696 237 notat
713 209 832 244 judicem
849 197 909 237 cum
924 218 970 236 ar-
984 213 1005 240 Α
1021 209 1138 237 Sabaoth
1161 211 1277 244 primunt
1302 209 1396 236 calum
1424 209 1590 244 manifestat.
1618 208 1721 236 Eodem
1739 209 1832 235 modo

182 252 262 280 ticulo
277 254 409 288 positum:
430 255 564 290 interpres
580 255 664 287 addit,
680 255 750 289 apud
770 254 888 288 (ἕν-ωερε,
903 255 968 290 quia

181 299 253 334 apud
272 299 384 327 Latinos
407 308 462 327 non
483 301 594 336 ponitur
614 301 758 329 articulus.
781 301 901 336 Exponit
924 302 969 329 hic

181 345 313 381 Origenes
320 345 486 374 versiculum
501 347 611 382 58,cap.
622 355 660 374 xu
670 347 967 376 Evanaeliisecundum

182 392 292 421 Lucam.
314 392 449 420 Observat
483 393 644 429 ἐπ’ἆρχοντα
677 394 730 422 diei
753 394 812 422 sine
835 395 968 427 articulo,

182 437 251 473 πρὸς
266 438 311 464 τὸν
325 438 430 474 Κριτήν
444 446 505 466 cum
519 438 636 466 articulo
654 448 660 465 :
692 439 755 466 inde
776 439 880 475 colligit
894 440 969 474 prin-

181 485 266 520 cipem
292 492 352 513 esse
379 493 463 512 unum
491 485 670 520 angelorum,
697 486 744 521 qui
782 487 859 514 multi
884 491 968 520 sunt,

178 530 297 566 judicem
317 538 378 558 esse
391 531 467 558 illum
484 531 606 562 unicum.
626 530 719 560 Jesum
739 531 890 560 Christum.
913 532 970 560 Hoc

183 575 264 610 plane
275 575 449 610 Origenieum
470 580 521 603 est.
539 575 625 603 Nemo
640 576 712 604 enim
733 577 816 604 toties
832 577 885 604 vim
901 577 969 604 arti-

182 621 238 648 culi
253 625 330 656 urget
345 629 378 649 ac
396 621 587 649 Adamantius.
608 621 793 658 Hieronymus
813 630 875 649 cum
894 622 970 650 vide-

183 673 225 695 ret
251 668 390 696 hominem
409 667 515 696 Latinze
528 673 633 696 tantum
657 669 757 705 linguae
778 670 896 704 peritum
913 669 971 697 haec

181 721 278 749 capere
289 722 343 742 non
358 715 493 750 potuisse,
507 715 612 752 notavit
622 717 671 743 hoc
685 715 757 751 apud
768 715 873 744 (-‘razcos
884 717 970 752 magis

181 760 305 795 intelligi.
320 760 475 794 Postremo,
493 761 593 796 inquit,
609 763 637 789 in
651 761 742 790 eadem
760 762 870 790 ltomiliu
884 767 970 790 monet

181 806 372 841 quadrantem,
387 807 445 835 sive
461 807 596 835 minutum
610 807 704 836 Graece
715 812 791 835 tenue
807 808 861 836 diei
877 816 969 843 posse.

183 852 275 881 ﬂecte.
298 853 437 882 Habemus
448 858 538 882 autem
556 859 583 883 et
597 855 643 882 hic
658 859 796 882 auctorem
814 854 969 890 Origenem,

1019 259 1044 281 et
1062 254 1205 282 Jacob.....
1219 256 1287 282 sicut
1316 254 1460 282 secundant
1480 254 1654 281 Latinitatem
1683 254 1832 280 Dominus

1019 302 1147 329 virtutum
1160 307 1185 328 et
1200 306 1277 336 pater
1291 302 1419 328 omnium.
1446 300 1508 328 Haec
1530 309 1596 329 sane
1612 300 1704 327 Latini
1724 299 1832 327 homi-

1020 349 1074 382 nis,
1089 356 1143 378 non
1159 349 1290 382 auctoris,
1314 349 1362 376 sed
1389 348 1556 384 interpretis.
1583 348 1708 376 lrenzeus
1742 347 1834 375 enim

1021 394 1117 422 Latine
1136 402 1191 422 non
1211 395 1337 430 scripsit;
1361 394 1421 430 ejus
1437 399 1527 422 tamen
1549 395 1609 423 hinc
1629 395 1727 423 omnia
1757 399 1839 422 sunt

1020 446 1152 476 praeterea
1168 449 1230 476 quae
1245 441 1380 476 interpres
1393 441 1507 469 addidit.

1057 487 1111 514 Sed
1136 487 1194 515 sive
1215 487 1335 520 Glaucus,
1360 488 1417 516 sive
1439 488 1552 516 Latinus
1579 487 1662 516 fuerit
1692 488 1743 515 hic.
1775 488 1838 515 lio-

1020 533 1156 560 miliarum
1170 539 1276 567 auctor,
1289 532 1431 569 Origenes,
1446 533 1546 562 Dallaeo
1559 535 1664 569 judice,
1679 543 1749 562 esse
1770 542 1838 562 non

1021 579 1119 614 potuit.
1143 578 1212 606 Nam
1235 579 1267 606 ab
1282 579 1338 614 ipso
1353 579 1476 614 Origenis
1492 581 1577 615 genio,
1600 589 1671 607 more
1689 589 1725 607 ac
1738 589 1838 608 sensu

1020 625 1143 659 quaedam
1158 630 1219 652 sunt
1240 626 1268 652 in
1283 625 1372 652 eodem
1391 634 1467 660 opere
1483 625 1581 653 aliena.
1597 626 1665 659 Quae
1679 627 1838 654 hactenus

1022 672 1140 699 vidimus
1167 675 1232 699 sunt
1258 672 1337 707 plane
1364 671 1549 707 Origeniana,
1575 680 1703 708 quaenam
1735 672 1840 707 igitur

1021 723 1086 745 sunt
1111 726 1172 753 qua:
1194 718 1359 746 Adamantio
1394 723 1549 753 competere
1585 727 1640 746 non
1674 719 1839 754 possunt?

1022 763 1124 796 Primo,
1136 764 1248 791 homilia
1259 764 1295 792 25
1309 764 1442 798 :Spiritus
1452 763 1481 792 S.
1491 765 1590 792 dicitur
1600 765 1680 793 tertia
1694 772 1836 799 persona

1022 815 1036 834 a
1046 806 1125 834 Patre
1135 811 1162 834 et
1172 806 1250 834 Filio.
1267 807 1320 840 Qui
1337 809 1375 835 sic
1392 808 1535 835 distinctus
1549 817 1670 843 persona
1680 809 1708 835 in
1718 809 1838 835 divinis

1021 861 1084 879 usus
1108 853 1140 879 ab
1155 853 1267 888 Origene
1292 853 1394 881 alienus
1414 858 1464 881 est.
1487 855 1522 880 At
1537 854 1589 881 hoc
1605 853 1666 888 ipso
1683 854 1751 881 loco
1776 862 1837 880 au-

183 900 357 935 interpretem
380 900 589 937 Hieronymum.
614 901 746 937 Origenes
768 902 834 929 dum
851 901 970 937 explicat
985 893 1007 922 Β
1022 902 1082 925 ειοι·
1104 899 1140 925 ila
1166 898 1288 934 quuilul‘
1309 904 1339 926 ut
1366 899 1451 926 alium
1479 908 1562 935 quam
1579 899 1730 935 Origenem
1755 908 1835 927 cum

181 953 213 972 ea
230 946 323 979 verba,
335 947 387 978 ἕως
404 944 434 974 οὗ
445 948 493 974 καὶ
507 947 538 974 τὸ
550 946 663 982 ἔσχατον
677 947 776 974 λεπτὸν
793 946 911 982 ἀποδῷς,
927 947 970 974 lu-

181 992 231 1024 dit,
248 997 278 1019 ut
289 993 413 1024 solet.'in
427 1000 495 1021 voce
513 993 623 1026 λεπτόν,
638 998 666 1021 et
684 994 804 1021 ostendit
826 997 969 1028 peccatum

181 1045 243 1066 esse
262 1039 303 1067 vel
323 1040 422 1074 pingue
437 1044 465 1067 et
487 1048 622 1073 crassum,
647 1041 690 1067 vel
708 1045 790 1068 tenue
805 1045 833 1067 et
857 1041 967 1068 subtile.

185 1083 257 1112 Vidit
276 1084 459 1121 Hieronymus
476 1085 534 1112 hinc
547 1094 562 1113 a
581 1085 687 1113 Latinis
710 1085 825 1121 intelligi
847 1093 901 1113 non
922 1094 971 1121 po-

182 1131 268 1159 tuisse
279 1132 322 1159 vel
336 1139 383 1166 per
395 1131 582 1167 quadrantem,
595 1132 636 1159 vel
650 1133 792 1165 minutum,
809 1131 970 1166 monuitque
979 1140 985 1144 ·

182 1177 209 1204 id
222 1177 294 1212 quod
310 1178 442 1204 minutum
458 1178 570 1210 dicitur,
592 1177 685 1205 Graece
706 1182 781 1205 tenue
800 1176 855 1204 dici
875 1184 968 1212 posse,

183 1223 254 1250 unde
269 1231 331 1258 qua:
347 1228 501 1259 sequuntur
517 1224 626 1252 tandem
644 1223 758 1258 intelligi
778 1227 902 1258 possunt.

220 1270 298 1303 Ilaec.
320 1271 424 1305 inquit,
443 1275 577 1297 auctorem
594 1270 684 1298 Greece
703 1269 839 1303 scripsisse
859 1273 968 1304 negant,

180 1325 234 1351 qua
253 1316 346 1352 lingua
369 1321 459 1343 notum
479 1322 517 1344 est
538 1316 677 1352 Origenem
692 1316 782 1343 omnia
797 1324 846 1342 sua
861 1323 968 1349 compo-

180 1362 274 1389 suisse.
292 1362 348 1389 lmo
363 1370 427 1390 vero
443 1367 577 1389 auctorem
593 1362 683 1389 Grazce
698 1362 837 1396 scripsisse
853 1368 907 1388 non
925 1368 970 1388 nc-

181 1413 256 1443 gant.
280 1409 327 1436 sed
351 1408 541 1436 tantummodo
567 1408 744 1443 interpretem
767 1415 800 1435 ex
815 1406 916 1434 Graecis
941 1407 970 1433 in

182 1453 277 1481 Latina
302 1454 487 1487 transtulisse,
509 1458 545 1486 et,
570 1454 618 1481 ubi
641 1461 710 1488 opus
733 1457 818 1485 esset,
834 1452 969 1480 rersionis

181 1507 238 1533 ante
259 1500 392 1527 rationein
414 1500 582 1533 reddidisse,
596 1508 652 1534 quo
666 1499 734 1527 nihil
752 1499 824 1533 apud
841 1499 969 1533 antiquos

181 1545 342 1580 interpretes
357 1545 522 1574 familiarius
538 1546 599 1580 fuit,
613 1546 770 1573 ostendunt.
786 1544 969 1572 Bellarminus

182 1596 326 1619 tractatum
342 1592 480 1626 quintum,
495 1591 616 1626 adeoque
631 1591 751 1626 reliquos
769 1589 797 1617 in
810 1588 969 1616 lilatthaium

181 1639 285 1672 putavit
306 1646 376 1666 esse‘
385 1637 477 1666 Latini
502 1638 624 1665 auctoris
646 1645 653 1665 :
677 1637 725 1665 sed
740 1645 791 1664 non
805 1637 885 1671 firma
901 1636 970 1663 mihi

180 1685 289 1713 videtur
311 1686 371 1720 ejus
397 1686 479 1718 ratio,
504 1685 596 1720 inquit
614 1684 752 1712 Labbeus.
774 1683 809 1711 Et
823 1689 882 1711 erat
896 1687 970 1710 certe

181 1733 381 1765 inﬁrmissima,
395 1738 426 1761 ut
439 1741 513 1761 nunc
532 1737 646 1768 apparet
666 1741 700 1760 ex
722 1731 921 1760 commentario
935 1730 970 1758 ab

181 1780 280 1808 lluetio
300 1781 394 1808 Graece
419 1781 504 1808 edito.
531 1779 565 1807 Et
579 1780 659 1815 digna
685 1787 751 1808 sunt
770 1778 860 1806 Huetii
887 1778 970 1805 verba

179 1835 242 1862 quae
256 1835 270 1854 a
285 1826 385 1854 talibus
411 1826 600 1862 hypercriticis
624 1825 804 1853 observentur
819 1832 826 1851 :
843 1823 969 1856 Quamvis

180 1875 228 1900 hoc
243 1873 399 1900 Bellarmini
409 1872 542 1907 judicium
555 1872 644 1907 palam
657 1866 761 1905 refellat
773 1870 872 1898 codicis
884 1868 971 1896 (ἕνα,ιεί

180 1920 268 1951 lectio,
281 1927 312 1946 ea
326 1923 412 1946 tamen
432 1919 456 1945 si
471 1926 632 1947 careremus.
647 1925 697 1944 non
710 1916 770 1952 plus
786 1915 882 1943 valeret
901 1915 970 1942 illud

180 1967 306 1994 adversus
329 1966 396 1992 hunc
415 1965 571 1992 Adamantii
602 1965 718 1996 librum,
741 1971 821 1998 quam
845 1962 969 1988 adversus

181 2012 308 2047 reliquos,
331 2019 396 2046 quos
424 2016 540 2038 veterum
564 2011 737 2045 interpretum
764 2007 854 2035 studio
874 2007 970 2034 Latine

181 2058 298 2085 redditos
317 2057 428 2092 legimus
450 2065 460 2084 :
478 2057 505 2084 in
529 2057 562 2083 iis
582 2055 713 2091 siquidem
732 2055 881 2090 frequenter
896 2053 969 2087 ejus-

180 2103 253 2130 modi
267 2109 409 2131 occurrunt
424 2103 607 2130 additamenta
620 2103 792 2135 interpretum
806 2109 862 2128 suto
872 2099 970 2134 lingua:

180 2150 329 2178 hominibus
342 2151 564 2185 gratiﬁcantium.
578 2149 670 2185 Neque
683 2149 742 2176 haec
753 2148 786 2175 de
796 2145 969 2182 Origenianis

181 2200 286 2223 tantum
303 2203 366 2223 vera
392 2200 465 2223 sunt.
487 2195 565 2230 Apud
591 2194 719 2222 Latinum
743 2193 876 2220 lrenteum
903 2191 970 2225 legi-

1021 943 1106 972 fuisse
1133 953 1186 972 non
1208 945 1316 973 credas.
1342 946 1415 973 Dicit
1431 946 1539 981 aliquos
1554 955 1603 982 per
1626 947 1834 974 inordinatam

1020 991 1180 1018 eharitatetn
1203 990 1294 1018 dicere
1309 990 1425 1019 Paulum
1450 993 1545 1020 sedere
1566 1002 1581 1020 a
1597 993 1718 1026 dextris,
1744 993 1835 1020 Mar-

1019 1035 1127 1063 cionem
1154 1044 1169 1063 a
1185 1036 1307 1064 sinistris
1330 1036 1483 1064 Salvatoris
1495 1057 1503 1071 ,
1525 1041 1552 1065 et
1571 1045 1619 1072 per
1635 1038 1833 1068 advocatum.

1021 1080 1155 1116 Spiritum
1172 1082 1313 1114 veritatis,
1333 1083 1486 1117 intelligere
1504 1084 1659 1118 apostolum
1674 1083 1807 1112 Paulum
1823 1094 1830 1111 :

1021 1127 1098 1160 Quod
1116 1128 1235 1162 quidem,
1249 1128 1348 1164 inquit,
1369 1129 1397 1155 in
1408 1128 1528 1156 Ecclesia
1544 1131 1673 1164 patimur.
1689 1130 1833 1166 Plerique

1019 1174 1089 1201 enint
1111 1174 1175 1200 dum
1196 1173 1256 1209 plus
1279 1183 1326 1201 nos
1350 1174 1464 1210 diligunt
1484 1183 1564 1210 quam
1589 1184 1734 1209 meremur,
1764 1177 1833 1204 lucc

1015 1219 1120 1254 jactant
1136 1223 1161 1246 et
1176 1219 1331 1254 loquuntur,
1345 1228 1476 1247 sermones
1492 1226 1595 1247 nostros
1611 1220 1832 1256 doctrinamque

1019 1265 1171 1298 laudantes,
1186 1273 1244 1300 qua;
1260 1265 1422 1293 conscientia
1437 1271 1529 1292 nostra
1549 1275 1602 1293 non
1625 1267 1733 1300 recipit.
1761 1267 1830 1294 Alii

1019 1319 1079 1338 vero
1108 1315 1238 1338 tractatus
1256 1316 1361 1338 nostros
1384 1311 1578 1339 calumniantes
1596 1320 1628 1339 ea
1643 1312 1746 1338 sentire
1771 1321 1829 1339 nos

1019 1357 1211 1388 criminantur,
1237 1365 1297 1392 quae
1320 1365 1454 1392 nunquam
1479 1358 1590 1384 sensisse
1609 1365 1657 1384 nos
1681 1358 1827 1384 novimus.

1020 1402 1087 1436 Quae
1100 1403 1134 1430 de
1149 1402 1239 1437 seipse
1253 1402 1398 1438 Origenem
1413 1403 1560 1438 scripsisse
1573 1403 1637 1438 quis
1654 1411 1709 1430 non
1725 1404 1806 1431 videt
1816 1405 1829 1431 ?

1021 1449 1074 1478 Sed
1094 1450 1182 1478 obiter
1201 1450 1319 1485 appellat
1334 1449 1466 1484 Spiritum
1488 1449 1516 1476 S.
1542 1450 1650 1476 tertiam
1671 1458 1828 1484 personant

1020 1506 1036 1524 a
1048 1496 1130 1524 Patre
1149 1500 1174 1524 et
1184 1495 1273 1528 Filio;
1290 1505 1325 1524 an
1341 1500 1433 1523 autent
1453 1495 1585 1531 Origenes
1607 1495 1644 1522 ita
1666 1496 1744 1531 loqui
1761 1505 1825 1524 non

1020 1544 1128 1579 potuit?
1141 1542 1232 1570 Latini
1247 1542 1344 1570 Patres
1360 1541 1509 1569 ὑπόστασιν
1526 1550 1668 1577 personant
1692 1547 1825 1569 transtu-

1020 1590 1121 1618 lerunt.
1149 1589 1217 1618 Tres
1235 1594 1328 1617 autem
1350 1589 1378 1617 in
1398 1589 1498 1617 divinis
1520 1589 1687 1621 ὑποστάσεις
1705 1597 1824 1624 semper

1019 1636 1131 1671 agnovit
1145 1634 1287 1671 Origenes.
1311 1634 1372 1670 Ipse
1387 1634 1508 1662 secundo
1523 1639 1598 1662 tomo
1619 1635 1646 1661 in
1663 1635 1801 1662 Joannem
1815 1642 1826 1660 :

1025 1682 1120 1718 Ἡμεῖς
1138 1681 1229 1718 μέντοι
1244 1689 1277 1716 γε
1293 1682 1368 1717 τρεῖς
1384 1680 1549 1713 ὑποστάσεις
1570 1680 1730 1716 πειθόμενοι
1746 1689 1821 1716 rur-

1019 1727 1122 1763 χάνειν,
1135 1727 1181 1754 τὸν
1192 1726 1368 1762 Πατέρα,καὶ
1383 1726 1429 1752 τὸν
1444 1725 1518 1758 Υἰὺν,
1530 1726 1577 1753 καὶ
1590 1726 1621 1753 τὸ
1637 1726 1716 1760 ἅγιον
1728 1726 1823 1752 Πνεῦα

1020 1783 1058 1810 μα
1082 1774 1133 1809 (ita
1153 1773 1205 1809 legi
1233 1773 1261 1800 in
1287 1781 1339 1800 ms.
1359 1777 1473 1806 nostro;
1496 1777 1524 1800 et
1546 1774 1672 1808 agnoscit
1698 1773 1819 1802 ﬂuetius

1020 1820 1065 1847 illa
1080 1819 1164 1846 verba
1189 1818 1235 1845 καὶ
1252 1818 1298 1845 τὸν
1315 1818 1378 1845 Υἰόν
1403 1818 1431 1845 in
1452 1818 1572 1845 editione
1597 1826 1648 1846 sua
1666 1826 1715 1853 per
1736 1824 1819 1854 typo-

1020 1865 1116 1900 graphi
1132 1865 1267 1892 incuriam
1277 1871 1338 1892 esse
1353 1864 1558 1899 praetermiSs-a);
1570 1863 1716 1892 Ferrarius
1729 1865 1819 1891 inter-

1020 1918 1083 1945 pres
1096 1919 1103 1937 :
1120 1909 1178 1937 Nos
1196 1915 1284 1936 autem
1299 1909 1345 1944 qui
1362 1915 1415 1936 tres
1430 1917 1566 1943 personas,
1591 1908 1700 1936 Patrem
1721 1915 1746 1936 et
1761 1909 1786 1936 F
1788 1918 1817 1936 ι-

1019 1957 1086 1983 lium
1112 1961 1189 1991 atque
1218 1955 1349 1990 Spiritum
1376 1954 1406 1983 S.
1426 1964 1482 1983 esse
1512 1956 1654 1983 credimus.
1689 1955 1818 1984 Plurima

1020 2008 1085 2032 sunt
1106 2003 1133 2030 in
1150 2003 1257 2031 Latinis
1274 2002 1400 2037 Origenis
1418 2003 1451 2031 de
1467 2002 1601 2030 Trinitate
1617 2010 1816 2037 personarum,

1020 2048 1068 2078 sed
1084 2054 1212 2084 suspecta
1226 2056 1258 2075 ea
1271 2047 1369 2076 Huetio
1385 2047 1451 2076 facit
1464 2048 1537 2075 llum
1553 2048 1653 2075 Bullini
1673 2048 1816 2083 interpre-

1022 2096 1057 2123 tis
1073 2095 1151 2122 ﬁdes.
1169 2094 1203 2122 Et
1217 2095 1330 2130 quidem
1347 2094 1394 2122 ubi
1417 2094 1451 2121 de
1472 2084 1576 2121 unitate
1590 2093 1747 2125 Trinitatis,
1766 2099 1818 2121 aut

1019 2143 1177 2178 aequalitate
1199 2150 1380 2178 personarum
1396 2142 1495 2177 agitur.
1521 2141 1619 2169 merito
1632 2141 1815 2168 diuidendum

1020 2193 1063 2217 est
1087 2188 1246 2224 interpreti;
1278 2188 1313 2216 de
1332 2188 1465 2217 Trinitate
1495 2192 1587 2214 autem
1618 2188 1816 2215 tantummodo

181 2250 242 2270 mus
265 2250 272 2269 :
292 2241 416 2273 Enntw,
432 2242 459 2269 id
483 2247 521 2269 cst
547 2241 712 2276 cogitationi.
742 2239 871 2271 Hermes,
900 2238 967 2264 sicut
986 2245 1006 2272 [)
1021 2235 1159 2270 loquenti,
1179 2235 1251 2262 ratio
1270 2235 1346 2262 nulla
1364 2239 1407 2261 est
1428 2242 1479 2261 cur
1494 2233 1660 2261 dil'l‘nlamus.
1682 2233 1712 2260 ln
1735 2239 1815 2262 sexto

181 2288 272 2316 Gratco
296 2297 415 2316 sermone
450 2288 620 2322 exprimitur,
643 2286 789 2323 Αῐμυλιους
817 2293 847 2312 τε
872 2284 969 2318 λόγους

181 2335 227 2362 καὶ
244 2334 389 2362 ἐπικλοιίτον
402 2332 467 2370 ἦθος
483 2334 526 2360 ἐπ’
543 2334 642 2364 αὐτοὺς
658 2333 782 2365 κάτθετο,
804 2336 834 2358 ut
849 2332 897 2358 hoc
911 2331 968 2366 ipso

183 2381 279 2408 Latino
302 2389 422 2408 sermone
441 2380 574 2412 dicamus,
603 2378 794 2406 fraudulentiae
809 2378 863 2404 sive
887 2376 969 2404 sedu-

180 2428 280 2456 ctionis
291 2428 384 2460 verba,
399 2432 426 2454 et
441 2426 647 2454 subinvolantes
663 2432 754 2452 mores
766 2423 865 2451 indidit
877 2431 968 2450 eorum

180 2474 299 2502 sensibus
320 2475 354 2501 ad
374 2473 552 2501 seducendum
573 2471 669 2499 stultos
691 2471 839 2503 hominum,
860 2474 889 2496 ut
909 2477 967 2495 cre-

180 2523 244 2550 dant
269 2523 412 2557 Iigmentis.
438 2521 526 2549 Mater
547 2521 628 2551 enim,
648 2519 696 2546 hoc
718 2523 755 2546 est
769 2517 845 2551 Leto,
867 2517 968 2544 occulte

180 2568 321 2595 commouit
340 2575 383 2594 eos
394 2575 403 2599 ;
426 2567 495 2594 unde
514 2571 538 2594 et
561 2565 624 2594 Leto
638 2569 790 2599 nuncupata
807 2567 856 2596 est,
875 2570 968 2590 secun-

180 2614 245 2640 dum
266 2613 352 2641 Graeci
368 2614 496 2640 sermonis
517 2612 736 2648 signiﬁcantium.
764 2611 871 2638 Rursus
888 2619 894 2637 :
912 2609 968 2636 IIo-

182 2667 267 2687 merus
282 2664 358 2694 poeta
379 2659 448 2687 dixit
469 2668 478 2687 :
497 2659 529 2686 Οἱ
545 2659 574 2686 δὲ
590 2658 646 2685 Θεοὶ
663 2656 721 2693 πὰρ
737 2657 803 2693 Ζηνὶ
819 2656 968 2692 καθήμενοι

182 2705 333 2741 ἠγορόωντο
347 2705 462 2741 Χρυσέῳ
484 2706 514 2732 ὲν
535 2705 652 2740 δαπέδῳ.
675 2703 752 2736 Quod
768 2703 862 2730 Latine
883 2703 967 2728 inter-

181 2752 356 2786 pretabimur,
386 2752 425 2780 dii
450 2758 540 2780 autem
569 2752 641 2787 apud
666 2751 760 2779 Jovem
793 2749 967 2778 considentes

182 2797 336 2825 tractabant
358 2798 385 2825 in
400 2806 484 2826 aureo
503 2798 574 2825 loco.
600 2799 689 2832 Atque
704 2797 802 2824 iterum
816 2805 823 2823 :
836 2794 968 2822 Similiter

183 2848 206 2870 nt
218 2841 337 2870 Sabaoth
351 2852 397 2878 per
415 2844 437 2870 Ω
451 2843 557 2878 quidem
573 2842 697 2869 ercam
720 2842 746 2868 in
761 2839 866 2875 syllaba
881 2840 967 2866 novis-

184 2890 248 2918 tima
275 2891 421 2923 scribitur;
453 2899 498 2925 per
528 2891 547 2917 0
574 2894 661 2916 autent
696 2888 814 2916 Gra‘cam
847 2891 874 2914 ut
903 2891 966 2922 puta

1020 2286 1096 2310 tomo
1119 2282 1147 2310 in
1159 2281 1289 2309 Joannem
1310 2281 1461 2308 etiamnum
1486 2280 1602 2314 legimus
1618 2280 1815 2316 προσκυνητὴν

1020 2327 1135 2363 Τριάδα,
1153 2326 1320 2353 adorandum
1339 2325 1498 2353 Trinitatem
1509 2333 1520 2352 :
1538 2325 1620 2361 idque
1636 2331 1702 2353 alite
1715 2327 1814 2354 obser-

1019 2378 1131 2401 vaverat
1156 2372 1185 2400 S.
1204 2372 1322 2400 Basilius
1334 2372 1369 2398 Ι.ι
1384 2370 1420 2397 De
1432 2370 1535 2405 Spiritu
1546 2370 1576 2398 S.
1589 2379 1650 2407 cap.
1662 2371 1711 2400 29.
1738 2371 1814 2399 Nihil

1019 2419 1092 2447 enim
1108 2419 1210 2446 certius
1224 2423 1266 2445 est
1280 2425 1363 2453 quam
1379 2417 1524 2453 Origcncm
1547 2421 1603 2445 tres
1626 2426 1761 2453 personas
1784 2419 1812 2446 in

1018 2466 1120 2494 divinis
1143 2466 1304 2502 agnovisse,
1330 2469 1358 2492 et
1378 2469 1475 2492 contra
1500 2472 1550 2492 eos
1579 2465 1739 2499 disputasse
1763 2468 1813 2502 qui

1019 2522 1102 2542 unam
1118 2514 1266 2540 ὑπόστασιν
1279 2512 1453 2545 asserebant;
1468 2513 1540 2547 quod
1556 2511 1578 2539 si
1592 2520 1639 2540 cas
1654 2513 1812 2540 substantia

1019 2560 1163 2587 distinctas
1181 2564 1208 2587 et
1225 2559 1373 2594 itncqualcs
1387 2559 1490 2590 docuit,
1509 2567 1542 2586 eo
1566 2559 1625 2593 ipso
1645 2560 1734 2595 magis
1751 2567 1813 2586 cer-

1020 2611 1076 2634 tum
1090 2611 1141 2634 est.
1168 2606 1203 2634 Ut
1221 2612 1313 2633 autem
1328 2606 1530 2634 distinctionem
1547 2606 1582 2632 ita
1596 2606 1679 2633 etiam
1695 2611 1722 2634 et
1736 2606 1811 2634 ordi-

1019 2660 1081 2680 nem
1097 2652 1219 2685 tradidit,
1235 2651 1282 2686 qui
1301 2651 1320 2678 Ι.
1333 2659 1350 2678 v
1370 2653 1494 2679 adversus
1512 2652 1617 2681 Celsum
1637 2659 1692 2678 non
1704 2652 1809 2680 veritus

1018 2703 1060 2726 est
1071 2698 1163 2726 dicere
1172 2698 1312 2725 Christum
1324 2698 1450 2733 δεύτερον
1461 2697 1535 2729 Θεόν,
1551 2697 1697 2724 secundum
1707 2698 1808 2730 Deum;

1018 2749 1045 2772 et
1058 2752 1139 2781 quem
1157 2745 1240 2772 tradit
1254 2743 1436 2779 Hieronymus
1451 2743 1485 2770 ad
1498 2743 1621 2776 Avitum,
1637 2744 1665 2770 in
1682 2744 1701 2770 l.
1716 2751 1724 2771 ι
1740 2742 1806 2774 "cpi

1014 2789 1116 2828 ἀρχῶν
1127 2791 1266 2823 docuisse,
1285 2790 1388 2818 Filium
1406 2798 1507 2825 quoque
1525 2790 1654 2817 minorem
1669 2789 1764 2822 Patrt‘,
1778 2799 1808 2817 ῑο

1018 2839 1087 2874 quod
1103 2838 1232 2866 secundus
1253 2838 1284 2865 ab
1303 2838 1349 2864 illo
1366 2838 1411 2870 sit,
1426 2842 1449 2864 et
1463 2837 1594 2872 Spiritum
1610 2836 1640 2864 S.
1655 2837 1807 2872 inferiorem

1021 2885 1093 2912 Filio
1127 2886 1154 2912 in
1182 2885 1282 2912 sanctis
1310 2885 1452 2920 quibusque
1479 2883 1585 2911 versari.
1624 2881 1683 2912 luto
1715 2884 1807 2912 eadem
