1866 3073
54 103 97 131 181

455 108 481 137 J.
502 107 682 138 PEARSONII
701 107 864 137 VlNDlCltE
885 106 1095 136 lGNA'l'MNrE.
1113 121 1149 126 -——
1164 105 1256 134 PARS
1273 105 1293 132 Ι.

1671 103 1722 131 182

56 165 173 200 epistola
186 164 405 202 Hieronymus,
429 168 467 196 de
480 167 643 196 Adatnautio
665 176 671 194 :
691 167 810 194 Tertium
833 167 875 194 di—
891 168 914 194 Δ
928 165 1116 198 lentissimus,
1147 164 1268 192 Joannes
1302 163 1463 199 Ligbtl‘oot,
1497 163 1523 190 in
1555 161 1716 190 canonicatu

61 214 160 248 gnitute
184 217 212 241 et
233 213 354 246 honore,
381 218 445 248 post
469 214 579 241 Patrem
602 219 626 241 et
648 213 759 245 Filium,
780 213 875 240 asserit

62 260 198 294 Spiritum
211 259 241 287 S.
259 259 340 288 Satis
355 261 445 296 igitur
463 261 605 296 principiis
617 260 741 295 Origenis
758 268 875 287 consen-

61 312 177 333 taneum
201 310 245 334 est
257 305 401 340 Spiritum
429 306 460 334 S.
478 315 600 335 asserere
618 307 724 334 tertiam
736 315 876 342 personam

59 361 75 377 a
95 350 182 377 Patre
204 356 230 378 et
244 350 333 378 Filio.
355 350 488 379 Secundo
501 373 508 385 ,
527 352 621 387 objicit
641 360 766 387 personas
785 352 875 387 longos

58 405 204 424 sermones
229 397 301 424 inter
320 405 349 425 se
364 403 494 430 serentes,
508 403 602 426 contra
619 406 722 425 morem
737 397 874 434 Origenis,

56 443 169 477 qualis,
186 443 293 478 inquit,
314 444 365 470 illa
387 449 426 471 est
440 443 542 471 Christi
560 452 618 471 cum
642 448 771 472 tentatore
790 444 873 472 collo-

60 498 90 516 rat
98 489 164 517 tio:
181 489 351 525 Respondeo
368 490 428 523 tibi,
444 498 461 518 ο
477 490 626 525 rersipellis
640 495 667 518 et
682 498 811 526 nequam,
826 491 873 526 qui

59 543 108 563 me
130 540 247 563 tentare
273 544 329 563 non
346 536 459 569 metuis,
481 541 507 563 et
530 541 636 564 cetera.
661 536 765 564 (littera
782 541 873 563 autem

58 582 126 610 hac
147 583 347 610 tantummodo
370 589 446 616 sunt,
468 583 538 610 alius
560 587 598 611 est
617 583 695 618 panis
715 591 801 610 sermo
815 583 872 616 Dei,

56 627 110 661 qui
126 627 252 660 vivificat
269 627 415 655 hominem.
433 627 505 654 Proh
522 628 617 663 longos
629 629 787 656 sermones!
805 629 873 664 proh

58 673 217 706 prolixam
240 673 454 713 collocutioncm
470 674 477 700 !
507 673 559 702 Sed
573 674 706 709 prolixior
724 674 810 710 angeli
825 683 873 701 cu-

59 719 157 746 stodis
187 720 225 746 ad
249 720 397 754 principem
417 721 541 755 angelum
565 721 673 753 oratio;
698 721 754 748 imo
778 720 872 748 infelix

58 765 196 794 Dallzeus
213 767 262 801 qui
278 766 474 800 adversarium,
500 774 515 794 a
536 766 660 802 principe
677 767 760 802 hujus
779 767 873 795 saeculi

62 812 220 845 missum,
246 817 415 847 quaerentem
445 813 620 840 occasionem
653 812 825 846 insidiarum,
847 812 870 840 si

60 866 127 893 quo
142 858 232 885 modo
247 865 299 885 nos
314 858 475 886 subvertere
488 862 579 893 queat,
593 858 715 894 angelum
737 859 872 885 custodem

61 904 149 931 facit.
171 904 265 932 Totus
282 905 333 932 iste
351 905 428 932 locus
443 910 499 932 tam
514 912 580 940 pure
598 909 640 932 est
653 904 825 939 Origcnicus,
842 909 873 932 ut

60 951 110 977 his
127 958 174 977 me
191 951 336 978 immorari
352 952 462 986 pudeat.
479 950 580 984 Tertio,
595 958 658 978 cum
670 950 800 986 Origenes
814 951 872 986 ipse

61 997 146 1024 solos
176 997 268 1024 libros
297 997 366 1033 legis
392 997 536 1024 admisisse
567 996 733 1024 Sadduczeos
763 996 870 1029 doceat,

62 1043 189 1070 itan-ilia
203 1043 250 1076 59,
269 1043 329 1070 loca
349 1051 383 1071 ex
396 1043 466 1073 Isaia
482 1049 509 1071 et
521 1044 638 1073 Psalmis
657 1044 757 1077 citans,
777 1043 868 1071 addit:

63 1089 138 1121 Qui:
159 1090 258 1116 Omnia
283 1090 460 1124 corporaliter
480 1091 688 1126 intelligentibus
714 1089 870 1118 Sadduca’is

62 1135 112 1170 qui
127 1140 211 1162 erant
223 1135 313 1169 portio
324 1134 492 1169 Iudaeorum,
503 1136 567 1162 dicit
580 1135 725 1165 Salvator:
739 1135 870 1164 (Nescitis

66 1181 248 1216 Seripluras,
271 1190 359 1217 neque
382 1183 509 1210 virtutem
528 1183 575 1210 Dei
590 1183 612 1210 ⁸.
630 1194 639 1209 ι
668 1183 720 1210 Sed
735 1191 790 1210 non
804 1182 870 1210 dicit

70 1229 118 1256 hic
135 1228 277 1264 Origenes
293 1229 319 1256 id
332 1230 406 1264 quod
419 1230 585 1257 contrarium
602 1235 643 1257 est
654 1230 773 1265 cuipiam
795 1229 869 1265 quod

65 1273 135 1300 alibi
160 1274 278 1307 docuit;
305 1282 360 1302 non
386 1275 460 1302 enim
482 1274 599 1302 allirmat
615 1275 781 1303 Sadducseos
805 1283 870 1310 prn-

67 1321 167 1354 phetas
193 1320 223 1347 in
251 1328 386 1348 canonem
410 1320 616 1356 Scripturarum
639 1322 785 1357 recepisse.
811 1320 869 1348 Hoc

67 1372 178 1394 tantum
192 1367 275 1400 dicit,
293 1365 459 1395 Saddueaaos
482 1367 553 1395 male
568 1368 737 1396 intellexisse
751 1368 869 1404 prophe-

69 1418 125 1447 tas;
142 1418 298 1449 potuerunt
319 1418 410 1441 autem
427 1418 455 1441 et
468 1414 628 1450 intelligere,
645 1419 673 1442 et
688 1415 771 1442 etiam
787 1415 866 1448 male,

68 1465 99 1485 ea
111 1466 176 1492 qua:
193 1466 243 1492 pro
258 1459 346 1486 sacris
359 1457 511 1494 Scripturis
534 1452 587 1487 non
604 1460 733 1488 habuere.
758 1460 867 1488 Saddu-

929 211 1028 239 Eliensi
1053 212 1156 247 collega
1180 215 1282 242 noster,
1309 210 1342 238 ad
1361 209 1538 246 Evangelium
1562 207 1590 236 S.
1603 207 1717 236 Joannis

927 266 987 293 cap.
1000 266 1037 291 tv,
1059 266 1130 286 vers.
1146 258 1190 289 l5,
1214 258 1260 285 ubi
1286 257 1384 285 mulier
1398 256 1573 284 Samaritana
1590 255 1716 282 Messium

927 305 1064 333 nominat.
1081 305 1215 332 Praeterea
1235 309 1262 332 et
1278 305 1398 340 juvenis,
1413 308 1439 331 et
1461 303 1494 330 ad
1509 302 1639 338 populum
1660 302 1718 329 haec

927 350 1036 385 scripsit
1055 349 1204 386 Origenes;
1237 358 1290 378 non
1310 350 1392 385 igitur
1412 353 1477 376 tunc
1499 348 1616 375 fortasse
1636 355 1672 375 no

926 401 1020 430 vcrat,
1045 401 1092 424 aut
1114 401 1188 424 certe
1212 404 1266 424 non
1291 403 1404 424 necesse
1427 395 1524 423 habuit
1552 396 1714 423 sententiam

927 443 1140 470 Sadduca‘orum
1162 443 1327 478 peculiarem
1358 446 1472 470 notare:
1489 442 1616 470 observat
1641 442 1715 469 enim

927 487 1091 518 Sadduczcos
1120 494 1225 517 tantum
1259 489 1406 524 portionem
1429 488 1585 516 Judazorum
1618 487 1714 516 fuisse.

926 536 1072 572 Utcunque
1090 541 1163 564 lotus
1181 536 1225 563 hic
1250 540 1385 564 tractatus
1403 536 1491 571 ipsum
1511 534 1654 570 Origenem
1672 542 1716 562 sa-

925 584 978 619 pit;
1003 591 1035 611 ac
1051 583 1186 618 prazcipue
1211 582 1299 617 prima
1321 582 1366 609 illa
1387 582 1522 609 sententia
1543 590 1550 608 :
1570 580 1622 614 Qui
1640 585 1716 608 erant

924 630 994 656 sicut
1017 628 1123 664 angeli,
1150 628 1240 663 utique
1266 626 1352 662 angeli
1376 631 1463 654 erant.
1496 626 1553 653 imo
1576 626 1634 653 lucc
1656 626 1715 661 ipsa

924 673 1051 709 quaestio,
1079 681 1161 708 quam
1188 673 1327 700 molestam
1354 676 1433 699 vocat
1474 671 1593 700 ltotnilia:
1620 675 1716 699 auctor

925 720 1051 756 (scilicet.
1077 718 1120 746 ubi
1148 719 1277 753 scriptum
1302 724 1351 751 est,
1380 718 1442 754 quia
1471 726 1480 743 ι
1498 725 1586 752 neque
1612 718 1716 745 nubent

924 773 1013 801 neque
1021 764 1157 792 nubentur
1172 763 1210 789 ‘°?
1223 764 1260 799 ι),
1273 771 1326 791 non
1336 768 1377 792 est
1390 763 1502 791 alterius
1523 771 1605 798 quam
1621 762 1714 799 Orige-

924 811 977 839 nis.
999 810 1130 838 Eamdem
1150 809 1224 837 enim
1246 810 1303 845 ipse
1317 810 1446 845 proponit
1468 809 1494 836 in
1510 809 1715 837 commentariis

925 857 958 885 ad
974 856 1149 890 Mattltamm,
1172 865 1289 892 eamque
1312 865 1427 892 operose
1449 857 1546 890 solvit,
1568 857 1715 885 ostendens

924 903 996 931 hanc
1009 904 1170 932 sentetttiam
1181 904 1207 931 in
1225 903 1374 938 Scripturis
1384 911 1438 931 non
1447 903 1557 938 quidem
1567 903 1714 938 αὑτολεξεὶ,

924 951 987 985 ipsis
1006 951 1100 983 verbis,
1123 950 1170 978 sed
1193 951 1222 977 ὲν
1238 951 1420 987 τροπολογίᾳ,
1446 951 1607 986 tropologice
1627 951 1716 978 conti-

923 997 1000 1030 neri,
1029 1002 1110 1033 atque
1136 998 1201 1025 hinc
1225 998 1295 1025 mire
1323 997 1492 1026 contendens
1517 997 1714 1033 tropologicam

923 1042 1072 1078 Scriptura:
1087 1043 1288 1079 expositionem
1303 1051 1365 1071 esse
1382 1051 1494 1079 prorsus
1517 1044 1713 1076 necessariam,

922 1092 996 1127 quod
1010 1092 1045 1123 ei,
1061 1092 1108 1127 qui
1124 1092 1196 1120 hanc
1218 1100 1274 1120 non
1294 1092 1426 1124 admittit,
1441 1091 1483 1120 vel
1508 1091 1598 1119 locum
1619 1099 1715 1119 corru-

922 1142 997 1174 ptum
1020 1138 1217 1173 pronuntiare,
1238 1138 1281 1166 vel
1304 1137 1425 1171 Christo,
1449 1138 1528 1174 quasi
1546 1145 1642 1165 verum
1659 1146 1714 1165 non

921 1186 1037 1219 dixerit,
1058 1186 1130 1214 haud
1149 1186 1280 1219 credere,
1305 1186 1349 1214 vel
1372 1186 1405 1214 ad
1430 1186 1516 1214 libros
1542 1186 1714 1222 apocryphos

921 1230 1084 1267 confugere,
1101 1239 1211 1260 necesse
1227 1232 1273 1259 sit.
1300 1231 1427 1260 Ostendit
1446 1231 1518 1259 hanc
1533 1232 1712 1266 qumstionetu

919 1286 952 1305 ex
966 1278 1058 1305 verbis
1066 1278 1168 1305 Christi
1177 1278 1249 1313 apud
1259 1277 1415 1305 Matthaeum
1425 1282 1507 1312 atque
1516 1277 1648 1311 Marcum,
1658 1285 1713 1304 nou

919 1327 1009 1351 autent
1019 1331 1051 1350 ex
1060 1323 1114 1350 illis
1122 1324 1192 1358 apud
1202 1322 1305 1350 Lucam
1316 1322 1392 1350 oriri.
1402 1321 1553 1357 thuidem
1563 1323 1590 1351 iu
1601 1322 1712 1349 homilia

920 1369 946 1395 in
956 1367 1071 1401 Lucam,
1080 1368 1181 1395 omittit
1190 1367 1273 1394 verba
1283 1367 1374 1399 Lucae,
1384 1375 1534 1402 eorumque
1543 1367 1604 1394 loco
1611 1367 1699 1394 substi

920 1415 972 1442 tuit
989 1414 1073 1442 verba
1087 1413 1216 1445 Matthxi,
1227 1418 1257 1440 ut
1273 1413 1345 1440 hanc
1356 1412 1711 1447 qumstionemintrodueat.

957 1461 1094 1489 Firmiora
1119 1462 1199 1488 nobis
1224 1467 1274 1496 pro
1291 1459 1410 1495 Origene
1432 1464 1593 1495 argumenta
1615 1463 1642 1486 et
1661 1467 1713 1495 pro

68 1504 116 1532 cati
131 1505 248 1540 quidem
267 1503 418 1533 Saruaritas
433 1505 518 1532 secuti
543 1510 617 1539 sunt,
632 1506 712 1542 ὃμοια
729 1507 865 1543 Σαμαρεί-
882 1515 902 1545 c
920 1508 1070 1543 interprete
1086 1507 1255 1543 Hiermtymo
1271 1507 1406 1534 adversus
1420 1505 1549 1534 Latinum
1572 1511 1711 1534 auctorem

68 1559 127 1581 ταις
145 1551 331 1587 φρονοῦντες,
349 1555 376 1578 et
393 1550 427 1578 τὰ
442 1551 530 1579 πάντα
552 1552 598 1579 ldo.
613 1553 796 1589 Σαμαρείταις
820 1563 868 1589 φυ-

70 1597 238 1630 λάττουςιν,
266 1602 295 1625 ιιι
321 1598 445 1633 loquitur
470 1597 650 1634 Epiphanius.
679 1599 713 1627 Et
742 1600 869 1635 rcjccisse

68 1643 180 1678 quidem
204 1651 254 1671 eos
271 1643 476 1672 Pharisaeorum
501 1644 681 1681 δευτερώσεις
701 1654 734 1674 ex
748 1645 868 1682 Joscpho

70 1694 153 1724 patet.
172 1689 228 1716 Sed
243 1694 342 1720 ετκω
360 1695 387 1718 et
401 1695 502 1721 cum:
515 1692 656 1726 prophetas
683 1697 710 1720 et
725 1692 868 1728 Itagiogra-

68 1736 132 1768 piros
156 1735 186 1762 in
208 1736 374 1763 traditiones
388 1736 451 1771 quis
471 1735 541 1764 ierat
557 1737 715 1765 numerari?
732 1737 868 1772 interpres

71 1782 182 1816 quidem
211 1780 360 1816 Origenis,
383 1789 465 1817 quem
493 1782 571 1810 ail‘ert
585 1782 713 1816 Dalltcus,
730 1783 795 1810 dicit
820 1791 868 1810 eos

73 1836 166 1856 sacras
182 1827 346 1862 Scripturas
358 1833 434 1855 extra
450 1828 536 1856 libros
550 1828 688 1856 Mosaicos
704 1837 757 1856 non
773 1829 866 1864 legere,

73 1875 118 1901 sed
132 1873 229 1901 Graeca
246 1878 348 1909 negant
363 1879 469 1902 tantum
484 1875 644 1911 προσίεσθαι
659 1875 702 1904 vel
717 1875 867 1912 παραδέχε-

75 1919 145 1951 σθαι,
171 1919 293 1952 scilicet,
315 1920 343 1947 in
359 1920 556 1949 controversiis
569 1921 632 1949 ﬁdei
651 1921 867 1949 determinandis

74 1966 223 1992 admittere.
255 1964 312 1993 lloc
324 1967 398 1994 enim
413 1966 592 1995 fundamento
607 1968 650 1995 usi
664 1972 739 2001 sunt,
759 1968 866 1995 nullutn

75 2012 219 2039 articulum
244 2011 306 2040 tidei
324 2011 524 2039 admittendum
549 2019 621 2045 esse,
637 2012 684 2046 qui
703 2019 758 2039 non
776 2019 808 2038 ex
833 2011 866 2038 li-

76 2059 128 2085 bris
143 2058 273 2086 Mosaicis
289 2058 398 2093 probari
415 2063 517 2093 posset.
534 2057 666 2094 Reliquos
681 2063 772 2086 autem
790 2058 865 2085 Scri-

77 2109 157 2139 ptura:
174 2106 260 2132 libros
282 2105 334 2140 ipsi
350 2104 487 2139 legebant,
504 2109 532 2132 et
547 2105 585 2132 ita
602 2105 864 2140 interpretabantur,

77 2156 104 2178 ut
125 2151 304 2178 fundamento
328 2159 380 2179 suo
402 2151 592 2179 contradicere
617 2159 671 2178 non
694 2151 863 2179 viderentur.

77 2196 163 2223 Multa:
177 2205 273 2224 eorum
294 2197 535 2232 interpretationes
559 2204 573 2224 a
587 2196 720 2224 Rabbiuis
743 2196 864 2224 aﬂ'erun-
881 2188 903 2215 D

77 2248 128 2270 tur.
141 2242 175 2270 Ut
188 2243 331 2270 Abenezra
349 2243 382 2270 ad
399 2248 481 2278 caput
494 2243 614 2270 Danielis
637 2251 685 2276 xu,
703 2243 749 2274 5i.
773 2248 863 2287 Dtp‘nit

77 2294 143 2319 rem
168 2290 300 2324 sapientes
327 2298 340 2317 e
364 2289 522 2317 Sudducrcis
553 2298 641 2317 cazcos
665 2294 764 2322 vocat,
789 2290 863 2325 quod

77 2342 177 2379 mm
201 2337 360 2372 accipereut
377 2336 410 2363 de
423 2335 524 2364 Meeca.
542 2335 658 2364 Eosdem
674 2337 776 2371 pariter
790 2337 863 2364 deri-

78 2382 132 2415 det,
147 2382 220 2416 quod
244 2382 335 2409 locum
353 2381 466 2409 Levitici
488 2382 558 2410 male
581 2387 768 2417 exponerent,
790 2388 863 2415 mw

78 2432 153 2458 “act:
167 2436 199 2455 ex
217 2428 287 2456 libro
300 2428 389 2456 Ezraz.
414 2427 487 2456 Idem
508 2429 682 2463 reprehendit
695 2428 860 2464 Japhetlnun

81 2473 128 2500 Βιιιι
144 2474 181 2501 Eli
197 2473 393 2508 Sadducmum,
415 2480 445 2501 ut
462 2475 580 2507 videtur,
603 2475 675 2510 quod
697 2475 792 2502 ultitua
809 2475 863 2502 Da-

82 2521 149 2548 nielis
168 2522 249 2549 verba
273 2526 366 2551 cram
385 2511 445 2564 Vp5
465 2513 671 2561 15135133111,
692 2527 716 2549 et
741 2531 860 2559 resurges

81 2567 176 2594 inserte
199 2573 245 2595 tua
266 2569 292 2595 in
309 2569 365 2603 ﬁne
389 2568 494 2595 dierum
503 2568 525 2600 ',
554 2569 672 2596 absurda
700 2569 861 2604 interpreta-

82 2615 144 2641 tione
158 2615 271 2642 illudere
293 2620 455 2647 certaretur,
477 2622 589 2650 nempe,
612 2616 635 2643 si
658 2615 728 2644 forte
751 2622 816 2645 tune
831 2617 858 2644 in

83 2661 140 2690 vitis
166 2662 261 2690 fueris.
289 2662 323 2690 Et
350 2662 531 2690 Talmudisue
556 2664 754 2698 disputationes
788 2672 860 2699 saepe

84 2707 195 2741 referunt,
212 2710 241 2736 in
259 2709 365 2744 quibus
378 2707 522 2736 Sadducaei
540 2714 567 2737 et
580 2709 724 2738 Samaritae
744 2718 859 2745 respon-

84 2754 133 2782 dent
146 2755 178 2783 ad
190 2756 250 2783 loca
265 2763 296 2782 ex
309 2755 455 2789 prophetis
471 2759 499 2782 et
517 2754 712 2791 hagiograpltis
729 2756 858 2789 adducta,

85 2806 106 2830 t‘t
119 2810 192 2839 nuper
214 2802 365 2830 adnotavit
388 2801 429 2827 vir
449 2809 541 2828 rerum
557 2801 780 2830 Talmudicarunt
804 2804 859 2831 cal—

110 2850 214 2880 ιΜιιιιΙι.
233 2859 307 2884 xsn,
328 2849 374 2878 :9.
416 2850 426 2865 ’
443 2849 511 2878 Dan.
527 2857 577 2884 xu,
594 2850 636 2878 15.

677 2851 697 2866 ¹⁰
714 2850 808 2879 Matth.
826 2859 875 2886 xu,
891 2850 936 2879 25.

920 1558 1081 1590 suppetunt.
1105 1553 1134 1582 S.
1148 1552 1331 1590 llicronymus
1351 1553 1521 1588 iuCatalogo
1542 1553 1612 1580 inter
1629 1560 1712 1588 opera

920 1609 935 1628 a
957 1609 987 1629 sc
1008 1601 1091 1634 edita,
1113 1602 1140 1628 in
1152 1599 1253 1627 Lucam
1275 1599 1400 1627 homilias
1424 1599 1534 1634 triginta
1555 1607 1646 1626 novem
1669 1607 1714 1626 re-

919 1647 1004 1680 citat;
1029 1647 1157 1675 homilias
1179 1650 1271 1674 autem
1290 1646 1348 1681 ipse
1369 1652 1509 1680 nunquam
1535 1645 1655 1680 scripsit.
1682 1644 1711 1673 In

919 1693 1032 1728 prologo
1047 1693 1080 1720 ad
1094 1693 1208 1721 Paulam
1230 1697 1257 1721 et
1272 1691 1452 1719 Eustochiqu
1475 1691 1597 1719 ostendit
1618 1699 1647 1719 se
1662 1699 1712 1719 eas

918 1745 952 1765 ex
981 1737 1095 1773 Origene
1120 1738 1295 1767 transtulisse
1320 1738 1363 1765 his
1389 1737 1508 1764 verbis:
1532 1737 1710 1770 Quamobrem

918 1785 1033 1819 petistis,
1046 1789 1087 1815 ut,
1103 1784 1259 1818 contemptis
1275 1783 1430 1810 istiusmodi
1445 1783 1532 1818 nugis,
1551 1783 1646 1810 saltem
1661 1784 1711 1810 tri-

918 1831 992 1865 ginta
1006 1833 1030 1856 et
1046 1837 1136 1856 novem
1147 1829 1304 1856 Adamantii
1319 1828 1404 1856 nostri
1422 1829 1450 1855 in
1461 1828 1561 1855 Lucam
1572 1829 1709 1860 homilias,

918 1876 987 1903 sicut
1004 1876 1030 1903 in
1044 1875 1136 1904 erco
1152 1875 1292 1908 habentur,
1312 1876 1476 1910 interpreter.
1497 1875 1640 1904 Molestum
1656 1883 1710 1903 rem

917 1928 942 1950 et
955 1927 1082 1950 tormento
1094 1923 1218 1955 similem,
1232 1922 1329 1956 alieno,
1342 1927 1370 1949 ut
1382 1923 1421 1949 ait
1434 1922 1549 1957 Tullius,
1562 1925 1709 1956 stomacho,

917 1974 941 1996 et
956 1977 1009 1996 non
1022 1977 1070 1996 suo
1092 1969 1206 1996 scribere
1224 1976 1234 1996 :
1253 1977 1333 2004 quam
1352 1974 1439 1997 tamen
1457 1970 1558 1998 idcirco
1578 1979 1647 1999 nunc
1664 1971 1709 2006 fu—

917 2015 998 2048 ciam,
1020 2016 1085 2051 quia
1111 2015 1270 2042 sublimiora
1291 2023 1342 2042 non
1369 2017 1491 2051 poscitis.
1515 2015 1593 2045 lluuc
1618 2021 1708 2044 autent

918 2062 1005 2096 ipsius
1022 2061 1181 2097 Hieronymi
1199 2061 1343 2096 prologum
1358 2061 1443 2089 fuisse
1459 2066 1564 2089 certum
1580 2067 1632 2095 est,
1644 2062 1707 2097 quia

917 2114 1006 2136 totum
1032 2109 1059 2136 in
1086 2116 1165 2136 suam
1191 2108 1357 2136 invectivam
1385 2109 1556 2144 transcripsit
1572 2109 1707 2141 Bullinus,

917 2159 945 2181 et
956 2154 1024 2182 satis
1041 2161 1135 2182 severe
1150 2154 1309 2188 exagitavit.
1326 2153 1394 2187 lmo,
1408 2155 1481 2189 quod
1497 2155 1561 2182 huic
1574 2155 1612 2182 liti
1627 2156 1707 2185 tinctu

918 2199 1060 2234 imponere
1073 2199 1165 2231 debet,
1183 2207 1234 2226 nec
1254 2199 1308 2225 ulla
1324 2199 1425 2233 ingenii
1447 2199 1471 2226 vi
1487 2199 1583 2226 evitari
1605 2203 1705 2234 potest,

918 2245 989 2273 idem
1005 2244 1148 2278 Bullinus,
1174 2245 1281 2272 vivente
1306 2245 1395 2272 adhuc
1408 2244 1573 2280 Hieronymo
1597 2253 1629 2272 ac
1660 2252 1705 2272 re-

917 2299 1019 2326 sponsa
1033 2291 1192 2323 meditante,
1220 2291 1285 2326 quid
1313 2291 1340 2318 in
1365 2291 1418 2317 hoc
1440 2290 1500 2325 ipso
1521 2297 1603 2325 opere
1624 2290 1707 2317 inﬁde

916 2337 1087 2365 transtulerit
1110 2336 1229 2365 ostendit
1252 2341 1299 2363 aut
1321 2336 1420 2363 innuit.
1438 2335 1526 2365 Verba
1543 2336 1602 2371 ejus
1618 2340 1682 2363 sunt
1697 2344 1703 2361 :

916 2382 1029 2411 Secutus
1044 2391 1102 2410 sum
1117 2383 1186 2418 quod
1203 2386 1227 2409 te
1247 2382 1365 2409 videram
1383 2382 1411 2408 in
1429 2381 1545 2408 homiliis
1560 2381 1703 2408 secundant

916 2429 996 2457 Luca:
1008 2428 1182 2464 Evangelium
1197 2428 1301 2463 fecisse,
1320 2428 1365 2455 ubi
1379 2428 1410 2454 de
1424 2427 1496 2454 Filio
1511 2428 1557 2454 Dei
1576 2427 1705 2455 inlineco

916 2485 967 2503 non
976 2481 1044 2504 recte
1056 2477 1192 2503 inveneras
1207 2476 1378 2510 pratterieris,
1391 2475 1420 2501 in
1436 2475 1483 2501 illo
1495 2474 1552 2501 loco
1563 2475 1606 2501 ubi
1622 2474 1704 2501 dicit:

918 2532 928 2548 i
940 2521 1095 2557 Magniﬁcat
1110 2521 1203 2548 anima
1220 2529 1279 2548 mea
1300 2520 1458 2552 Dominum,
1484 2520 1633 2548 exsultavit
1647 2521 1705 2555 spi-

915 2568 985 2594 ritus
1001 2574 1078 2594 meus
1096 2567 1123 2594 in
1139 2566 1195 2594 Deo
1210 2567 1326 2594 salutari
1346 2574 1408 2593 meo
1422 2566 1455 2599 “,
1473 2576 1483 2592 ι
1508 2567 1577 2593 nosti
1594 2567 1657 2602 quia
1672 2567 1705 2594 de

914 2614 1020 2647 animo,
1041 2613 1126 2640 sicubi
1146 2613 1195 2640 illa
1212 2621 1271 2648 qua:
1290 2613 1374 2640 solent
1389 2613 1442 2639 dici
1461 2621 1513 2639 non
1525 2613 1704 2646 praterieris;

912 2659 957 2686 sed
969 2667 999 2686 ea
1013 2659 1100 2686 adhuc
1114 2659 1196 2686 etiam
1212 2666 1244 2685 ea;
1257 2662 1280 2685 te
1291 2658 1393 2685 additis
1412 2658 1491 2684 etiam
1511 2657 1704 2686 assertionibus

912 2705 1028 2734 lucidius
1043 2707 1193 2740 scripseris,
1205 2711 1244 2741 ut
1262 2706 1290 2732 in
1304 2705 1351 2732 illo
1373 2705 1431 2733 loco
1443 2714 1452 2733 :
1478 2714 1488 2731 ι
1501 2703 1572 2734 Ecce
1586 2709 1617 2731 ut
1631 2703 1703 2731 facta

912 2758 954 2781 est
964 2761 1017 2780 vox
1033 2752 1208 2780 salutationis
1221 2756 1274 2779 tum
1289 2751 1317 2779 in
1332 2753 1447 2780 aurihus
1461 2752 1540 2785 meis,
1554 2750 1702 2779 exsultavit

912 2801 1003 2829 infans
1027 2800 1054 2826 in
1077 2803 1157 2826 utero
1181 2806 1241 2826 meo
1253 2799 1287 2832 ",
1303 2808 1312 2824 ι
1334 2799 1380 2825 ubi
1398 2799 1465 2827 dicis
1480 2798 1550 2834 quod
1568 2805 1624 2827 non
1643 2799 1702 2824 erat

978 2849 997 2864 ”
1017 2848 1082 2877 Luc.
1098 2855 1117 2881 1,
1134 2847 1178 2877 l6.
1219 2847 1240 2863 ¹²
1254 2845 1321 2876 Luc.
1340 2854 1358 2881 ι,
1372 2845 1415 2876 ii.
