1866 3073
31 152 71 179 183
406 154 431 182 J.
453 154 634 182 I’EARSONH
655 154 813 185 VLNDICL-E
835 157 1044 186 lCNATlANA-J.
1066 175 1099 179 —
1116 158 1206 186 PARS
1226 159 1246 186 l.

1616 158 1665 186 186

30 222 74 240 tum
90 215 253 242 observavit
270 214 406 242 Bullinus
423 221 522 250 ιιι-ωιτη·
543 216 594 242 ista
618 221 696 251 atque
713 222 827 244 natum.
844 223 867 250 Α
883 217 1048 251 desumitur,
1070 227 1130 246 esse
1156 217 1357 253 aporryphum;
1382 217 1554 252 apocryphus
1574 222 1664 244 autt-m

29 261 126 288 Sanum
154 262 249 297 igitur
269 267 378 289 tectum
405 267 449 290 est
472 263 537 290 illud
555 271 587 290 cx
613 264 724 291 bomilia
750 270 826 292 sexta

27 309 208 335 testimonium
228 317 284 343 pro
301 309 421 344 lgnatio.

53 354 339 382 Commentariorum
356 356 383 382 in
403 356 543 383 Canticum
568 357 738 385 canticorum
757 358 825 385 fate-

24 407 78 425 mur
106 400 302 435 interpretem
337 401 425 428 fuisse
449 401 601 435 Bullinum;
630 411 718 437 neque
735 408 824 431 tamen

24 447 46 472 in
60 447 112 474 illis
123 448 320 475 concedimus
331 448 396 483 quid
413 449 448 474 sit
463 448 630 483 Origenicum
650 451 764 485 intelligi
775 459 826 477 non

22 500 102 525 posse.
118 491 219 527 Ipsius
245 494 324 520 enim
342 493 436 520 Dallzni
452 495 545 529 regula
570 499 611 522 cst
627 496 723 523 ultimo
737 497 826 531 capite

22 539 168 573 explicata,
193 539 249 566 illa
272 540 302 567 in
319 539 469 575 Origenicis
492 549 507 567 a
522 541 624 576 Rufﬁno
644 542 825 576 interpretatis

22 590 140 617 suspecta
155 593 218 612 esse
234 585 342 619 debere,
360 594 420 621 qui:
433 588 528 614 anatis
545 587 584 615 vel
597 589 713 615 auctoris
731 589 824 623 ipsius,

21 631 57 656 rel
68 631 127 664 ejus
143 639 200 665 quo
218 632 289 658 vixit
301 632 394 658 swculi
408 633 513 667 placitis
529 638 607 668 atque
618 634 734 660 moribus
748 634 825 660 ablu-

21 676 104 709 dunt;
120 682 149 703 et
173 678 199 703 si
217 685 282 712 qua:
300 679 335 704 iis
360 687 503 713 congruere
528 679 637 706 aliunde
659 681 777 712 consteti,
794 689 825 707 ea

21 729 77 747 raro
94 721 138 755 fas
155 730 216 748 esse
235 731 287 756 pro
301 724 421 750 auctoris
441 725 560 759 genuinis
576 733 727 759 agnoscere.
744 724 777 751 Et
791 733 823 752 ex

23 768 71 795 hac
88 769 150 803 ipsa
169 770 270 804 regula
290 777 324 796 ea
341 778 402 804 quae
416 770 546 805 Origenes
567 771 645 798 aﬂert
661 779 710 806 pro
724 779 823 803 amore,

23 814 48 840 in
71 816 293 843 commentariis
321 817 349 843 in
371 816 484 844 Cantica
510 825 560 852 pro
586 817 672 851 ipsius
699 817 825 851 genuinis

24 862 219 896 agnoscimus.
237 863 305 897 quia
320 864 355 890 ab
372 863 460 897 ipsius
475 863 584 898 placitis
599 871 654 890 non
671 864 802 891 abludunt
815 873 821 890 τ

24 912 49 933 rt
69 908 270 935 testimonium
296 908 392 943 lgnatii
415 909 517 943 pariter
533 909 683 943 genuinum
702 917 824 943 prouun-
841 905 861 932 Β

25 953 137 984 tiamus,
157 953 227 988 quia
242 961 277 980 ex
294 954 409 981 homilia
437 955 463 981 in
485 954 588 982 Lucam
610 962 673 982 eum
697 954 822 989 ejusdem

26 999 154 1033 martyris
172 1000 368 1027 testimonium
383 1000 541 1028 adhibuisse
558 1001 696 1028 novimus.

58 1044 91 1071 Et
108 1044 162 1071 fuit
179 1045 293 1080 quidem
310 1046 377 1072 olim
394 1054 457 1073 cum
476 1046 592 1073 Dallaeus
607 1047 664 1081 ipse
685 1047 741 1074 haec
762 1045 824 1073 Οιί-

26 1091 101 1124 genis
118 1091 285 1118 testimonia
311 1100 363 1127 pro
379 1091 482 1127 lgnatio
505 1093 634 1127 reciperet
661 1097 742 1127 atque
765 1101 823 1119 am-

28 1138 209 1171 plecteretur,
232 1146 296 1164 cum
322 1140 382 1165 suis
403 1138 553 1165 Catonibus
574 1143 720 1166 contentus
733 1143 822 1171 esset,

30 1190 78 1209 nec
93 1183 190 1210 adhuc
205 1183 233 1210 in
250 1183 316 1210 illud
330 1184 481 1216 somnium,
491 1184 563 1218 quod
576 1192 663 1219 nuper
675 1185 821 1219 evulgavit,

27 1229 182 1257 incidisset.
195 1229 266 1257 Nam
278 1230 316 1256 De
323 1230 438 1265 jejuniis
454 1235 477 1257 et
491 1230 709 1264 Quadragesima,
723 1230 769 1256 lib.
779 1238 821 1262 m,

26 1284 85 1311 cap.
103 1277 140 1304 ιε
158 1276 204 1303 E1:
222 1276 326 1312 Ignatii
338 1276 469 1311 epistolis,
485 1277 584 1312 inquit.
598 1276 726 1303 nonnulla
739 1277 821 1302 citant

27 1327 122 1350 retere:
141 1324 220 1350 tertii
236 1324 380 1358 quartique
396 1323 487 1350 swcnli
509 1324 661 1358 seriptores,
678 1322 801 1357 Origenes
813 1343 820 1355 ,

30 1368 159 1396 Eusebius
170 1389 179 1399 .
205 1369 387 1401 Athanasius,
411 1368 605 1403 Hieronymus,
626 1368 802 1395 T/ieodoretus
813 1390 819 1401 ,

29 1414 151 1442 (Zelasius
170 1415 322 1442 Romanus.
338 1415 366 1442 Si
381 1415 511 1450 Origenes
523 1415 594 1442 tertii
607 1415 710 1446 saaculi,
723 1418 750 1441 et
761 1415 823 1449 qui-

28 1460 86 1486 dem
112 1461 240 1488 nullum
263 1460 350 1487 adulti
375 1461 502 1495 scriptor,
524 1460 653 1487 nonnulla
670 1468 703 1486 ex
726 1459 821 1494 lgnatii

28 1507 150 1539 epistolis
159 1507 266 1538 citavit,
282 1506 386 1533 fatente
401 1506 509 1539 Dallaro,
521 1514 603 1541 quam
617 1506 751 1540 iniquum,
767 1506 821 1533 imo

29 1559 106 1585 quam
122 1551 276 1578 ridiculum
292 1556 350 1583 est,
370 1552 550 1586 impostorem
569 1558 702 1586 quarere,
720 1552 767 1584 qui
786 1552 819 1578 ad

30 1597 107 1624 tinem
122 1597 199 1624 tertii
216 1602 266 1624 aut
279 1596 390 1623 initium
404 1596 495 1632 quarti
509 1604 555 1624 eas
576 1596 695 1631 primum
713 1597 822 1625 ﬁnxerit

30 1648 72 1669 aut
83 1642 282 1677 publicaverit.

328 1698 443 1726 CAPUT
463 1697 531 1726 Vlll.

31 1744 136 1772 Eusebii
162 1746 316 1772 auctoritas
339 1745 501 1780 defenditur.
523 1745 668 1778 Impastori
683 1745 821 1773 Dallteano

62 1790 113 1806 non
129 1782 324 1807 obstetritatus
345 1785 394 1807 est.
417 1781 494 1807 Recte
516 1781 657 1816 Polycarpi
672 1786 697 1808 et
723 1781 821 1808 lrenwi

63 1817 222 1842 testimonia
249 1816 404 1849 applicabit.
437 1816 558 1850 Origeuis
587 1817 738 1843 testimonia
768 1826 820 1843 non

61 1852 203 1886 ignorarit.
223 1851 434 1886 SLAt/mnasius
448 1851 479 1877 ab
496 1850 608 1877 Eusebio
627 1860 679 1877 non
693 1857 731 1878 est
746 1852 821 1878 delu-

63 1895 117 1913 sus.
143 1885 239 1919 Neque
255 1885 391 1920 Iguuium
406 1895 435 1912 eo
456 1887 542 1919 modo,
556 1895 606 1921 quo
627 1886 776 1913 Salmasius
795 1891 821 1914 et

62 1921 231 1951 Blondellus,
248 1922 351 1950 citavit.
370 1921 553 1948 llummondus
571 1922 672 1956 frustra
689 1926 714 1948 et
730 1923 821 1949 imme-

63 1958 114 1982 rito
127 1956 302 1991 suggillatur.

65 2013 206 2041 Hactenus
218 2022 234 2040 a
249 2014 330 2041 nobis
344 2013 425 2040 allata
439 2014 594 2041 testimonia
608 2014 648 2041 vel
663 2013 767 2048 spuria,
778 2014 820 2040 vel

31 2061 121 2088 minus
134 2065 212 2088 recte
227 2060 377 2092 intellecta,
394 2064 422 2086 et.
432 2059 465 2086 ad
477 2059 605 2094 epistolas
616 2060 820 2087 conlirmandas

31 2108 136 2134 detorta
163 2107 289 2141 queritur
310 2107 353 2132 vir
369 2106 547 2134 doctissimus
567 2116 573 2133 :
599 2107 673 2141 quod
696 2107 820 2141 sequitur

31 2153 151 2186 Eusebii,
171 2154 221 2180 has
235 2154 429 2188 responsiones
444 2161 497 2180 non
519 2153 629 2188 patitur.
648 2153 718 2181 Sunt
733 2154 767 2181 ab
787 2162 820 2182 eo

31 2199 101 2226 dicta
120 2199 192 2226 adeo
208 2199 281 2226 clara
298 2204 380 2233 atque
395 2200 549 2234 perspicua,
563 2200 631 2227 adeo
645 2200 679 2226 ab
690 2200 819 2227 oumibus

878 271 940 291 cum
958 264 1003 296 sit,
1024 272 1078 290 nou
1096 268 1138 290 cst.
1161 264 1194 290 ab
1210 263 1328 290 Eusebio
1350 263 1534 298 conscriptus.
1550 263 1608 296 sed,
1625 264 1664 291 uti

877 308 1018 345 disputare
1040 310 1127 343 solet,
1151 311 1273 344 spurius,
1300 314 1327 335 et
1348 309 1382 335 ah
1400 309 1492 344 aliquo
1515 310 1665 343 ἱιημεςειυτυ

877 356 1020 383 conﬁctos.
1045 355 1091 383 Sic
1105 357 1177 382 enim
1200 355 1326 383 Gelasius
1342 356 1488 390 episcopus
1506 354 1664 388 Romanus,

877 402 905 429 itt
920 402 1047 434 concilio,
1061 402 1175 434 scilicet,
1195 402 1314 429 Historia
1327 402 1435 428 Eusebii
1451 401 1583 435 Pamphili
1601 410 1664 436 apo-

877 448 984 483 crypha.
1002 447 1055 475 Sed
1071 455 1154 482 quam
1173 448 1318 475 ridiculum
1337 448 1389 475 hoc
1406 453 1597 483 argumentum
1620 447 1664 474 hic

876 494 984 528 fuisset,
999 495 1066 522 vidit
1078 495 1146 530 ipse,
1161 500 1187 522 rt
1203 495 1345 523 abstinuit.
1360 495 1508 522 Videamus
1521 494 1614 530 igitur,
1627 502 1662 521 an

877 542 930 569 hoc
947 542 1019 576 quod
1036 547 1113 576 urget
1128 542 1161 568 dc
1176 541 1286 570 Eusebii
1303 542 1527 573 halluciuatione,
1539 550 1572 568 eo
1587 540 1661 576 quod

876 588 970 615 omisit
994 588 1028 615 de
1044 589 1245 623 suppositione,
1267 594 1314 615 aut
1337 588 1444 614 fclirius
1460 593 1506 614 aut
1527 588 1662 614 verisimi-

877 633 930 660 lius
945 634 990 661 sit.

912 680 983 712 Quid
1003 681 1030 706 in
1043 680 1264 716 historiographis
1276 681 1389 708 inveniri
1409 680 1521 708 Eusebio
1539 679 1661 707 laudabi-

876 726 927 752 lius
943 727 1051 760 potest?
1074 727 1163 754 aiebat
1189 728 1254 754 olim
1274 727 1398 762 Pelagius
1423 727 1559 754 secundus
1581 735 1658 762 papa.

875 771 922 799 Ille
930 772 1039 800 Gelasio
1047 773 1182 808 Cyziceno
1191 773 1429 808 φιλαληθέπιτος,
1443 774 1561 800 veritatis
1569 781 1646 799 anum
1654 788 1660 792 -

876 819 1005 851 tissimus,
1020 823 1047 846 et
1060 818 1289 851 ἀξιοπιστότατος,
1307 820 1359 853 ﬁde
1377 820 1559 854 dignissimus,
1573 819 1659 845 audit.

876 864 923 892 ll|e
944 872 1043 900 magno
1063 864 1166 892 Basilio
1179 865 1280 892 dicitur
1293 865 1448 898 ἀξιόπιστος
1466 864 1510 890 διὰ
1532 864 1660 890 πολυπει-

876 912 946 948 ρίαν,
963 912 1022 939 ideo
1041 913 1159 939 maxime
1173 912 1226 946 ﬁde
1240 913 1347 947 digitus,
1361 913 1424 947 quia
1440 911 1569 938 diuturna
1585 919 1661 946 erpe—

874 958 969 984 rientia
986 957 1012 984 in
1027 958 1142 992 negotiis
1157 957 1285 985 Ecclesite
1297 957 1544 992 \ctuslissimisque
1562 965 1660 984 monu-

875 1003 974 1030 mentis
988 1003 1192 1030 versatissimus
1209 1002 1268 1029 fuit.

909 1047 983 1075 Inter
1008 1049 1061 1076 alia
1089 1057 1150 1084 qua:
1174 1050 1201 1076 in
1230 1049 1351 1076 Historia
1378 1050 1558 1076 ecclesiastica
1583 1058 1653 1077 com-

874 1094 970 1128 plexus
985 1099 1035 1127 est,
1051 1096 1219 1129 propositum
1233 1095 1257 1122 ci
1276 1095 1337 1127 fuit,
1355 1095 1401 1130 qui
1417 1095 1476 1122 libri
1493 1095 1527 1122 ab
1539 1095 1661 1128 antiquis

873 1140 966 1174 scripti
980 1140 1087 1167 fuerant
1100 1148 1238 1174 enarrare,
1250 1141 1318 1172 ὅσοι,
1332 1146 1360 1168 ut
1373 1141 1429 1176 ipse
1444 1141 1577 1175 loquitur,
1590 1140 1661 1167 κατὰ

872 1185 968 1220 γενεὰν
988 1187 1106 1221 ἑκάς-την
1122 1187 1166 1213 διὰ
1182 1187 1406 1223 συγγραμμάτων
1428 1187 1473 1214 τὸν
1490 1187 1560 1213 Οεῐον
1578 1186 1660 1221 ἐπρέ-

874 1231 989 1258 σϐευσαν
1011 1231 1100 1266 λόγον,
1124 1238 1288 1267 quotcunque
1314 1241 1415 1268 quoque
1435 1232 1533 1259 swcnlo
1553 1233 1660 1267 scriptis

872 1278 928 1304 suis
954 1277 1111 1312 theologiam
1132 1278 1313 1304 cxcoluerant.
1338 1279 1490 1313 Anu-quam
1517 1279 1569 1305 hoc
1592 1286 1661 1312 opus

873 1322 1064 1357 aggrederetur
1086 1323 1193 1350 eratad
1219 1323 1296 1350 illum
1320 1324 1513 1358 perliciendum
1542 1324 1660 1350 maxime

874 1368 987 1395 idoneus
1004 1369 1260 1404 paratissimusquc.
1282 1369 1400 1396 Plurima
1425 1370 1481 1404 jam
1499 1375 1561 1396 ante
1585 1370 1645 1396 volu

873 1414 947 1440 mina
964 1415 1175 1449 perscripserat,
1198 1415 1298 1449 quibus
1313 1416 1430 1442 ostendit
1447 1416 1550 1442 variam
1567 1416 1659 1442 lectio-

872 1469 947 1493 nem,
963 1465 990 1488 et
1004 1461 1032 1488 iu
1053 1462 1129 1488 omni
1145 1462 1238 1488 Graeca
1259 1463 1411 1488 litteratura
1427 1463 1574 1489 nnisimam
1591 1463 1648 1496 peri

873 1507 949 1537 tiam.
971 1512 1001 1534 ut
1014 1508 1061 1542 qui
1075 1507 1132 1542 jam
1150 1512 1230 1541 esset,
1247 1513 1314 1535 teste
1329 1509 1491 1541 Sozomeno,
1505 1508 1659 1543 πολυμαθέ-

874 1563 970 1586 στατος
992 1554 1092 1590 ἴστωρ,
1111 1559 1185 1581 tanta
1212 1562 1302 1581 rerum
1328 1555 1450 1581 ninnium
1478 1555 1590 1582 scicntia
1619 1556 1659 1582 iu-

873 1604 996 1627 structus
1018 1599 1052 1627 ad
1070 1599 1212 1626 historiam
1230 1599 1455 1627 conscribendam
1475 1601 1596 1626 animum
1611 1608 1659 1635 ap-

872 1645 951 1680 pulit.
978 1645 1029 1672 Diu
1052 1647 1167 1673 antehac
1191 1653 1252 1673 cttm
1278 1645 1421 1680 Pamphilo
1444 1646 1659 1673 familiarissime

871 1692 987 1724 vixerat,
1014 1693 1060 1726 qui
1079 1693 1238 1726 praeclaram
1263 1692 1513 1719 ccclesiasticorum
1540 1693 1657 1726 scripto-

872 1745 932 1765 rum
951 1737 1146 1764 bibliothecam
1162 1738 1329 1764 iustruxerat
1343 1747 1350 1763 :
1365 1737 1427 1764 huic
1439 1737 1561 1772 quotidie
1576 1737 1659 1764 inter-

873 1783 934 1817 fuit,
951 1784 1022 1811 hanc
1033 1784 1144 1811 assidue
1153 1784 1284 1816 versavit,
1296 1783 1379 1818 hujus
1390 1783 1521 1810 librorum
1535 1784 1658 1810 omnium

872 1830 1022 1858 iudiculum
1037 1830 1163 1857 confecit.
1181 1828 1253 1856 Usus
1270 1829 1401 1856 cstctiam
1419 1829 1581 1856 bibliotheca
1595 1829 1659 1856 llic-

871 1875 1078 1911 rosolymitana,
1086 1883 1168 1910 quam
1181 1875 1254 1902 illius
1267 1875 1343 1902 urbis
1354 1871 1500 1909 cpiscopus
1508 1875 1658 1902 Alcnndcr

871 1922 973 1949 exstrui
990 1925 1148 1954 curaverat;
1163 1921 1190 1948 in
1204 1929 1257 1956 qua
1274 1926 1370 1956 prtetcr
1381 1921 1585 1955 rcliqua.ctiam
1598 1922 1658 1956 cpi-

871 1969 959 2000 stolac,
976 1976 1045 2003 quas
1062 1968 1111 1994 viri
1126 1967 1304 1995 ecclesiastici
1319 1967 1346 1994 in
1362 1968 1512 1994 tractandis
1531 1967 1658 1995 Ecclesia:

872 2015 990 2050 negotiis
1009 2015 1042 2042 ad
1069 2023 1098 2042 se
1115 2015 1231 2042 invicem
1248 2015 1391 2047 dederant,
1412 2017 1655 2043 conscrvabantur.

870 2061 908 2088 lta
925 2061 1044 2096 denique
1059 2061 1136 2088 libris
1152 2061 1262 2095 scriptis
1275 2061 1382 2088 deditus
1398 2066 1466 2092 erat,
1481 2061 1604 2096 adeoque
1617 2063 1657 2089 lc-

870 2108 957 2135 liciter
980 2108 1006 2134 iu
1034 2107 1067 2134 iis
1084 2111 1217 2139 versatus,
1245 2111 1274 2133 ut
1289 2107 1436 2141 imperator
1459 2107 1657 2135 Constantinus

869 2153 1105 2188 Constantinopoli
1123 2154 1275 2180 (laesarcam
1302 2153 1444 2185 scriberet,
1463 2154 1542 2188 eique
1569 2155 1656 2188 polis~

870 2201 970 2226 simum
988 2200 1015 2226 in
1029 2199 1167 2226 mandatis
1176 2200 1264 2230 daret,
1282 2204 1311 2226 ut
1322 2199 1520 2235 quinquaginta
1536 2199 1564 2227 S.
1580 2200 1655 2227 Scri-

31 2249 155 2280 reeepta;
177 2245 302 2279 cpistola:
324 2253 394 2279 quas
415 2252 467 2272 nos
493 2247 635 2278 habemus,
659 2251 713 2273 tam
735 2245 818 2273 certis
834 2250 855 2277 D
871 2249 956 2278 plura:
971 2244 1080 2272 codices
1094 2244 1121 2270 iu
1139 2245 1306 2272 membranis
1328 2245 1553 2272 artiliciosissime
1572 2245 1655 2273 scribi

30 2291 139 2319 imliciis
157 2295 291 2326 apparent
310 2291 412 2318 eaedem
429 2292 543 2318 omnino
564 2300 623 2319 esse
637 2300 706 2327 quas
725 2292 820 2319 habuit

31 2337 175 2369 Eusebius,
203 2342 234 2364 ut
259 2338 321 2372 cjas
345 2337 532 2364 testimonium
553 2338 642 2372 (quod
669 2338 701 2364 ad
728 2338 818 2372 priora

30 2384 82 2410 duo
96 2383 241 2419 Polycarpi
257 2388 340 2418 atque
354 2383 449 2411 irenzci
474 2384 556 2411 etiam
578 2385 752 2415 extenditur)
770 2392 819 2412 nec

30 2438 78 2463 pro
93 2430 200 2465 spurio,
224 2438 276 2457 nec
300 2438 350 2464 pro
365 2430 439 2457 male
454 2430 589 2464 applicato
612 2430 706 2457 haberi
722 2430 817 2464 possit.

30 2477 88 2509 Quo
112 2477 196 2512 igitur
222 2485 295 2504 nunc
313 2484 344 2504 se
369 2477 450 2504 vertit
467 2477 601 2505 Datianus?
624 2478 657 2504 a-l
682 2477 720 2509 id,
745 2478 819 2512 quod

30 2531 113 2550 unum
132 2524 266 2559 restabat,
284 2523 411 2559 confugit
430 2533 438 2550 :
459 2524 574 2556 scilicet,
599 2523 746 2552 Euscbimu
772 2524 820 2550 de-

31 2576 135 2604 ceptum
160 2569 263 2603 fuisse;
288 2571 361 2598 bono
386 2570 449 2597 viro
472 2570 507 2597 ab
529 2571 679 2605 impostorc
707 2571 818 2597 illusum

31 2623 104 2649 esse;
134 2625 242 2644 errasse
264 2617 407 2643 hominem
435 2620 531 2643 caetera
562 2617 818 2652 diligentissimum,

31 2661 99 2694 quod
115 2662 265 2690 humanum
283 2668 337 2695 est,
351 2666 380 2690 et
398 2663 426 2689 in
442 2662 568 2690 eumdem
585 2671 705 2690 errorem
722 2669 818 2689 aucto-

33 2707 106 2734 ritate
118 2715 269 2744 sua,quam
284 2708 383 2735 habuit
400 2708 427 2734 iu
443 2708 540 2735 litteris
557 2708 717 2740 maximam,
729 2707 818 2742 primo

34 2751 212 2786 Athanasium,
226 2753 291 2780 dcin
309 2757 398 2779 totum
415 2752 508 2779 orbem
525 2753 674 2780 induxisse.

63 2797 139 2825 Miror
149 2799 278 2834 equidem
291 2798 317 2825 ei
332 2797 360 2824 in
380 2802 500 2824 mentem
521 2806 573 2824 non
589 2798 696 2825 venisse
707 2819 714 2831 ,
736 2799 817 2826 etiam

33 2843 53 2870 in
67 2844 113 2873 hoc
126 2846 238 2880 negotio
251 2853 286 2872 eo
302 2849 470 2879 argumento
484 2845 534 2877 uti,
548 2845 592 2872 cui
610 2853 681 2880 saepe
696 2846 759 2872 alibi
775 2846 817 2872 in-

32 2891 101 2920 ltztrct
124 2900 130 2917 :
149 2899 251 2928 nempe
269 2891 376 2918 librum
400 2890 522 2923 Eusebii,
543 2891 613 2918 unde
630 2892 817 2920 testimonium

609 2939 614 2949 \

871 2293 989 2322 curaret,
1005 2293 1032 2316 et
1045 2289 1079 2316 ad
1096 2288 1194 2316 Urbem
1212 2290 1313 2325 regiam
1329 2291 1391 2317 inde
1405 2291 1535 2318 mitteret.

904 2334 964 2361 Jam
979 2342 1044 2362 vero
1067 2342 1101 2361 an
1121 2334 1269 2362 verisimile
1284 2340 1326 2362 est
1343 2340 1503 2362 veteranum
1522 2336 1654 2364 librorum

870 2381 1036 2414 helluonem,
1053 2381 1121 2408 inter
1138 2381 1311 2408 membranas
1324 2382 1486 2416 chartasque
1502 2387 1605 2411 veteres
1616 2383 1655 2410 vi—

870 2432 924 2454 tam
950 2430 1092 2459 terentem,
1112 2430 1152 2454 tot
1177 2426 1351 2460 antiquorum
1375 2428 1514 2455 volumina
1533 2429 1656 2462 quotidie

870 2477 917 2499 aut
931 2473 1142 2505 describentem,
1158 2477 1205 2500 aut
1226 2473 1413 2505 dcilorantcm,
1429 2478 1483 2501 tam
1500 2473 1580 2501 facile
1602 2475 1654 2502 im-

869 2521 988 2555 postoris
1011 2521 1063 2547 arti
1080 2521 1235 2556 expositum
1261 2520 1355 2554 fuisse,
1379 2527 1406 2548 ct
1420 2522 1573 2550 adulterino
1589 2523 1655 2551 fetui

870 2567 1077 2595 obstetricatum
1093 2568 1169 2595 esse?
1192 2568 1233 2595 An
1250 2573 1356 2596 tantum
1373 2569 1462 2595 virum
1480 2575 1574 2603 putare
1593 2578 1656 2604 pos-

870 2621 967 2641 sumus
985 2613 1099 2649 ’ἐρμαιον
1114 2614 1168 2641 τῶν
1182 2614 1216 2641 τὰ
1229 2615 1340 2642 τοιαῦτα
1360 2615 1578 2650 ἐπιψευδομένων
1599 2617 1656 2648 τοῖς

871 2660 992 2696 βιϐλίοις,
1010 2661 1056 2687 καὶ
1070 2660 1205 2697 θησαυρὸν
1219 2662 1326 2697 ἔταμον
1342 2663 1398 2693 τοῖς
1410 2662 1541 2697 καπήλοις
1554 2661 1655 2693 αὐτῶν,

872 2708 976 2734 lucrum
998 2715 1089 2734 eorum
1107 2708 1152 2742 qui
1174 2707 1256 2742 falsos
1273 2708 1363 2734 titulos
1382 2707 1612 2743 librisimponere,
1629 2712 1656 2736 ct

871 2753 1023 2779 thesaurum
1041 2753 1096 2779 illis
1122 2758 1301 2787 preparation
1325 2755 1370 2789 qui
1387 2753 1491 2781 eosdem
1506 2754 1655 2781 venundare

869 2799 994 2830 solerent,
1009 2803 1040 2826 ut
1059 2799 1093 2826 de
1110 2799 1219 2825 indocto
1234 2807 1285 2826 suo
1304 2799 1424 2834 loquitur
1440 2799 1594 2827 Lucianus?
1609 2799 1654 2826 Ni-

870 2846 943 2872 hilne
955 2846 981 2872 iu
998 2845 1175 2878 membranis,
1193 2845 1260 2872 nihil
1275 2846 1301 2871 in
1318 2846 1474 2880 scriptione,
1489 2847 1560 2881 quod
1574 2846 1654 2873 novi-

870 2897 950 2920 talcm
967 2891 1058 2927 operis
1076 2892 1222 2927 detegeret,
1241 2893 1358 2926 reperire
1373 2893 1462 2927 potuit
1477 2893 1517 2919 vir
1531 2893 1556 2919 in
1571 2893 1653 2923 rebus
