1866 3073
220 139 272 168 187

720 143 750 171 S.
772 143 946 173 lGNA'l’llJS.
967 159 1001 164 —
1025 143 1296 173 PROLEGOMENA.
1813 142 1851 169 l8!

219 201 380 237 bujusmodi
389 203 638 232 exercitatisslmns
649 205 919 241 sagacissimnsque?
928 206 1012 239 Quid-
1025 209 1050 238 Α
1065 207 1145 234 verit.
1160 205 1236 234 Libri
1249 205 1297 241 qui
1313 213 1387 233 nunc
1403 206 1433 233 in
1446 205 1561 234 dubium
1573 209 1719 238 vocantur,
1736 208 1785 232 aut
1797 204 1850 231 oliu

218 247 244 274 ni
263 247 383 283 aliquam
396 249 585 284 antiquitatem
607 251 787 285 epistularum
804 259 838 278 ex
856 251 917 286 ipso
941 252 1014 281 libro

215 295 444 329 deprehenderit,
465 297 508 324 vel
524 304 558 324 eo
580 297 663 326 modo
678 306 733 333 quo
749 298 948 333 imperitissimi
969 299 1016 327 so-

215 339 283 372 lent,
299 340 338 375 τῷ
347 340 550 378 διαϐεϐρῶσθαι
566 343 613 370 καὶ
623 343 804 379 διακεκόφθαι·
817 345 888 371 αὐτὰ
898 353 1014 381 τεκμαι-

217 385 342 420 ρόμενος,
360 387 408 413 καὶ
428 388 598 424 συμϐούλους
610 389 674 421 τοὺς
692 389 757 421 σέας
773 390 838 426 περὶ
849 391 900 426 τὴν
920 390 1014 423 ἐξέτα-

215 439 259 458 σιν
282 433 505 469 παραλαμϐάνων
516 454 524 466 ,
540 435 671 462 indicium
689 444 795 464 sumens
814 437 883 472 quod
901 446 1013 466 comesa:

213 485 239 507 et
255 481 376 507 contrita:
390 485 512 515 essent,et
528 482 612 509 tineas
626 483 661 509 ad
676 491 734 510 eam
748 492 804 510 rem
818 485 1011 519 explorandum

214 527 241 554 in
256 528 398 554 consilium
414 527 554 556 adhibens.
576 527 707 557 Ducentis
722 535 784 564 post
805 530 938 565 Ignatium
961 539 1011 559 au-

214 573 258 601 nis
273 574 404 608 epistolas
421 575 569 609 prodiisse,
595 575 651 602 imo
665 583 728 603 eum
749 577 807 612 jam
819 577 856 605 de
873 577 1010 605 Constan-

215 619 265 646 tini
287 619 329 646 vel
348 621 435 654 patris
449 620 510 655 ejus
526 620 743 649 Cltristianismo
759 622 830 650 fama
853 631 949 658 sparsa
964 632 1009 652 es-

211 672 264 701 set,
284 668 402 703 scriptas
414 669 534 703 primum
552 668 639 697 fuisse
654 670 714 697 vult
730 670 858 698 Dallteus.
877 670 943 697 Erat
958 678 1008 697 au-

211 719 265 741 tem
291 718 356 741 tunc
382 715 513 750 temporis
535 715 627 750 plures
653 724 736 751 quam
757 716 795 743 40
813 724 900 744 annos
924 721 1006 744 natus

211 759 358 788 Eusebius.
373 759 470 788 Nonne
483 761 621 789 credimus
632 769 707 795 eum,
718 769 782 789 cum
799 761 869 789 forte
882 761 910 788 in
922 762 1003 789 talem

208 806 387 841 epistolarum
411 807 533 835 codicem
550 808 693 840 incideret,
720 808 754 836 ad
771 808 892 843 primum
906 815 1002 835 earum

210 853 352 887 intuitum,
368 855 557 887 cohorruisse,
572 862 642 890 quas
658 862 708 882 nec
720 855 748 882 in
765 854 899 889 Pamphili
914 854 1003 882 Caesa-

209 907 272 931 reae,
289 908 338 928 nec
353 901 499 928 Alexandri
514 900 714 936 Hierosolymis
729 901 896 928 bibliotheca
916 901 1001 928 vidis-

207 952 260 980 set,
274 952 301 975 et
315 947 348 975 de
359 947 461 982 quibus
476 955 510 974 ne
525 947 608 975 fando
620 947 731 983 quidem
748 951 812 975 ante
825 947 879 975 hoc
893 952 1001 982 tempus

206 993 293 1021 fuisse
311 1001 358 1021 eas
373 994 400 1021 in
417 994 533 1022 aliorum
552 993 680 1022 manibus
700 993 870 1022 audivisset?
889 992 1000 1028 Optime

205 1046 279 1068 certe
301 1040 346 1068 ille
368 1041 426 1075 jam
452 1040 693 1076 quadragenarius
722 1041 808 1073 novit,
831 1048 914 1075 quam
937 1040 999 1068 libri

205 1086 299 1122 scripti
316 1091 423 1114 :rtatem
447 1086 564 1120 ferrent;
583 1090 652 1122 quot
666 1086 756 1114 modis
778 1087 886 1114 novitas
898 1087 998 1121 prode-

203 1137 292 1165 retur,
309 1140 364 1159 non
381 1133 527 1169 ignoravit.
553 1131 633 1160 Nullo
648 1132 732 1167 igitur
752 1132 835 1160 modo
849 1133 998 1160 verisimile

200 1185 255 1213 est,
271 1179 389 1207 Eusebio
405 1179 526 1215 vigilanti
543 1183 599 1206 tam
617 1178 699 1206 facile
718 1179 801 1206 simul
815 1183 842 1206 et
857 1183 913 1206 tam
926 1179 998 1206 {uade

204 1225 365 1260 impositum
392 1224 489 1252 fuisse.
504 1224 583 1258 Quod
601 1225 624 1251 si
641 1224 730 1259 pn'ma
755 1223 825 1252 facie
846 1224 996 1260 impostura

201 1271 227 1298 el
241 1280 294 1299 non
310 1271 490 1305 suboluisset,
514 1276 606 1300 tamen
630 1279 692 1299 eum
708 1276 764 1299 tam
781 1271 925 1308 diligenter
938 1273 997 1308 epi-

200 1321 288 1345 stolas
303 1318 448 1351 evolverit,
463 1326 526 1346 cum
549 1318 656 1354 singula
671 1319 865 1354 episcoporum
882 1319 996 1347 nomina

201 1363 399 1397 numeraverit,
425 1372 488 1391 cum
516 1365 651 1392 notaverit
677 1365 770 1392 omnia
802 1365 910 1393 itineris
935 1373 994 1393 mo-

200 1414 304 1443 tnenta,
322 1418 385 1438 cum
402 1410 578 1438 traditionem
606 1411 766 1446 apostolicae
790 1411 924 1439 doctrina:
945 1412 994 1439 ob-

200 1457 364 1490 servaverit,
378 1465 441 1484 cum
464 1458 583 1485 haereses
598 1457 734 1486 rcfutatas
750 1459 992 1493 animadverterit,

198 1509 260 1529 cum
277 1506 317 1529 tot
329 1510 362 1530 ex
375 1502 428 1530 illis
440 1503 589 1530 sententias
600 1503 787 1539 exscripserit,
804 1512 866 1532 cum
879 1505 906 1532 in
917 1505 993 1533 nullo

1068 252 1157 279 vocati
1173 255 1249 285 sunt,
1267 251 1456 279 testimonium
1468 251 1528 287 ejus
1543 259 1599 278 non
1610 251 1723 278 habent.
1743 249 1852 277 Ostendi

1067 299 1134 326 mihi
1147 299 1256 333 lapsum
1270 298 1384 326 Eusebii
1398 299 1425 326 in
1439 298 1532 334 aliquo
1548 297 1602 325 alio
1616 305 1709 332 opere,
1722 301 1752 324 ut
1765 297 1801 324 de
1813 297 1851 324 bu

1066 344 1176 372 credam
1187 347 1194 372 t

1094 389 1269 425 Diligentiam
1278 394 1368 418 autem
1378 395 1406 417 et
1415 390 1585 417 attentionem
1595 388 1705 417 Eusebii
1715 388 1852 424 requirun

1063 437 1213 466 adversarii
1230 437 1257 465 in
1274 437 1434 465 testimonio
1444 435 1536 464 lren:ei
1551 435 1708 469 atl‘erendo;
1722 443 1778 471 ego
1797 443 1852 463 ven

1063 490 1124 511 eam
1139 483 1303 511 laudandam
1317 488 1394 518 pttto,
1409 482 1482 518 quod
1501 489 1611 509 auream
1634 482 1816 515 sententiam,
1839 482 1852 508 ἱι

1061 528 1159 564 lgnatii
1171 530 1289 565 epistola
1301 534 1466 563 exstantem,
1478 529 1550 564 apud
1563 528 1694 557 Irenaeum
1707 529 1850 557 invenerit

1060 575 1268 608 observaverit,
1285 575 1434 609 notaverit,
1457 575 1646 610 applieavcrit.
1673 575 1727 603 Sed
1748 584 1827 603 uana
1841 585 1852 604 ε

1060 622 1137 648 inani
1152 623 1238 656 specie
1260 622 1368 649 delusus
1383 621 1508 656 epistolas
1533 621 1669 649 Irenaeum
1689 630 1802 657 quoque
1827 624 1849 648 ri

1058 666 1138 700 disse,
1155 672 1179 694 et
1195 668 1300 702 quidem
1315 667 1396 694 etiam
1409 667 1490 702 (quod
1505 676 1570 695 sane
1596 668 1712 695 crassius
1728 673 1771 695 est
1788 675 1816 696 et
1829 670 1852 695 in

1056 713 1257 748 cxcusabilius)
1273 722 1432 740 memorasse
1456 714 1619 750 imaginatus
1634 720 1683 741 est.
1699 714 1786 742 Unde
1813 724 1852 742 aut

1057 765 1110 788 tem
1124 761 1177 788 hoc
1202 764 1314 796 apparet
1329 765 1430 788 cetera
1443 760 1684 796 diligentissimum
1698 762 1852 791 oeulatissi

1055 814 1187 842 mumque
1202 807 1239 835 ita
1256 806 1344 835 fuisse
1361 807 1509 835 delusum?
1526 806 1600 834 Vidit
1614 807 1756 835 Eusebius
1773 808 1852 836 mult:

1053 852 1149 881 lremei
1164 853 1276 888 scripta,
1288 862 1351 889 qua:
1359 854 1417 889 jam
1429 854 1580 889 perierunt,
1594 862 1655 889 qua:
1666 860 1692 881 ct
1706 855 1771 889 ipse
1785 862 1851 882 com

1053 903 1187 926 memorat
1197 899 1244 926 lib.
1259 907 1286 931 v,
1305 907 1366 934 cap.
1379 899 1426 933 25,
1440 904 1468 927 et
1484 899 1531 926 καὶ
1542 899 1577 926 τὰ
1592 899 1643 935 μὲν
1654 901 1695 931 εἰς
1712 901 1852 936 ἡμετέρου

1052 944 1166 972 ἐλθόντα
1178 945 1282 979 γνῶσιν
1296 945 1346 972 τοῦ.
1368 945 1514 982 Εἰρηναίου
1540 945 1671 977 τοσαῦτα,
1693 952 1783 981 atque
1808 947 1851 973 Iun

1051 995 1113 1016 sunt
1136 998 1195 1024 quae
1218 998 1251 1017 ea;
1276 989 1373 1017 Iremei
1396 991 1505 1027 scriptis
1522 990 1556 1017 ad
1579 995 1702 1017 nostram
1729 992 1852 1017 notitiam

1050 1041 1234 1071 pervenerunt,
1252 1036 1353 1071 inquit.
1371 1035 1410 1063 Ex
1429 1037 1472 1064 liis
1485 1036 1588 1064 vidisse
1600 1044 1663 1063 eum
1679 1028 1787 1072 lgnatii
1802 1038 1844 1071 ειρὶ

1051 1082 1136 1110 stolas
1155 1082 1256 1110 certior
1264 1082 1323 1109 tieri
1338 1082 1444 1117 potuit;
1462 1082 1518 1109 imo
1527 1089 1559 1110 ex
1569 1082 1613 1109 illa
1628 1082 1689 1116 ipsa
1701 1083 1848 1109 sententia

1049 1136 1134 1163 quam
1156 1128 1281 1161 adduxit,
1296 1127 1398 1156 vidisse
1413 1128 1500 1161 novit,
1512 1127 1577 1162 quia
1591 1135 1652 1155 eam
1667 1135 1704 1155 ex
1717 1127 1786 1163 ejus
1801 1128 1852 1162 epit

1049 1176 1120 1202 stola
1143 1175 1357 1210 transcripserat
1371 1174 1500 1202 lreuaaus.
1515 1173 1584 1201 Nam
1604 1174 1680 1209 quod
1694 1175 1776 1209 apud
1796 1183 1850 1202 cun

1048 1220 1151 1248 dixisse
1165 1225 1272 1248 tantum
1287 1225 1449 1257 martyrem,
1463 1229 1519 1248 non
1535 1225 1631 1249 autem
1652 1221 1807 1255 scripsisse
1826 1221 1852 1247 lu

1047 1273 1156 1301 gamus,
1168 1266 1249 1301 plane
1264 1266 1343 1293 nihili
1356 1270 1398 1294 est
1413 1275 1421 1293 :
1440 1274 1492 1294 nos
1503 1266 1576 1293 enim
1591 1269 1656 1293 ante
1672 1267 1852 1293 ostendimw

1047 1320 1188 1348 tulitquam
1204 1313 1282 1340 aliter
1302 1312 1436 1340 lrenazum
1452 1313 1487 1340 de
1511 1312 1657 1340 sententiis
1679 1312 1803 1347 scriptis
1822 1313 1847 1339 lo

1045 1364 1140 1386 cntum
1153 1367 1225 1388 esse.
1245 1360 1280 1388 At
1295 1359 1392 1388 habuit
1405 1367 1438 1387 ea:
1459 1360 1533 1386 Actis
1549 1358 1689 1394 Ignatiani
1707 1360 1852 1394 martyris

1045 1405 1084 1433 lla
1099 1411 1173 1434 certe
1183 1406 1321 1434 Parkerus
1333 1416 1340 1434 :
1355 1406 1504 1442 Collegerat
1519 1406 1579 1441 quis
1590 1406 1663 1440 forte
1676 1406 1760 1433 dicta
1774 1405 1851 1441 lgna-

1045 1452 1076 1479 tii
1095 1457 1156 1479 ante
1171 1457 1273 1488 tempus
1295 1452 1414 1486 Eusebii,
1430 1461 1513 1488 eaque
1534 1453 1562 1479 in
1577 1452 1699 1487 formam
1720 1453 1852 1488 epistol!»

1044 1508 1103 1526 rum
1115 1500 1223 1536 redegit.
1237 1500 1289 1529 Sed
1303 1501 1501 1536 antiquissima
1514 1500 1582 1528 Acta
1598 1509 1662 1536 quae
1678 1505 1752 1529 tunc
1767 1505 1851 1530 exsti-

198 1555 321 1582 unquam
348 1553 462 1575 auctore
486 1549 671 1576 examinanda
699 1557 792 1584 parem
826 1551 992 1586 diligentiam
1007 1560 1030 1590 α
1047 1550 1150 1579 terunt,
1163 1554 1214 1574 nec
1224 1554 1285 1574 eam
1299 1555 1391 1582 neque
1405 1547 1525 1575 similem
1537 1547 1660 1582 aliquam
1677 1548 1852 1575 sententiam

198 1593 372 1626 adhibuerit;
393 1602 428 1620 an
449 1594 507 1621 fieri
526 1602 607 1628 posse
628 1600 768 1630 putamus,
782 1599 821 1629 ut,
839 1596 863 1624 si
879 1601 919 1624 tot
935 1597 992 1625 sint

197 1639 224 1667 in
242 1639 276 1667 iis
294 1640 395 1675 scripta
413 1648 475 1675 qua:
491 1640 572 1667 ﬁdem
589 1645 743 1676 temporum
766 1642 911 1670 manifeste
925 1651 991 1671 con-

197 1685 311 1719 vellunt,
326 1694 388 1721 que
402 1694 417 1713 a
433 1694 561 1714 sermone
575 1687 727 1721 apostolico
743 1693 770 1716 et
787 1688 909 1716 virorum
925 1697 991 1724 apo-

196 1732 356 1760 stolicorum
373 1733 453 1767 plane
476 1733 655 1766 dissentiunt,
670 1742 732 1768 qua
748 1742 762 1762 a
778 1735 923 1768 modestia,
941 1736 990 1764 do-

195 1779 295 1811 ctrina,
312 1779 470 1811 veracitate,
486 1780 631 1814 prudentia
648 1783 777 1816 martyris
792 1781 871 1817 longe
886 1782 989 1810 abhor-

195 1828 267 1857 rent,
283 1832 344 1858 quae
367 1833 415 1860 per
435 1833 464 1852 se
485 1826 616 1860 absurda,
635 1827 772 1860 aﬂ‘ectata,
795 1828 886 1863 inepta
901 1834 927 1857 et
939 1837 990 1864 pu-

196 1870 253 1898 tida
267 1871 333 1903 sint,
348 1871 406 1898 lnec
420 1872 513 1899 omnia
529 1871 664 1901 Eusebius
679 1875 773 1901 statim
788 1880 987 1910 concoqueret,

195 1923 246 1950 pro
271 1924 334 1944 vere
354 1916 504 1952 lgnatianis
523 1919 668 1954 arriperet,
687 1925 715 1947 et
729 1920 874 1949 aeternitati
891 1929 988 1950 conse-

193 1963 302 1990 craret?

408 1999 594 2036 ......_ACredat
605 1999 718 2036 {udwus
733 2001 837 2036 Apella.

458 2034 590 2070 (Housm,
607 2034 666 2063 Sat.
685 2044 706 2070 t,
723 2034 842 2072 “7105.)

230 2089 282 2117 Sed
295 2090 337 2117 vir
349 2091 529 2120 doctissimus
541 2093 669 2120 observat
679 2094 736 2120 alia
750 2095 822 2129 apud
835 2094 984 2124 Eusebium

192 2136 344 2171 splmlmata
357 2146 425 2170 esse,
440 2138 489 2165 hoc
507 2147 673 2174 nequaquam
682 2139 792 2174 leviora,
805 2149 925 2176 quorum
945 2149 985 2170 ta-

192 2190 254 2210 men
276 2183 435 2211 meminisse
461 2184 548 2218 nolit;
571 2189 601 2212 ut
616 2186 690 2218 hinc,
707 2187 822 2220 scilicet,
838 2188 984 2217 credamus

1046 1593 1176 1628 martyris
1190 1593 1330 1621 exhibent.
1348 1592 1506 1621 Posteriora
1525 1593 1621 1620 omnia
1642 1593 1690 1620 diu
1705 1597 1776 1628 post
1802 1593 1852 1621 [re

1042 1646 1144 1672 meum,
1157 1639 1204 1666 diu
1220 1644 1283 1674 post
1297 1638 1447 1667 Eusebium
1464 1639 1622 1674 conscripta
1646 1643 1716 1666 sunt
1730 1649 1739 1667 :
1761 1644 1792 1667 et
1809 1647 1851 1668 eo.

1042 1694 1104 1714 rum
1120 1686 1330 1722 interpolatores
1346 1687 1498 1714 sententias
1510 1695 1580 1722 quas
1603 1686 1723 1721 habent,
1744 1695 1783 1714 ex
1798 1688 1852 1721 epi-

1041 1733 1121 1760 stolis
1135 1733 1379 1768 transcripserunt,
1394 1737 1424 1760 ut
1437 1740 1487 1761 nos
1501 1737 1566 1760 ante
1576 1733 1774 1762 ostendimus.
1792 1733 1851 1762 lbet

1041 1778 1126 1814 igitur
1137 1779 1237 1813 saepius
1249 1779 1348 1806 iterata
1360 1778 1429 1806 nihil
1444 1778 1606 1813 proﬁciunt.

1076 1824 1204 1852 Secundo
1216 1824 1347 1857 obiicitur
1360 1824 1458 1852 similis
1471 1825 1533 1860 ejus
1547 1825 1575 1852 in
1591 1824 1759 1860 Polycarpo
1775 1826 1852 1853 osci‘

1041 1871 1144 1903 tantia,
1163 1871 1238 1905 quod
1253 1879 1306 1897 non
1326 1871 1471 1897 attenderit
1496 1871 1549 1897 duo
1571 1871 1634 1905 illa,
1655 1880 1721 1906 qua:
1740 1880 1778 1899 ea:
1796 1873 1851 1906 ejus

1038 1916 1151 1951 cpistola
1165 1917 1286 1944 recitavit
1299 1937 1307 1948 ,
1325 1916 1384 1944 loca
1397 1922 1487 1951 aperte
1510 1918 1579 1944 inter
1590 1926 1618 1944 se
1632 1926 1776 1952 pugnare.
1786 1917 1852 1945 Pro<

1039 1962 1110 1990 tecto
1125 1962 1148 1989 si
1167 1962 1224 1990 haec
1238 1970 1302 1990 vera
1317 1967 1421 1996 essent,
1438 1963 1462 1990 si
1484 1962 1622 1990 Eusebius
1637 1964 1785 1992 recitaret
1798 1965 1852 1991 duo

1037 2008 1098 2036 loca
1112 2013 1206 2043 aperte
1227 2009 1299 2036 inter
1314 2016 1344 2036 se
1363 2009 1525 2044 pugnantia,
1541 2017 1664 2044 eamque
1679 2018 1852 2046 repuguam

1037 2055 1116 2088 tiam,
1131 2063 1194 2091 quae
1221 2060 1275 2082 tam
1301 2061 1396 2091 aperta
1411 2061 1496 2088 esset,
1519 2055 1635 2083 minime
1659 2057 1852 2085 animadveh

1036 2106 1116 2135 teret,
1126 2102 1268 2136 quomodo
1278 2102 1407 2130 excusari
1418 2106 1514 2137 posset
1525 2110 1580 2129 non
1595 2102 1693 2130 video.
1709 2103 1751 2131 Et
1762 2109 1852 2132 tamet;

1035 2148 1115 2175 venia
1127 2148 1283 2183 digniorem
1301 2149 1372 2176 hanc
1385 2148 1414 2176 in
1430 2148 1582 2184 Polycarpo
1595 2149 1795 2178 oscitantiam
1812 2151 1852 2178 illa

1035 2201 1096 2228 qua:
1109 2193 1135 2221 in
1149 2193 1251 2222 Irenaeo
1265 2194 1325 2227 fuit,
1341 2194 1441 2222 fatetur
1454 2195 1582 2222 Dallteus.
1599 2194 1714 2231 Quare,
1734 2197 1852 2224 amabol

191 2227 294 2277 ὺξπξυηδ
308 2228 389 2277 ﬁlim
407 2229 496 2277 νίξυηι
515 2233 569 2277 ιξῑξη
585 2229 665 2257 bene
685 2238 718 2258 ac
733 2235 788 2258 lam
804 2232 920 2266 ῐυιῬίΙει·
932 2233 981 2260 άῦ-
996 2243 1020 2273 1)
1035 2227 1132 2274 nempe
1145 2241 1211 2277 quia
1225 2240 1300 2267 novit
1319 2248 1350 2268 ea
1371 2248 1433 2275 quae
1454 2240 1560 2275 objecit
1577 2227 1643 2268 esse
1666 2227 1835 2272 falsissitua
1849 2253 1852 2271 ς

188 2274 243 2309 cipi
258 2282 291 2302 ac
307 2274 361 2301 labi
376 2274 508 2308 potuisse.
526 2274 627 2302 Verum
642 2277 774 2311 prudens,
791 2278 891 2312 opinor
904 2299 911 2311 ,
924 2279 983 2306 haec

188 2320 341 2355 spltulmala
357 2319 467 2346 silentio
480 2321 644 2354 suppressit,
657 2323 729 2356 quod
744 2323 779 2350 ad
795 2331 852 2350 rem
868 2325 983 2352 omnino

188 2374 242 2393 non
259 2365 392 2392 facerent.
407 2365 436 2392 Si
450 2370 589 2393 auctorem
606 2368 692 2394 ullum
706 2373 826 2397 veterem
839 2371 983 2399 nominare

188 2417 290 2446 posset,
306 2419 388 2446 queui
411 2410 549 2439 Eusebius
565 2413 687 2448 agnovit,
710 2420 737 2441 et
759 2415 838 2450 cujus
860 2418 982 2444 auctori-

189 2461 272 2484 tatem
297 2456 464 2484 testimoniis
487 2457 607 2485 aliorum
631 2460 824 2487 conﬁrmatum
847 2462 907 2494 ivit,
933 2463 980 2498 qui

189 2507 284 2538 postea
301 2502 380 2530 ﬁctor
394 2503 519 2532 detectus
533 2508 585 2538 est,
600 2509 649 2532 aut
670 2505 712 2533 vel
728 2506 755 2533 in
768 2506 884 2535 dubium
898 2516 980 2536 voca-

188 2555 233 2576 tus
246 2558 254 2576 :
270 2549 374 2584 aliquid
386 2550 497 2585 quidem
511 2551 625 2585 diceret,
642 2551 716 2586 quod
732 2559 795 2579 eum
811 2562 828 2580 a
842 2555 979 2582 temerita-

187 2597 220 2623 tis
232 2600 258 2623 et
271 2596 462 2624 int-erecundite
472 2598 593 2629 crimine,
607 2602 639 2625 ut
659 2597 717 2632 ipse
731 2598 863 2633 loquitur,
880 2600 979 2628 liberu-

187 2647 236 2670 τοι.
259 2641 317 2677 Ego
334 2650 399 2670 vero
420 2642 568 2671 Eusebium
591 2648 668 2672 tanta
689 2644 830 2681 diligentia
847 2651 979 2682 tantoque

184 2688 291 2723 judicio
318 2689 346 2716 in
371 2690 563 2719 examinandis
592 2691 814 2720 Christianorum
841 2693 979 2728 primaeva

185 2733 360 2768 antiquitatis
383 2735 504 2770 scriptis,
519 2736 546 2762 in
558 2737 660 2771 quibus
675 2737 848 2765 traditionem
866 2742 976 2772 aposto-

186 2778 266 2805 licam
290 2779 426 2806 contineri
452 2781 603 2808 arbitratus
629 2785 683 2814 est,
701 2789 782 2808 usum
802 2781 888 2810 fuisse
908 2790 974 2809 con-

186 2825 278 2858 tendo,
301 2829 331 2851 ut
350 2832 430 2852 nemo
445 2833 567 2860 unquam
589 2827 622 2854 de
643 2827 703 2861 ejus
719 2826 771 2854 lide
786 2831 833 2854 aut
855 2827 889 2855 de
905 2828 974 2855 scri—

152 2888 160 2902 .
185 2871 249 2906 ptis,
264 2879 326 2908 qua:
343 2869 388 2899 ille
399 2879 448 2908 pro
462 2871 624 2902 indubitatis
640 2873 746 2907 habuit,
759 2878 854 2909 postea
869 2874 975 2903 dubita-

1036 2293 1125 2320 neque
1150 2285 1312 2318 Eusebium,
1328 2287 1377 2314 sed
1404 2294 1456 2315 nos
1480 2287 1601 2315 oscitare
1626 2291 1767 2324 putavit,
1793 2298 1852 2318 eum

1035 2331 1086 2358 ista
1107 2331 1251 2359 scriberet.
1277 2331 1412 2366 Quisquis
1429 2332 1476 2359 illa
1497 2332 1575 2365 loca,
1592 2341 1659 2367 qua:
1675 2342 1718 2362 ex
1734 2336 1852 2371 epistola

1033 2374 1175 2411 Polycarpi
1201 2377 1326 2404 recitavit
1350 2376 1505 2410 Eusebius,
1532 2377 1711 2413 perlegerit,
1745 2383 1852 2409 nullam

1033 2421 1104 2448 inter
1119 2430 1151 2449 ea
1172 2430 1302 2458 pugnam,
1325 2424 1429 2451 nullam
1454 2424 1497 2451 vel
1524 2425 1784 2456 contratlictionis
1796 2438 1851 2456 um-

1032 2467 1108 2495 bram
1131 2475 1194 2496 esse
1220 2469 1407 2497 confitebitur.
1433 2470 1487 2498 Sed
1506 2471 1542 2498 ad
1556 2472 1665 2499 calcent
1683 2474 1746 2502 loci
1764 2481 1852 2510 poste-

1032 2514 1121 2546 rioris,
1137 2513 1236 2548 inquit,
1249 2514 1354 2548 aliquid
1371 2515 1425 2542 tale
1436 2515 1585 2550 reperitur.
1601 2515 1723 2546 Verum
1746 2529 1782 2549 ea
1795 2529 1851 2556 qua:

1031 2563 1096 2586 sunt
1112 2560 1146 2586 ad
1161 2560 1259 2587 calcem
1272 2568 1326 2587 non
1344 2561 1470 2589 recitavit
1484 2561 1626 2590 Eusebius
1638 2573 1647 2590 :
1669 2564 1754 2593 falso
1770 2567 1852 2602 igitur

1030 2605 1173 2638 asseritur,
1189 2606 1248 2633 loca
1272 2613 1334 2641 quae
1348 2607 1477 2635 recitavit
1498 2608 1571 2635 inter
1589 2616 1621 2635 se
1638 2617 1785 2647 pugnare
1806 2623 1812 2640 ι
1827 2619 1850 2640 et

1030 2651 1053 2678 si
1069 2651 1123 2678 ulla
1146 2659 1236 2687 pugna
1259 2657 1343 2685 esset,
1360 2658 1498 2689 pugnaret
1514 2654 1596 2682 locus
1607 2663 1707 2690 quem
1722 2659 1849 2686 recitavit

1029 2703 1091 2723 cum
1105 2705 1139 2724 eo
1154 2705 1235 2731 quem
1250 2705 1304 2725 non
1320 2699 1459 2732 recitavit,
1475 2704 1503 2727 et
1521 2700 1607 2735 cujus
1621 2703 1716 2732 solus
1734 2704 1849 2733 Photius

1029 2741 1164 2775 meminit,
1181 2742 1306 2776 pluribus
1321 2751 1404 2778 quam
1420 2744 1583 2780 quingentis
1599 2753 1674 2780 post
1692 2748 1847 2778 Eusebium

1028 2786 1125 2813 annis:
1142 2795 1230 2822 neque
1251 2792 1344 2817 tamen
1368 2789 1424 2817 ulla
1451 2790 1525 2818 inter
1539 2790 1718 2823 Eusebiana
1733 2802 1764 2824 et
1779 2797 1848 2824 Plio-

1029 2831 1101 2859 tiana
1116 2840 1206 2866 pugna
1225 2839 1277 2866 est,
1290 2839 1320 2862 ut
1345 2843 1397 2863 nos
1423 2835 1486 2863 fuse
1498 2837 1712 2871 probavimus.
1727 2843 1812 2870 Certe
1826 2852 1844 2869 si

1030 2877 1074 2905 hic
1090 2878 1248 2907 oscitavcrit
1268 2879 1416 2917 Eusebius,
1435 2883 1567 2912 oscitavit
1582 2888 1610 2913 et
1631 2890 1701 2916 tota
1725 2889 1843 2919 Ecclesia
