1866 3073
40 153 70 180 189
373 149 398 177 1.
422 147 601 176 PEARSONII
628 146 790 175 VlNDlCle
804 146 1017 175 lGNATlANtE.
1036 163 1070 169 —
1089 147 1179 176 PARS
1200 148 1221 176 Ι.

1575 151 1628 178 190

38 212 130 242 Asiatica,
143 217 201 244 qua:
214 213 303 237 totam
320 208 462 244 epistolam
485 216 567 243 quam
587 207 681 235 citavit
699 206 783 234 Euse-
798 209 822 238 Α
871 205 955 235 Levia
969 207 1027 235 haec
1040 212 1106 235 sunt
1118 215 1172 242 prae
1190 207 1225 234 iis
1240 215 1301 242 qua:
1311 211 1474 242 sequuntur.
1492 208 1541 235 llic
1552 209 1625 236 enim

38 259 87 289 llius,
98 264 138 292 per
148 260 186 284 tot
199 256 300 284 saecula
317 254 425 290 publice
440 254 554 290 legebat.

56 303 142 338 Optime
155 303 236 338 igitur
250 303 330 330 novit
343 301 487 332 Eusebius,
501 301 559 327 loca
573 301 630 327 htec
641 298 784 336 Polycarpi

32 356 49 377 et
61 349 135 376 Irenati
157 348 343 376 indubitatum
359 346 505 383 lgnatianis
524 346 647 381 epistolis
663 346 784 373 testimov

33 397 85 423 nium
103 396 234 430 prtebcre:
256 402 347 430 neque
368 394 422 421 alia
445 393 574 421 adhibere
595 393 694 425 voluit,
722 392 786 419 licet

32 443 72 469 sine
82 442 145 468 omni
164 441 248 469 dubio
260 440 341 475 plura
356 439 502 474 potuisset.
518 438 585 466 Post
599 439 672 465 ettim
692 438 784 465 animo

30 489 154 519 conceptam
170 485 240 512 hanc
253 484 413 519 opinionem
425 504 434 517 ,
449 491 581 518 quorsum
605 483 675 511 alios
690 488 784 518 poste-

31 531 92 557 riores
107 529 273 556 nominaret?
287 537 338 557 cur
351 533 448 564 praeter
462 529 574 557 solitum
590 536 695 556 morem
712 529 740 556 in
755 536 785 557 re

30 576 114 603 niiuime
123 580 294 603 controversa
310 580 393 604 testes
403 579 564 610 congereret
576 579 658 610 atque
668 575 785 602 conden-

30 622 98 649 επιξιῖ
117 621 249 648 lntirmum
275 622 360 657 igitur
385 625 578 656 argumentum
593 626 636 648 est
648 621 722 656 quod
741 621 785 648 hic

29 671 130 696 adversus
152 668 277 704 Origenis
302 668 459 696 testimonia
484 668 569 695 nectit
593 667 720 696 Dallatus.
746 667 785 696 De

30 715 114 750 Oring
133 716 230 742 nullum
250 714 360 742 verbum
385 715 460 750 fecit.
489 714 627 748 Quorsum
653 714 727 741 enim
751 714 784 742 de

28 762 117 797 Origene
140 762 217 789 verba
244 761 365 793 faceret,
394 768 456 788 cum
486 760 697 795 antiquissimos
724 760 785 787 illos

29 807 173 844 Polycarpum
195 813 222 835 et
240 807 376 835 lrenmum
400 806 588 835 nominasset?
613 806 664 834 Sed
684 807 708 834 si
720 807 784 841 quid

30 855 61 880 ille
77 855 105 880 ad
127 854 170 880 Itoc
193 853 262 889 quod
292 854 348 889 agit
371 853 438 880 utile
461 853 584 885 dixisset,
601 852 644 879 hic
662 860 715 879 non
728 856 785 878 erat

31 900 158 932 amissurus,
177 907 227 934 quo
252 908 330 926 nemo
355 907 472 934 unquam
493 898 642 925 studiosius
662 897 783 933 Origcnis

31 947 90 972 libros
99 946 161 981 legit.
175 946 251 982 Legit
264 945 378 981 quidem
389 949 417 972 et
428 952 560 980 perquam
576 944 698 972 studiose
712 952 720 977 ;
735 952 782 972 sex

31 993 88 1019 etiam
110 993 184 1021 libros
213 993 400 1028 apologeticos
427 991 522 1021 edidit.
548 999 675 1026 magnam
699 991 785 1018 etiam

33 1044 107 1072 puleio
130 1039 187 1066 libri
214 1039 286 1067 sexti
316 1038 448 1065 Historia:
467 1037 653 1065 ecclesiastica
670 1037 697 1064 in
712 1037 786 1064 illius

32 1084 89 1111 rebus
105 1085 256 1113 enarrandis
276 1084 470 1119 consumpsit:
486 1083 546 1116 ejus
567 1083 652 1110 libros
665 1090 737 1118 saepe
752 1082 786 1110 ad

34 1130 139 1158 historiam
162 1130 248 1166 ipsius
272 1130 468 1158 Hlustrandam
489 1129 615 1162 advocat,
631 1133 659 1156 ct
671 1129 738 1164 quid
752 1129 787 1157 dc

33 1175 86 1204 libris
108 1176 132 1204 S.
147 1177 292 1212 Scriptura:
323 1176 450 1207 senserit.
479 1182 563 1210 quam
588 1175 623 1202 de
641 1174 786 1210 apostolis

34 1222 167 1250 traditionem
191 1227 339 1258 acceperat
362 1228 497 1250 enarrat.
515 1230 580 1250 eum
606 1227 698 1250 tamen
716 1229 787 1248 nun-

34 1276 91 1301 quam
112 1273 197 1296 testem
212 1269 343 1296 adhibuit
359 1268 392 1296 ad
409 1269 494 1296 ullum
514 1268 727 1303 apostolicorum
744 1266 786 1293 vi-

35 1321 102 1340 rorum
123 1315 246 1350 scriptum
270 1315 504 1343 conﬁrmandum.
520 1314 612 1348 Quare
626 1318 717 1341 autem
732 1320 786 1339 non

35 1358 53 1384 in
72 1359 157 1394 lgnatio
179 1368 241 1388 eum
268 1360 422 1394 omitteret,
438 1367 519 1395 quem
540 1361 567 1387 in
583 1359 713 1387 omnibus
726 1358 788 1385 aliis

37 1405 111 1432 omisit.
125 1405 202 1441 Leges
224 1414 295 1441 quas
321 1407 381 1441 ipse
402 1407 435 1433 ad
463 1405 659 1434 disrernendos
684 1403 787 1439 dijudi-

35 1450 156 1486 camlosque
171 1456 292 1480 veterum
320 1453 409 1480 libros
430 1453 538 1486 tixerat,
556 1451 601 1480 hic
616 1452 697 1486 plane
709 1450 788 1486 peni-

36 1500 107 1530 iusque
118 1498 277 1532 observavit;
296 1498 442 1534 ἀρχαίους,
460 1499 574 1532 scilicet,
589 1497 787 1534 κεχρημένους,

38 1539 176 1577 Polyrarpum
198 1549 225 1571 et
240 1544 378 1572 Irenaeum
407 1545 568 1572 nominavit.
595 1545 676 1572 Sarta
696 1544 787 1578 itaque

38 1594 84 1615 tecta
102 1594 136 1617 est
157 1589 262 1618 Eusebii
279 1590 435 1625 diligentia,
450 1591 524 1618 salva
540 1589 686 1625 prudentia
705 1594 788 1625 atque

37 1633 151 1666 iudcium:
166 1636 256 1663 nullus
282 1637 330 1663 hic
352 1644 442 1670 error,
456 1637 531 1664 nulla
552 1637 692 1670 oscitatio,
713 1637 788 1664 nulla

38 1678 186 1715 halluciuatio,
210 1690 281 1717 quas
309 1682 429 1710 Dallteus
452 1682 512 1710 sine
532 1683 587 1710 ullo
609 1682 789 1721 fundamento

37 1729 73 1751 tam
84 1727 214 1755 liberaliter
236 1728 371 1755 Historia:
394 1727 581 1755 ecclesiastica
593 1728 668 1756 Patri
681 1729 787 1756 tribuit.

37 1768 91 1799 Nullo
99 1773 202 1808 denique
215 1775 298 1802 modo
326 1774 492 1802 testimoniis
506 1783 540 1802 ex
555 1774 673 1811 Origene
687 1775 790 1811 produ-

38 1817 71 1843 itis
88 1819 228 1854 pmjudieat
252 1820 367 1848 Eusebii
389 1820 538 1848 silentium.
565 1822 685 1849 Aliunde
711 1823 787 1850 enim

39 1864 84 1891 satis
95 1870 158 1893 certo
185 1868 315 1894 norimus
331 1872 478 1902 utrumque
500 1869 553 1895 hoc
569 1876 638 1903 opus
651 1876 713 1896 esse
726 1876 790 1896 vero

39 1906 184 1942 Origenicum.
193 1912 416 1940 Commentarios
428 1913 454 1939 in
465 1912 608 1940 Canticum
617 1914 789 1941 canticorum

37 1953 145 1988 scripsisse
157 1960 267 1984 testatur
283 1957 315 1984 S.
333 1957 483 1992 Gregorius
502 1957 643 1994 Nysscnus
661 1959 687 1986 in
705 1968 790 1993 prooe-

38 1997 91 2024 atio:
104 2000 130 2026 Εἰ
143 2001 178 2032 δὲ,
195 2002 240 2028 τοῦ
263 2003 422 2039 Ὠριγένους
445 2003 596 2038 φιλοπόνως
613 2004 677 2040 περὶ
702 2005 732 2031 τὸ
750 2005 790 2040 βι-

38 2041 89 2069 Wa"
101 2045 168 2074 τοῦτο
183 2049 395 2080 σπυυδάσαντος,
413 2049 461 2075 καὶ
483 2050 564 2084 ἡμεῖς
580 2050 674 2085 γραφῇ
699 2055 790 2086 παρα-

37 2087 104 2116 ὼῦναι
116 2093 154 2119 τὸν
175 2095 252 2121 πόνον
267 2096 284 2130 ἡ
290 2094 351 2130 μῶν
368 2095 598 2130 προεθυμὴοημεν
609 2115 617 2128 ,
641 2095 791 2129 ὲγκαλείτω

39 2135 115 2169 μηδείς.
131 2138 199 2171 Qttod
211 2143 234 2167 si
248 2149 310 2168 cum
331 2140 458 2175 Origenes
482 2140 627 2175 plurimum
645 2140 744 2167 laboris
764 2145 790 2168 ct

39 2183 99 2208 studii
121 2185 146 2211 in
162 2186 225 2213 hunc
238 2187 360 2214 libellum
372 2186 523 2219 contulerit,
539 2195 586 2214 uos
601 2195 703 2222 quoque
720 2187 790 2222 quod

835 260 914 281 error
929 253 1011 280 unius
1025 252 1137 280 Eusebii
1161 258 1243 281 totam
1259 253 1409 281 Ecclesium
1425 254 1528 282 Christi
1544 263 1615 283 oecu

835 299 920 334 pavit,
938 298 1050 327 infecit!
1077 298 1170 326 Primo
1195 299 1364 328 Athanasius
1382 308 1444 327 eutn
1461 301 1562 334 transit,
1580 302 1626 336 qui

834 346 966 381 egregium
978 346 1118 381 quemdam
1133 346 1231 379 locum,
1246 352 1272 374 et
1285 354 1340 374 sua:
1351 355 1440 374 causa:
1451 347 1627 375 utilissimum

835 391 861 418 in
876 391 994 426 epistolis
1014 398 1107 420 nactus
1131 391 1231 428 lgnatii
1244 413 1252 425 ,
1277 401 1338 420 eum
1362 393 1466 420 nomine
1487 393 1623 426 laudarit,

835 438 883 466 sed
906 438 952 466 ille
976 439 1097 472 deceptus
1118 444 1175 471 est;
1191 439 1259 467 nihil
1275 440 1386 474 quidem
1412 440 1528 475 peccavit
1551 440 1626 472 (hoc

835 484 951 520 largitur
966 485 1008 513 vir
1021 485 1231 520 doctissimus),
1246 486 1295 513 sed
1309 485 1342 512 ab
1358 485 1473 513 Eusebio
1493 490 1624 513 ostentata

835 532 994 560 auctoritate
1008 531 1117 560 delusus
1130 537 1180 560 est.
1193 531 1262 560 Tum
1276 539 1341 560 vero
1353 532 1415 559 hinc
1428 533 1460 560 ab
1467 533 1625 563 Athanasio,

835 579 911 607 illinc
922 580 955 607 ab
969 579 1083 607 Eusebio
1109 579 1211 608 factum
1230 584 1272 608 est
1287 584 1316 607 ut
1332 581 1412 614 pauci
1432 581 1552 615 deinceps
1565 581 1617 614 [ue-

834 627 889 654 rint
903 627 949 662 qui
966 635 998 654 ea
1013 626 1084 662 falsa
1097 635 1153 654 esse
1173 627 1369 654 existimarent.
1393 626 1461 654 Tota
1487 628 1543 654 haec
1561 635 1620 654 con-

833 673 1014 708 jecturarum,
1022 672 1268 707 suspicionumque
1280 672 1423 707 congeries
1433 673 1507 699 nullo
1517 672 1624 706 negatio

835 718 964 746 dililatur.
984 718 1043 752 Qua
1055 719 1128 747 enim
1152 718 1250 746 liducia
1273 718 1443 746 Athanasius
1458 718 1492 745 ab
1509 717 1628 746 Eusebio

835 764 949 793 delusus
971 765 1057 793 fuisse
1073 765 1186 798 dicitur,
1199 765 1246 799 qui
1261 764 1442 800 Polycarpnm
1455 769 1482 790 et
1495 763 1625 791 Irenaeum

835 818 889 838 non
906 811 998 839 minus
1013 818 1096 845 quam
1109 810 1243 838 Eusebius
1260 810 1380 846 legerat?
1396 810 1452 838 Cur
1473 809 1625 836 Athanasio

838 864 893 884 non
905 856 998 885 minus
1008 864 1091 892 quam
1106 855 1237 888 Eusebio,
1252 857 1394 891 imponere
1409 860 1558 891 potuerunt
1573 854 1622 882 Po-

836 903 964 938 lycarpus
985 907 1013 930 et
1039 902 1170 936 lrenaeus,
1194 903 1219 930 si
1246 903 1313 930 illttd
1336 910 1431 930 revera
1456 903 1546 930 testati
1573 909 1626 929 nou

835 947 892 975 sint
908 947 982 979 quod
1008 948 1095 975 nostri
1117 955 1166 975 eos
1190 952 1304 976 testatos
1317 955 1379 976 esse
1394 947 1510 975 dicunt?
1524 946 1564 974 An
1581 947 1626 974 ille

836 992 956 1021 Eusebio
970 993 1126 1026 diligentior
1141 997 1190 1021 aut
1204 993 1231 1021 in
1249 994 1330 1022 rebus
1344 993 1504 1028 hujusmodi
1519 992 1626 1027 perspi-

835 1038 928 1067 cacior
952 1037 1020 1065 fuit?
1044 1037 1102 1065 ltuo
1126 1039 1265 1073 quotnodo
1280 1037 1416 1066 Eusebius
1437 1037 1578 1073 lgnatiana
1593 1045 1625 1064 ex

838 1084 960 1112 tenebris
978 1084 1005 1111 in
1020 1083 1109 1111 lucem
1126 1083 1278 1111 Athanasio
1292 1082 1448 1115 induxerat,
1463 1083 1510 1117 qui
1529 1082 1626 1109 eadem

836 1130 864 1158 in
886 1129 1003 1166 Origene
1027 1134 1092 1158 ante
1119 1129 1239 1163 legerat?
1265 1129 1405 1157 Asseritur
1429 1128 1464 1156 ab
1486 1127 1628 1155 Albertiuo

837 1181 919 1211 atque
941 1176 1024 1203 etiam
1049 1175 1166 1209 Dallteo,
1187 1174 1467 1210 pseudo-Dionysium
1483 1173 1623 1208 lgnatiana

838 1230 889 1250 sua
913 1222 948 1249 ab
970 1221 1088 1257 Origene
1109 1221 1251 1254 hausisse;
1267 1229 1317 1248 cur
1334 1228 1388 1248 non
1403 1220 1438 1248 ab
1455 1220 1551 1248 eodem
1567 1220 1627 1254 epi-

838 1267 924 1296 stolas
952 1267 1002 1294 ltas
1030 1267 1066 1294 ab
1088 1266 1194 1302 lgnatio
1226 1267 1344 1301 scriptas
1376 1266 1467 1297 fuisse.
1494 1265 1628 1293 didicerat

838 1311 1024 1340 Athanasius?
1038 1319 1088 1338 cur
1102 1319 1157 1338 non
1171 1311 1206 1339 ab
1222 1311 1269 1338 illo
1283 1317 1372 1338 vetere
1386 1311 1531 1346 scriptore,
1545 1319 1559 1338 a
1571 1319 1627 1346 quo

838 1365 890 1385 sua
907 1356 1047 1392 lgnatiana
1072 1360 1228 1390 sumpserat
1247 1355 1373 1389 Basilius,
1394 1356 1544 1382 Athanasio
1560 1363 1609 1390 syn

839 1403 978 1431 chronus?
993 1402 1055 1430 Haec
1067 1402 1159 1430 omnia
1173 1402 1272 1437 legisse
1283 1402 1466 1429 Athanasium
1480 1410 1561 1429 nemo
1576 1401 1628 1429 du—

838 1450 925 1477 bitat:
950 1448 1062 1476 Eusebii
1083 1452 1174 1475 autem
1192 1448 1340 1475 Historiam
1355 1448 1564 1475 ecclesiasticam
1582 1451 1629 1474 aut

839 1495 983 1531 diligenter
997 1494 1143 1527 evolvisse,
1161 1498 1208 1521 aut
1224 1495 1349 1525 omnino.
1365 1501 1427 1521 cunt
1450 1493 1502 1520 ista
1526 1493 1629 1520 scribe-

839 1546 892 1574 ret,
908 1542 1010 1569 vidisse
1025 1549 1080 1568 nou
1095 1545 1213 1569 constat.
1233 1540 1369 1575 Scriptam
1387 1547 1446 1567 eam
1469 1539 1554 1566 fuisse
1575 1547 1630 1574 po-

841 1589 950 1616 stremis
963 1588 1073 1615 Eusebii
1090 1587 1261 1622 temporibus
1272 1607 1280 1620 ,
1296 1586 1368 1613 circa
1389 1593 1492 1613 annum
1505 1586 1557 1613 350
1571 1585 1630 1612 vult

840 1634 968 1662 Dallaeus.
992 1633 1061 1660 Ante
1085 1641 1148 1661 eum
1171 1640 1274 1660 annum
1299 1640 1314 1659 a
1339 1631 1490 1659 Melctianis
1503 1630 1628 1658 etEuse-

839 1681 930 1709 bianis
944 1681 1014 1716 apud
1026 1680 1238 1708 Constantinum
1254 1678 1455 1712 vexatus,etab
1464 1676 1629 1704 Alexandria

839 1727 1233 1762 Constantinopolinevocatus
1247 1729 1297 1753 est.
1308 1725 1372 1753 Post
1383 1732 1444 1752 eum
1459 1731 1560 1751 annum
1574 1727 1630 1750 sta-

840 1774 889 1801 tim
912 1772 947 1800 de
969 1772 1054 1800 calice
1077 1771 1163 1798 fracto
1179 1775 1206 1798 et
1217 1770 1333 1798 Arseuio
1350 1769 1442 1797 occiso
1463 1772 1628 1796 accusatur:

840 1819 979 1854 proximo,
996 1817 1140 1851 Dalutatio,
1160 1816 1206 1852 qui
1230 1816 1255 1843 ei
1271 1814 1423 1842 Antiochia:
1443 1813 1526 1848 judex
1549 1813 1630 1840 datus

839 1871 891 1898 est,
906 1872 1019 1893 causam
1043 1871 1122 1891 suam
1147 1863 1264 1898 probare
1279 1867 1401 1894 coactus,
1418 1861 1444 1888 in
1460 1859 1630 1895 exquirendo

839 1910 959 1939 Arsenio
977 1915 1128 1944 occupatus
1153 1914 1204 1936 est.
1233 1908 1303 1936 Tum
1325 1916 1391 1934 vero
1409 1907 1556 1934 concilium
1570 1905 1630 1932 (Ζέ-

839 1965 926 1985 sarete
953 1956 1107 1989 indictum,
1135 1963 1189 1990 quo
1221 1954 1362 1989 pervenire
1389 1953 1451 1980 ideo
1480 1952 1629 1985 recusavit,

840 2003 905 2038 quia
928 2003 1001 2030 idem
1024 2001 1171 2035 Eusebius,
1186 2001 1234 2036 qui
1259 2008 1313 2027 tton
1329 1999 1376 2027 diu
1391 2003 1454 2027 ante
1479 1998 1630 2025 Historiam

840 2048 974 2082 ediderat,
998 2048 1058 2083 ejus
1082 2048 1134 2075 loci
1160 2049 1306 2083 episcopus
1328 2051 1417 2074 esset:
1439 2053 1503 2073 mox
1517 2044 1580 2081 Tyri
1601 2045 1629 2072 in

840 2094 957 2122 concilio
968 2093 1064 2122 adesse
1075 2098 1197 2126 coactus,
1209 2093 1261 2120 sub
1273 2092 1366 2127 judice
1380 2092 1450 2119 inter
1466 2091 1535 2118 alios
1546 2090 1628 2118 etiam

841 2139 960 2168 Eusebio
976 2144 1081 2174 nostro,
1098 2140 1256 2174 ibidemque
1272 2139 1482 2171 condemnatus,
1498 2137 1560 2164 inde
1573 2137 1630 2164 ela-

840 2193 919 2220 psus,
935 2185 1344 2220 conl'ugitConstantinopolim,
1354 2184 1399 2211 tibi
1410 2184 1501 2211 statim
1519 2188 1629 2210 sentcn-

37 2228 113 2255 anobis
125 2235 157 2257 cst
171 2231 335 2259 elaboratum
345 2232 444 2260 litteris
455 2233 583 2260 mandare
600 2233 718 2260 lubenter
730 2238 788 2260 sta-
803 2233 826 2261 D
840 2231 905 2259 tiam
921 2231 1093 2266 relegationis
1113 2231 1228 2265 accepit,
1243 2234 1270 2257 et
1285 2230 1312 2256 in
1323 2229 1425 2256 Gallias
1436 2229 1512 2255 exsul
1527 2228 1629 2255 missus

39 2275 143 2309 lacrimas,
159 2286 228 2305 nemo
246 2287 294 2305 nos
313 2283 427 2305 accuset.
450 2277 509 2306 Hoc
523 2286 593 2313 opus
607 2279 683 2313 quod
701 2279 787 2307 habe-

38 2325 91 2351 mus.
104 2329 185 2350 eorum
206 2330 311 2359 partem
327 2333 388 2353 esse
405 2331 481 2353 extra
501 2333 611 2353 omnem
627 2329 788 2353 controver-

40 2370 89 2410 sum
102 2373 201 2401 ponunt,
212 2373 238 2396 et
259 2369 377 2405 Nysseni
404 2370 540 2404 expositio
552 2377 685 2403 consona,
701 2375 728 2397 et
744 2378 788 2397 res

39 2415 90 2441 ΨΩ,
104 2417 126 2438 et
145 2413 320 2449 fragmentum
341 2415 436 2443 Graece
450 2415 478 2442 in
501 2415 654 2442 Pliilocalia
676 2422 789 2442 conscr-

40 2458 118 2488 talum.
138 2464 161 2486 et
180 2460 337 2488 Cassiodori
354 2460 388 2488 de
414 2460 520 2488 lluﬂiuo
540 2461 690 2496 interprete
709 2460 788 2488 testi-

40 2502 142 2530 monium.
157 2505 255 2535 Pariter
278 2507 409 2535 homilias
429 2507 456 2534 in
473 2507 503 2534 S.
521 2507 624 2535 Lucam
639 2507 785 2542 scripsisse

40 2542 152 2580 θτίὲεηεηι
175 2558 273 2580 certqu
301 2557 361 2584 est,
388 2553 461 2587 quod
489 2557 515 2580 ct
539 2560 586 2580 eas
611 2552 670 2588 ipse
696 2553 789 2580 laudet

39 2593 102 2619 lentis
113 2596 135 2622 iu
150 2597 298 2629 Mattha’am
317 2605 343 2628 et
359 2598 504 2629 Joannem.
521 2603 548 2626 et
565 2603 679 2627 testclur
692 2598 788 2626 lliero-

41 2643 116 2671 “imus
127 2643 155 2669 ad
165 2643 271 2673 Paulum
282 2651 309 2674 et
322 2646 514 2674 Eustochium.
532 2645 708 2678 Quamobrem
724 2645 789 2679 peti-

40 2684 85 2717 αἱς,
96 2695 127 2719 lt,
141 2694 283 2723 contemptis
300 2693 454 2720 istiusmodi
469 2693 557 2728 nugis,
569 2692 664 2719 saltent
675 2692 788 2727 triginta

42 2734 59 2753 τι
70 2738 140 2759 Win
150 2735 291 2765 Adamantii
304 2738 390 2765 nostri
407 2739 434 2764 iu
449 2737 550 2765 Lucam
563 2737 700 2771 homilias,
718 2738 788 2765 sicut

43 2780 62 2822 "f
71 2774 143 2804 Cum
150 2780 276 2816 Ιωιιειιων,
284 2785 450 2817 interpreter.
463 2783 521 2819 Ipse
537 2789 629 2811 autem
639 2784 692 2811 hoc
708 2791 737 2811 se
747 2783 788 2810 fe-

43 2825 197 2859 lill‘seasscrit;
219 2829 348 2857 habemus
365 2829 490 2864 Origenis
503 2829 631 2857 hotnilias
649 2837 682 2857 ex
699 2830 785 2857 inter-

45 2868 161 2899 pretatione
175 2871 335 2911 Hieronymi,
347 2876 418 2904 sicut
438 2876 464 2903 in
482 2875 579 2904 Graeco
601 2876 782 2904 habebantur.

838 2281 891 2305 est.
918 2276 1072 2304 Restitutus
1099 2276 1209 2312 quidem
1232 2275 1426 2303 Alexandriam
1454 2274 1552 2309 pergit,
1582 2273 1628 2300 ubi

840 2326 931 2350 tamen
943 2323 989 2349 diu
1001 2330 1116 2350 securus
1131 2321 1263 2354 nonfuit;
1277 2321 1324 2349 sed
1344 2321 1536 2348 haereticorum
1553 2319 1628 2346 domi

838 2373 906 2396 aestu
922 2369 1040 2404 agitatus
1054 2369 1210 2403 pontilicem
1225 2367 1380 2395 Romanum
1394 2367 1522 2402 appellat,
1536 2370 1562 2393 et
1578 2373 1627 2392 no-

839 2415 880 2442 vis
904 2415 1142 2442 criminationibus
1160 2419 1277 2441 onustus
1293 2413 1406 2440 Romam
1431 2412 1626 2448 proﬁciscitur.

838 2460 900 2489 Mov
927 2461 954 2488 in
982 2460 1088 2496 synodo
1113 2459 1284 2487 Antiocltena
1309 2459 1452 2492 depositus
1475 2462 1526 2490 cst,
1549 2457 1629 2491 eique

839 2507 969 2535 sull‘ectus
985 2506 1145 2542 Gregorius.
1169 2505 1198 2533 In
1227 2504 1375 2532 Occidente
1393 2504 1476 2540 igitur
1491 2511 1539 2537 per
1553 2510 1629 2529 cotu-

839 2553 931 2587 plures
945 2561 1033 2580 annos
1048 2553 1187 2584 subsistit,
1203 2551 1250 2578 ubi
1265 2550 1482 2578 Euseliianorum
1498 2553 1545 2576 aut
1555 2547 1629 2575 fama

839 2602 886 2625 aut
894 2606 960 2625 cura
969 2597 1054 2624 nulla.
1063 2597 1217 2624 Serdiceusi
1229 2593 1495 2632 synodointerfuit,a
1508 2601 1561 2629 qua
1573 2601 1630 2620 sum

839 2644 897 2672 sedi
922 2643 1084 2676 restitutus,
1114 2643 1309 2670 Alexandriam
1337 2645 1429 2668 tamen
1458 2638 1559 2667 reverti
1584 2639 1628 2666 vix

838 2690 884 2717 diu
901 2695 994 2725 postea
1013 2697 1098 2716 ausus
1116 2693 1174 2716 est:
1196 2689 1287 2724 primo
1303 2686 1442 2719 Naissum,
1458 2686 1521 2713 dein
1541 2685 1628 2720 Aqui-

838 2736 918 2763 lciam
928 2757 935 2770 ,
950 2743 1060 2764 rursum
1087 2735 1198 2768 Gallias,
1212 2739 1306 2769 postea
1322 2733 1496 2760 Antiochiam
1521 2731 1627 2766 petivit.

837 2780 988 2817 Postquam
1013 2781 1078 2808 illuc
1102 2784 1273 2815 pervenerat,
1291 2779 1440 2814 omniaque
1460 2778 1487 2805 itt
1505 2777 1626 2804 Ecclesia

839 2828 970 2863 praeclare
984 2827 1168 2863 disposuerat,
1184 2827 1307 2855 edictuin
1318 2833 1367 2862 pro
1378 2825 1555 2852 damnatione
1567 2824 1627 2858 ejus

838 2883 854 2904 a
868 2874 1030 2905 Constantio
1051 2873 1135 2902 exiit:
1160 2877 1186 2901 ct
1207 2880 1270 2900 mox
1292 2871 1401 2907 Syriani
1426 2870 1546 2899 cxcrcitu
1562 2869 1611 2897 Alc
