1866 3073
233 142 281 169 191

744 144 772 172 s.
795 144 968 173 IGNATIUS.
985 162 1019 166 —
1039 145 1306 174 PROLEGOMENA.
1538 140 1541 141 ⁷
1831 151 1840 177 ι

232 201 355 228 sandrtze
379 209 527 236 oppressus
556 201 620 238 fuga
641 203 751 239 elapsus
766 209 818 235 est.
828 209 856 232 et
869 205 1027 233 introducto
1041 207 1064 236 Α
1079 212 1147 232 recte
1172 206 1320 240 scripsisse,
1352 211 1409 233 tum
1437 207 1520 234 etiam
1535 211 1563 234 et
1578 207 1659 240 alios,
1673 207 1722 242 qui
1739 207 1796 242 ipsi
1814 216 1848 235 eo

231 247 361 282 Georgio,
378 248 406 274 in
418 255 541 276 eremum
556 251 684 277 secessit:
698 250 743 277 ubi
755 251 801 278 diu
811 256 935 279 versatus
949 257 975 279 et
992 252 1026 279 ab

231 292 352 320 hostium
372 294 459 321 oculis
481 295 590 329 penitus
610 300 737 330 ereptus,
752 297 837 324 multa
851 299 1025 333 conscripsit,

231 337 277 366 illa
290 340 451 373 praesertim,
468 341 494 367 in
507 341 608 375 quibus
621 342 650 368 S.
666 342 798 377 lgnatium
813 344 941 371 laudavit.
958 344 1024 378 Quis

232 384 287 418 iam
308 385 445 413 dubitabit
466 386 647 414 Athanasium
663 393 711 415 aut
732 389 758 416 in
776 389 899 416 Ilistoria
913 389 1024 418 Eusebii

231 431 347 458 nuiltum
365 431 451 460 fuisse
475 438 625 467 versatum,
642 440 788 470 antequam
812 437 864 464 ista
880 437 1023 470 scriberet,

229 481 277 504 aut
287 485 318 504 ex
334 478 407 506 illius
422 480 585 507 auctoritate
598 480 705 509 dilectis
717 482 776 509 suis
797 481 929 510 fratribus
946 482 1024 518 lgna-

230 523 297 550 tium
316 526 509 552 commendare
529 527 672 555 voluisse?
695 527 752 563 Ego
769 529 880 564 quidem
900 538 952 557 non
972 531 1023 558 du-

230 567 295 600 bito,
307 569 383 603 quin,
398 577 462 597 cum
481 571 510 598 S.
527 572 660 607 lgnatium
675 574 781 607 citavit,
799 583 854 602 non
872 583 905 603 ex
925 581 1022 604 aucto-

227 615 307 644 ritate
322 616 443 650 Eusebii,
460 627 522 653 quae
547 620 636 647 sentio
661 629 744 655 quam
767 621 851 649 fuerit
865 624 936 658 apud
958 631 1019 650 eum

226 665 335 700 exigua,
365 667 413 694 sed
432 675 479 701 pro
494 676 542 694 sua
569 669 700 702 singulari
728 670 879 704 sapientia,
904 671 932 697 id
958 679 1021 705 pro-

226 713 400 746 nuntiarerit,
417 714 487 747 quod
512 714 571 748 ipsa
595 720 657 741 tunc
681 716 851 749 apertissima
869 725 910 743 res
932 718 1020 752 reique

226 759 296 785 ratio
312 759 353 786 illi
367 761 511 793 persuasit.

262 805 381 833 Tandem
407 815 472 834 vero
498 808 688 842 persentisco,
705 816 791 844 quare
819 817 871 835 non
899 817 1019 844 peccasse

225 851 407 879 Athanasium
423 852 557 888 largiatur
573 853 708 882 Dallaeus:
723 859 850 882 autumat
864 856 938 882 enim
953 863 1015 882 eum

225 898 418 926 tantummodo
442 907 534 926 nomen
556 900 625 934 quod
647 901 766 935 epistola
791 901 968 935 prta/arebant
991 907 1016 929 et

224 943 296 976 apud
310 943 476 971 adversarios
499 951 631 979 receptura
646 951 714 978 erat,
731 947 892 974 retinuisse:
906 955 940 974 eo
961 948 1016 975 sci-

225 987 289 1015 licet
315 989 416 1022 modo,
439 998 495 1025 quo
523 990 678 1019 Salmasius
701 996 728 1018 et
747 992 904 1020 Blondellus
920 993 1015 1028 lgnatii

229 1035 339 1062 nomine
354 1036 396 1062 usi
411 1041 486 1070 sunt,
504 1041 529 1064 et
545 1037 676 1072 epistolas
693 1038 826 1071 citat-unt;
842 1047 912 1073 quas
926 1044 1014 1067 tamen

223 1079 311 1111 fictas,
334 1081 454 1114 spurias,
478 1082 666 1116 supposititias
690 1087 717 1109 et
741 1083 850 1118 ineptas
868 1085 1014 1118 putabant:

222 1125 336 1160 proinde
360 1126 465 1162 lgnatio
493 1132 588 1155 nostro
613 1129 739 1164 clypeum
766 1137 821 1157 non
846 1131 1014 1166 oblendisse,

222 1171 325 1199 nullam
349 1173 473 1207 epistolis
494 1173 553 1208 ejus
575 1175 765 1202 auctoritatem
782 1177 930 1204 tribuisse.
948 1178 1015 1205 Mira

221 1218 332 1252 quidem
358 1219 416 1246 haec
441 1224 516 1252 sunt,
540 1225 567 1247 et
593 1229 654 1255 qua:
677 1229 692 1248 a
713 1222 832 1256 nemine,
852 1228 882 1250 ut
907 1225 1014 1259 opinor,

221 1263 369 1299 lgnatianis
382 1266 421 1292 vel
437 1266 641 1300 infensissimo,
655 1267 720 1295 ferri
735 1274 861 1304 possunt.
877 1269 1015 1305 Quidquid

222 1311 266 1338 ille
287 1311 321 1339 de
345 1310 395 1340 SS.
412 1312 538 1341 Patribus
559 1315 686 1347 senserit,
707 1323 761 1342 non
784 1321 856 1343 certe
878 1317 903 1343 in
921 1318 972 1344 hac
986 1326 1016 1345 re

269 1359 437 1386 Athanasius
462 1360 494 1387 ad
514 1369 576 1388 culti
603 1362 730 1395 modum,
747 1370 802 1396 quo
819 1362 973 1391 Salmasius
989 1369 1016 1391 rt

221 1404 390 1438 Bleudellns,
409 1406 541 1441 loquitur.
560 1407 647 1435 Verba
673 1417 706 1435 ex
731 1410 847 1444 epistola
864 1411 925 1445 ejus
948 1419 1015 1445 pro-

219 1451 353 1479 ducturus
367 1472 374 1484 ,
390 1453 427 1480 ita
450 1453 595 1487 praefatur:
619 1454 749 1489 Ἰγνάτιος
765 1453 812 1482 05v
828 1456 843 1482 ὁ
860 1457 931 1483 κατᾶ
952 1457 1015 1488 τοὺς

218 1497 384 1530 ἀποστόλους
414 1500 443 1526 ὲν
480 1500 632 1536 Ἀντιοχείᾳ
658 1502 839 1533 κατασταθεὶς
856 1503 1014 1535 ἐπίσκοπος,

218 1544 264 1570 καὶ
290 1545 396 1579 μάρτυς
421 1545 470 1572 τοῦ
491 1546 611 1582 Χριστοῦ
628 1547 773 1582 γενόμενος
787 1569 794 1580 ,
819 1548 934 1584 γράφων
950 1549 1014 1585 περὶ
1029 1565 1051 1595 C

217 1590 264 1616 τοῦ
282 1591 385 1627 Κυρίου
402 1591 523 1628 εἴρηκεν.
547 1591 669 1628 )gnatius
690 1594 773 1628 igitur
793 1599 851 1629 post
877 1596 1011 1629 apostolos

219 1637 366 1664 Antiochia:
391 1639 552 1665 constitutus
578 1640 726 1674 episcopus,
741 1645 766 1667 et
791 1646 893 1676 martyr
909 1640 1013 1668 Christi

218 1683 315 1717 factus,
332 1685 448 1711 scribens
462 1685 494 1712 de
512 1684 624 1712 Domino
641 1686 722 1713 dixit.

247 1730 350 1757 Asserit
364 1731 446 1765 igitur
456 1739 519 1758 cum
533 1732 614 1766 cujus
630 1733 792 1760 sententiam
801 1733 931 1761 fratribus
940 1741 1013 1760 eom-

218 1776 408 1804 municaturus
422 1782 505 1811 esset,
523 1786 576 1804 non
591 1778 767 1813 impostorcm
778 1800 785 1812 ,
804 1787 857 1806 non
871 1780 1010 1814 vulgarem

217 1822 346 1856 aliquem,
362 1828 409 1850 aut
424 1832 438 1849 υ
451 1824 530 1850 trivio
543 1825 717 1859 scriptorem,
731 1825 779 1852 sed
795 1825 886 1852 virum
902 1831 1012 1860 aposto—

218 1869 311 1902 licum,
328 1875 354 1896 et
370 1870 441 1902 quod
455 1871 546 1904 majus
560 1871 662 1906 aliquid
676 1876 735 1904 est,
751 1871 942 1905 Antiochenze,
960 1872 1012 1899 hoc

217 1921 269 1948 est,
288 1916 465 1951 amplissimm
482 1917 611 1945 Ecclesia:
624 1919 799 1953 episcopum,
818 1923 846 1945 ct
862 1919 937 1953 quod
952 1927 1011 1945 ma-

218 1961 321 1988 ximam
346 1967 396 1995 est,
412 1968 560 1998 martyrem
581 1964 684 1991 Christi
699 1964 794 1991 fuisse.
820 1963 848 1991 ln
866 1965 911 1991 illa
926 1973 1010 2000 quam

217 2015 252 2034 ex
277 2007 380 2042 lgnatio
408 2009 521 2036 adducit
554 2011 712 2041 sententia,
743 2009 872 2037 Christus
908 2011 1010 2038 dicitur

217 2053 375 2089 ἀγέννητος.
392 2055 438 2082 sed
465 2055 535 2082 alios
560 2060 621 2089 post
645 2055 780 2091 lgnatium
807 2057 886 2083 aliter
900 2057 1010 2086 locutos

217 2108 278 2127 esse
297 2101 427 2133 ostendit,
452 2101 480 2127 ἓν
498 2102 527 2128 τὸ
545 2102 694 2137 ἀγέννητον
711 2103 724 2129 ὁ
742 2103 846 2138 Πατήρ.
861 2103 930 2130 Tum
946 2111 1011 2130 vero

217 2150 327 2181 quantae
340 2146 513 2174 auctoritatis
528 2147 650 2182 lgnalius
664 2148 733 2182 apud
747 2156 777 2175 se
794 2148 887 2181 fuerit,
902 2154 1011 2184 quanta:

217 2191 288 2226 apud
303 2191 402 2218 fratres
417 2200 483 2218 suos
502 2197 529 2219 et
548 2192 663 2219 dilectos
676 2201 737 2220 esse
757 2193 883 2221 debuerit
895 2194 1010 2228 apertis-

1076 252 1160 279 traria
1187 252 1316 280 statuisse
1339 253 1504 280 verbotenus
1527 254 1691 287 videantur,
1726 254 1829 289 quidni

1075 297 1214 325 Nicaanam
1241 299 1387 334 synodum,
1403 304 1430 326 et
1456 299 1530 326 illam
1547 308 1609 334 quae
1628 299 1747 327 Paulum
1773 301 1848 328 eund

1076 344 1191 375 mnavit,
1215 344 1414 372 admittamus?
1439 345 1473 372 Ut
1496 346 1535 372 illi
1559 347 1639 373 aliter
1654 346 1848 382 ᾁγέννητον,ἱ

1076 391 1117 418 hae
1140 391 1220 418 aliter
1232 391 1373 426 όμοούσιον
1389 397 1565 426 acceperunt.
1581 392 1655 419 Nihil
1679 401 1810 427 unquam
1826 393 1848 420 di

1074 437 1165 471 potuit
1187 441 1236 464 ant
1252 437 1286 464 de
1304 445 1369 464 vero
1385 442 1412 464 et
1429 437 1583 465 indubitata
1609 440 1726 466 auetore
1747 439 1848 474 epist:-

1073 483 1274 515 conlidentius,
1291 488 1338 510 aut
1355 483 1388 510 de
1406 484 1466 518 ipso
1491 483 1597 518 lgnatio
1620 485 1845 512 honorificentiu

1073 528 1141 555 nihil
1159 529 1234 563 quod
1250 534 1399 564 susceptam
1423 539 1455 557 ae
1481 531 1617 566 defensam
1630 539 1646 558 a
1662 536 1734 559 llOSll
1743 531 1770 559 is
1794 531 1848 567 lga

1073 574 1207 601 tianorunt
1223 581 1315 602 contra
1338 576 1521 603 dissentientes
1542 578 1733 604 auctoritatem
1765 578 1843 604 firmi

1073 620 1196 648 stabilire
1211 621 1314 656 possit;
1332 622 1401 656 quod
1415 623 1464 649 illa
1479 623 1628 649 doctissimi
1644 623 1832 656 Ilummondi,

1073 666 1174 694 Dallzeo
1187 667 1307 700 videtur,
1327 676 1392 695 sane
1407 669 1559 703 magniﬁca,
1576 674 1604 696 ut
1624 670 1703 701 mihi,
1721 675 1750 696 et
1769 678 1838 696 vera

1072 714 1206 746 modesta,
1223 713 1302 748 plane
1326 715 1491 749 signiﬁcant.
1509 716 1574 743 Post
1590 715 1751 746 Eusebium.
1770 716 1848 751 inqu.

1069 760 1232 786 Athanasius
1250 759 1363 794 Magnus
1382 769 1459 787 suum
1479 761 1560 788 etiam
1578 760 1686 796 Ignatio
1703 768 1801 789 nostra
1819 765 1848 797 cl;

1070 813 1146 840 peum
1160 804 1291 831 obtendit.
1316 804 1374 839 Ego
1394 805 1463 832 nihil
1479 806 1507 832 in
1525 805 1568 832 his
1585 806 1677 833 verbis
1693 807 1848 840 attigui/ica

1070 850 1186 885 reperio,
1205 850 1260 877 nisi
1280 849 1351 877 forte
1370 851 1445 884 quod
1462 851 1641 878 Athanasium
1660 856 1763 879 testem
1781 853 1848 879 CiL'II

1069 904 1131 924 eum
1159 896 1286 931 Magnum
1304 900 1395 929 vocat,
1412 897 1459 932 qui
1479 897 1575 924 titulus
1590 898 1628 924 illi
1645 906 1760 932 semper
1784 906 1848 925 asct

1069 945 1132 977 plus
1159 949 1233 969 mine
1258 942 1342 969 nimis
1371 942 1540 970 honorificus
1566 943 1694 976 videtur;
1721 949 1771 970 aut
1796 952 1848 978 qui

1068 989 1202 1023 lgnatium
1228 994 1349 1015 nostrum
1364 990 1498 1024 appellat,
1513 997 1594 1024 quem
1620 994 1715 1018 tamen
1731 990 1770 1018 illi
1788 999 1844 1018 suu

1067 1042 1129 1062 esse
1144 1035 1252 1062 nolunt.
1269 1034 1337 1062 Nam
1353 1035 1427 1070 quod
1448 1035 1635 1069 Athanasius,
1653 1037 1677 1063 si
1694 1044 1794 1064 revera
1809 1045 1848 1064 m:

1068 1089 1138 1117 gnus
1155 1082 1201 1115 sit,
1217 1081 1323 1120 [gnatio
1339 1086 1444 1115 nostro,
1462 1082 1485 1109 si
1500 1086 1591 1109 noster
1608 1083 1663 1109 dici
1679 1084 1771 1118 possit
1786 1091 1848 1118 que,

1067 1136 1118 1156 nos
1132 1129 1317 1162 defendimus,
1334 1129 1522 1157 testimonium
1536 1137 1618 1156 suum
1635 1129 1737 1157 oderat
1747 1134 1779 1157 et
1790 1139 1848 1164 qua

1068 1175 1187 1210 clypeum
1199 1175 1326 1202 obtendat
1337 1175 1469 1202 adrersus
1484 1175 1631 1202 hodiernos
1645 1174 1745 1210 lguatii
1763 1176 1848 1204 hoste

1067 1222 1161 1258 negari
1188 1230 1243 1249 non
1272 1226 1371 1257 potest.
1387 1221 1514 1256 Clypcum
1528 1230 1607 1248 suum
1630 1222 1799 1250 obtendisse
1815 1232 1848 1250 γυ

1067 1269 1148 1296 etiam
1173 1269 1216 1296 vir
1237 1269 1426 1301 doctissimus,
1449 1269 1496 1296 sed
1522 1269 1640 1301 veritati,
1662 1277 1718 1295 non
1741 1269 1848 1304 lgnatit:

1067 1316 1114 1344 sed
1128 1321 1224 1344 contra
1239 1316 1401 1343 Arianorum
1415 1316 1478 1347 tela,
1495 1324 1550 1343 non
1564 1320 1659 1343 contra
1677 1316 1777 1343 hostes
1792 1317 1848 1352 lgn:

1067 1363 1107 1390 tii.
1133 1363 1168 1390 At
1193 1363 1331 1398 quomodo
1353 1363 1462 1390 veritati
1476 1368 1541 1390 tunc
1554 1362 1709 1390 obtendere
1722 1364 1831 1396 potuit,

1067 1416 1141 1435 nunc
1156 1408 1315 1443 lgnatianis,
1333 1408 1444 1442 quando
1464 1407 1492 1434 in
1511 1407 1625 1434 dubiutn
1644 1411 1798 1438 vocantur,
1816 1415 1848 1433 nt‘

1066 1455 1214 1482 ohtendat?
1228 1454 1334 1482 Veritas
1349 1454 1453 1481 Christi
1475 1454 1663 1488 impostorum
1680 1461 1734 1487 ope
1750 1461 1811 1480 non
1828 1454 1848 1480 ii:

1066 1501 1163 1535 diget:
1190 1508 1278 1535 neque
1301 1500 1463 1535 epistolicus
1490 1500 1615 1533 lgnatius
1637 1502 1662 1526 ei
1689 1507 1741 1534 pro
1771 1500 1848 1534 elypc

1067 1554 1128 1574 esse
1142 1547 1242 1582 potuit,
1255 1547 1307 1574 nisi
1323 1551 1350 1573 et
1368 1546 1413 1573 ille
1427 1554 1508 1573 verus
1523 1550 1606 1576 esset,
1619 1545 1795 1580 apostolicus
1814 1554 1846 1572 se

1066 1594 1141 1626 licet,
1162 1598 1190 1620 et
1212 1594 1368 1628 cpiscopus,
1391 1597 1418 1620 et
1437 1597 1550 1628 martyr,
1565 1596 1594 1619 ut
1613 1600 1677 1619 eum
1693 1592 1848 1620 Athanasii

1063 1641 1205 1668 describit.
1215 1640 1293 1673 Quod
1309 1645 1400 1667 autem
1414 1640 1509 1675 clypeo
1523 1641 1574 1666 hoc
1592 1646 1675 1666 usum
1694 1641 1755 1666 vult
1770 1645 1848 1666 COllll

1063 1687 1226 1713 Arianorum
1244 1686 1308 1718 tela,
1325 1686 1404 1720 plane
1417 1685 1516 1712 falsum
1531 1688 1585 1712 est.
1603 1684 1712 1719 Saepius
1728 1685 1848 1712 adverst

1062 1731 1182 1759 Arianos
1201 1732 1322 1766 disputat
1334 1732 1368 1758 de
1387 1739 1456 1758 voce
1472 1731 1632 1766 ἀγέννητος,
1649 1739 1797 1766 nunquam
1816 1739 1848 1758 au

1064 1783 1117 1806 tem
1141 1779 1167 1805 in
1190 1786 1221 1805 ea
1239 1786 1267 1805 re
1283 1778 1444 1805 testimonio
1458 1777 1554 1812 lgnatii
1576 1777 1674 1804 utitur.
1690 1776 1724 1804 Et
1738 1778 1845 1804 oratiox

1063 1828 1157 1850 contra
1173 1823 1291 1850 Arianos
1310 1823 1443 1853 secunda,
1461 1823 1541 1849 docet
1557 1829 1606 1848 eos
1622 1829 1685 1848 eam
1715 1830 1815 1849 vocem
1836 1832 1848 1849 a

1063 1869 1180 1896 ethnicis
1204 1869 1343 1900 hausisse,
1364 1873 1391 1895 et
1407 1869 1523 1903 opponit
1540 1868 1594 1895 illis
1609 1867 1751 1895 Asterium
1773 1876 1848 1895 suun

1065 1914 1177 1941 Ariana:
1190 1915 1327 1941 haereseos
1339 1914 1512 1940 defensorem
1527 1914 1593 1947 (non
1607 1917 1702 1939 autem
1716 1913 1848 1948 lgnatiun

1063 1960 1113 1995 qui
1137 1960 1233 1994 σοφίαν
1253 1959 1299 1986 τοῦ
1327 1959 1396 1986 Θεοῦ
1423 1959 1571 1994 ἀγέννητον
1585 1959 1717 1991 dixerat,
1738 1967 1845 1993 quatuv

1064 2006 1135 2032 idem
1149 2007 1232 2033 etiam
1248 2005 1277 2032 ἓν
1294 2003 1365 2031 εἶναι
1383 2005 1414 2031 τὸ
1432 2004 1580 2039 ἀγέννητον
1596 2005 1777 2032 asseruisset.
1798 2005 1831 2032 Et
1846 2005 1848 2032 ἱ

1064 2052 1178 2087 epistola
1191 2053 1224 2078 de
1239 2052 1336 2086 synodi
1356 2050 1473 2078 Nicena:
1490 2051 1613 2083 decreto,
1628 2055 1726 2077 contra
1742 2051 1802 2078 alia
1816 2053 1848 2077 At

1063 2098 1190 2133 dogmata
1209 2097 1366 2132 Origcnem,
1382 2101 1531 2131 utrumque
1546 2095 1712 2131 Dionysium
1727 2101 1757 2123 et
1775 2097 1848 2124 Thet

1063 2147 1192 2178 gncstum
1218 2143 1301 2175 citat;
1319 2141 1453 2176 lgnalium
1479 2149 1569 2176 neque
1583 2141 1720 2168 adversus
1738 2142 1811 2175 ista,
1827 2152 1848 2169 tu

1062 2197 1116 2224 que
1130 2189 1157 2215 in
1172 2188 1359 2223 disputatione
1373 2188 1406 2214 de
1421 2195 1489 2214 voce
1505 2187 1668 2222 ἁγὲννητος,
1684 2188 1720 2214 de
1733 2197 1796 2222 qua
1815 2190 1848 2216 fin

217 2238 285 2265 sime
301 2238 481 2264 demonstrat.
500 2238 530 2263 Ei
549 2238 598 2272 μὲν
614 2235 671 2269 οὖν,
690 2238 786 2273 inquit,
803 2238 848 2265 καὶ
866 2239 934 2274 πρὸς
945 2240 1007 2265 τού-

1073 2236 1128 2270 igit,
1139 2235 1252 2262 omnino
1264 2235 1397 2262 nominat.
1411 2234 1452 2262 Ad
1468 2234 1567 2261 fratres
1579 2239 1688 2260 tantum
1699 2239 1727 2261 et
1738 2235 1846 2263 dilecto

216 2292 280 2316 τους
297 2283 427 2315 ἐναντίως
443 2283 615 2318 διακείμεθα,
634 2283 705 2310 ἔστω
721 2284 768 2310 καὶ
792 2285 860 2320 πρὸς
887 2284 1012 2316 συνόδους

217 2331 283 2365 ἡμῖν
305 2331 323 2365 ἡ
342 2329 427 2365 μάχη.
447 2328 477 2355 Si
493 2329 576 2364 igitur
592 2334 617 2356 et
638 2329 677 2355 Itis
691 2330 873 2360 adversentur,
889 2331 923 2356 sit
940 2330 1012 2357 nobis

217 2377 297 2402 etiam
312 2375 438 2402 adversus
458 2375 572 2410 synodos
588 2383 687 2409 pugna.
704 2375 732 2402 Si
749 2376 845 2402 horum
861 2376 1012 2402 sententias

218 2430 272 2449 non
293 2422 470 2456 recipiamus,
490 2422 512 2448 si
536 2422 568 2448 de
589 2429 683 2448 earum
696 2421 859 2448 auctoritate
875 2427 922 2448 aut
939 2421 1012 2448 veri-

219 2473 275 2495 tate
298 2467 477 2499 dubitemus,
506 2468 528 2494 si
560 2467 642 2494 tantis
671 2467 796 2494 I’atribus
821 2467 1010 2501 refl-agentur,

216 2513 350 2541 adversus
370 2513 452 2540 etiam
477 2513 599 2548 synodos
615 2521 690 2539 arma
711 2521 863 2545 sumamus,
881 2515 921 2539 vel
937 2513 1011 2540 illam

217 2567 279 2594 qum
296 2558 413 2586 Paulum
439 2559 665 2591 Samosatenum,
679 2560 721 2585 vel
748 2559 818 2585 hanc
840 2558 935 2590 etiam.
950 2566 1012 2592 qua:

218 2605 313 2632 Arium
349 2605 562 2637 condemnavit,
591 2612 774 2639 respuamus,
803 2604 1009 2630 conculcemus.

219 2651 295 2678 llaud
311 2652 382 2678 enim
399 2660 502 2679 renuo:
520 2660 609 2687 neque
623 2651 712 2686 major
726 2651 793 2677 mihi
807 2655 858 2682 est,
875 2649 1012 2676 autvobis

219 2705 280 2724 rsse
291 2697 381 2731 debet,
396 2698 494 2725 harmn
508 2698 676 2733 synodorum
689 2705 771 2732 quam
785 2704 881 2723 eorum
898 2696 1011 2722 Patrum

218 2745 377 2771 auctoritas.
402 2745 435 2771 El
457 2745 485 2771 δὲ
510 2745 559 2780 τὴν
576 2746 606 2771 ὲν
622 2743 734 2779 Χριστῷ
751 2743 846 2769 πίστιν
862 2742 952 2769 αὐτῶν
968 2750 1011 2776 γι-

218 2789 367 2822 νώσκοντες
378 2791 550 2826 πεπείσμεθα
571 2791 612 2817 ὅτι
634 2790 682 2816 καὶ
699 2791 713 2816 ὁ
726 2790 860 2825 μακάριος
884 2788 1013 2821 Ἰγνάτιος

218 2835 306 2871 ὀρθῶς
332 2837 443 2871 ἔγραψε,
464 2837 493 2863 Si
507 2843 596 2863 autem
608 2844 699 2862 eorum
711 2836 739 2862 in
754 2835 860 2861 Christo
875 2835 954 2866 ﬁdem
966 2843 1011 2860 ro-

220 2886 380 2916 gitesccntes,
391 2891 545 2918 persuasum
558 2882 682 2909 Imbrmus
696 2886 749 2908 tum
763 2881 864 2907 brutum
877 2879 1011 2914 [gantiam

1064 2286 1091 2309 et
1105 2281 1194 2308 eidem
1212 2289 1276 2308 cum
1291 2281 1350 2315 ipso
1363 2281 1496 2308 doctrinm
1506 2281 1541 2307 de
1559 2285 1663 2307 natura
1676 2280 1791 2308 Christi
1807 2290 1848 2308 cor

1065 2328 1226 2360 sentientes,
1241 2327 1405 2354 auctoritate
1429 2327 1525 2362 lgnatii
1551 2327 1661 2353 utitur:
1690 2335 1790 2362 neque
1815 2334 1848 2354 tat

1064 2381 1147 2409 quam
1171 2374 1309 2408 scriptoris
1331 2373 1433 2406 alioqui
1456 2373 1541 2403 dubii,
1556 2373 1603 2399 sed
1621 2377 1649 2400 et
1670 2375 1746 2407 apud
1762 2382 1848 2406 eos,:

1063 2428 1134 2455 quos
1156 2421 1315 2455 scripserat,
1334 2420 1446 2454 recepti,
1467 2424 1493 2446 et
1509 2419 1543 2445 ab
1559 2419 1618 2453 ipso
1632 2419 1726 2446 modis
1738 2422 1848 2447 οιιιιιίιιι

1064 2466 1166 2498 ornati,
1183 2473 1272 2500 neque
1296 2473 1358 2492 cum
1386 2466 1437 2492 ista
1464 2465 1609 2497 scriberet,
1635 2473 1650 2491 a
1678 2467 1820 2500 quopiam
1846 2475 1848 2492 Α

1064 2513 1178 2539 dubium
1195 2512 1296 2539 vocati.
1315 2511 1453 2544 Quorsum
1471 2511 1553 2546 igitur
1580 2511 1625 2537 hic
1645 2511 1826 2540 Salmasium
1846 2522 1848 2537 ι

1064 2559 1235 2586 Blomlellum
1261 2559 1396 2590 advocat,
1416 2560 1495 2593 quasi
1524 2559 1583 2593 pari
1614 2559 1701 2586 modo
1734 2560 1848 2594 Ignalim

1063 2605 1237 2639 epistolicum
1257 2605 1403 2636 eitassent,
1418 2612 1499 2639 quem
1523 2605 1652 2638 spurium
1666 2610 1694 2631 et
1715 2613 1848 2639 supposui

1065 2650 1132 2677 tium
1156 2650 1349 2677 crediderunt?
1374 2649 1429 2676 lmo
1454 2658 1540 2684 quare
1568 2650 1653 2677 etiam
1681 2651 1772 2678 simul
1793 2651 1848 2677 llam

1064 2697 1207 2729 mendum,
1224 2702 1353 2731 tanquam
1377 2698 1483 2724 tristem
1506 2702 1532 2723 et
1557 2705 1692 2729 severum,
1709 2703 1735 2724 et
1755 2699 1848 2729 iocum

1065 2742 1302 2773 animadversione,
1318 2742 1373 2768 imo
1385 2742 1448 2776 joco
1465 2747 1519 2768 tam
1531 2742 1621 2769 diluto
1638 2748 1721 2776 atque
1735 2743 1817 2778 longe
1828 2749 1848 2775 rt

1065 2788 1113 2813 tito
1127 2792 1246 2814 utentem
1255 2788 1476 2822 suggillatﬂluid
1486 2795 1551 2814 vero
1565 2792 1608 2814 est
1619 2788 1697 2822 quod
1714 2787 1848 2815 llalunum

1065 2832 1243 2864 dum,virum
1268 2841 1334 2860 salte
1362 2834 1497 2867 optimum
1523 2833 1797 2868 doetissimumque,
1819 2840 1848 2860 lar

1067 2879 1168 2905 tristem
1185 2884 1208 2906 ct
1229 2887 1344 2905 sererum
1366 2878 1451 2907 fuisse
1463 2879 1573 2914 arguit?
1597 2879 1663 2914 quis
1685 2880 1741 2915 ille,
1759 2882 1848 2908 amalv‘
