1866 3073
38 173 63 198 lii

34 236 78 262 pro:
101 231 145 252 tam
167 224 265 251 dilutus
292 229 407 258 tantque
438 223 512 257 longe
531 223 649 257 petitus?
669 222 771 257 Nempe
786 232 808 260 Α

31 263 100 309 pellat-ll
111 272 277 302 Salmasium,
299 270 349 304 qui
372 275 425 296 tam
443 269 515 296 varie
527 269 560 296 de
576 268 678 303 lgnatio
694 268 771 295 locu--

32 327 58 347 ius
75 325 115 351 est,
138 323 249 344 mentem
277 321 418 349 mutasse;
436 316 508 350 quod
533 316 578 350 qui
606 314 771 342 Salmasinm

30 368 75 392 suit
83 374 123 392 non
139 363 212 399 facile
223 364 322 390 credet.
335 362 406 396 Quid
423 361 524 396 igitur?
536 369 626 389 annon
639 361 772 388 Claudius

29 412 133 439 Sarranus
148 415 255 437 senator
276 409 453 442 Parisiensis,
480 408 556 435 novit
585 406 773 435 Salmasium?

28 467 88 486 nonne
96 458 147 492 ejus
159 456 249 483 omnia
268 456 424 483 admiratus
446 459 497 487 est,
510 460 538 482 et
553 454 691 489 pra‘cipue
705 453 772 481 illud

27 512 73 536 opus
86 503 112 528 de
121 501 230 535 primatu
247 508 339 535 papae,
358 501 399 527 cui
414 500 466 527 hoc
479 500 598 534 elogium
613 492 770 533 iriscripsit:

27 550 47 576 Si
63 556 137 583 pergas
161 548 216 574 istis
249 547 383 573 machinis
414 545 508 573 Urbem
534 550 682 578 concutere,
703 545 772 572 breui

26 603 74 621 ΜΠ
86 602 142 620 Αιτο
154 602 166 620 Δ
180 601 294 620 ειῖιιίικε
311 593 404 620 noua?
428 592 460 619 Εί
476 598 566 619 tamen
585 599 710 619 summus
729 591 773 618 hic

26 641 118 668 Salmasii
128 641 224 667 anticus
237 644 324 674 alque
341 639 442 671 fautor,
456 646 509 665 non
524 639 630 665 veritus
642 642 683 665 est
694 638 772 664 istius

27 687 105 714 Veteris
116 694 213 720 carpere
223 686 391 712 sandalium.
408 684 468 712 Non
483 685 579 719 placet,
589 684 688 718 inquit.
701 684 772 718 quod

26 741 43 759 rs
54 734 73 758 in
83 738 195 766 apparatu
210 732 313 766 culpes,
329 740 388 767 qnw
403 731 431 758 in
446 731 503 765 ipso
518 739 593 765 opere
609 730 714 757 laudas.
736 729 772 756 De

26 777 137 811 lgsatiariis
154 778 269 811 epistolis
286 777 407 812 intelligo
418 797 425 808 ,
439 785 504 812 quas
523 777 551 803 in
565 781 696 811 apparatu
706 797 712 805 ,
727 776 773 811 qui

26 825 73 856 prior
85 824 175 858 legitur,
197 824 291 850 merito
315 824 365 859 τῆς
381 823 487 855 νοθείας
503 824 624 856 revincis,
639 827 663 850 et
684 828 771 849 tamen

25 878 87 894 uram
101 870 245 896 auctoritate
262 870 424 904 sa’piuscule
433 870 527 901 uteris,
544 870 621 904 quasi
633 875 717 896 essent
733 870 771 896 le—

25 916 109 949 yitinttt',
125 923 164 942 nec
180 915 273 942 titulus
291 920 429 942 auctorem
444 916 607 942 mentiretur.
624 914 725 942 Saltem
740 915 771 942 de

26 962 59 986 i:ta
77 968 111 987 tua
129 962 258 989 sententiae
282 963 433 988 mutatione
459 961 562 996 aliquid
578 961 769 996 signiﬁcasses.

25 1006 174 1042 indicentium
189 1008 289 1035 eruditi
308 1015 345 1034 an
362 1006 560 1039 llammondus,
576 1015 610 1034 an
627 1008 772 1034 Sarravius

26 1053 102 1079 mollius
120 1053 244 1087 carpserit
265 1053 350 1080 istius
365 1051 479 1079 Veneris
503 1053 678 1080 sandalium:
700 1053 771 1080 intc-

26 1099 58 1124 rim
73 1097 252 1126 llammondum
279 1099 428 1126 absolvunt
453 1099 620 1126 Athanasius
633 1103 661 1126 et
676 1098 771 1126 Sarra—

25 1144 71 1169 νίας.
81 1143 159 1172 Nullus
174 1145 309 1179 impostor
320 1144 472 1172 Eusebium
485 1144 597 1178 delusit,
613 1144 704 1171 nullus
718 1143 771 1171 Eu-

25 1190 89 1217 sebius
100 1192 278 1219 Athanasium.

789 907 809 934 Β

283 1258 402 1287 uAPUT
423 1258 467 1285 lX.

27 1312 146 1341 Testimonia
157 1314 183 1342 S.
197 1315 382 1349 Chrysastonti
396 1316 428 1342 ab
440 1315 628 1350 objectionibus
639 1315 772 1342 vindican—

49 1354 87 1375 tur.
106 1350 211 1385 l'rimum
229 1352 255 1376 in
271 1353 433 1385 panegyrici)
449 1359 481 1376 ex
497 1350 609 1385 epistula
628 1351 662 1376 ad
674 1350 772 1376 [lonia-

48 1392 89 1410 uos.
99 1384 288 1419 Chrysostomus
301 1384 430 1419 epistolas
448 1385 548 1420 lgnalii
565 1394 612 1412 nec
626 1385 769 1419 ignoravit,

49 1427 81 1444 nec
93 1422 240 1454 contempsit.
263 1422 431 1447 Sententia!"
451 1430 501 1447 non
522 1429 555 1447 ea:
568 1423 653 1452 Actis,
679 1422 724 1449 sed
739 1429 772 1448 ex

47 1454 132 1486 epistola
143 1457 277 1490 excerpsit.
288 1456 440 1490 Cyprianus
455 1465 471 1482 a
484 1457 669 1490 ()Itrysostonw
675 1457 772 1484 lauda-

49 1494 85 1514 tus.
98 1490 230 1517 Secundum
241 1500 274 1517 ex
284 1491 399 1525 epistola
415 1492 448 1517 ad
464 1491 651 1526 Polycurpum.
664 1491 770 1524 Oratio,

49 1525 98 1556 quod
110 1534 167 1551 unus
182 1527 214 1552 sit
237 1526 266 1552 ι’.
281 1531 307 1553 et
328 1525 364 1552 Ν.
388 1526 548 1562 Testamenti
565 1527 770 1562 auctortljltry-

48 1564 136 1586 tottumo
147 1562 298 1588 ascribitur.
318 1561 483 1596 Conjecturts
501 1561 597 1588 Sarilii
617 1566 641 1588 et
670 1561 770 1589 Usserii

49 1595 196 1627 respondetur.
374 1595 377 1596 ν
784 1595 807 1620 ‘3

50 1649 90 1678 Duo
102 1653 244 1681 testimonia
256 1662 272 1681 e
283 1654 305 1681 S
325 1653 526 1688 Clirysostomo
537 1653 694 1687 eduximus,
708 1653 773 1681 licet

29 1694 108 1724 Italicus
126 1698 325 1727 llammondum
349 1699 453 1732 laudet,
476 1700 550 1734 quod
574 1700 648 1726 hunc
674 1704 770 1726 testem

28 1742 128 1776 nmiserit;
141 1750 165 1772 et
180 1745 205 1772 in
217 1754 250 1773 eo
267 1746 390 1772 maxime
400 1746 561 1780 triumphet,
573 1745 647 1780 quod
663 1746 690 1772 in
702 1753 774 1780 prae-

29 1793 75 1814 tura
83 1791 200 1824 oratiouna,
215 1800 300 1827 quam
318 1792 352 1819 de
368 1792 500 1827 martyrio
514 1790 543 1818 S.
560 1791 770 1826 lgnatiihahuit,

28 1834 160 1866 tristolarum
179 1839 236 1874 ejus
253 1839 362 1866 nullam
385 1839 552 1866 mentionem
568 1838 680 1871 iecerit;
696 1838 772 1865 inde-

29 1888 62 1912 que
75 1883 175 1919 colligat,
194 1890 240 1913 aut
256 1893 323 1913 eum
335 1885 398 1912 illas
417 1885 568 1920 ignorasse,
584 1885 656 1919 quod
672 1885 771 1912 verisi-

29 1926 70 1952 mile
80 1936 122 1955 non
135 1935 186 1963 est;
195 1936 239 1958 aut
251 1931 463 1965 contempsisse,
477 1931 549 1964 quod
565 1930 656 1965 potius
667 1931 771 1965 amplc-

29 1972 93 2005 rtitur,
105 1976 215 2010 adeoque
229 1976 329 2012 lgnatii
349 1985 412 2004 vere
426 1985 486 2004 esse
504 1985 557 2004 non
575 1981 695 2012 putasse.
716 1977 772 2004 Nos

28 2022 90 2044 autem
102 2020 300 2050 disertissimam
323 2024 486 2050 sententiam
500 2023 676 2056 adduximus,
688 2031 771 2058 quam

28 2063 196 2099 Chrysostomus
220 2070 245 2097 in
273 2071 322 2097 illa
339 2069 398 2105 ipsa
420 2070 544 2097 oratione
559 2078 592 2097 ex
608 2070 722 2104 epistola
738 2071 771 2098 ad

29 2107 130 2141 Nonianus
142 2117 325 2152 transcripsit;
341 2124 430 2151 neque
446 2117 527 2151 igitur
547 2124 607 2144 eam
624 2116 770 2151 ignoravit,

29 2162 89 2190 Iqunc
98 2163 263 2196 contempsit;
279 2163 337 2189 imo
353 2171 402 2197 pro
423 2170 485 2189 vere
505 2162 645 2198 lgnatiana
663 2163 769 2195 habuit,

28 2202 81 2230 aliter
100 2213 223 2243 nunquam
258 2209 285 2236 in
319 2209 447 2244 panegyri
475 2209 554 2236 verba
581 2209 641 2243 ejus
658 2209 773 2236 recitas-

28 2253 62 2274 δει-
87 2249 156 2287 Negat
173 2255 212 2282 vir
231 2255 415 2282 doctissimus
437 2255 644 2289 transcripsisse
664 2262 697 2281 ex
712 2255 771 2289 epi-
787 2260 810 2290 ι)

28 2294 84 2327 stola,
98 2305 124 2324 es
137 2298 204 2328 Actis
215 2305 293 2335 putat
306 2300 445 2327 habuisse.
461 2299 550 2335 Cogor
562 2300 653 2334 itaque
672 2299 771 2333 saepius

28 2345 135 2376 “Diluere,
153 2345 214 2373 Acta
229 2354 294 2381 qua:
315 2346 461 2372 exstabant
475 2350 555 2373 aetate
569 2345 771 2380 Chrysostomi,

29 2382 81 2410 illam
93 2390 239 2417 sententiam
267 2390 382 2417 minime
406 2398 598 2417 memorasse:
619 2389 770 2424 posteriora

28 2434 105 2463 illum,
120 2440 173 2468 post
190 2436 250 2471 ejus
266 2440 383 2462 mortem
406 2436 570 2470 composita,
587 2434 683 2469 lguatii
698 2434 770 2461 dicta

28 2482 50 2500 ex
62 2479 160 2510 epistolis
174 2481 307 2509 hausisse.
327 2481 444 2508 Aliunde
470 2482 554 2516 igitur
569 2488 651 2515 quam
665 2488 698 2507 ex
713 2480 773 2514 epi-

28 2524 86 2555 διίιίε,
96 2534 163 2559 quam
176 2534 237 2556 tunc
251 2528 391 2556 exstitisse
407 2533 463 2554 tum
477 2528 552 2559 alibi,
566 2532 622 2554 tum
637 2527 773 2561 prmeipue

30 2568 145 2599 Antiochia:
153 2582 242 2602 omnes
250 2574 383 2607 fatentur,
392 2575 450 2602 haec
457 2574 540 2601 verba
552 2573 677 2600 hausisse
685 2573 772 2607 Chry-

29 2619 155 2652 sestomuin,
170 2621 305 2654 liartolari,
323 2621 449 2655 frivolum
470 2624 494 2646 et
507 2619 624 2653 ineptum
638 2624 687 2645 cst.
710 2617 771 2644 Non

30 2660 78 2686 dicit
96 2664 187 2697 quidem
201 2672 294 2694 orator
308 2667 353 2694 ille
376 2673 503 2694 summus
518 2673 581 2692 eum
600 2664 746 2699 scripsisse
763 2672 770 2690 :

30 2708 108 2736 tantum
124 2712 260 2748 ἐφθέγξατο
270 2735 277 2747 ,
297 2714 402 2740 locutus
417 2718 468 2746 est,
486 2713 525 2740 ait
541 2721 548 2739 ε
568 2714 649 2746 plane
661 2715 690 2738 ut
704 2710 772 2738 alias

32 2753 128 2783 solrtha
141 2758 239 2787 homilia
255 2760 399 2788 undecima
415 2760 442 2786 in
462 2758 606 2793 epistolam
622 2757 656 2784 ad
682 2756 772 2791 Ephe-

32 2797 84 2825 sius:
93 2801 160 2840 Ἀνὴρ
168 2805 192 2831 δέ
202 2814 242 2838 τις
253 2807 330 2841 ἅγιος
343 2804 538 2833 εἶπέτιδοκοῦν
549 2802 616 2830 εἶναι
623 2802 770 2838 τολμηρὸν,

34 2845 138 2880 πῖιὴνὰλϊ
153 2852 218 2887 ὅμως
230 2853 394 2888 ὲιρθέγξατο·
415 2852 441 2879 τί
459 2852 492 2886 δὴ
504 2850 584 2877 τοῦτό
603 2851 692 2882 ὲστιν;
711 2847 771 2876 οὐδὲ

36 2895 148 2929 ῖέιρτυρεηυ
169 2895 231 2934 αἷμα
250 2899 352 2934 ταύτην
380 2897 510 2926 δύνασθαι
536 2897 688 2932 ἐξαλείφειν
722 2896 771 2931 τὴν

359 166 385 193 J.
406 163 582 192 PEARSONII
604 163 762 191 VINDICIE
781 163 993 192 lGNATlANrE.
1014 179 1047 184 ——-
1065 163 1156 191 PARS
1175 165 1193 191 Ι.

1567 163 1614 192 191

823 223 961 258 ἁμαρτίαν
975 222 1059 258 ἔφησε
1071 231 1078 248 :
1099 221 1145 248 Vir
1158 221 1267 256 quidam
1281 227 1387 248 sanctus
1401 222 1429 248 id
1447 222 1528 255 dixit,
1542 224 1617 257 quod

823 269 927 295 ridetur
939 269 1030 295 audax
1046 277 1116 300 esse;
1134 273 1220 296 tamen
1231 269 1334 295 locutus
1342 274 1381 296 est
1396 277 1404 295 :
1418 269 1481 304 quid
1491 270 1551 304 jam
1570 270 1619 296 hac

822 315 881 341 est?
895 323 926 341 ne
948 316 1070 349 martyrii
1090 316 1195 350 quidem
1217 317 1372 350 sanguinem
1400 321 1538 350 peccatum
1572 314 1629 342 hoc

823 362 982 389 schismatis
1007 362 1093 389 eluere
1114 371 1189 397 posse
1203 362 1286 389 dixit.
1305 362 1437 396 Quamvis
1453 368 1546 390 autem
1570 370 1619 389 ne-

824 409 924 436 miuem
937 409 1068 441 nominet,
1079 409 1205 443 quamvis
1217 414 1259 437 ter
1273 409 1374 436 dixisse
1388 417 1582 445 eum,nunqua
1594 417 1620 436 m

823 460 913 483 autem
926 455 1062 490 scripsisse
1073 456 1124 482 ista
1136 460 1253 488 asserat,
1262 463 1316 483 nun
1325 461 1416 483 tamen
1429 456 1611 484 dubitandum

823 508 884 529 οδες
895 501 992 533 sentio,
1005 501 1071 536 quin
1083 501 1112 528 S.
1125 501 1293 537 Cyprianum
1309 502 1484 536 intellexerit,
1498 508 1525 530 et
1535 503 1612 530 libel-

823 546 880 573 lum
895 546 928 572 de
942 547 1047 573 unitate
1060 545 1189 574 Ecclesim
1206 547 1373 582 respexerit,
1392 548 1418 574 in
1434 556 1489 585 quo
1506 548 1557 576 ista
1578 550 1613 577 de

823 591 1007 620 schismaticis
1024 592 1140 626 legimus
1155 601 1161 619 :
1184 592 1259 619 Tales
1274 594 1354 620 etiam
1369 594 1392 620 si
1408 595 1489 621 occisi
1507 595 1534 621 in
1550 603 1613 622 con-

824 637 937 671 fessione
957 638 1072 664 nominis
1096 637 1204 672 fuerint,
1221 640 1326 665 macula
1347 639 1401 666 ista
1424 648 1470 666 nec
1484 641 1612 674 sanguine

823 683 933 710 eluitur.
956 682 1130 717 Inezpiabilis
1150 689 1175 710 et
1196 686 1282 718 gravis
1308 685 1387 719 culpa
1404 685 1543 713 discordia;
1566 695 1612 714 nec

823 729 944 763 passione
969 735 1108 764 purgatur.
1138 729 1194 757 Iloc
1226 735 1266 757 est
1299 734 1371 765 quod
1396 730 1612 766 Clirysoslomus

822 773 957 809 τολμηρὸν
976 775 1104 809 appellat,
1119 776 1192 810 quod
1210 776 1364 812 Cyprianus
1378 777 1504 812 pluribus
1521 783 1610 806 tamen

823 821 931 854 probat,
946 826 974 847 et
993 821 1025 847 ad
1040 821 1100 856 ejus
1111 823 1264 856 exemplum
1282 823 1364 849 etiam
1380 823 1478 850 ibidem
1489 824 1612 860 Chryso-

824 869 930 893 stomus
942 866 1000 900 ipse
1016 866 1105 894 fusius
1121 868 1306 902 persequitur.

859 911 910 939 Sed
921 920 954 939 ea:
968 912 1156 947 Clirysostonw
1173 914 1237 940 certi
1256 923 1358 947 sumus,
1379 915 1468 950 inquit
1484 916 1610 951 Dallzrus,

822 958 878 985 hac
893 958 983 986 Romae
998 959 1133 994 lgnatium
1148 961 1182 987 ad
1195 960 1327 988 llomtmos
1339 968 1480 996 pra-sentes
1500 963 1609 990 dixisse.

823 1004 924 1031 Parum
943 1013 1004 1040 ergo
1017 1010 1056 1033 est
1079 1006 1217 1040 probabile
1232 1007 1323 1034 cadent
1336 1007 1395 1042 jam
1411 1014 1472 1035 ante
1492 1009 1611 1035 eumdem

823 1049 946 1086 Smyrna:
961 1053 1145 1079 cousis.'entem
1161 1053 1195 1079 ad
1212 1052 1343 1080 Romanos
1363 1055 1510 1088 scripsisse.
1535 1054 1611 1082 Unde

822 1102 915 1124 autem
942 1105 975 1124 ex
1001 1098 1200 1134 Chrysostomo
1220 1100 1285 1126 certi
1308 1100 1390 1126 simus
1417 1099 1550 1135 Iguatium
1580 1109 1611 1128 ea

822 1144 905 1171 verba
917 1144 1019 1178 Roma),
1034 1150 1081 1172 aut
1096 1147 1130 1172 ad
1146 1145 1278 1172 Romanos
1291 1151 1433 1179 praesentes
1450 1147 1611 1181 protulisse,

822 1196 873 1224 ego
895 1198 948 1216 non
971 1190 1100 1225 intelligo.
1117 1190 1175 1217 Non
1192 1191 1264 1218 enim
1282 1191 1350 1218 dicit
1371 1199 1433 1218 cuin
1453 1192 1542 1219 Romw
1555 1198 1611 1219 tum

823 1235 918 1268 fuisse,
949 1243 1004 1263 non
1029 1237 1118 1264 innuit
1134 1236 1274 1264 Romanos
1289 1243 1430 1272 prwseutes
1452 1246 1523 1271 esse,
1548 1246 1612 1266 cum

822 1281 875 1309 ista
887 1282 1020 1316 proferret
1029 1283 1221 1310 sanctissimus
1230 1289 1343 1318 martyr.
1354 1283 1380 1310 ΙιΙ
1390 1288 1494 1311 tantum
1504 1285 1612 1318 asserit,

822 1335 884 1355 eum
903 1336 1023 1362 generose
1045 1333 1070 1354 et
1092 1337 1151 1355 cum
1173 1329 1306 1363 voluptate
1321 1334 1436 1357 mortem
1451 1331 1610 1365 oppetiisse,

821 1379 847 1400 et
866 1374 1001 1409 ἀσμένως,
1018 1382 1080 1401 cum
1099 1375 1219 1402 iubentia
1235 1376 1353 1409 qumlam
1370 1377 1471 1404 vidisse
1496 1378 1610 1405 bestias.

823 1420 878 1448 Sed
895 1420 978 1448 πόθεν
989 1421 1069 1448 τοῦτο
1081 1421 1179 1456 δῆλον;
1199 1421 1268 1448 unde
1281 1422 1338 1453 hoc,
1357 1422 1456 1456 inquit,
1482 1423 1614 1456 apparet?

821 1466 861 1494 Ac
878 1467 901 1494 si
915 1467 1028 1499 diceret,
1042 1467 1112 1494 unde
1127 1467 1178 1494 hoc
1190 1467 1370 1502 cognovimus
1384 1468 1395 1494 ?
1415 1475 1448 1495 ex
1461 1468 1537 1495 Actis
1552 1469 1613 1503 ejus

822 1513 890 1540 nihil
905 1513 958 1540 tale
978 1512 1104 1547 colligere
1121 1520 1269 1547 possumus
1280 1522 1285 1539 :
1296 1513 1334 1539 illi
1351 1513 1396 1548 qui
1410 1521 1473 1540 eum
1488 1514 1611 1541 comitati

823 1564 889 1588 sunt
902 1559 1020 1594 qualiter
1041 1567 1070 1586 sc
1092 1559 1207 1593 gesserit
1223 1559 1249 1586 in
1267 1559 1374 1586 theatro
1391 1567 1444 1586 non
1461 1567 1608 1586 cnarrave-

824 1611 899 1638 runt,
913 1614 928 1633 a
944 1613 1063 1640 quorum
1079 1606 1220 1633 consortio
1246 1605 1393 1632 subductus
1407 1610 1446 1633 est
1457 1614 1516 1632 cum
1538 1605 1614 1640 festi-

822 1652 929 1678 natione
944 1652 973 1678 in
983 1651 1216 1686 amphitheatrum,
1228 1652 1321 1678 deinde
1333 1653 1470 1686 confestim
1480 1651 1613 1686 proiectus

823 1697 924 1724 bestiis.
944 1697 1018 1724 Unde
1033 1697 1115 1732 igitur
1130 1697 1178 1724 ltoc
1196 1698 1328 1732 apparet?
1341 1697 1394 1724 ἀπὸ
1412 1697 1466 1723 τῶν
1482 1697 1614 1733 ῥημάτων

823 1739 860 1769 ὦν
872 1742 1054 1778 ἀποθνήσκειν
1066 1742 1170 1778 μέλλων
1183 1743 1342 1778 ἐφθέγξατο,
1351 1744 1383 1770 ab
1394 1743 1449 1770 illis
1459 1744 1542 1770 verbis
1555 1751 1614 1778 qua:

823 1796 883 1815 cum
901 1789 1021 1823 futurum
1031 1795 1096 1816 esset
1108 1794 1137 1816 ut
1151 1795 1306 1822 moreretur,
1322 1790 1426 1817 locutus
1436 1794 1485 1816 est.
1498 1789 1613 1822 Quando

823 1839 914 1862 autem
931 1835 997 1862 illud
1015 1836 1097 1863 erat?
1113 1836 1159 1863 diu
1178 1836 1251 1862 enim
1271 1841 1329 1863 erat
1348 1836 1531 1872 ἀποθνήσκειν
1548 1836 1612 1871 μὲλ-

823 1881 887 1908 λων.
903 1881 1397 1917 AudiamusporroChrysostomum:
1414 1882 1545 1914 ’Λκούσας
1559 1882 1613 1918 γὰρ

822 1927 864 1953 ὅτι
877 1924 953 1958 οὗτος
969 1927 1050 1954 αὑτὸν
1066 1927 1116 1962 τῆς
1128 1928 1262 1963 τιμωρίας
1272 1929 1286 1954 ὁ
1296 1930 1396 1963 τρόπος
1414 1927 1500 1963 μένει,
1515 1937 1524 1953 t
1542 1928 1613 1963 Ἐγὼ

822 1972 876 1999 τῶν
887 1973 988 2009 θηριων
1001 1973 1111 2000 ἐκείνων
1118 1974 1246 2009 ὀναίμην,
1262 1983 1271 1999 ›
1282 1974 1367 2008 ἔλεγε.
1376 1973 1442 2001 Cum
1448 1974 1592 2001 audivisset
1603 1994 1610 2007 ,

822 2019 891 2053 quod
904 2019 946 2045 ltic
965 2019 1089 2054 supplicii
1111 2019 1203 2046 modus
1233 2028 1292 2046 eunt
1316 2025 1456 2047 maneret:
1476 2030 1485 2044 ι
1503 2019 1611 2047 Utinam

822 2072 873 2099 ego
902 2065 958 2091 illis
984 2065 1079 2092 bestiis
1109 2064 1202 2098 fruar,
1222 2075 1231 2091 ι
1252 2065 1397 2100 inquiebat.
1421 2065 1462 2092 An
1492 2066 1610 2100 primum

823 2109 913 2138 Romce
926 2111 1031 2138 audivit
1043 2119 1074 2138 se
1088 2111 1182 2139 bestiis
1196 2111 1332 2146 objeetum
1356 2111 1408 2138 iri?
1429 2119 1462 2138 an
1485 2111 1610 2140 Romanis

822 2155 995 2190 praesentibus
1022 2157 1079 2184 haec
1100 2159 1259 2185 necessario
1287 2158 1397 2185 locutus
1424 2158 1485 2185 est?
1500 2158 1580 2185 Certe
1594 2166 1610 2186 a

823 2201 942 2236 Trajano
958 2201 1110 2230 Antiochiae
1123 2203 1156 2230 ad
1172 2203 1274 2230 bestias
1287 2204 1485 2232 condemnatus
1497 2208 1555 2237 cst;
1576 2205 1611 2232 ab

824 2247 870 2274 illa
885 2251 1006 2282 tempore
1020 2249 1097 2275 novit
1112 2249 1183 2283 quod
1204 2249 1301 2276 mortis
1315 2257 1402 2283 genus
1417 2249 1468 2284 ipsi
1485 2250 1610 2278 subeun-

823 2293 888 2320 dum
901 2300 974 2321 esset
991 2304 998 2321 :
1016 2300 1079 2329 post
1091 2295 1158 2322 illud
1175 2300 1283 2330 tempus
1297 2296 1388 2323 dixit:
1408 2305 1417 2321 α
1434 2290 1544 2323 Utinam
1559 2304 1611 2332 ego

823 2340 877 2367 illis
890 2340 995 2371 bestiis,
1009 2341 1042 2368 ad
1062 2349 1132 2375 quas
1146 2341 1346 2369 condemnatus
1359 2350 1432 2375 stitit,
1447 2341 1538 2375 fruar;
1556 2351 1567 2368 ›
1583 2343 1609 2369 id

823 2393 874 2413 nos
887 2394 948 2413 cum
964 2386 1089 2422 Smyrna:
1103 2387 1207 2415 dixisse
1224 2391 1252 2414 et
1263 2388 1410 2423 scripsisse
1423 2388 1560 2416 credimus
1575 2388 1609 2416 ad

823 2431 962 2460 Romanos
974 2434 1094 2468 quidem,
1107 2434 1153 2461 sed
1162 2434 1303 2468 absentes;
1312 2434 1404 2462 Romae
1413 2439 1502 2462 auten
1515 2435 1609 2463 eadem

823 2478 905 2506 verba
920 2480 1114 2513 pronuntiasse
1131 2479 1270 2514 (quamvis
1296 2481 1322 2508 id
1347 2488 1459 2516 quoque
1474 2481 1533 2508 licri
1557 2490 1609 2517 po-

824 2524 911 2552 tuisse
939 2533 1020 2552 nemo
1037 2525 1217 2557 dillitehitur)
1242 2533 1293 2553 nec
1309 2526 1534 2562 Chrysostomus,
1561 2535 1611 2554 nec

823 2574 886 2597 ante
899 2578 962 2598 eum
978 2571 1125 2606 quisquam
1145 2572 1224 2599 dixit.
1243 2571 1276 2599 Et
1298 2573 1321 2600 si
1339 2573 1468 2608 cuiquam
1493 2578 1559 2600 tunc
1578 2581 1610 2600 ea

822 2617 906 2644 verba
929 2618 1070 2651 recitavit,
1096 2622 1170 2646 certe
1186 2618 1312 2646 ﬁdelibus
1332 2618 1426 2646 Romae
1440 2627 1473 2646 ex
1494 2619 1609 2654 epistola

823 2671 906 2698 quam
920 2664 953 2691 ad
969 2672 1017 2691 eos
1034 2665 1195 2699 scripserat,
1208 2666 1303 2693 eadem
1327 2666 1426 2693 iterum
1454 2665 1482 2692 in
1505 2673 1606 2692 memo-

823 2711 893 2738 riam
909 2711 1064 2743 revocavit;
1090 2711 1127 2738 ita
1150 2712 1222 2738 enim
1239 2712 1428 2747 antiquissima
1447 2711 1506 2746 ejus
1517 2712 1582 2738 Acta
1599 2719 1607 2736 :

825 2756 991 2789 Quibusdam
1003 2762 1090 2784 autem
1101 2762 1126 2784 et
1139 2759 1304 2786 annuntiavit
1312 2759 1398 2790 silere,
1414 2758 1572 2793 ferventibus
1584 2762 1608 2784 et

824 2803 971 2830 dicentibus
989 2803 1108 2838 quietura
1121 2803 1220 2838 plebem
1240 2813 1271 2831 ac
1291 2813 1344 2831 non
1367 2810 1486 2839 expetere
1501 2803 1608 2838 perdere

819 2848 933 2883 justum.
949 2848 1022 2880 Quos
1036 2849 1175 2883 confestim
1188 2849 1284 2883 spiritu
1297 2858 1466 2885 cognoscens,
1479 2855 1502 2876 et
1519 2857 1607 2876 omnes

825 2895 956 2930 salutans,
968 2900 1106 2931 petensque
1121 2896 1152 2924 ab
1169 2896 1233 2931 ipsis
1252 2904 1338 2923 verant
1356 2895 1522 2929 clmritalem,
1548 2897 1607 2929 plu-
