1866 3073
210 160 263 188 195

710 161 738 189 S.
759 160 933 190 lGNA'l'lUS.
952 175 988 182 —
1007 161 1273 190 PROLEGOMENA.

1790 161 1839 190 H6

209 230 289 256 raque
305 223 339 249 iis
355 231 414 257 qua
427 223 454 250 in
472 223 585 257 epistola
604 223 756 257 disputans,
772 228 798 250 et
815 223 928 250 suadens
945 231 997 249 non
1011 225 1035 254 Α
1050 223 1083 250 ad
1099 223 1238 250 auditores
1263 222 1394 250 lacerent.
1410 222 1505 254 Itaque
1520 223 1711 257 apostolorum
1726 230 1839 250 consor-

209 269 325 295 iuuidere
340 269 478 304 festinanti
493 269 528 295 ad
545 268 697 295 Dominum.
718 268 801 296 Forte
821 269 904 304 igitur
927 269 998 296 inter

208 315 315 348 reliqua
328 322 389 349 qua:
407 314 521 341 Romam
535 314 652 349 Smyrna
666 314 813 348 scripserat
829 314 910 341 etiam
927 314 997 343 lianc

208 361 372 388 sententiain
387 361 509 393 iteravit;
524 361 560 387 ita
575 360 642 387 nihil
656 359 757 387 Dallzeo
772 360 816 387 vel
828 368 862 387 ex
874 360 997 396 Chryso-

208 411 299 434 stomo
314 411 429 439 certum,
442 407 484 434 vel
496 406 605 433 aliunde
617 406 758 440 probabile
768 411 819 433 est.

243 450 298 479 Nos
324 456 413 478 autem
439 451 526 478 multo
552 452 685 480 certiores
710 459 807 478 sumus
831 451 996 478 sententiam

209 498 281 524 illaut
306 497 399 532 lgnatii
416 506 449 524 ex
465 497 525 532 ejus
552 498 668 532 epistola
692 506 706 525 a
731 497 929 533 Chrysostomo
947 498 998 525 de-

208 549 344 578 suinptam
357 552 428 571 csse.
444 543 471 570 ld
490 544 562 570 enim
581 551 614 570 ex
627 543 717 570 verbis
733 544 912 578 sequentibus
930 544 997 571 satis

208 589 311 624 liquido
324 594 435 624 apparet
449 598 455 616 :
478 584 551 624 Ἐγὼ
561 589 619 616 τῶν
630 590 749 623 θηρίων,
767 589 865 624 inquit,
874 590 998 616 ἐκείνων·

207 637 343 670 ὀναίμην,
353 636 438 670 ἔλεγε.
451 635 572 662 Τοιοῦτοι
583 635 637 672 γὰρ
647 637 670 662 οἱ
682 635 798 671 ἐρῶντες
819 636 888 671 ὅπερ
900 636 933 662 ἂν
943 637 996 662 πά.-

208 691 312 717 σχωσιν
324 682 395 718 ὑπὲρ
405 682 459 708 τῶν
467 682 610 718 ἐρωμένων
620 682 678 717 μεθ’
687 682 784 718 ἡδονῆς
794 682 925 717 δέχονται.
939 682 998 710 Uti-

207 737 269 755 nam
285 737 330 763 ego
348 729 402 755 illis
422 729 510 755 bestiis
524 728 610 763 fruar,
630 728 679 754 ait.
695 727 772 754 Tales
783 728 853 754 enim
865 734 996 756 amatores

208 775 337 810 quidquid
354 775 494 810 patiuntur
513 782 560 809 pro
573 775 670 801 amatis
688 783 746 801 cum
766 774 898 809 voluptate
913 775 997 801 surci-

205 822 293 855 piunt.
304 820 408 848 Alludit
426 821 498 848 enim
517 820 661 848 manifeste
673 820 707 848 ad
720 821 849 856 praeclara
862 821 906 847 illa
913 821 995 848 verba

207 868 233 894 in
252 867 346 894 eadem
354 867 434 902 epist.
449 867 484 894 ab
497 867 626 894 onmibus
637 867 790 900 decantata,
805 866 859 899 ζῶν
868 867 922 903 γὰρ
932 867 996 902 ὑμῖν

1049 273 1128 301 tium,
1154 273 1182 295 et
1204 269 1392 303 episcopatum
1409 273 1619 301 commemorat,
1638 274 1669 296 ut
1684 269 1842 303 amplitudi-

1048 319 1111 340 nem
1130 313 1217 346 urbis,
1243 318 1272 340 et
1292 313 1482 348 antiquitatem
1508 313 1637 341 Ecclesiae
1663 314 1842 340 Allllochelll’.

1047 359 1208 392 extolleret;
1220 359 1382 395 martyrium
1398 363 1489 386 autem
1503 360 1641 394 eleganter
1653 359 1802 390 describit,
1816 364 1843 386 ut

1047 403 1238 432 vehementius
1248 405 1377 440 populum
1391 405 1425 432 ad
1437 404 1617 440 reliquiarum
1633 405 1841 432 venerationem

1048 449 1221 476 accenderet.
1245 449 1396 484 Epistolas,
1414 454 1444 477 ut
1462 457 1520 477 rem
1535 449 1666 477 omnibus
1682 449 1840 484 cognitam,

1048 503 1099 522 nec
1112 496 1276 531 panegyrico
1288 496 1395 523 dicendi
1404 496 1496 530 generi
1504 496 1717 523 convenientem
1729 496 1841 523 omittit.

1048 539 1198 576 Gregorius
1213 541 1438 576 Tbaumaturgus
1455 542 1651 578 panegyricum
1667 549 1769 569 coram
1784 541 1842 569 Ori-

1049 594 1117 621 gene
1138 587 1248 622 habuit;
1269 588 1371 623 scripta
1385 589 1446 623 ejus
1459 596 1513 615 non
1529 589 1633 622 laudat,
1647 597 1684 616 ne
1715 589 1842 616 nominat

1048 632 1177 666 quidem;
1193 633 1249 660 imo
1260 640 1295 660 ne
1311 633 1458 667 scripsisse
1471 642 1536 661 eum
1556 635 1710 669 quidquam
1729 635 1840 662 indicat.

1047 678 1176 714 Epistolas
1187 679 1216 707 S.
1231 680 1360 716 Cypriani
1372 688 1480 716 semper
1495 681 1571 709 fuere
1579 681 1789 714 celeberrimae;
1799 690 1842 710 eas

1048 725 1197 761 aliquoties
1215 727 1308 754 laudat
1329 726 1358 754 S.
1372 727 1542 763 Augustinus
1558 736 1565 754 :
1583 732 1612 755 at
1626 735 1691 756 cum
1707 729 1741 756 in
1755 728 1840 755 Natali

1048 772 1107 808 ejus
1133 780 1275 800 sermones
1300 773 1405 809 aliquot
1432 774 1600 808 institueret,
1628 783 1782 810 nunquam
1797 783 1842 802 eas

1047 820 1290 853 commemoravit;
1319 820 1414 848 laudat
1438 821 1484 848 ubi
1506 822 1639 856 disputat.
1656 829 1692 849 ne
1713 822 1841 850 meminit

1048 864 1158 900 quidem
1173 865 1219 892 ubi
1235 867 1428 901 panegyristen
1446 867 1513 901 agit,
1529 867 1576 894 ubi
1587 873 1723 902 tanquam
1742 869 1839 903 episco-

205 913 303 949 γράφω
320 913 391 949 ὲρῶν
405 913 452 940 τοῦ
465 913 620 945 ἀποθανεῖν,
630 913 716 948 όὲμὺς
731 913 799 949 ἔρως
814 912 991 949 ἐσταύρωται.

1083 919 1109 937 m
1134 912 1411 939 misericordissimam
1435 918 1460 939 et
1483 918 1626 948 martyrem
1640 914 1838 949 ﬁdelissimum,

207 960 263 986 Iino
275 966 340 986 Vero
353 966 400 993 per
412 963 496 985 totam
504 966 564 986 eam
577 958 729 985 orationem
739 958 784 985 ubi
796 958 830 986 de
843 958 996 993 lgnatiolo-

204 1004 307 1039 quitur,
315 1004 347 1031 ad
356 1003 427 1031 hanc
440 1003 640 1038 przecipue,scd
652 1008 678 1030 et
690 1004 723 1030 ad
737 1003 805 1030 alias
822 1003 993 1031 collineavit.

204 1050 273 1077 Cum
282 1051 400 1076 animam
409 1050 468 1084 ejus
479 1049 546 1076 adeo
556 1049 649 1076 laudat
659 1054 788 1083 tanquam
795 1049 848 1075 τῶν
854 1048 995 1085 παρόντων

205 1097 383 1133 ὑπερορῶσαν
389 1097 526 1129 ἁπάντων,
537 1096 584 1122 καὶ
595 1095 633 1131 τῷ
647 1095 712 1130 θείῳ
719 1095 833 1128 ζέουσαν
845 1095 936 1131 ἔρωτι,
948 1095 996 1122 καὶ

203 1143 237 1170 τὰ
246 1143 282 1179 μὴ
291 1143 444 1178 βλεπόμενα
450 1141 657 1178 τὼνὸρωμένων
664 1142 996 1177 προτιμήσασανφνωκπ-

205 1190 242 1216 tiu
254 1190 343 1216 omnia
355 1193 570 1220 contemnentem,
583 1192 607 1214 et
620 1187 709 1214 divino
723 1187 993 1222 atnoreﬂagrantem.

204 1240 229 1262 et
245 1245 275 1263 ea
287 1244 345 1271 quae
357 1235 489 1268 videntur,
499 1235 532 1262 iis
539 1243 598 1270 qum
613 1243 665 1261 non
672 1234 792 1261 videntur
802 1234 994 1269 praeferentem,

203 1283 306 1310 diserte
320 1282 432 1317 respicit
446 1282 590 1317 epistolam
609 1281 643 1309 ad
662 1280 812 1313 Romanos,
826 1281 853 1307 in
867 1288 922 1316 qua
936 1281 995 1307 hate

204 1329 256 1356 tria
269 1328 357 1363 capita
371 1327 702 1363 prmeipue,etardeuter,
716 1331 743 1354 et
756 1326 815 1354 fuse
830 1330 994 1353 tractantur.

203 1375 271 1403 Cum
289 1383 351 1402 eum
364 1375 415 1401 soli
436 1378 576 1409 comparat
597 1373 732 1409 (καθάπερ
748 1373 822 1408 ἥλιός
836 1381 878 1404 τις
887 1372 918 1404 ἐξ
929 1373 996 1399 ἁνα-

202 1420 282 1456 τολῆς
292 1419 414 1454 ἀνίσχων
427 1419 473 1445 καὶ
489 1419 560 1455 πρὸς
577 1419 626 1454 τὴν
640 1418 716 1445 δύσιν
731 1419 846 1454 τρέχων,
864 1422 994 1453 tanquam

203 1465 243 1492 sol
257 1465 355 1499 aliquis
374 1464 406 1491 al:
424 1465 524 1491 oriente
545 1473 656 1499 surgens
672 1468 695 1490 et
715 1464 750 1490 od
763 1464 930 1498 Locridentem
949 1464 996 1491 de—

203 1511 334 1545 turrem),
355 1510 415 1537 sine
433 1509 518 1536 dubio
534 1509 591 1536 hzec
609 1509 730 1544 epistolae
749 1509 832 1536 verba
856 1510 882 1536 in
902 1508 995 1536 animo

203 1557 307 1589 habuit,
335 1555 380 1582 τὸν
404 1555 551 1582 ἐπίσκοπον
574 1556 673 1591 Συρίας
697 1555 865 1591 κατηξίωσεν
890 1557 905 1582 ὁ
928 1555 994 1587 Θεὸς

202 1601 346 1638 εὑρεθῆναι
365 1601 418 1637 (vel
432 1600 609 1637 πορευθῆναι)
629 1601 669 1632 εἰς
681 1600 773 1632 δύσιν,
791 1600 845 1626 ἀπὸ
859 1600 994 1635 ἀνατολῆς

205 1655 307 1674 ιιεταπε
312 1646 462 1682 μψάμενος,
478 1646 627 1680 episcopum
636 1644 723 1679 Syrica
731 1645 856 1680 dignatus
864 1650 902 1672 est
909 1644 991 1678 Deus,

208 1698 231 1719 ιι
247 1694 273 1719 in
288 1693 448 1719 occidentem
462 1695 590 1726 pergeret,
604 1692 636 1717 ab
650 1692 751 1718 oriente
761 1699 821 1717 eum
837 1699 992 1723 accersam;

202 1744 230 1767 et
245 1747 307 1766 cum
329 1739 375 1765 illa
395 1738 476 1773 paulo
496 1742 555 1772 post
573 1737 649 1764 addit
664 1746 672 1764 ε
688 1734 771 1768 Οὗτος
792 1737 820 1764 δὲ
839 1738 880 1769 είς
893 1738 927 1765 τὰ
941 1737 992 1773 τῆς

201 1784 303 1815 δύσεως
315 1783 438 1810 ἀπελθὼν
455 1783 535 1819 μέρη,
551 1782 727 1818 φαιδρότερον
741 1782 846 1808 ἐκεῖθεν
860 1782 990 1815 ἀνέτειλε,

203 1831 289 1858 inuito
303 1830 393 1857 adhuc
408 1830 529 1863 apertius
551 1829 585 1856 ad
600 1829 646 1856 illa
670 1836 731 1864 qua:
758 1828 830 1862 apud
854 1827 989 1863 lgnatium

202 1881 367 1911 sequuntur,
380 1876 483 1908 allusit,
496 1875 578 1902 καλὸν
593 1875 624 1902 τὺ
642 1875 719 1903 δῦναι
734 1875 788 1902 ἀπὸ
808 1875 911 1910 κόσμου
924 1874 992 1911 πρὸς

201 1921 279 1953 Θεὸν,
290 1921 334 1948 ἵνα
345 1922 384 1952 εἰς
400 1921 482 1947 αὑτὺν
498 1920 640 1946 ἀνατείλω.
651 1919 720 1947 Cum
732 1927 795 1946 eum
807 1927 869 1947 cum
882 1923 992 1954 aposto-

202 1968 235 1994 lis
249 1971 387 1994 versatum
400 1974 461 1994 esse
473 1966 582 1999 asserit,
601 1966 647 1993 καὶ
662 1965 752 2001 ῥητῶν
767 1966 814 1992 καὶ
827 1966 991 2002 ἀπορρήτων

201 2014 292 2044 αὐτοῖς
310 2013 520 2046 κοινωνήσαντα,
537 2019 589 2038 non
613 2017 716 2038 tantum
729 2011 877 2045 eﬁ'abilium
899 2011 944 2038 sed
965 2015 990 2038 et

201 2066 359 2086 arcanorum
371 2058 538 2092 participem,
554 2064 607 2084 non
623 2061 714 2092 potest
727 2064 780 2083 non
803 2057 939 2091 respicere
957 2065 990 2084 ea

200 2109 262 2137 quae
276 2101 309 2128 ad
328 2101 486 2128 Trallenses
508 2101 605 2128 scribit
626 2101 747 2136 lgnatius
763 2101 797 2128 de
817 2101 988 2134 coelestibus,

199 2149 233 2175 de
253 2148 357 2182 angelis
378 2153 405 2174 et
429 2147 638 2182 principatibus,
665 2154 728 2182 quae
748 2154 824 2174 nunc
849 2151 990 2182 tantopere

199 2193 353 2228 displicent.
383 2191 452 2219 Cum
479 2193 598 2226 denique
623 2192 674 2218 iter
695 2191 757 2226 ejus
774 2191 847 2226 quod
872 2191 990 2219 confecit

1047 965 1102 984 non
1118 962 1249 993 tanquam
1265 959 1426 993 scriptorem
1442 959 1678 994 elegantissimum
1688 969 1839 996 repraesen-

1046 1007 1096 1030 tat.
1114 1003 1177 1031 Haac
1195 1005 1264 1032 satis
1279 1005 1385 1040 putavit
1400 1005 1437 1031 ad
1453 1007 1609 1032 memoriam
1622 1009 1770 1041 praesentis
1780 1008 1838 1039 loci,

1047 1050 1215 1084 festivitatem
1231 1051 1418 1078 solemniuimi
1429 1052 1490 1084 diei,
1501 1053 1707 1087 propositionem
1719 1054 1840 1082 solaber-

1046 1096 1109 1123 rimi
1121 1097 1244 1129 exempli.
1255 1096 1360 1125 Pariter
1374 1097 1625 1134 S.Chrysostomus
1634 1099 1661 1126 in
1673 1101 1839 1136 pancgyrico

1046 1142 1177 1177 epistolas
1193 1150 1247 1170 non
1262 1149 1472 1178 commemorat,
1487 1145 1613 1179 quamvis
1636 1145 1670 1173 iis
1687 1150 1797 1178 utatur,
1808 1147 1837 1174 ad

1046 1195 1149 1222 easque
1164 1188 1322 1223 frequenter
1336 1190 1480 1225 respiciat;
1490 1190 1516 1217 in
1529 1190 1582 1217 alia
1593 1195 1685 1218 tamen
1699 1193 1837 1225 oratione,

1046 1234 1189 1269 epistolam
1215 1234 1249 1262 ad
1275 1236 1447 1263 sacerdotem
1474 1237 1632 1272 quemdam,
1653 1236 1837 1273 Polycarpum

1046 1279 1152 1308 Scilicet
1164 1300 1172 1312 ,
1188 1281 1264 1308 citat.
1293 1281 1390 1309 Exstat
1410 1287 1500 1310 autem
1516 1291 1547 1310 ea
1562 1283 1651 1310 oratio
1669 1283 1696 1310 in
1711 1288 1792 1311 tonio
1808 1284 1836 1310 Vl

1046 1326 1126 1360 cujus
1165 1326 1261 1355 titulus
1285 1332 1349 1355 est:
1386 1328 1464 1360 Quod
1487 1337 1555 1356 unus
1584 1329 1685 1356 Veteris
1705 1336 1732 1357 et
1771 1330 1837 1358 Neri

1048 1370 1208 1398 Testamenti
1220 1372 1359 1407 legislator
1370 1373 1421 1406 sit,
1433 1381 1466 1400 ex
1481 1381 1535 1408 qua
1547 1374 1739 1402 testimonium
1750 1375 1836 1411 Cbry~

1045 1418 1162 1445 sostomi
1173 1419 1325 1446 secundum
1340 1420 1533 1454 produximus.

1081 1463 1152 1497 Quid
1177 1465 1211 1492 de
1237 1465 1283 1492 illa
1311 1465 1438 1493 oratione
1464 1467 1583 1494 senserit
1598 1467 1642 1494 vir
1656 1467 1835 1496 doctissimus

1045 1509 1118 1537 haud
1138 1510 1206 1538 satis
1227 1515 1304 1538 certo
1325 1511 1400 1544 scio;
1422 1519 1475 1538 non
1495 1512 1697 1540 dubitotamcn
1710 1514 1778 1549 quin
1792 1514 1834 1541 illa

1046 1555 1126 1582 nobis
1140 1556 1314 1590 repositurus
1329 1561 1412 1589 esset,
1426 1557 1448 1584 si
1464 1557 1578 1588 viveret,
1591 1566 1654 1593 qme
1666 1560 1779 1594 scripsit
1792 1568 1835 1587 ve-
1853 1587 1854 1590 η

1045 1601 1185 1629 norandus
1202 1609 1287 1629 senex
1302 1601 1449 1637 Usserius;
1466 1610 1528 1630 cum
1541 1603 1703 1632 Usserianis
1717 1606 1835 1640 saepissi—

1043 1653 1088 1673 me
1103 1652 1172 1674 usus
1188 1647 1234 1674 sit.
1248 1646 1295 1675 llle
1318 1653 1410 1676 autem
1425 1650 1579 1676 orationem
1594 1657 1655 1677 eam
1670 1650 1699 1678 S.
1712 1650 1826 1686 Chrysa.

1043 1696 1135 1719 stomo
1150 1693 1302 1728 abjudicat,
1330 1699 1360 1721 ut
1382 1694 1527 1729 epistolam
1543 1695 1639 1731 lgnatii
1655 1697 1690 1724 ad
1706 1697 1835 1733 Polycar-

1042 1743 1108 1771 pum
1124 1737 1195 1764 inter
1211 1737 1322 1765 tlctitias
1338 1746 1484 1766 numerare
1499 1745 1601 1774 posset.
1619 1740 1673 1768 Sed
1690 1742 1767 1769 illius
1778 1742 1835 1776 opi-

1042 1783 1118 1811 nioni
1132 1785 1161 1811 in
1174 1784 1226 1812 hac
1243 1793 1273 1813 re
1284 1792 1339 1814 non
1354 1786 1465 1814 accedo.
1491 1786 1586 1814 Potior
1600 1788 1669 1814 mihi
1683 1789 1834 1816 auctoritas

1042 1830 1141 1864 Phutii,
1155 1831 1189 1859 de
1205 1836 1329 1860 veterum
1346 1833 1458 1868 scriptis
1478 1834 1575 1868 optimi
1593 1834 1707 1868 jutlicis,
1727 1836 1776 1870 qui
1791 1835 1834 1862 Bi—

1042 1877 1186 1905 bliotheca:
1198 1885 1257 1905 suae
1271 1878 1366 1905 codice
1376 1878 1440 1911 277⁹
1455 1887 1517 1906 eum
1537 1887 1572 1906 ex
1585 1880 1648 1908 aliis
1665 1885 1724 1908 tum
1736 1890 1771 1909 ex
1784 1882 1833 1908 hac

1041 1923 1165 1950 oratione
1174 1922 1293 1957 plurima
1302 1924 1446 1958 excerpsit.
1456 1924 1503 1951 Ἐκ
1511 1924 1557 1951 τοῦ
1566 1925 1657 1960 λόγου,
1668 1926 1709 1952 ὁτι
1717 1926 1834 1958 παλαιᾶς
1853 1919 1854 1922 Ἰ

1041 1969 1088 1995 καὶ
1100 1968 1165 2000 νέας
1176 1967 1314 2004 Διαθήκης
1329 1965 1369 2000 εἷς
1382 1969 1396 1995 ὁ
1410 1970 1569 2005 νομοθέτης.
1581 1971 1636 1997 Καὶ
1646 1972 1686 2003 είς
1693 1971 1726 1998 τὸ
1735 1972 1834 2008 ἔνδυμα

1040 2013 1088 2040 τοῦ
1102 2014 1196 2049 ἱερέως
1213 2015 1261 2041 καὶ
1282 2015 1347 2050 περὶ
1373 2015 1528 2050 μετανοίας.
1547 2016 1599 2049 Qui
1627 2017 1725 2045 titulus
1751 2018 1833 2054 hujus

1040 2060 1175 2088 orationis
1187 2060 1300 2088 totidem
1315 2062 1406 2089 verbis
1416 2070 1489 2089 nunc
1504 2067 1603 2090 exstat.
1620 2063 1654 2091 Et
1672 2065 1760 2092 verba
1775 2073 1833 2101 qua:

1040 2107 1150 2142 quidem
1176 2107 1296 2142 plurima
1317 2108 1380 2134 inde
1405 2109 1526 2144 collegit,
1551 2109 1703 2136 etiamnum
1724 2111 1755 2138 in
1783 2112 1833 2139 hac

1039 2153 1176 2186 oratione,
1200 2154 1325 2188 quamvis
1338 2153 1410 2181 haud
1428 2155 1496 2182 satis
1507 2162 1586 2187 sarta,
1604 2162 1754 2190 apparent.
1768 2157 1831 2185 Cer-

1039 2199 1175 2226 tissimum
1188 2199 1270 2234 igitur
1282 2205 1324 2227 est
1338 2207 1398 2226 eam
1412 2199 1540 2228 Pliotinm
1554 2201 1658 2230 vidisse
1668 2208 1696 2230 et
1705 2211 1761 2238 pro
1773 2212 1830 2231 vere
1853 2198 1854 2203 ¹

197 2244 324 2272 enarrat,
341 2238 529 2274 μακροτέρους
548 2237 674 2270 διαύλους
688 2238 736 2264 τοῦ
752 2238 866 2274 δρόμου,
883 2242 920 2268 et,
934 2237 988 2264 τῶν

1084 2246 1282 2279 rysostomiana
1295 2246 1435 2274 habuisse.
1445 2247 1497 2274 Sed
1509 2247 1539 2274 Ι).
1554 2247 1675 2276 Savilius
1686 2237 1830 2278 Etonensis

197 2285 350 2321 ἐκκλησιῶν
367 2284 560 2319 συγκρότησιν,
574 2284 755 2319 civitatesque
773 2283 844 2310 κατὰ
859 2284 909 2319 τὴν
925 2283 985 2310 ὁδὸν

199 2331 398 2368 συντρεχούσας
411 2337 581 2361 memorans,
591 2330 656 2356 illud
665 2338 699 2357 ex
707 2331 832 2364 epistolis
841 2329 921 2365 plane
927 2338 989 2364 per-

198 2379 333 2413 sequitur,
352 2377 424 2412 quod
437 2375 717 2411 Magdeburgensibus
732 2377 801 2404 adeo
814 2377 986 2411 displicebat.

201 2423 246 2451 Vel
260 2431 293 2451 ex
309 2423 369 2458 ipsa
385 2423 469 2457 igitur
487 2421 583 2456 lgnatii
600 2422 765 2456 panegyrico
780 2427 885 2450 certum
900 2427 943 2450 est
955 2422 986 2449 S.

197 2470 423 2505 Cbrysostomum
436 2467 568 2503 epistolas
585 2467 646 2502 ejus
666 2468 770 2502 optime
784 2469 906 2501 novisse,
927 2476 988 2495 ma-

197 2517 299 2551 gnique
313 2516 482 2547 aestimasse,
503 2518 530 2541 et
545 2521 579 2540 ex
592 2521 687 2541 earum
706 2521 760 2541 una
772 2514 909 2542 celebrem
923 2523 989 2542 sen—

198 2563 311 2588 tentiam
323 2563 505 2596 excerpsisse.

234 2607 286 2636 Sed
312 2608 442 2643 epistolas
466 2615 520 2636 non
544 2606 707 2640 nominavit,
732 2614 794 2634 cum
815 2607 986 2642 propriarum

197 2656 324 2690 martyris
344 2655 453 2681 laudum
465 2655 556 2689 inopia
572 2654 716 2681 laboraret.
732 2653 790 2681 imo
807 2661 873 2681 vero
892 2658 988 2681 orator

197 2702 242 2729 ille
256 2701 544 2741 consummatissinms
559 2701 663 2735 optime
677 2700 753 2727 novit
766 2707 828 2735 quas
839 2699 984 2734 panegyri-

196 2756 256 2776 carn
275 2749 427 2775 Orationem
444 2748 564 2774 maxime
578 2751 720 2779 ornarent,
739 2747 831 2781 itaque
852 2746 985 2780 epistolas

195 2795 301 2827 oinisit,
317 2801 414 2821 czctera
429 2797 598 2828 prosccutus
613 2798 664 2820 est.
684 2792 845 2820 Orationem
863 2793 984 2820 instituit

195 2841 261 2875 περὶ
271 2840 325 2866 τῶν
339 2839 570 2875 κατορθωμάτων,
578 2839 610 2865 de
617 2839 692 2865 rebus
704 2839 833 2873 prwclare
840 2838 874 2865 ab
882 2837 986 2873 lgnatio

196 2887 286 2922 gestis,
303 2891 330 2914 ut
346 2894 399 2914 non
416 2886 499 2914 semel
519 2885 677 2921 proﬁtetur;
692 2885 724 2912 de
737 2885 771 2913 iis
786 2892 846 2919 qua:
861 2885 980 2913 maxime

1040 2291 1147 2325 collegii
1165 2291 1220 2326 (cui
1231 2299 1282 2327 ego
1297 2292 1448 2320 litterarum
1464 2294 1601 2328 primitias
1620 2295 1733 2332 debeo),
1745 2302 1774 2324 et
1786 2305 1829 2332 pa-

1040 2338 1099 2364 triae
1115 2342 1217 2365 nostrae
1231 2337 1327 2370 decus,
1342 2339 1424 2373 paulo
1441 2340 1520 2367 aliter
1544 2341 1643 2368 sensit.
1663 2341 1755 2377 Neque
1773 2352 1827 2370 rara

1039 2384 1108 2410 tanti
1117 2388 1156 2410 est
1172 2383 1243 2419 apud
1257 2391 1298 2410 me
1309 2386 1458 2412 auctoritas
1476 2385 1577 2418 Pliotii,
1596 2387 1698 2422 inquit,
1714 2390 1762 2424 qui
1777 2390 1828 2416 alia

1038 2429 1159 2464 quwdam
1174 2438 1227 2457 non
1240 2431 1348 2464 optima:
1367 2436 1438 2459 noue
1451 2433 1558 2466 recepit,
1581 2438 1610 2460 ut
1632 2435 1702 2461 inter
1716 2436 1827 2471 γνησίας

1038 2477 1233 2512 ἀναμφιϐόλως
1255 2479 1483 2506 adnumerandam
1502 2481 1574 2508 lianc
1592 2482 1748 2510 orationem
1773 2491 1827 2510 ccu—

1038 2531 1121 2551 aeam.
1148 2523 1222 2551 Satis
1237 2525 1295 2552 lizec
1315 2525 1425 2560 quidem
1448 2530 1543 2559 caute;
1568 2528 1724 2555 auctoritas
1740 2528 1826 2556 Pbotii

1037 2577 1100 2596 eum
1109 2570 1245 2604 permovit
1252 2571 1437 2598 utorationem
1447 2579 1481 2599 ne
1492 2572 1602 2606 quidem
1613 2573 1686 2600 inter
1696 2574 1825 2609 ἀμφιϐαλ-

1037 2613 1137 2649 λόμενα
1148 2614 1260 2648 locaret,
1275 2623 1330 2642 non
1345 2620 1436 2643 tamen
1451 2617 1475 2643 ei
1499 2618 1638 2651 persuasit
1652 2624 1684 2646 ut
1696 2619 1769 2647 inter
1785 2628 1827 2656 ge-

1037 2660 1138 2687 nuinas
1162 2660 1221 2688 sine
1247 2662 1435 2689 controversia
1465 2663 1672 2692 adnunicraret.
1700 2665 1783 2699 Quod
1808 2666 1826 2693 si

1037 2705 1181 2733 habuisset
1203 2707 1359 2735 testimonia
1384 2708 1431 2735 illo
1453 2707 1543 2736 Photii
1563 2710 1733 2745 antiquiora,
1758 2711 1826 2739 torte

1039 2751 1122 2778 etiam
1150 2752 1221 2779 inter
1245 2753 1380 2787 genuinas
1406 2759 1592 2782 numerasset.
1620 2755 1694 2784 Ante
1715 2762 1824 2785 centum

1037 2799 1128 2822 autem
1146 2795 1202 2824 fere
1218 2805 1305 2825 annos
1320 2798 1459 2826 Adrianus
1470 2807 1539 2834 papa
1554 2799 1649 2829 lbanc
1664 2803 1753 2837 ipsam
1767 2811 1825 2831 on-

1036 2841 1136 2869 tionem
1161 2843 1188 2869 in
1209 2844 1323 2878 epistola
1344 2845 1377 2871 ad
1392 2844 1521 2872 Caroluui
1535 2854 1628 2882 regem
1648 2850 1703 2876 sub
1718 2850 1823 2880 nomine

1037 2885 1066 2913 S.
1086 2886 1200 2916 Joannis
1217 2888 1407 2922 Cbrysostomi
1434 2889 1545 2921 citavit;
1558 2896 1586 2919 et
1601 2897 1667 2920 ante
1681 2901 1743 2921 eum
1762 2893 1820 2928 Epi-
