1866 3073
39 167 69 195 197

375 163 401 191 J.
422 163 605 192 PMKSONI]
624 161 784 191 VINDICM‘J
803 162 1014 190 IGNATIANE.
1039 177 1062 184 -
1091 161 1182 189 PARS
1201 160 1222 188 ι.

1585 159 1637 186 198

38 225 126 259 phanius
143 223 278 252 diaconus
293 223 423 252 adversus
439 223 602 258 Gregorium
627 223 785 258 episcopum
801 225 824 253 Λ
838 221 898 249 cent
916 221 1086 251 defecerunt,
1099 221 1121 248 si
1138 228 1201 247 vera
1227 223 1339 247 narrent
1362 218 1491 247 Socrates
1507 222 1533 244 rt
1551 217 1639 245 Suto-

38 269 194 297 Neocazsareae.
211 268 284 296 Ante
305 270 387 302 hunc,
402 273 433 295 ut
447 269 474 296 in
495 269 616 296 secunda
628 269 732 304 synodo
744 267 792 295 Ni-

36 324 87 343 cena
98 316 204 350 legimus
217 335 226 349 ,
245 315 406 342 Theodosius
418 315 573 342 uenerabilis
588 323 683 350 prteses
692 315 723 342 S.
735 314 791 341 An-

35 363 84 389 dria
109 361 174 397 apud
200 361 325 394 Neaium,
354 361 474 388 libellum
501 361 619 396 ejusdem
639 361 673 389 Β.
700 360 791 388 Patris

34 406 119 433 Joannis
130 407 311 441 Chrysostomi
325 405 428 439 attulit,
444 414 521 441 quem
534 406 562 433 in
580 405 704 433 manibun
719 413 793 433 uoce-

34 459 86 487 plm
99 452 220 480 Antoniu
241 452 386 479 monachus
411 451 486 487 legit.
512 452 605 480 Beata:
625 452 792 480 recordatio-

34 501 62 526 nis
72 499 148 526 Patri:
169 499 254 526 nostri
268 498 382 526 Joannis
399 498 579 534 Chrysostomi
589 498 676 525 oratio
688 507 698 526 :
713 497 791 531 Quod

35 545 115 573 Veteris
125 549 150 573 et
162 544 227 572 Νονί
243 545 413 573 Testamenti
428 553 500 572 unus
515 545 552 572 sit
565 545 716 580 legislalor,
727 549 755 572 et
765 544 792 571 in

34 593 191 620 vestimentum
199 592 352 626 poutilicis;
363 592 439 627 cujus
447 592 608 624 initiumest,
616 591 792 626 Evangelium

34 638 91 674 regni
112 637 205 666 Christi
220 638 364 673 prophetae
381 638 492 672 quidem
518 637 686 664 annuntiant
701 637 794 672 (plane

34 689 56 711 ut
65 683 224 711 nuchrzeca
246 688 372 711 sonant:
388 683 445 718 Τῆς
463 682 581 719 Χριστοῦ
605 682 742 717 βασιλείας
763 682 794 709 τὸ

35 730 171 764 Silanam
201 730 368 766 κηρύττουσι
391 729 466 765 [μὲν]
483 728 642 765 προφῆται),
666 734 691 756 et
714 728 794 763 paulo

35 781 78 809 post
90 784 99 803 :
111 775 162 811 Ego
179 781 207 803 et
219 785 253 803 ex
268 784 332 804 cera
349 776 457 804 lusilem
474 777 610 812 picturam
626 777 727 812 pietate
739 777 796 810 ple-

37 826 81 846 natn
92 820 182 847 amavi.
199 819 260 847 Vidi
278 820 354 848 enim
364 821 494 856 angelum
515 821 542 848 in
558 821 678 856 imagine
692 821 795 849 barba-

38 873 109 893 rorum
130 866 212 894 nubes
226 867 454 901 propulsantem;
472 867 526 895 vidi
551 868 733 895 barbarorum
748 875 795 896 co-

38 912 107 939 hortes
126 913 309 946 coneuleatas,
336 917 365 940 et
391 913 519 941 Davidem
543 921 607 941 vere
634 913 792 941 dicentem:

39 957 131 992 Domine,
145 959 169 986 in
181 960 291 986 ciuitate
314 964 363 987 tua
375 960 517 996 imaginem
528 968 619 988 eorum
633 961 668 987 ad
683 960 796 988 nihilum

38 1004 152 1039 rediget".
172 1004 238 1038 Quae
252 1013 306 1033 nos
333 1006 361 1033 in
385 1007 480 1033 eadem
498 1007 623 1034 oratione
639 1007 678 1034 ita
703 1006 797 1035 Clarae

39 1051 140 1084 legimus:
160 1051 229 1086 Ἐγὼ
240 1053 290 1078 καὶ
303 1052 354 1088 τὴν
368 1052 519 1088 κηρόχυτον
533 1053 643 1089 γραφὴν
663 1052 797 1088 ἠγάπησα

39 1096 147 1128 ῖόσεὸείας
170 1098 391 1133 πεπληρωμένην
405 1105 412 1113 ·
438 1096 508 1126 εἶδον
528 1099 557 1125 ὲν
576 1099 661 1125 εἰκόνι
682 1099 797 1133 ἄγγελον

39 1143 150 1170 ἐλαύνοντα
165 1145 230 1180 νέφη
250 1144 411 1180 βαρϐάρων,
435 1143 504 1171 εἶδον
517 1145 676 1181 πατούμενα
693 1145 797 1182 βαρϐά-

39 1197 78 1223 ρων
94 1189 162 1223 φῦλα,
180 1192 226 1218 καὶ
243 1191 292 1217 τὸν
312 1190 397 1217 ams
412 1190 590 1226 ἀληθεύοντα,
607 1191 694 1227 Κύριε
713 1192 742 1218 ἐν
762 1192 796 1227 τῇ

41 1235 94 1261 πόλει
108 1245 147 1262 σου
164 1237 211 1272 τὴν
227 1237 323 1264 εἰκόνα.
339 1237 423 1264 αὐτοῦ
439 1237 637 1269 ἐξουδενώσεις.
655 1237 797 1265 Paucissi-

40 1288 76 1307 me
85 1289 139 1309 sane
159 1282 186 1309 S.
200 1282 395 1318 Chrysostomi
410 1284 549 1311 orationes
572 1288 647 1317 sunt,
665 1291 716 1319 pro
732 1283 797 1318 qui-

41 1326 76 1353 lus
84 1331 115 1354 tot
125 1335 154 1356 at:
169 1332 222 1355 tam
237 1332 350 1356 vetusta
360 1329 519 1356 testimonia
527 1327 619 1356 afferri
633 1332 760 1363 possunt.

64 1373 123 1405 Quod
134 1374 164 1401 ad
179 1375 281 1410 stylum
298 1375 407 1408 attinet,
423 1380 450 1402 et
471 1375 581 1402 dicendi
596 1375 795 1409 characterem,

42 1425 79 1444 non
92 1418 158 1447 facile
167 1420 208 1448 hic
223 1421 329 1456 aliquid
344 1425 372 1448 et
388 1420 471 1448 simul
482 1425 558 1450 certo
571 1421 678 1450 deliniri
691 1426 796 1457 potest;

40 1464 139 1497 quoniam
148 1467 234 1494 oratio
251 1467 313 1502 ipsa
327 1475 382 1495 non
399 1472 441 1495 est
456 1468 527 1495 satis
539 1468 656 1503 integra,
676 1469 724 1496 sed
737 1468 797 1503 plu—

43 1510 98 1538 ribus
109 1511 131 1538 in
145 1513 209 1541 locis
217 1518 362 1549 corrupta,
388 1521 477 1550 neque
489 1515 565 1542 enim
582 1515 694 1542 aliunde
711 1523 797 1543 venu-

42 1560 81 1582 stas
92 1556 323 1593 Chrysostomiana
339 1559 407 1587 mihi
421 1559 517 1588 deesse
532 1560 650 1588 videtur.
673 1561 710 1588 De
727 1561 796 1589 alle-
810 1574 831 1602 ο

43 1603 102 1635 goriis
122 1612 166 1632 cur
184 1610 338 1641 querantur
355 1614 411 1634 non
435 1607 549 1640 habent,
566 1607 622 1635 illis
636 1607 710 1635 enim
738 1612 795 1635 tum

43 1653 119 1677 tantum
132 1652 195 1679 adeo
202 1651 365 1688 frequenter
379 1653 474 1685 utitur,
488 1661 551 1681 cum
565 1653 592 1681 id
604 1658 797 1689 argumentum

42 1696 139 1730 postulat,
163 1698 275 1731 scilicet,
299 1706 364 1726 cum
381 1698 414 1726 de
429 1698 599 1727 vestimentis
623 1699 797 1727 sacerdotum

43 1741 90 1774 agit.
103 1741 169 1776 Quod
183 1744 320 1780 obiiciant
340 1745 412 1772 idem
433 1744 468 1772 dc
484 1745 567 1773 unico
582 1745 739 1778 legislatorc
753 1753 799 1773 ar-

44 1794 169 1818 gumentum
184 1791 210 1817 in
220 1791 364 1826 germanis
378 1792 439 1826 ejus
451 1793 564 1827 scriptis
575 1792 675 1827 saepius
689 1792 799 1827 egregie

43 1834 174 1868 ῖυμνίισθὲν,
189 1836 232 1863 hic
244 1841 341 1864 autem
355 1836 401 1864 vix
417 1837 500 1872 idque
523 1837 622 1872 frigide
635 1838 749 1873 attingi;
771 1837 798 1865 id

44 1880 110 1911 huius
122 1883 265 1911 orationem
280 1883 483 1919 Chrysostomo
501 1883 633 1917 vindicat,
652 1891 736 1919 quam
751 1883 800 1911 ab-

810 896 831 924 Β

44 1926 135 1962 iudicat;
157 1937 208 1957 una
226 1931 304 1957 enim
322 1934 428 1957 tantum
443 1937 477 1957 ex
491 1930 581 1957 tribus
595 1930 722 1965 partibus
733 1929 799 1957 huic

44 1979 172 2008 argumento
185 1976 211 2003 in
226 1976 281 2004 hoc
290 1975 386 2004 libello
396 1976 574 2011 impenditur,
586 1981 614 2004 et
629 1980 727 2004 auctor
740 1976 800 2011 ipse

45 2021 150 2049 monetde
165 2022 215 2050 hac
238 2030 268 2051 re
287 2030 321 2050 se
339 2022 416 2058 prius
436 2022 611 2055 disseruisse,
630 2027 658 2050 et
679 2029 711 2049 ea
738 2029 800 2057 quae

45 2065 101 2097 prius
118 2066 181 2095 dicta
201 2073 280 2096 erant
295 2069 490 2096 tantummodo
506 2069 534 2095 in
548 2068 710 2096 memoriam
725 2076 799 2096 nunc

45 2118 162 2159 ~refutare:
175 2112 248 2147 O'tb‘a,
266 2114 370 2150 inquit,
379 2114 472 2141 τοῦτον
489 2113 585 2150 πρώην
595 2114 738 2149 γυμνάσας
753 2114 799 2141 τὸν

46 2156 111 2189 “TW.
133 2159 182 2186 ἀλλ’
198 2160 420 2196 ὲπαναλαμὸάνω
446 2160 515 2196 πρὸς
532 2160 695 2196 ὑπόμνησιν.
721 2159 799 2193 Quod

46 2202 138 2239 denique
147 2207 270 2241 scriptam
284 2207 371 2235 velint
386 2207 540 2234 orationem
555 2206 626 2234 hanc
636 2207 800 2235 imminenti-

46 2246 153 2278 bnm’tio
160 2254 294 2281 orientalis
309 2254 415 2289 imperii
426 2253 547 2281 barbaris
559 2253 721 2286 nationibus,
732 2253 801 2289 quod
817 2259 839 2286 Ι)

47 2294 67 2319 in
77 2299 175 2331 tempora
187 2299 369 2335 Chrysoslomi
380 2300 424 2327 via;
436 2301 568 2335 quadrare
579 2305 662 2334 potest
675 2308 685 2328 :
701 2300 727 2327 id
742 2308 804 2328 om-

48 2340 98 2368 nino
107 2343 153 2370 vim
168 2345 266 2373 nullam
283 2346 378 2374 habet.
399 2345 459 2373 Non
472 2353 561 2381 pauca
574 2353 589 2372 a
604 2346 803 2381 Chrysostomo

49 2385 140 2416 diacono
152 2391 245 2426 scripta
254 2396 330 2426 sunt,
341 2392 472 2420 nonnulla
487 2392 570 2419 etiam
586 2392 621 2420 ab
633 2391 802 2428 Anagnoste.

48 2430 107 2461 Tunc
117 2441 198 2464 autem
210 2437 309 2467 Valens
323 2439 473 2473 imperator
487 2437 540 2466 fuit
554 2438 716 2472 Antiochiae,
732 2438 804 2466 unde

49 2483 172 2511 accersitus
199 2484 466 2520 Constantinopolim
482 2485 581 2520 pergit,
608 2485 653 2512 ubi
670 2485 802 2520 populum

47 2531 220 2557 cousternatum
242 2532 355 2567 reperit,
381 2532 407 2558 oi
427 2531 483 2567 γὰρ
509 2531 642 2566 βάρϐαροι
666 2531 805 2567 καταδρα-

137 2575 181 2611 τὴν
194 2576 303 2613 Θρᾴκην
318 2577 370 2613 ἤδη
388 2577 436 2604 καὶ
448 2577 483 2604 τὰ
497 2577 648 2613 προάστεια
671 2577 805 2613 ἐπόρθουν

50 2619 88 2667 fi:
100 2619 287 2667 Κοινσταντινου
311 2623 440 2655 πόλεωςι
461 2631 523 2650 nam
545 2623 665 2656 barbari,
680 2624 726 2658 qui
745 2623 805 2658 jam

53 2661 167 2693 Thraciam
178 2669 324 2704 depopulati
334 2670 451 2705 fuerant,
467 2670 525 2704 ipsa
535 2678 636 2705 quoque
651 2669 807 2697 Constanti—

52 2710 149 2742 ποΡιιεοε
162 2715 305 2743 suburbana
316 2716 478 2749 uastabant;
494 2723 612 2751 cumque
625 2716 659 2743 iis
672 2723 806 2752 congres-

53 2761 90 2782 sus
102 2755 187 2788 Valens
201 2762 287 2795 periit,
300 2762 429 2790 Socrates
444 2762 491 2790 lib.
508 2770 546 2796 tv,
564 2770 589 2790 c.
602 2762 647 2789 58.
664 2761 731 2789 Post
746 2761 806 2790 dis-

53 2806 138 2830 cessum
162 2807 238 2834 etiam
254 2807 374 2837 Valentis
392 2808 429 2837 ab
444 2808 589 2837 Antiochia
612 2808 703 2837 statim
723 2808 807 2836 Sara-

83 2890 101 2908 "
111 2891 169 2922 Psal.
176 2902 254 2930 txxtt,
271 2896 314 2926 20.

843 276 940 296 menus
953 277 960 294 :
978 269 1070 295 Πάντα
1097 265 1146 294 οὖν
1162 267 1197 293 τὰ
1213 266 1267 293 ὑπὸ
1282 266 1332 302 τὴν
1345 265 1478 301 ἀνατολὴν
1505 265 1559 292 ὑπὸ
1582 264 1638 291 τῶν

842 314 1008 351 Σαρακηνῶν
1021 314 1092 341 κατὰ
1107 313 1153 340 τὸν
1164 313 1244 339 αὑτὸν
1256 311 1399 348 ἐπορθεῖτο
1415 311 1522 347 χρόνον.
1534 310 1637 338 Cuncta

842 360 926 395 igitur
938 367 1028 387 versus
1042 360 1170 386 orientem
1186 358 1246 385 loca
1260 365 1278 385 a
1304 357 1446 385 Saracenis
1466 356 1556 383 cadent
1571 361 1637 383 tent-

843 414 906 442 pore
919 405 1103 433 vastabantur.
1113 404 1207 432 Nonne
1217 404 1276 431 htec
1285 408 1439 439 opportuna
1452 403 1518 430 satis
1526 406 1552 429 et
1561 401 1636 436 justa

843 452 945 480 oratori
959 459 1043 480 causa
1054 451 1116 483 fuit,
1131 454 1161 478 ut
1173 451 1303 486 populum
1317 450 1351 478 ad
1364 449 1556 485 paenitentiam
1571 448 1637 475 hor-

843 504 960 533 taretur,
985 506 1074 534 eaque
1096 497 1181 525 Deum
1207 501 1409 533 permoverent.
1441 496 1485 522 ῑνιι
1502 494 1637 530 πολέμους

843 545 974 582 ἀφανίσῃ,
992 546 1040 571 καὶ
1060 544 1215 580 βαρϐάρους
1244 543 1340 578 σϐέσῃ.
1365 541 1418 570 Sed
1448 546 1475 569 et
1499 549 1560 568 cum
1579 540 1635 575 jam

843 591 1121 626 Constantinopoleos
1131 591 1278 626 episcopus
1292 594 1402 617 creatus
1419 588 1528 620 fuisset,
1543 585 1637 615 Gaium

844 638 954 667 barbari
970 638 1097 673 tyrannis
1112 637 1212 671 erupit,
1234 636 1281 671 qui
1306 635 1458 663 Gothorum
1479 634 1635 661 universam

845 690 953 721 gentem
969 692 985 712 e
999 683 1109 712 sedibus
1125 683 1184 710 suis
1196 682 1307 714 accivit,
1329 685 1357 709 et
1378 680 1521 707 Romanos
1540 687 1637 707 omnes

846 731 1021 759 multitudine
1032 730 1212 757 barbarorum
1225 728 1410 762 terruit,quos
1418 726 1500 753 etiam
1511 726 1537 752 in
1549 725 1636 760 ipsam

846 779 942 806 urbem
952 775 1226 811 Constantinopolim
1243 774 1362 806 induxit,
1378 773 1426 800 καὶ
1443 771 1638 808 βεϐαρϐάρωτο

846 824 863 858 ἡ
875 823 951 854 πόλις
969 821 1022 849 ὑπὸ
1036 822 1090 849 τῶν
1107 821 1211 848 πολλῶν
1230 820 1378 857 μυριάδων,
1398 824 1427 846 ut
1445 819 1567 854 loquitur
1584 817 1637 845 So-

847 874 947 897 crates.
963 868 1040 896 Tunc
1054 868 1141 896 fuisse
1165 867 1281 895 traditur
1297 867 1342 894 illa
1370 866 1532 901 angelorum
1555 864 1636 897 visio,

846 925 908 952 qua:
925 917 1106 944 barbarorum
1120 919 1235 942 conatus
1257 912 1389 949 repressit
1404 920 1412 938 :
1430 911 1503 938 unde
1519 910 1638 938 fortasse

845 963 944 999 exponi
959 966 1048 999 potest
1061 961 1155 998 γραφὴ
1168 960 1328 996 κηρόχυτος,
1343 966 1405 994 qua:
1424 957 1476 984 hac
1499 956 1556 992 ipsa
1572 964 1638 983 ora~-

846 1011 923 1038 tione
945 1008 1118 1044 proponitur.
1134 1006 1194 1034 Non
1218 1010 1278 1034 erat
1296 1006 1388 1040 igitur,
1406 1012 1456 1031 cur
1468 1003 1539 1031 hanc
1552 1009 1637 1030 unum

846 1056 1049 1084 Savilianarum
1065 1054 1205 1082 rationum
1221 1053 1349 1080 recitaret
1363 1050 1564 1077 Armachanus.

882 1102 951 1130 Cum
974 1106 1067 1129 autem
1091 1099 1259 1128 reverendus
1283 1106 1367 1125 senex
1393 1095 1524 1124 Usscrius
1546 1094 1639 1122 adhuc

846 1149 928 1176 etiam
943 1147 1111 1182 coniecturis
1128 1146 1187 1174 suis
1201 1144 1347 1172 indulserit
1357 1163 1364 1176 ,
1382 1148 1409 1170 et
1421 1141 1588 1170 dubitaverit
1603 1149 1638 1168 an

847 1194 882 1222 ab
903 1198 1015 1221 auctore
1030 1193 1182 1224 orationis,
1202 1199 1236 1218 an
1256 1190 1291 1217 ab
1312 1189 1507 1224 interpolatore
1526 1195 1558 1215 ea
1578 1194 1639 1222 quat

847 1240 1012 1276 protulimus
1026 1239 1098 1266 dicta
1112 1239 1186 1272 sint,
1205 1238 1263 1265 hmo
1278 1245 1293 1264 a
1317 1236 1398 1263 nobis
1411 1235 1498 1262 multo
1513 1234 1640 1261 severius

846 1285 1028 1313 examinanda
1047 1289 1122 1312 sunt.
1146 1283 1179 1310 In
1202 1283 1340 1315 Romana,
1364 1281 1470 1316 inquit,
1494 1278 1640 1307 ratdinalis

847 1331 941 1360 Sirleti
955 1337 980 1358 et
996 1331 1142 1359 Butiliensi
1154 1329 1200 1358 Jo.
1215 1329 1309 1356 Jacobi
1323 1327 1435 1355 Beureri
1456 1327 1571 1354 editione
1587 1326 1641 1353 ista

847 1386 900 1406 non
916 1377 1055 1404 habeatur.
1074 1375 1136 1404 llaec
1148 1375 1222 1403 enim
1241 1382 1296 1402 non
1310 1377 1376 1401 sunt
1388 1372 1443 1400 duo
1461 1371 1639 1406 exemplaria,

848 1425 896 1453 sed
911 1432 996 1452 unum
1014 1428 1140 1456 tantum;
1154 1421 1246 1449 Sirleti
1260 1420 1332 1448 enim
1347 1419 1440 1446 Graeca
1457 1425 1520 1445 cum
1534 1416 1641 1444 Latinis

847 1470 961 1499 Beureri
986 1470 1100 1498 Basilea:
1121 1468 1195 1496 edita
1210 1472 1274 1494 sunt
1288 1466 1347 1494 sine
1362 1473 1413 1501 ope
1431 1464 1546 1492 alterius
1564 1463 1641 1491 codi-

848 1519 912 1547 cis:
931 1521 958 1546 οι
973 1517 1110 1545 Beurerus
1130 1515 1190 1551 ipse
1211 1513 1391 1549 conqueritur
1411 1511 1554 1546 exemplar
1573 1509 1640 1537 illud

848 1566 1003 1594 Romanum
1017 1564 1103 1592 fuisse
1110 1555 1241 1591 mendose
1254 1565 1282 1588 et
1292 1560 1460 1595 negligenter
1473 1556 1641 1592 descriptum

848 1616 876 1640 et
895 1610 996 1639 alicubi
1016 1609 1124 1637 lacunis
1143 1608 1234 1635 hians.
1253 1606 1379 1634 Lacunas
1395 1603 1457 1631 illas
1472 1602 1505 1629 D.
1521 1601 1642 1629 Saviltus

849 1666 882 1686 ex
893 1657 1021 1685 Ctesareo
1030 1655 1126 1683 codice
1139 1653 1285 1689 supplevit.
1297 1651 1376 1679 Nulla
1389 1650 1483 1685 itaque
1496 1648 1541 1675 hic
1551 1648 1584 1675 de
1598 1647 1641 1674 in-

849 1704 1015 1740 terpolatore
1028 1702 1103 1737 justa
1113 1699 1245 1731 suspicio.
1262 1698 1291 1725 lu
1303 1697 1428 1725 Romano
1435 1695 1528 1723 codice
1538 1694 1643 1728 aliquot

850 1750 971 1786 pagellas
985 1749 1081 1777 deesse
1095 1746 1201 1775 notavit
1214 1745 1247 1773 ι).
1264 1744 1399 1776 Savilius;
1420 1742 1503 1778 idque
1523 1740 1640 1786 manife-

850 1784 898 1824 sto
907 1803 941 1823 ex
954 1795 1014 1830 ipso
1027 1794 1089 1821 loco
1103 1791 1330 1828 deprehenditur.
1347 1789 1386 1817 Ita
1394 1786 1466 1815 enim
1478 1786 1549 1820 apud
1560 1784 1643 1813 Sirle-

850 1846 909 1869 tum
923 1844 950 1868 et
962 1839 1112 1867 Beurerum
1127 1836 1269 1871 legebatur
1286 1844 1292 1862 :
1305 1832 1421 1861 Κελεύει
1433 1830 1480 1859 οὖν
1496 1832 1546 1867 τὴν
1561 1838 1644 1865 itaque

850 1888 899 1923 λὴν
913 1886 950 1922 μὴ
961 1884 1031 1913 εἶναι
1045 1883 1163 1920 γυμνὴν,
1175 1881 1242 1909 ἀλλὰ
1258 1879 1467 1915 κεκαλυμμένην
1477 1897 1484 1910 ,
1496 1878 1539 1905 ἵνα
1554 1876 1643 1912 μάθῃς

849 1922 882 1959 τίν
895 1932 942 1959 καὶ
960 1929 1061 1967 μεταξὺ
1077 1929 1180 1956 τούτων
1192 1928 1217 1955 οἱ
1227 1925 1361 1957 κώδωνες,
1376 1925 1403 1952 id
1417 1929 1459 1951 est
1470 1922 1546 1958 jubet
1563 1926 1644 1956 caput

851 1979 960 2006 minime
980 1985 1035 2005 esse
1056 1976 1156 2003 nudum
1176 1974 1222 2002 sed
1245 1977 1414 2007 coopertum,
1430 1975 1458 1997 ut
1482 1969 1552 1996 sciat
1577 1967 1642 2003 quid

850 2025 930 2052 etiam
944 2024 1013 2051 inter
1027 2023 1082 2050 hac
1098 2019 1288 2049 tintinnabula.
1307 2017 1376 2052 Quis
1391 2021 1483 2044 autem
1502 2023 1557 2042 non
1569 2013 1644 2042 videt

851 2070 1004 2106 posteriora
1017 2068 1101 2103 hujus
1113 2066 1256 2095 sententiae
1267 2073 1281 2092 a
1296 2063 1433 2099 prioribus
1447 2065 1505 2089 toto
1519 2060 1589 2087 uelo
1601 2059 1645 2087 di-

851 2116 943 2144 stare?
956 2115 1024 2149 Quis
1039 2121 1095 2141 non
1107 2113 1201 2141 statim
1215 2109 1390 2147 persentiscit
1402 2108 1508 2144 aliquot
1520 2106 1644 2142 pagella:

850 2163 946 2190 deesse
963 2162 1036 2189 inter
1055 2161 1099 2187 ἵνα
1127 2158 1217 2195 μάθῃς
1235 2162 1263 2185 et
1284 2157 1311 2184 τί
1329 2155 1394 2183 καίῖ
1415 2155 1488 2190 quod
1505 2153 1645 2182 veteribus

851 2216 919 2236 mss.
938 2214 1071 2243 perquam
1084 2205 1219 2233 familiare
1231 2207 1283 2231 est.
1307 2202 1359 2230 Ubi
1373 2202 1447 2229 enim
1459 2199 1589 2228 librarius
1601 2199 1648 2226 it.-

853 2255 921 2283 cidit
939 2255 967 2281 in
981 2254 1104 2282 codicem
1116 2260 1150 2280 ex
1167 2259 1224 2287 quo
1239 2258 1293 2278 una
1308 2249 1351 2278 vel
1360 2249 1456 2284 plures
1472 2247 1578 2283 pagina:
1590 2246 1645 2274 inr-

854 2306 880 2329 te
896 2301 996 2328 excisae
1019 2303 1103 2332 sunt,
1119 2303 1168 2326 aut
1186 2305 1240 2325 non
1257 2296 1491 2327 animadverteris,
1511 2297 1560 2320 aut
1575 2292 1645 2320 nihil

853 2354 965 2378 curans.
980 2345 1073 2373 omnia
1087 2343 1185 2372 eodem
1201 2347 1296 2370 tenore
1315 2340 1386 2369 solet
1407 2338 1584 2367 describere:
1601 2337 1645 2364 id-

853 2401 907 2429 que
925 2400 979 2420 non
992 2392 1020 2419 in
1031 2392 1127 2419 eodem
1139 2397 1224 2425 opere
1232 2386 1440 2419 tantummodo,
1456 2384 1504 2413 sed
1517 2384 1600 2412 etiam
1616 2383 1645 2410 in

854 2439 971 2468 diversis
982 2438 1078 2466 eodem
1091 2435 1228 2464 volumine
1241 2432 1449 2469 comprehensis
1456 2438 1528 2466 saepe
1541 2429 1645 2458 factum

854 2491 913 2519 est,
930 2485 977 2512 ubi
997 2485 1062 2512 linis
1084 2484 1189 2516 unius,
1218 2481 1326 2509 initium
1352 2483 1444 2506 autem
1470 2476 1583 2505 alterius
1611 2475 1647 2503 ab

855 2530 1005 2566 exemplari
1027 2528 1209 2558 describenda
1233 2526 1311 2563 prius
1325 2525 1450 2553 excisum
1465 2527 1519 2551 est.
1542 2521 1601 2550 Hoc
1618 2522 1646 2549 itt

855 2577 978 2613 epistolis
988 2576 1131 2612 Polycarpi
1143 2579 1171 2603 et
1186 2574 1319 2602 Barnabaa
1333 2572 1386 2600 viri
1397 2571 1471 2599 docti
1482 2569 1646 2606 jampridem

855 2623 1116 2659 deprehenderunt:
1135 2622 1190 2649 hoc
1212 2620 1271 2655 ipse
1290 2620 1316 2647 in
1337 2625 1405 2646 mss.
1425 2616 1539 2644 Thoma:
1561 2615 1647 2650 magi-

857 2671 918 2704 stri,
930 2674 956 2697 et
967 2668 1107 2697 Theodori
1123 2667 1320 2703 ptenitentialis
1334 2663 1492 2696 observavi,
1513 2662 1560 2697 qui
1575 2661 1648 2697 apud

857 2721 968 2744 nostros
991 2714 1234 2749 Cantabrigienses
1260 2715 1449 2740 asservantur.
1467 2709 1537 2736 Cum
1564 2708 1650 2743 igitur

856 2763 941 2790 editio
961 2762 994 2789 υ.
1014 2760 1111 2788 Savilii
1126 2764 1181 2788 tam
1195 2759 1270 2786 clare
1288 2763 1371 2793 atque
1388 2756 1534 2792 perspicue
1555 2754 1647 2782 omnia

858 2806 993 2843 suppleat,
1008 2809 1040 2834 ut
1054 2805 1128 2841 prior
1140 2811 1207 2840 pars
1222 2803 1364 2832 sententiae
1380 2807 1435 2830 tam
1453 2801 1600 2830 incondita:
1614 2800 1649 2828 iis
