1866 3073
30 197 66 223 *ἔω
415 200 440 226 .i.
459 198 638 226 PEARSONII
660 198 821 226 VlNDlCl/E
840 196 1052 225 IGNATIANE.
1070 212 1105 217 —-
1124 196 1214 223 PARS
1232 195 1253 224 I.

1609 196 1663 222 20?.

38 257 112 284 lasani
125 256 345 292 Chrysostomo
364 258 493 285 attributa
511 257 579 291 luit;
599 265 716 292 eamque
730 258 822 293 potius
837 261 860 289 Α
873 255 969 284 Jobius
981 255 1135 282 monachus
1145 254 1281 286 videatur,
1294 253 1342 288 qui
1358 252 1519 288 Dionysium
1541 251 1664 287 Areopa-

36 302 114 330 lmnui
136 301 288 330 Nesteutze
310 303 491 331 tribuendam
511 307 588 338 putat
610 302 759 330 Usserius:
777 311 824 330 nc-

34 356 75 383 que
89 348 185 377 dubito
210 350 285 384 quin
312 355 402 377 recte.
428 349 495 377 Nam
512 357 544 377 ea
561 358 623 384 quae
646 350 778 383 continet,
797 354 826 377 et

31 395 207 428 patriarcham
226 395 355 430 sapiunt,
371 400 400 423 et
414 395 533 423 Mauritii
546 401 651 423 aetatem
666 395 813 431 praeferunt

29 449 78 475 qua
94 445 135 467 tot
154 441 282 468 haereses
303 441 492 475 pullulabant;
515 446 543 469 et
565 441 651 468 libera
676 441 722 468 illa
743 445 825 476 atque

27 495 117 514 severa
133 487 300 522 objurgatio
315 488 508 523 episcoporum
520 508 527 520 ,
543 488 615 523 quod
631 488 720 515 ventri
741 488 825 515 dediti

24 537 125 566 essent,
140 538 170 560 et
181 533 260 568 quod
276 533 511 567 splendidioribus
530 533 653 560 vestibus
672 537 823 565 uterentur,

23 579 58 605 illi
75 580 104 606 in
120 579 225 614 primis
242 578 380 606 Nestcuta:
393 580 535 612 convenit,
548 580 595 614 qui
610 586 640 606 se
652 579 751 606 inediis
764 586 824 605 ma-

20 625 153 658 cerabat,
174 633 227 652 uec
248 625 439 653 monachalem
464 625 587 652 habitum
603 632 724 660 unquam
739 632 824 652 exne-

20 673 76 698 bat.

54 718 117 744 lmo
133 718 184 745 diu
206 722 272 745 ante
286 717 433 745 Leontium
458 723 486 745 et
506 717 639 745 Joannem
665 717 823 746 Neslcutam

18 763 195 800 Dionysium
219 766 414 801 Areopagitam
440 766 550 800 agnovit
577 764 758 800 Ephraemius
774 773 824 800 pa~

18 812 147 838 triarcha
164 811 367 845 Antiochenus,
386 812 413 838 in
430 811 493 839 libri
508 812 653 847 cujusdam
672 813 754 839 tertio
766 817 824 839 tra-

17 862 112 889 ctatu,
129 857 179 891 qui
194 856 348 892 apologiam
362 857 473 884 concilii
486 856 722 885 Chalcedonensis
735 857 824 885 conti-

18 903 120 930 nebat.
147 901 204 929 Ubi
227 904 384 930 necessario
407 903 538 930 lectorem
559 903 727 930 monendum
747 903 823 935 duxi,

19 948 128 975 librum
145 956 212 975 eum
227 956 283 976 non
300 948 384 976 fuisse
400 949 434 976 de
449 949 535 976 sacris
549 948 703 976 Antiochia:
718 949 824 984 legibus

20 994 208 1029 inscriptum,
222 1000 254 1022 ut
266 996 403 1031 pessimus
418 995 510 1023 Photii
525 997 661 1031 interpres
679 995 823 1028 indicavit,

20 1041 88 1067 dum
112 1041 176 1069 hsec
199 1041 284 1068 verba
301 1050 309 1068 :
326 1040 497 1077 ’Δνεγνώσθη
517 1041 617 1076 βιὸλίον
629 1041 676 1068 τοῦ
696 1041 777 1068 αὑτοῦ
796 1042 824 1067 ἐν

23 1086 116 1120 ἁγίοις
141 1086 329 1122 Ἐφραιμίου,
350 1087 380 1118 ὃς
404 1086 458 1114 τῶν
481 1087 560 1124 ἱερῶν
584 1087 635 1122 τῆς
662 1087 824 1123 Ἀντιοχείας

23 1133 137 1168 Θεσμῶν
158 1134 266 1168 ἡγεῖτο,
281 1134 310 1160 ὲν
326 1133 415 1168 λόγοις
431 1133 593 1170 τέσσαρσιν,
609 1135 645 1161 ita
662 1134 803 1162 transtulit
817 1143 823 1161 :

24 1178 90 1213 Legi
115 1179 239 1213 ejusdem
261 1181 348 1206 sancti
367 1180 479 1206 alterum
505 1179 602 1207 librum
627 1180 672 1215 qui
694 1180 725 1207 de
741 1180 824 1207 sacris

26 1226 181 1253 Antiochia:
202 1225 306 1261 legibus
333 1231 438 1259 narrat,
455 1226 529 1253 libris
541 1233 675 1262 quatuor,
701 1234 764 1254 cum
779 1227 825 1254 illa

27 1272 111 1298 verba
129 1272 188 1297 τῶν
205 1272 288 1308 ἱερῶν
302 1272 351 1307 τῆς
371 1272 533 1307 Ἀντιοχείας
547 1273 654 1308 θεσμῶν
671 1273 763 1308 ἡγεῖτο
781 1273 824 1299 ni-

30 1319 66 1345 hil
82 1319 158 1346 aliud
176 1319 301 1346 indicent
313 1327 397 1354 quam
417 1327 479 1346 etim
497 1319 583 1347 fuisse
594 1320 745 1347 Antiochiae
766 1319 824 1354 epi-

31 1372 156 1400 scopum.
179 1365 208 1391 ln
234 1365 279 1392 illa
296 1365 380 1401 igitur
399 1366 523 1401 apologis
540 1365 736 1400 Ephracmius,
756 1370 825 1392 teste

31 1410 129 1438 Pbotio
145 1412 244 1439 codice
255 1411 308 1439 229
322 1421 329 1439 ι
342 1412 414 1442 Ὅτι,
428 1412 525 1447 φησὶν,
538 1412 567 1438 ἓν
575 1412 732 1447 πρόσωπον,
747 1419 826 1438 τουτ-

32 1457 87 1483 έστι
105 1457 171 1492 μίαν
195 1458 346 1484 ὑπόστασιν
376 1457 422 1484 τοῦ
439 1458 524 1492 Λόγου
549 1457 761 1493 σεσαρκωμένην
780 1465 826 1492 κη-

34 1503 175 1539 pinu-pair
193 1503 290 1539 ἐπειδὴ
305 1504 351 1530 καὶ
362 1504 463 1536 ἁπλοῦς
483 1503 586 1539 Ἰησοῦς
598 1503 742 1538 συνετέθη,
755 1503 826 1530 κατὰ

33 1550 74 1575 τὸν
99 1552 128 1576 ἐν
155 1550 247 1584 ἁγίοις
264 1551 461 1586 Ἀρεοπαγίτην
477 1550 623 1576 Διονύσιον.
643 1549 697 1576 Καὶ
713 1550 758 1575 ἐπὶ
777 1549 825 1584 μὲν

34 1596 79 1629 τῆς
94 1596 156 1622 καθ’
175 1596 327 1622 ὑπόστασιν
345 1595 467 1628 ὲνώσεως
483 1595 595 1627 δικαίως
617 1594 692 1631 παρὰ
713 1595 762 1630 τῆς
781 1595 825 1621 εὐ·
839 1606 860 1633 C

35 1643 138 1674 σεὸεἱας
156 1643 190 1668 τὸ
204 1642 332 1669 σύνθετον
346 1642 464 1676 λέγεται·
483 1641 608 1669 σύνθετον
625 1642 652 1668 δὲ
673 1642 766 1669 οὐσίαν
787 1644 828 1669 οὑ-

33 1689 84 1720 ἰεὶς
106 1690 198 1716 εἰπεῖν
220 1689 355 1724 ἐτόλμησε
379 1688 447 1724 πλὴν
472 1688 686 1725 Ἀπολλιναρίου.
705 1689 827 1722 Quaem-

35 1736 195 1769 eptissimus
210 1735 348 1770 interpres
363 1735 399 1762 ita
408 1737 505 1762 vertit:
517 1735 618 1763 Asserit
628 1737 826 1772 unam,inquit,

34 1789 183 1813 personam,
205 1781 254 1807 hoc
276 1785 314 1807 est
338 1779 414 1807 Verbi
434 1780 569 1807 incantati
587 1780 741 1815 hypostasin
764 1789 827 1815 pro-

35 1829 200 1855 nuntiamus.
230 1827 448 1864 Quandoquidem
471 1828 615 1862 simplicem
637 1829 711 1862 ponit
734 1827 827 1854 Iesum

37 1874 66 1901 D.
81 1874 227 1909 Dionysius
245 1874 423 1909 Areopagita;
441 1880 464 1901 et
488 1874 519 1901 de
534 1873 700 1908 hypostatica
720 1873 826 1909 quidem

36 1919 146 1952 unione,
161 1919 238 1953 juste
254 1924 347 1946 contra
360 1920 481 1954 pietatem
507 1919 681 1953 compositum
703 1919 826 1950 dicitur;

35 1966 209 2000 compositum
227 1973 288 1992 vero
304 1965 391 1992 dicere
408 1973 482 1992 nemo
500 1965 597 1991 audeat
613 1969 710 1996 prwter
726 1964 826 1999 Apolli-

34 2013 149 2039 narium.
165 2011 207 2039 Tu
223 2012 260 2039 ita
283 2017 375 2039 vertas
390 2020 397 2038 :
415 2011 515 2044 Unam,
541 2012 645 2046 inquit,
665 2020 802 2046 personam
816 2032 824 2044 ,

35 2057 80 2083 hoc
95 2062 144 2090 est,
160 2065 243 2084 unam
266 2056 345 2083 Verbi
356 2057 511 2092 Izypostasin
522 2077 529 2088 ,
545 2057 714 2083 incurnatam
726 2056 826 2092 pra'di-

34 2111 122 2130 cantus
138 2111 147 2129 :
165 2103 293 2138 quoniam
318 2108 343 2129 et
369 2103 480 2138 simplex
504 2102 584 2129 Jesus
603 2103 823 2138 componebatur,

34 2149 177 2175 secundum
193 2149 232 2177 .S.
261 2149 448 2183 Areopagitam
476 2148 640 2184 Dionysium.
665 2148 770 2175 Etenim
792 2149 824 2176 de

34 2194 128 2220 unione
150 2194 299 2221 secundum
321 2194 493 2228 Ityposlasin,
515 2195 588 2229 juste
605 2195 636 2221 ab
654 2195 712 2229 ipsa
728 2195 824 2229 pietate

33 2241 206 2274 compositum
220 2240 340 2272 dicitur;
354 2241 533 2267 substantiam
551 2245 638 2267 autem
652 2241 822 2275 compositam

875 302 959 338 gitam
974 301 1066 336 magni
1078 300 1158 333 fecit;
1173 307 1236 326 nam
1253 306 1316 327 cum
1332 298 1362 326 S.
1378 298 1456 326 Pauli
1470 299 1663 326 testimonium

876 347 947 374 forte
961 347 1140 379 adduxisset,
1164 346 1257 373 statim
1274 345 1417 379 subjunsit
1431 353 1438 371 :
1455 344 1510 371 Καὶ
1526 345 1540 371 ὁ
1555 346 1665 380 γνήσιος

874 392 904 419 δὲ
918 393 1011 420 τούτου
1032 392 1169 428 μαθητὴς.
1193 392 1208 418 ὁ
1226 391 1306 425 σοφὸς
1323 390 1469 423 Διονύσιος,
1486 390 1520 417 τὰ
1531 391 1601 417 αὐτὰ
1619 391 1665 417 καὶ

874 440 930 470 τοῖς
942 439 1033 470 αὐτοῖς
1046 437 1145 474 μικροῦ
1161 437 1379 474 διαμαρτύρεται
1396 438 1511 473 ῥήμασι,
1524 438 1571 464 καὶ
1588 437 1666 472 μάλι-

877 482 928 510 στὰ
940 491 971 518 γε
987 485 1016 510 ὲν
1031 484 1086 514 τοῖς
1103 483 1167 519 περὶ
1185 482 1232 509 τοῦ
1252 482 1354 509 τελείου
1374 482 1421 509 καὶ
1433 483 1491 514 ἑνός
1506 492 1512 510 :
1529 482 1665 518 Hujusque

875 539 1016 566 germaou
1032 530 1193 565 discipulus,
1211 530 1316 565 sapiens
1335 530 1380 557 ille
1399 529 1555 565 Dionysius,
1575 531 1665 557 eadem

875 581 901 603 et
917 576 1011 603 iisdem
1024 576 1211 611 propemodum
1228 580 1341 603 testatur
1361 577 1444 604 verbis
1455 596 1462 609 ,
1484 577 1599 603 maxime
1621 576 1665 603 ubi

875 623 907 650 de
921 622 1034 657 perfecto
1046 628 1124 658 atque
1141 630 1192 648 uno
1206 623 1273 658 agit,
1288 623 1340 650 hoc
1355 627 1407 656 est,
1430 623 1457 650 in
1473 628 1596 650 extremo
1618 631 1665 650 ca-

875 669 930 703 pite
940 669 1002 696 libri
1018 668 1056 696 De
1071 669 1168 695 divinis
1180 668 1346 701 nominibus;
1361 669 1435 704 quod
1451 675 1542 697 tamen
1562 677 1578 696 a
1601 669 1665 696 Sui-

875 715 920 748 da,
935 715 982 750 qui
998 714 1080 750 hujus
1096 714 1157 742 libri
1171 718 1263 749 partes
1277 714 1319 742 bis
1333 719 1495 748 enumerat,
1519 715 1664 750 utrobique

876 761 1024 789 omittitur.

909 805 1034 833 Andreas
1045 804 1227 833 Caesareensis
1239 805 1396 840 episcopus,
1417 804 1460 831 vir
1474 805 1565 840 gravis
1577 808 1605 832 et
1618 811 1664 832 ca-

875 851 1015 885 tholicus,
1040 851 1278 880 consentientibus
1305 851 1472 878 Bellarmino
1491 856 1518 878 et
1541 849 1663 882 Usserio,

876 899 949 925 circa
961 905 1062 924 annum
1079 898 1329 933 quingentesimum
1345 897 1473 932 scripsit:
1489 901 1562 924 certe
1576 898 1663 924 nemi—

839 933 860 960 B
875 952 936 971 nem
952 944 1019 971 citat
1034 944 1080 979 qui
1097 943 1181 971 fuerit
1192 944 1221 971 S.
1237 943 1341 979 Cyrillo
1355 944 1459 979 junior,
1473 951 1522 971 nec
1537 944 1594 979 ipse
1611 943 1665 980 ily-

875 991 950 1026 patio
961 990 1057 1024 junior
1070 990 1189 1018 videtur.
1205 989 1252 1017 llle
1263 995 1354 1017 autem
1376 989 1404 1017 in
1418 990 1601 1026 Apocalypsin
1617 998 1664 1018 ca—

875 1036 930 1070 pite
960 1036 994 1063 10
1007 1057 1014 1067 ,
1036 1036 1070 1064 de
1095 1035 1169 1064 senis
1192 1036 1242 1063 alis
1260 1040 1379 1071 quatuor
1393 1035 1552 1062 animalium
1569 1043 1662 1071 agens.

874 1081 961 1110 ταῦτα
974 1084 988 1109 ὁ
1003 1082 1088 1118 μέγας
1100 1082 1166 1118 φησὶ
1180 1081 1327 1113 Διονύσιος,
1344 1081 1392 1108 καὶ
1408 1081 1443 1108 τὰ
1453 1081 1526 1117 ἑξῆς,
1546 1081 1601 1109 lucc
1613 1083 1663 1114 ait,

875 1134 985 1164 magna:
1003 1129 1159 1164 Dionysius,
1177 1134 1230 1156 etc.
1245 1128 1278 1155 Et
1292 1128 1382 1163 capite
1399 1126 1443 1161 18,
1460 1127 1539 1155 docet
1560 1132 1663 1162 septem

876 1177 987 1211 angelos
1002 1184 1016 1204 a
1031 1177 1120 1212 primo
1135 1184 1231 1204 ansam
1245 1175 1413 1203 vaticinandi
1430 1175 1580 1210 accepisse,
1594 1175 1663 1203 κατὰ

875 1222 923 1257 τὴν
947 1222 986 1258 τῷ
1012 1222 1138 1258 μακαρίῳ
1162 1221 1292 1257 Διονυσίῳ
1313 1220 1494 1257 διωρισμένην
1516 1220 1664 1257 ἀγγελικὴν

875 1268 1000 1302 εὐταξίαν
1009 1289 1016 1302 ,
1033 1272 1174 1295 secundum
1185 1268 1333 1303 angelicum
1349 1267 1468 1294 ordinent
1484 1275 1501 1294 a
1513 1267 1588 1294 beato
1599 1267 1665 1295 Dio-

876 1315 951 1350 nysio
966 1314 1152 1342 distributum.
1170 1314 1202 1341 Et
1217 1322 1313 1342 rursus
1325 1314 1413 1348 capite
1426 1314 1476 1347 45,
1494 1314 1598 1348 phialas
1611 1315 1663 1341 ob-

876 1368 989 1388 servans
1004 1368 1020 1387 a
1032 1366 1152 1395 quatuor
1166 1359 1332 1386 animalibus
1344 1364 1447 1394 septem
1461 1360 1566 1395 angelis
1573 1360 1662 1392 datas,

875 1406 961 1442 δηλοῖ,
977 1407 1074 1440 inquit,
1087 1406 1118 1432 τὸ
1134 1407 1166 1432 ἐκ
1180 1405 1234 1432 τῶν
1251 1405 1366 1441 πρώτων
1381 1405 1424 1432 ἀεὶ
1442 1406 1482 1437 είς
1499 1405 1532 1439 τὰ
1549 1405 1663 1442 δεύτερα

875 1453 923 1488 τὴν
931 1452 1029 1488 γνῶσιν
1040 1451 1093 1478 τῶν
1103 1452 1246 1488 πρακτέων
1257 1453 1286 1478 ὲν
1296 1452 1420 1487 οὐρανοῖς
1429 1452 1662 1487 μετοχετεύεσθαι,

876 1499 946 1526 κατὰ
962 1499 1006 1526 τὸν
1022 1499 1108 1534 μέγαν
1123 1497 1269 1531 Διονύσιον,
1281 1498 1414 1532 signiﬁcat
1432 1499 1593 1533 agendorum
1615 1507 1663 1526 no-

877 1546 964 1573 titiam
979 1547 1005 1572 in
1019 1546 1090 1572 coalis
1107 1554 1122 1572 a
1139 1545 1232 1580 primis
1245 1546 1280 1571 ad
1298 1544 1415 1571 secunda
1431 1545 1558 1577 derivari,
1571 1553 1664 1572 secun-

877 1592 939 1619 dum
957 1599 1081 1627 magnum
1095 1591 1264 1626 Dionysium.
1288 1590 1351 1618 Haec
1365 1594 1456 1618 autem
1478 1591 1552 1618 clare
1571 1596 1663 1617 osten-

878 1637 947 1664 dunt
958 1637 1109 1665 catholicos
1122 1637 1286 1670 nonnullos,
1305 1644 1360 1664 non
1385 1641 1491 1664 tantum
1506 1641 1568 1664 ante
1586 1645 1612 1664 a.
1631 1636 1662 1663 D.

877 1684 939 1718 630,
958 1685 1005 1712 sed
1018 1690 1045 1712 et
1056 1693 1104 1719 per
1120 1688 1205 1712 totum
1221 1689 1328 1712 sextum
1344 1683 1475 1711 saeculum
1492 1683 1663 1718 Areopagiti-

876 1739 908 1758 ca
920 1731 1010 1766 magni
1026 1731 1187 1759 aestimasse.
1203 1730 1260 1758 lloc
1270 1735 1361 1758 autem
1374 1730 1452 1765 prius
1463 1731 1662 1763 demonstrato,

876 1777 962 1804 multo
974 1776 1079 1804 facilius
1091 1777 1206 1804 alterum
1218 1777 1388 1812 probabitur,
1405 1777 1509 1804 scilicet
1523 1783 1661 1804 auctorem

876 1823 1130 1858 Areopagiticorum
1145 1823 1191 1850 diu
1213 1828 1277 1850 ante
1294 1831 1396 1850 annum
1414 1822 1466 1851 520
1484 1830 1514 1850 ea
1531 1823 1660 1851 cdidissu.

877 1867 926 1894 Vix
946 1868 1019 1895 enim
1041 1868 1170 1903 cuiquam
1193 1868 1324 1895 credibile
1348 1868 1500 1900 videbitur,
1526 1873 1565 1896 tot
1587 1869 1663 1896 viros

875 1916 998 1943 eruditos
1014 1915 1102 1950 prima
1116 1915 1178 1943 libri
1190 1919 1244 1943 tam
1261 1915 1387 1943 inusitati
1403 1916 1494 1950 specie
1514 1915 1599 1944 fuisse
1613 1917 1661 1944 de-

875 1961 960 1988 lusos.

910 2007 1074 2034 Anastasius
1087 2005 1316 2034 Bibliothecarius
1335 2006 1361 2033 in
1380 2007 1495 2042 cpistola
1517 2007 1551 2035 ad
1569 2016 1660 2043 regem

875 2051 1003 2079 Carolum
1020 2053 1053 2080 dc
1073 2053 1272 2087 Areopagiticis
1287 2053 1361 2084 data,
1374 2053 1407 2080 de
1422 2053 1540 2081 editione
1558 2053 1661 2090 Diony-

875 2099 908 2125 sii
924 2107 937 2126 a
954 2107 984 2126 sc
996 2099 1167 2134 promulgata
1192 2100 1228 2126 ita
1251 2099 1373 2134 loquitur
1394 2108 1400 2126 :
1427 2098 1549 2133 Ipsorum
1573 2105 1660 2127 autem

875 2145 1035 2172 sclwliarum
1052 2146 1105 2172 sive
1120 2146 1292 2179 paratheseon
1309 2153 1469 2180 quwcunque
1489 2145 1516 2172 in
1536 2146 1606 2173 calce
1619 2148 1660 2172 sui

874 2189 978 2224 signum
993 2190 1102 2224 vivi/ica?
1121 2191 1207 2216 crucis
1219 2190 1315 2216 habent
1331 2199 1347 2216 a
1360 2189 1393 2216 B.
1419 2190 1539 2217 Max-imo
1559 2192 1661 2225 confes-

875 2243 934 2261 sore
946 2240 970 2262 et
984 2236 1108 2262 monac/to
1121 2237 1224 2263 inuenta
1239 2243 1393 2262 narrantur.
1410 2236 1511 2263 Cretera
1526 2245 1585 2263 vero
1597 2246 1660 2264 san-

33 2293 106 2311 ncmo
129 2286 218 2312 dicere
239 2293 322 2312 ausu;
345 2290 383 2311 est
395 2306 401 2317 ,
418 2291 515 2320 prayer
539 2286 747 2320 Apollinarium,
773 2285 822 2313 llic
838 2281 860 2308 Ι)
874 2282 909 2307 tit
920 2280 1033 2308 Joannis
1048 2281 1258 2316 Scytlwpolitaui
1280 2282 1328 2316 (ita
1350 2286 1422 2309 recte
1439 2282 1536 2317 legitur
1555 2284 1581 2309 ill
1608 2292 1660 2310 IIIS.

34 2335 122 2357 autem
139 2330 322 2365 Ephraemius
343 2331 498 2365 patriarcha
521 2331 707 2358 Antiochcnus
733 2331 822 2358 lactus

33 2380 73 2402 est
88 2377 162 2403 circa
177 2377 249 2403 idem
267 2381 394 2411 tempus,
407 2385 463 2411 quo
483 2377 655 2405 Justinianus
676 2378 820 2412 imperium

34 2422 147 2456 adeptus
159 2427 212 2453 est,
229 2426 258 2448 ut
273 2427 389 2448 testatur
403 2421 598 2456 Theophanes,
613 2423 664 2450 hoc
679 2427 731 2456 est,
744 2428 821 2450 antc-

33 2475 112 2500 quam
130 2467 298 2503 Areopagita
314 2468 340 2494 in
353 2469 481 2496 manibus
503 2468 712 2496 Severianorum
737 2470 822 2496 lucre-

34 2512 149 2540 ticorum
164 2521 258 2540 coram
277 2513 392 2549 Hypatio
409 2515 545 2549 apparuit,
566 2515 638 2542 circa
658 2523 681 2542 a.
705 2515 736 2540 D.
758 2515 820 2547 526,

35 2564 59 2585 et
72 2559 184 2594 scripsit
197 2564 345 2595 antequam
362 2561 482 2587 secundo
494 2561 643 2594 productus
653 2565 693 2586 est
706 2561 739 2587 ab
755 2561 822 2586 Acc—

36 2604 122 2637 phalia
137 2604 212 2631 circa
226 2612 252 2630 a.
268 2604 338 2637 560;
355 2613 418 2631 nam
433 2606 490 2640 ipse
502 2604 682 2639 Eplirarniius
695 2611 758 2632 ante
773 2614 821 2632 an-

38 2656 99 2675 num
112 2649 166 2676 543
183 2653 310 2677 mortuus
325 2654 380 2677 est.
399 2649 478 2677 Unde
494 2651 550 2678 duo
569 2650 660 2678 Dallaei
673 2651 751 2678 ell‘ata
766 2655 823 2678 sta-

37 2695 82 2721 tim
99 2696 260 2729 coucidunt,
276 2703 372 2724 omnes
383 2718 390 2730 ,
407 2697 512 2724 scilicet
532 2697 654 2732 ejusdem
669 2698 717 2724 aevi
731 2698 823 2725 catho-

37 2740 118 2775 licos,
138 2743 211 2770 idem
229 2751 292 2771 cum
319 2743 436 2780 Hypatio
459 2744 596 2779 Ephesino
614 2744 821 2779 archiepiscopo

39 2789 162 2820 sensisse,
181 2793 209 2816 et
228 2791 262 2817 ad
277 2798 381 2818 annum
403 2790 512 2817 Domini
525 2791 588 2823 555,
602 2795 628 2818 et
639 2791 709 2818 ultra
725 2791 820 2823 etiam,

41 2835 166 2863 mansisse
181 2835 255 2870 apud
269 2836 423 2863 catholicos
437 2844 528 2863 veram
552 2835 658 2871 llypatii
678 2836 710 2863 de
725 2836 820 2864 aliietis

42 2876 160 2915 Dionysio
175 2880 255 2908 libris
269 2880 449 2908 sententiam.
465 2880 516 2907 Cui
533 2880 586 2908 hoc
601 2881 682 2908 etiam
698 2888 751 2907 non
765 2881 820 2907 im-

40 2926 128 2953 merito
141 2927 204 2954 addi
218 2930 320 2962 potest,
336 2926 411 2961 quod
429 2927 501 2954 illius
514 2927 598 2954 ctiam
621 2927 711 2955 δίπρυιί
735 2927 819 2955 fuisse

191 2975 334 3005 Parnm.
365 2974 425 3003 (in.
448 2975 482 3003 ν.

874 2327 1034 2361 Oxoniensi,
1057 2336 1112 2355 non
1137 2329 1328 2363 Sycopolitani,
1356 2334 1385 2356 ut
1411 2330 1456 2356 alii
1473 2335 1601 2364 corrupte
1627 2330 1661 2356 le-

874 2373 951 2407 gunt)
968 2373 1096 2399 antistitis
1116 2381 1171 2400 esse
1198 2375 1329 2408 feruntur.
1352 2373 1472 2401 Joannes
1496 2375 1577 2408 igitur
1593 2374 1659 2409 Scy-

874 2419 1059 2453 thopolitanus
1077 2420 1181 2447 scholia
1201 2421 1227 2446 in
1243 2421 1327 2448 libros
1342 2420 1464 2456 Dionysii
1486 2420 1607 2454 scripsit,
1626 2421 1660 2447 de

874 2473 930 2500 quo
946 2466 1003 2493 haec
1029 2466 1111 2492 habet
1136 2465 1308 2500 Sopltronius
1330 2465 1593 2500 llierosolymitanus
1613 2474 1659 2499 pa—

875 2512 1003 2544 triarcha,
1017 2512 1088 2546 apud
1103 2511 1230 2539 Pliotium
1247 2513 1340 2540 codice
1352 2513 1401 2540 251
1422 2522 1428 2539 :
1452 2512 1577 2547 Ἰωάννης
1600 2513 1614 2538 ὀ
1631 2521 1659 2538 εν

874 2560 961 2594 ἁγίοις
981 2560 1144 2591 Ἐπίσκοπος
1161 2560 1362 2593 Σκυθοπόλεως,
1372 2561 1400 2592 ὃς
1417 2561 1462 2587 καὶ
1480 2560 1550 2596 ὑπὲρ
1564 2561 1613 2596 τῆς
1629 2562 1657 2586 ἐν

873 2607 1023 2643 Καλχηδόνι
1041 2609 1148 2635 συνόδου
1167 2608 1255 2642 σοφῶς
1279 2616 1309 2633 τε
1329 2608 1376 2635 καὶ
1392 2608 1542 2643 οεοφρόνως
1559 2607 1661 2633 ἐσπού-

873 2653 947 2684 δασε,
967 2652 996 2680 S.
1018 2652 1132 2680 Joannes
1157 2652 1387 2688 Scythapolitonus
1409 2654 1518 2680 antistes
1541 2653 1585 2688 qui
1616 2661 1656 2678 sat

873 2699 973 2732 pienter
995 2704 1020 2725 et
1045 2699 1086 2732 pie
1109 2707 1155 2732 pro
1180 2699 1279 2732 synodo
1309 2697 1513 2726 Cltalcedonensi
1540 2699 1658 2732 scripsit.

873 2744 974 2771 Contra
995 2744 1068 2771 hunc
1087 2744 1196 2778 scripsit
1217 2743 1333 2771 Basilius
1353 2743 1433 2770 Cilix.
1465 2741 1520 2770 Ἦν
1580 2742 1658 2774 cleo;

872 2791 886 2817 ὁ
902 2790 1039 2822 Βασίλειος
1055 2789 1248 2825 πρεσϐύτερος,
1265 2789 1302 2821 ὡς
1318 2789 1399 2821 αὑτός
1432 2798 1507 2825 φησι,
1524 2791 1573 2824 τῆς
1598 2791 1656 2818 κατ’

879 2835 1042 2870 Ἀντιόχειαν
1071 2835 1242 2870 Ἑκκλησίας,
1266 2835 1503 2871 ἀρχιερατεύοντος
1531 2837 1580 2871 μὲν
1603 2837 1656 2863 τῶν

871 2881 960 2908 ἐκεῖσε
982 2880 1147 2913 Φλαῦιανοῦ,
1161 2881 1312 2916 ,Ῥωμαίων
1335 2881 1363 2908 δὲ
1386 2882 1559 2909 ’Δναστασίου
1585 2883 1659 2918 βασι-

871 2926 1017 2958 λεύοντοςν
1048 2927 1111 2954 Fuit
1135 2932 1221 2954 autem
1240 2927 1282 2954 hic
1315 2927 1431 2954 Basilius
1458 2929 1600 2962 presbyter,
1627 2936 1654 2956 ut

1488 2977 1506 3005 ἵ
