1866 3073
192 171 247 199 ωὸ

720 171 748 199 S.
773 170 946 200 IGNATIUS.
966 188 998 192 —
1016 171 1283 200 PROLEGOMENA.

1791 172 1858 209 an

193 241 249 267 ipse
268 232 317 265 ait,
334 232 502 261 Antiochense
517 232 657 265 Ecclesiae,
671 241 724 268 quo
739 238 854 268 tempore
875 233 986 260 Flavia-
1001 239 1025 266 Α
1041 234 1253 261 Alexandrinum
1273 234 1413 262 rhetorem.
1431 238 1459 260 ut
1488 233 1647 260 Anastasius
1667 238 1694 261 ct
1723 232 1858 260 Chonia‘

193 287 243 306 nus
256 279 292 305 ibi
306 285 362 306 erat
374 279 527 314 patriarcha
543 285 568 306 et
582 279 743 306 Anastasius
764 279 854 306 Romae
870 279 986 314 impera-

193 331 246 359 tor,
277 331 305 353 ut
326 325 410 353 refert
424 324 541 352 Photius
562 325 658 352 codice
675 325 737 351 107.
758 324 874 360 Scripsit
895 326 987 360 itaque

191 370 311 398 Basilius
337 371 383 398 ille
412 371 545 399 adversus
568 370 702 398 Joannem
730 370 984 407 Scythopolitanum

192 420 256 443 ante
269 424 370 443 annum
386 416 492 451 imperii
515 416 690 444 Anastasiaui
704 417 750 450 21,
771 425 826 452 quo
839 425 913 444 anno
923 417 985 444 Fla-

190 461 290 489 Vianus
310 461 436 488 exsilium
460 469 559 496 passus
575 466 627 492 est.
653 466 722 489 teste
738 462 915 498 Theophane.
935 462 983 489 Vel

191 507 276 542 igitur
302 512 366 534 ante
389 511 498 535 sextum
524 508 666 541 saeculum,
692 508 734 535 vel
753 516 786 535 eo
798 509 854 544 jam
873 509 983 536 ineunte

191 553 302 588 scripsit
314 551 436 581 Joannes
449 552 701 588 Scythopolitanus.
720 553 772 587 Qui
788 559 880 588 autem
898 555 981 582 scho-

188 599 227 626 lia
243 599 271 626 in
291 604 431 627 auctorem
454 600 588 633 scribunt,
617 607 680 628 eum
704 608 753 636 pro
780 601 863 628 veteri
890 600 982 636 aliquo

188 645 310 678 habent,
324 646 376 685 diu.
387 647 480 682 itaque
495 651 559 674 ante
571 651 679 675 sextum
693 647 823 675 saeculum
838 647 899 674 libri
915 647 980 675 Dio-
999 675 1001 677 ,

188 692 261 728 nysii
277 692 343 720 editi
355 697 430 720 sunt.
719 720 723 724 _

225 739 361 767 Maximus
374 739 457 766 etiam
474 739 577 767 indicat
590 740 683 774 plures
694 744 757 767 ante
776 747 805 767 se
826 739 852 766 in
878 738 980 775 Diony-

187 786 261 813 sium
278 786 491 814 commentarios
504 786 660 821 scripsisse,
686 794 719 813 ac
740 786 824 814 variis
846 786 980 821 interpre-

186 832 338 860 tationibus
353 832 524 865 illustrasse;
539 837 569 860 ut
581 833 614 860 ad
632 837 715 868 caput
728 833 903 861 undecimum
918 833 980 861 libri

187 879 226 905 De
242 877 346 905 Divinis
371 878 523 905 nominibus
543 886 551 904 :
579 879 662 914 Ὅλην
679 879 792 915 ἑνότητα
808 881 833 906 ot
852 880 901 915 μὲν
917 879 979 906 ἕλα-

181 923 233 950 Ἑον
249 923 298 959 τὴν
316 923 402 960 ἁπλῆν
419 923 466 950 καὶ
480 923 575 959 ἀμερῆ
600 913 654 951 τῶν
679 913 765 952 ὄντων
785 913 885 957 αἱτίάν,
912 925 980 961 πρὸς
996 913 1017 940 Β

185 969 226 1004 ἢν
243 969 277 996 τὰ
294 970 383 997 πάντα
404 971 593 1006 ἀπέστραπται
613 971 654 1002 ὼς
670 972 700 998 ὲν
722 971 791 1007 αὐτῇ
816 971 979 1007 συνιστάμε-

184 1024 229 1043 vr
255 1017 280 1044 ot
305 1017 343 1048 δὲ,
366 1017 415 1053 τὴν
437 1018 484 1045 τοῦ
505 1019 606 1050 παντὸς
623 1019 754 1054 ἁρμονίαν
775 1018 805 1051 ἐξ
827 1019 980 1055 ἐτεροφυῶν

184 1062 240 1089 τῶν
257 1063 399 1098 στοιχείων
417 1065 656 1100 συγκεκραμένην.
672 1063 723 1091 Per
742 1068 827 1092 totam
846 1065 979 1093 unitatem

180 1109 235 1135 alii
258 1109 365 1144 quidem
388 1110 575 1137 intellexerunt
597 1110 744 1145 simplicem
767 1115 793 1137 et
812 1111 979 1139 individuam

182 1165 273 1185 rerum
287 1166 405 1191 causam,
424 1159 459 1185 ad
475 1167 556 1194 quam
578 1159 667 1186 omnia
689 1166 813 1185 conversa
840 1164 913 1191 sunt,
935 1164 979 1186 ut-

183 1209 243 1239 pote
263 1205 291 1231 in
307 1205 366 1240 ipsa
383 1206 574 1238 consistentia;
599 1205 648 1232 alii
665 1213 725 1232 vero
739 1205 906 1233 harmoniam
919 1207 979 1234 uni-

183 1251 251 1278 versi
267 1258 300 1277 ea:
310 1250 445 1278 elementis
461 1251 572 1279 diversw
588 1256 693 1279 natura
709 1251 885 1279 commistam.
902 1251 934 1279 Et
950 1253 981 1286 in

183 1297 252 1331 ipsis
270 1296 382 1324 Maximi
403 1298 612 1332 commentariis
633 1298 750 1326 diversae
770 1305 842 1333 saepe
869 1299 978 1334 exposi-

181 1343 273 1370 tiones
291 1347 366 1376 sunt,
383 1351 399 1371 a
416 1343 532 1372 diversis
552 1344 613 1372 sine
633 1344 719 1372 dubio
740 1344 897 1373 scholiastis
921 1345 978 1380 pri-

183 1397 260 1416 mum
276 1389 421 1424 profectae;
439 1391 511 1417 inter
535 1390 585 1418 hos
599 1394 689 1418 autem
703 1391 794 1419 varios
812 1391 977 1419 scholiastas

182 1443 268 1462 unum
284 1436 419 1471 praecipue
433 1435 547 1463 honoris
555 1444 639 1464 causa
653 1436 787 1471 nominat,
797 1438 857 1465 sine
866 1441 978 1473 contro—

182 1481 271 1509 versia
283 1486 433 1515 vetustum,
449 1482 483 1509 ad
507 1487 589 1517 caput
609 1483 736 1518 quintum
757 1482 877 1511 Caelestis
909 1484 979 1511 hier-

181 1527 281 1555 arcltite
297 1536 307 1554 .'
327 1528 357 1555 '0
384 1527 449 1562 γοῦν
472 1528 558 1563 μέγας
574 1529 721 1561 Διονύσιος,
737 1529 752 1555 6
774 1529 976 1567 Ἀλεξανδρείας

187 1577 361 1609 Ἐπίσκοπος,
374 1577 397 1602 -ὁ
422 1577 476 1603 ἀπὸ
499 1577 632 1613 ρητόρων,
659 1578 688 1604 ὲν
710 1579 767 1609 τοῖς
790 1577 906 1613 σχολίοις
935 1574 976 1609 οἷς
988 1591 1010 1620 c

180 1623 331 1658 πεποίηκεν
357 1623 397 1655 εἰς
421 1623 467 1650 τὸν
495 1623 628 1659 μακάριον
645 1623 780 1650 Διονύσιον
797 1623 841 1650 τὸν
859 1622 975 1651 συνώνυ-

183 1679 243 1706 μον,
261 1670 333 1697 οὖτω
348 1670 435 1704 λέγει.
453 1669 568 1705 Magnus
586 1670 670 1705 igitur
687 1669 843 1705 Dionysius,
858 1670 976 1697 Alexan-

181 1716 250 1743 dria:
264 1717 412 1750 episcopus,
423 1724 437 1742 e
454 1715 614 1750 rhetoribus,
629 1717 657 1743 in
672 1716 780 1744 scholiis
794 1724 852 1749 ante
871 1717 899 1743 in
914 1717 975 1743 bea-

182 1766 238 1788 tum
257 1761 413 1796 Dionysium
430 1762 481 1789 sibi
504 1763 683 1797 cognominem
697 1763 776 1798 fecit,
797 1763 837 1790 ita
852 1763 928 1790 dicit.
943 1762 976 1790 Et

180 1804 302 1836 J'oannes
322 1808 537 1844 Cyparissiotus,
562 1809 664 1837 decade
680 1809 706 1841 l,
719 1817 779 1844 cap.
794 1810 821 1842 Ι,
836 1817 900 1837 cum
913 1817 976 1837 seu-

180 1854 296 1883 teutiam
320 1854 514 1890 Dionysianam
546 1863 580 1883 ex
604 1856 721 1890 epistola
751 1856 786 1883 ad
813 1855 905 1883 Titum
927 1856 975 1884 ad-

181 1900 317 1933 duxisset,
334 1901 411 1928 addit
427 1909 434 1928 :
452 1900 511 1928 Hoc
531 1901 635 1928 dictum
659 1901 690 1929 S.
709 1901 856 1935 Maximus,
868 1907 892 1929 et
909 1901 975 1929 Dia.

181 1948 273 1983 nysius
289 1947 487 1975 Alexandrinus
500 1949 671 1976 adnotarunt.
689 1949 721 1976 Et
738 1957 800 1977 cum
818 1950 898 1977 aliam
912 1957 975 1978 sen-

180 1995 294 2022 tentiam
310 2002 344 2022 ex
362 1995 457 2023 eadem
472 1995 600 2030 epistola,
615 1996 717 2024 decade
730 1996 757 2029 ‘2,
772 2003 832 2032 cap.
845 1996 874 2029 2,
891 1996 975 2025 citas-

181 2045 223 2068 sct
239 2049 247 2068 :
263 2040 337 2068 Alter
353 2049 423 2074 vero,
449 2041 556 2076 inquit.
582 2041 724 2077 Dionysius
750 2042 806 2069 hinc
830 2042 974 2070 edisset-ens

179 2085 231 2117 ait,
247 2092 290 2111 eos
301 2085 348 2119 qui
364 2090 484 2119 apertam
501 2085 660 2121 theologiam
677 2091 702 2113 et
719 2086 782 2113 velis
809 2086 909 2113 nudam
926 2095 975 2114 au-

180 2130 307 2162 dierunt;
328 2135 402 2165 typos
427 2131 586 2165 cogitatione
602 2140 653 2159 sua
672 2132 800 2166 formare,
819 2133 864 2166 qui
881 2132 916 2159 ad
932 2133 974 2159 in-

180 2176 356 2211 telligentiam
371 2176 505 2204 auditores
524 2177 660 2212 adjuvant.
680 2177 759 2206 Unde
779 2178 846 2206 satis
869 2182 973 2206 certum

180 2227 235 2255 est,
250 2221 410 2257 Dionysium
421 2222 636 2250 Alexandrinum
648 2223 675 2250 in
687 2222 877 2260 Areopagitam
893 2225 973 2252 scho-

179 2269 217 2296 lia
239 2269 395 2304 scripsiSSe,
425 2276 481 2295 non
508 2269 535 2295 in
563 2269 771 2297 Corinthiorum
801 2271 916 2306 episcopi

828 2271 971 2306 iiscopum,
989 2265 1218 2308 DAreopagitam
1247 2265 1363 2300 dictum,
1390 2265 1535 2301 scripsisse
1560 2275 1565 2292 :

179 2314 253 2349 quod
267 2319 320 2341 tam
335 2313 442 2340 inlicete
456 2318 656 2341 commentatus
669 2318 711 2341 est
719 2313 882 2342 Halloixius.
894 2314 973 2342 Hunc

179 2360 290 2394 quidem
309 2359 497 2399 'Diouysium,
527 2367 608 2394 quem
640 2360 674 2386 ἐκ
700 2360 822 2396 ῥητόρων
841 2360 973 2396 indigitat

178 2406 326 2438 Maximus,
347 2406 419 2432 haud
434 2404 517 2432 credo
533 2404 620 2432 fuisse
641 2405 855 2432 Alexandrinum
868 2405 973 2440 episco-

178 2459 255 2487 pum,
274 2452 341 2487 quia
357 2452 384 2478 in
398 2451 472 2478 illius
486 2451 561 2478 sedis
576 2451 768 2486 episcoporum
787 2451 909 2480 indiculo
924 2459 973 2479 ne-

177 2499 282 2526 minem
298 2502 362 2526 ante
373 2497 523 2525 Maximum
539 2497 647 2532 reperio
662 2497 715 2525 isto
728 2497 839 2525 nomine
856 2497 972 2533 insigni-

177 2548 249 2577 tum,
270 2547 368 2578 preter
394 2550 479 2570 unum
506 2543 582 2570 illum
603 2543 675 2570 tertii
688 2544 791 2577 saeculi,
804 2551 886 2579 quem
903 2543 974 2578 opti-

177 2597 255 2618 mum
269 2593 406 2617 oratorem
420 2589 529 2624 quidem
545 2589 632 2617 luisse
643 2597 773 2625 agnosco,
787 2591 834 2619 sed
848 2591 875 2618 in
890 2591 974 2617 Areo-

177 2635 308 2672 pagitica,
335 2643 397 2670 quae
424 2640 490 2662 tunc
513 2636 644 2671 temporis
672 2641 781 2664 exstare
805 2644 860 2664 non
876 2641 973 2672 potue-

178 2686 254 2714 runt.
272 2682 376 2710 scholia
389 2682 533 2718 scripsisse
548 2690 604 2710 non
616 2688 693 2718 puto.
706 2683 761 2711 Nec
774 2688 866 2711 tamen
878 2683 971 2711 Dallati

178 2728 260 2756 solita
279 2728 391 2756 libertas
411 2728 457 2756 hic
484 2729 582 2764 placet,
610 2730 656 2764 qui
677 2729 826 2757 Maximum
845 2730 972 2757 volentem

176 2773 315 2809 deceptum
330 2782 390 2802 esse
400 2774 476 2808 dicit,
489 2783 557 2803 cwco
572 2776 656 2802 animi
671 2777 714 2803 sui
731 2776 820 2803 studio
836 2776 972 2811 obsequen-

178 2824 251 2852 tem;
279 2820 326 2856 qui
352 2821 496 2848 versutiam
520 2822 582 2856 ejus
604 2825 696 2855 notat;
725 2822 772 2857 qui
798 2822 972 2849 vetustiorum

178 2870 290 2893 mentem
314 2871 458 2901 pervertere
481 2875 544 2895 eum
569 2867 686 2901 asserit;
708 2868 823 2903 quiquo
838 2869 971 2896 somnium

176 2920 254 2940 suun:
278 2912 340 2941 aliis
357 2913 536 2948 persuaderet,
563 2921 615 2941 non
639 2912 794 2948 simpliciter
812 2912 968 2949 Dionysium

1039 284 1088 313 tes,
1111 281 1167 313 sed,
1189 288 1318 315 magnum
1337 279 1497 315 Dionysium
1523 280 1599 306 illum
1613 278 1811 306 Alexandria:
1827 287 1858 306 ex

1038 325 1197 353 rhetoribus
1209 326 1368 360 episcopum
1380 325 1481 352 dixisse
1497 333 1559 352 eum
1573 326 1641 352 vult.
1659 324 1714 352 His
1735 324 1858 360 probri:

1037 375 1120 405 atque
1144 371 1284 403 convitiis,
1306 376 1335 397 ut
1362 371 1442 403 solet,
1471 370 1677 398 sanctissimum
1709 369 1858 397 doctissii

1036 424 1167 451 tuumque
1178 415 1327 443 Maximum
1345 417 1455 448 lacerat,
1477 415 1627 443 Maximum
1645 417 1750 448 illum,
1770 423 1858 451 quem

1035 461 1063 488 in
1076 470 1172 497 magna
1186 463 1269 497 fuisse
1288 463 1358 497 apud
1372 463 1517 491 catholicos
1542 463 1705 491 eruditionis
1732 467 1764 490 et
1795 471 1858 489 san-

1034 508 1137 534 ctitatis
1150 509 1273 543 opinione
1286 508 1343 543 ipse
1356 508 1501 537 confessus
1519 514 1561 537 est
1576 519 1583 536 :
1602 505 1707 545 Ἐχρῆν
1732 505 1794 536 οὖν
1813 509 1858 534 εὑ-

1032 553 1124 586 λαόῶς
1140 556 1196 586 τοῖς
1209 555 1267 593 ητῶν
1284 555 1412 591 πατέρων
1428 556 1521 588 πόνοις
1539 556 1697 592 προσέχειν·
1720 555 1809 583 ἀλλὰ
1824 556 1858 591 μὴ

1032 600 1100 635 πρὸς
1116 600 1242 636 διαϐολὴν
1262 601 1322 628 ἀντὶ
1344 601 1391 628 τοῦ
1408 602 1590 637 εὐγνωμονεῖν
1607 602 1748 638 ἑτοίμους
1769 600 1858 630 εἶναι.

1034 645 1143 680 Oportet
1162 650 1250 673 autent
1272 646 1385 673 Patrum
1411 647 1547 675 laboribus
1572 653 1729 676 reverenter
1759 653 1847 675 allen

1033 692 1104 724 dere,
1124 699 1205 727 neque
1219 692 1255 719 ad
1274 692 1493 721 calumniantium
1508 695 1607 730 potius,
1622 703 1709 729 quant
1727 695 1772 722 ad
1792 695 1858 722 bent

1031 737 1063 764 de
1075 736 1129 764 illis
1144 738 1318 764 sentiendum
1330 743 1465 773 promptos
1477 748 1543 774 esse,
1561 745 1591 767 ut
1606 741 1763 776 sapienter
1784 741 1858 768 dixit

1031 781 1163 817 Eulogius
1193 783 1350 817 patriarcha
1376 784 1589 813 Alexandrinus.
1607 785 1642 813 At
1665 790 1756 813 certe
1778 786 1858 814 (31]ον

1031 828 1133 857 niatem
1151 836 1306 864 pervertere
1326 830 1463 859 Maximus
1475 840 1530 860 non
1547 832 1646 867 potuit,
1660 834 1716 868 qui
1734 838 1786 861 tot
1801 842 1858 861 sa:-

1031 875 1102 903 culis
1116 881 1180 910 post
1196 876 1285 911 ipsum
1301 877 1379 910 vixit,
1395 882 1423 906 et
1437 879 1617 907 vetustiorum
1635 880 1729 907 verba
1755 886 1858 907 muta-

1033 922 1079 948 vit.
1091 921 1274 950 Anastasium
1286 924 1463 952 vetustiorem
1479 925 1538 960 ipso
1552 933 1606 953 non
1622 927 1787 961 pervertit,
1807 928 1858 954 sed

1031 968 1092 1003 ejus
1104 969 1186 996 verba
1206 968 1321 996 ﬁdeliter
1342 971 1476 998 recitavit.
1494 970 1553 1006 Ipse
1570 972 1642 999 enim
1665 972 1858 1001 Anastasius

1031 1012 1192 1049 Dionysium
1213 1015 1289 1042 illum
1305 1023 1360 1043 non
1376 1016 1535 1051 simpliciter
1557 1017 1728 1053 Dionysium
1756 1021 1855 1047 rheto-

1031 1067 1087 1086 rem
1100 1059 1322 1095 Alexandrinum,
1344 1068 1374 1090 ut
1386 1062 1454 1090 falso
1467 1063 1547 1091 docet
1563 1063 1697 1097 Dallaeus,
1719 1066 1779 1093 sed
1795 1075 1858 1094 ηιατ

1030 1113 1109 1140 gnum
1124 1106 1282 1141 Dionysium
1296 1108 1508 1136 Alexandrinum
1517 1118 1550 1137 ea:
1561 1110 1719 1138 rhetoribus
1737 1113 1854 1147 episca—

1028 1159 1092 1186 pum
1108 1152 1270 1186 appellavit.
1293 1153 1380 1182 Verba
1399 1155 1460 1189 ejus
1479 1160 1544 1182 sunt
1559 1156 1586 1183 in
1600 1163 1686 1191 opere
1705 1159 1794 1192 quod
1812 1159 1857 1184 in-

1029 1197 1159 1226 scribitur
1183 1192 1186 1195 .
1200 1199 1330 1236 ὀδηγόςι
1350 1201 1378 1227 '0
1386 1201 1450 1235 γοῦν
1462 1201 1548 1236 μέγας
1556 1203 1710 1235 Διονύσιος,
1723 1205 1741 1230 ὁ
1751 1205 1854 1237 Ἀλεξ-

1029 1243 1154 1280 ανδρείας
1177 1244 1357 1279 Ἐπίσκοπος,
1376 1248 1390 1273 6
1411 1247 1465 1274 ἀπὸ
1483 1248 1615 1284 ῥητόρων,
1634 1251 1664 1275 ἐν
1690 1251 1760 1282 τοῖς
1786 1259 1856 1285 σχο-

1029 1287 1096 1321 λίοις
1121 1287 1161 1322 οἷς
1190 1291 1341 1328 πεποίηκεν
1368 1294 1409 1325 είς
1434 1292 1480 1319 τὸν
1502 1294 1636 1330 μακάριον
1669 1295 1855 1331 συνώνυμον

1029 1335 1111 1362 αὐτοῦ
1128 1336 1276 1370 Διονύσιον,
1294 1338 1365 1364 οὕτω
1383 1337 1468 1373 λέγει.
1492 1338 1555 1367 Huic
1571 1339 1742 1367 ﬁdelissime
1767 1346 1855 1368 trau-

1029 1381 1140 1416 scripsit
1163 1381 1310 1415 Maximus,
1334 1391 1368 1411 ne
1389 1384 1504 1412 verbulo
1524 1384 1634 1420 quidem
1657 1385 1780 1419 addito,
1803 1392 1854 1412 aut

1028 1427 1163 1463 detracto,
1177 1434 1224 1457 aut
1241 1431 1404 1465 immutato;
1419 1436 1449 1458 ut
1459 1439 1492 1459 ex
1504 1436 1621 1466 utroque
1634 1431 1701 1458 loco
1723 1440 1741 1458 a
1761 1433 1855 1460 nobis

1028 1475 1144 1505 ﬁdeliter
1160 1485 1193 1505 ex
1213 1478 1280 1513 ipsis
1298 1479 1460 1507 auctoribus
1478 1480 1628 1514 descripto,
1649 1480 1772 1515 liquido
1800 1489 1852 1516 ap—

1028 1527 1115 1557 paret.
1132 1522 1210 1552 Unde
1225 1524 1308 1552 simul
1325 1529 1353 1553 et
1372 1524 1508 1553 Maximus
1522 1533 1538 1553 a
1559 1526 1715 1553 calumniis
1742 1526 1849 1555 Βωιωὶ

1028 1568 1171 1603 liberatur,
1186 1574 1213 1597 et
1232 1570 1379 1607 Dionysius
1392 1571 1555 1599 scholiastes
1569 1572 1851 1607 Areopagiticorum

1027 1616 1158 1644 adversus
1173 1616 1302 1644 Halloixii
1320 1617 1492 1653 conjecturas
1510 1619 1674 1646 ostenditur.
1701 1618 1736 1646 Si
1750 1620 1849 1653 enim,

1026 1663 1116 1699 inquit
1132 1664 1188 1697 ille,
1205 1664 1393 1700 Areopagitam
1405 1665 1590 1698 intellexisset,
1607 1665 1714 1700 potius,
1734 1672 1769 1693 ut
1791 1667 1848 1701 [ert

1026 1711 1186 1747 scriptorum
1200 1712 1374 1745 consuetudo,
1393 1713 1432 1739 sic
1455 1713 1559 1739 locutus
1581 1713 1688 1747 fuisset.
1707 1713 1742 1740 in
1765 1715 1849 1742 notis

1026 1765 1095 1792 quas
1125 1758 1237 1793 scripsit
1261 1758 1288 1784 in
1310 1757 1384 1785 hunc
1405 1757 1496 1793 ipsum
1519 1757 1702 1793 Dionysium;
1741 1759 1849 1794 agebat

1025 1803 1095 1830 enim
1109 1807 1164 1830 tum
1179 1803 1211 1830 de
1230 1803 1358 1839 Dionysio
1373 1803 1545 1839 Areopagita.
1561 1802 1596 1830 At
1613 1802 1766 1832 Maximus
1785 1812 1846 1831 non

1026 1849 1084 1877 suis
1109 1849 1201 1877 verbis
1225 1849 1358 1885 loquitur,
1394 1849 1441 1877 sed
1469 1849 1567 1876 alienis
1581 1854 1609 1876 et
1624 1856 1658 1875 ex
1673 1850 1847 1878 Anastasio

1025 1896 1198 1931 trauscriptis
1216 1896 1390 1932 (Anastasius
1401 1900 1492 1923 autem
1502 1895 1536 1922 de
1551 1894 1685 1931 Dionysio
1702 1895 1847 1932 Areopa-

1025 1942 1081 1978 gita
1107 1949 1163 1970 non
1188 1942 1307 1979 agebat),
1329 1942 1448 1978 ideoque
1464 1941 1586 1969 Joannes
1602 1941 1845 1977 Cyparissiotus.

1025 1988 1085 2016 dec.
1099 1988 1126 2020 8,
1147 1996 1207 2024 cap.
1225 1987 1269 2023 10,
1292 1988 1463 2023 Areopagitae
1481 1987 1574 2015 locum
1591 1987 1695 2020 citans,
1717 1989 1775 2016 ubi
1793 1997 1847 2016 vo-

1024 2042 1084 2062 cem
1106 2035 1253 2070 ἀγέννητος
1275 2038 1400 2070 usurpat,
1424 2033 1546 2067 Maximi,
1567 2037 1597 2061 ut
1610 2033 1694 2066 solet,
1711 2042 1846 2070 exposi~

1026 2081 1128 2108 tionem
1144 2081 1316 2114 transcribit,
1332 2081 1378 2109 illa
1403 2089 1469 2109 vero
1490 2080 1614 2115 Dionysii
1639 2080 1846 2110 Alexandrini

1026 2135 1080 2155 non
1095 2135 1129 2155 ex
1149 2127 1280 2161 Maximo,
1296 2128 1343 2155 sed
1361 2135 1395 2155 ex
1414 2128 1494 2155 beato
1514 2127 1660 2154 Anastasio
1676 2127 1785 2156 aﬂ‘ert.
1810 2130 1846 2157 Et

1025 2173 1188 2200 Anastasius
1203 2173 1286 2208 igitur
1300 2177 1328 2201 et
1341 2173 1478 2201 Maximus
1494 2177 1641 2206 teslantur,
1656 2173 1845 2210 Dionysium

1025 2219 1173 2254 quemdam
1199 2219 1337 2248 rhetorem
1358 2219 1465 2247 scholia
1486 2221 1514 2246 in
1539 2219 1717 2255 Dionysium,
1751 2223 1846 2258 vulgo

1590 2266 1672 2293 verba
1698 2267 1844 2301 ejusdem

1025 2313 1157 2341 nonnulla
1172 2321 1205 2340 ex
1220 2320 1254 2340 eo
1269 2313 1355 2341 citant
1371 2313 1435 2348 ipsi,
1454 2313 1534 2348 plura
1553 2312 1673 2340 Joannes
1688 2313 1845 2350 Cyparis-

1025 2358 1128 2392 siotus;
1150 2359 1188 2386 illi
1200 2359 1282 2387 etiam
1297 2359 1379 2386 ambo
1397 2367 1461 2387 eum
1478 2360 1636 2395 episcopum
1652 2359 1843 2390 Alexandri-

1025 2413 1091 2432 num
1107 2410 1206 2433 vocant
1223 2415 1230 2433 :
1244 2405 1302 2440 qui,
1316 2405 1444 2441 quamvis
1463 2405 1563 2433 nobilis
1576 2405 1620 2433 ille
1634 2407 1715 2433 tertii
1733 2410 1842 2437 saeculi

1024 2451 1171 2486 episcopus
1183 2459 1245 2478 esse
1257 2459 1313 2479 non
1328 2451 1427 2486 potuit,
1440 2449 1493 2478 fuit
1507 2454 1597 2478 tamen
1611 2451 1681 2478 satis
1697 2458 1843 2482 vetustus

1025 2502 1131 2531 auctor,
1163 2502 1190 2525 et
1210 2497 1404 2533 antiquitatem
1428 2496 1549 2532 Dionysii
1576 2497 1670 2532 hujus,
1690 2498 1722 2525 in
1747 2508 1842 2536 quau

1025 2543 1132 2570 scholia
1150 2548 1280 2578 tanquam
1294 2544 1322 2570 in
1340 2547 1460 2571 veterem
1473 2547 1615 2571 auctorem
1632 2545 1771 2580 scripsit,
1791 2555 1840 2575 sa-

1024 2590 1060 2617 tis
1078 2590 1258 2617 demonstrat.

1059 2635 1194 2664 Prazterea
1206 2635 1309 2663 ‘Suidas
1328 2636 1356 2663 in
1371 2628 1546 2664 collectaneis
1567 2643 1601 2663 ex
1618 2636 1709 2663 veteri
1733 2637 1841 2674 aliquo

1023 2683 1157 2718 scriptore
1169 2683 1228 2710 hace
1241 2682 1323 2710 tradit
1347 2691 1355 2710 :
1384 2682 1482 2709 ’ἰστέον
1506 2682 1535 2709 δὲ
1550 2682 1590 2714 ὣς
1606 2690 1680 2714 τινες
1699 2683 1764 2711 τῶν
1784 2686 1840 2718 ἔξω

1023 2730 1123 2765 σοφῶν,
1141 2729 1187 2756 καὶ
1206 2728 1324 2764 μάλιστα.
1347 2729 1479 2765 Πρόκλος,
1502 2729 1663 2764 θεωρήμασι
1691 2730 1838 2764 πολλάκις

1022 2775 1068 2802 τοῦ
1096 2774 1232 2810 μαγαρίου
1258 2775 1397 2801 Διονυσίου
1421 2774 1565 2810 κέχρηται,
1591 2774 1639 2801 καὶ
1662 2775 1775 2809 aurai;
1810 2778 1836 2805 at

1022 2819 1116 2857 ξηραῖς
1134 2821 1195 2852 ταῖς
1221 2820 1310 2852 λέξεσι
1341 2829 1349 2847 :
1375 2818 1518 2847 Sciendum
1543 2825 1632 2846 autem
1655 2819 1779 2856 aliqua:
1805 2833 1834 2850 es

1021 2867 1159 2902 gentilium
1169 2865 1342 2901 sapientibus,
1355 2874 1387 2893 ac
1398 2866 1546 2901 prmertim
1559 2865 1691 2894 Praelum
1708 2867 1746 2896 Β.
1767 2868 1832 2896 Dio-

1021 2914 1090 2950 nysii
1109 2913 1322 2952 ιΙιεονθηιαιίίιιιε³
1337 2921 1427 2948 usum,
1444 2917 1522 2948 atque
1542 2912 1607 2940 adeo
1633 2914 1721 2941 etiam
1749 2918 1833 2944 uteri-
