1866 3073
40 190 90 218 ’ἔυὸ

433 195 458 223 1.
481 195 662 223 PEARSONH
681 190 844 223 VINDICIE
865 192 1074 224 IGNATIANE.
1096 213 1131 218 —
1150 198 1242 226 PARS
1259 198 1278 225 Ι.

1639 201 1693 229 200

46 254 104 286 ipsis
128 253 311 281 dictionibus.
343 253 414 287 Qure
437 255 519 282 verba
543 256 626 282 etiam
652 256 678 282 in
708 255 849 282 Prownu'is
866 262 888 288 Α
901 265 961 284 rus.
986 257 1034 284 Est
1055 262 1145 285 autem
1165 259 1242 294 copo;
1257 259 1324 286 nihil
1339 259 1411 287 aliud
1431 267 1512 294 quam
1529 261 1631 288 loculus
1654 259 1699 288 vel

48 300 152 327 Maximi
171 305 199 327 et
220 300 342 335 Georgii
366 300 545 336 Paehymerm
567 301 753 328 inveniuntur.
773 301 850 329 Scri-

49 346 100 380 psit
119 351 210 373 autem
233 344 359 373 Proetus
383 347 436 374 sub
455 346 547 374 Leone
558 346 676 378 Thrace.
699 347 772 374 circa
794 355 851 374 me-

50 392 120 418 dium
133 391 222 425 quinti
235 391 346 418 saeculi.
361 391 402 418 Eo
418 392 503 426 igitur
516 386 655 426 antiquior
669 392 721 420 fuit
733 392 853 420 Pseudo-

51 438 207 473 Dionysius.
223 437 257 465 Et
275 437 402 466 Joannes
416 438 542 466 Marinus
558 439 596 466 De
607 440 691 466 sacris
703 440 852 467 ordinatio-

52 483 125 509 nibus
144 491 153 509 :
171 482 275 510 Saltem
288 485 384 519 igitur,
396 485 496 520 inquit,
510 485 639 512 librorum
655 487 767 513 istorum
785 487 851 513 scri-

52 529 104 562 ptio
119 529 197 555 initio
215 530 304 564 quinti
331 530 436 564 swculi,
457 536 482 558 et
500 537 560 558 ante
576 532 683 558 concilii
707 532 852 560 Chalcedo-

52 576 138 601 nensis
149 575 356 603 celebrationem
370 578 532 612 assignanda
546 584 583 605 est
594 587 602 610 ;
615 587 661 605 nec
673 579 729 606 ulla
750 580 852 606 ratione

53 621 185 654 probabili
211 622 246 648 ad
268 623 383 657 inferius
405 632 489 650 rerum
519 625 618 652 devolvi
643 631 738 660 potest.
767 625 801 653 Ut
825 631 852 652 et

54 667 175 695 Ioannes
192 668 335 696 Launoius
360 678 366 696 :
395 669 429 696 Ut
455 679 500 705 ego
525 671 614 698 dicam
641 673 752 700 breviter
781 674 851 707 quod

54 716 150 746 uitio,
173 724 188 742 a
215 721 331 750 tempore
356 715 497 750 Ephesium
521 719 616 751 synodi
638 719 731 753 prima:
755 721 852 748 uixisse

56 762 120 787 mihi
131 762 246 789 videtur.
261 761 316 789 Nec
330 763 364 790 ab
381 763 423 790 his
440 763 565 791 dissentit
580 763 695 792 Vessius
711 765 783 794 Hist.
798 767 851 794 Pe-

54 807 178 842 lagiamz,
195 809 215 835 l.
232 816 282 841 vn,
298 809 367 836 thesi
380 810 396 836 4
410 819 415 836 :
432 809 575 845 Dionysius
590 818 760 845 cognomento
773 814 853 841 Areo-

59 854 164 888 pagita,
181 862 258 888 quem
281 859 310 880 ut
330 855 436 882 credam
457 855 594 883 Theodosii
611 856 732 884 Junioris
751 862 851 892 terripa-

57 900 128 926 ribus
146 900 257 932 vixisse,
273 900 461 929 verisimilibus
477 902 594 929 adducor
608 904 776 938 conjecturis.
792 904 852 932 Huc

58 953 146 980 usque
161 951 287 973 veterum
304 947 481 979 testimoniis,
499 953 526 975 et
541 948 766 977 doctissimorum
780 951 852 977 viro-
869 940 888 967 Β

56 1000 116 1019 mm
138 991 282 1027 sudragiis
308 993 342 1020 ad
369 993 477 1021 initium
500 995 588 1029 quinti
613 996 705 1023 saeculi
728 997 850 1031 provecti

56 1048 164 1073 sumus,
177 1048 235 1076 quo
251 1041 284 1068 ad
300 1045 429 1076 quartum
442 1041 498 1077 jam
511 1042 620 1071 facilius
634 1044 676 1071 via
692 1045 832 1072 sternitur.

87 1085 205 1114 Michael
223 1086 322 1123 Glyeas
343 1088 370 1114 in
394 1087 515 1116 Historia
530 1096 732 1118 commemorat
746 1099 777 1119 ea
791 1100 852 1127 quae

54 1129 122 1157 facta
137 1136 205 1158 sunt
219 1132 256 1159 ab
271 1133 401 1167 apostolis
415 1134 443 1160 in
465 1135 668 1163 obdormitione
686 1136 715 1164 S.
736 1137 852 1172 virginis

53 1174 155 1208 Mariae,
169 1185 203 1205 ex
226 1177 359 1214 Dionysio
381 1180 434 1207 hoc
454 1181 588 1216 pmcipue
616 1188 699 1218 atque
721 1182 852 1211 Iuvenale

55 1223 307 1259 llicrosolymitano
318 1226 486 1260 patriarcha.
499 1226 668 1263 Nicephorus
686 1235 776 1257 autem
792 1229 853 1257 Cal-

55 1270 132 1297 listus
165 1271 235 1298 illud
262 1271 298 1298 de
319 1271 451 1300 Iuvenale
475 1274 557 1302 latius
578 1275 753 1309 persequitur
767 1276 785 1303 Ι.
806 1285 850 1308 xv,

55 1324 77 1342 ρ.
95 1317 137 1343 Η.
158 1316 247 1345 Docet
265 1317 438 1346 Pulcheriam
462 1320 612 1356 Augustam
629 1321 717 1354 illum,
739 1331 800 1350 cum
817 1323 850 1351 ad

54 1363 248 1391 celebrandam
265 1365 400 1400 synodum
423 1365 621 1395 Chalcedonem
642 1369 772 1402 venisset,
791 1377 852 1404 pcr-

54 1415 194 1437 contatam
210 1418 284 1443 esse,
298 1418 332 1437 an
348 1409 377 1437 S.
394 1410 516 1447 Virginis
528 1420 629 1448 corpus
642 1413 713 1448 apud
728 1413 852 1442 Palaesti-

55 1464 104 1483 nos
125 1456 321 1484 inveniretur?
342 1455 494 1492 Respondit
511 1458 555 1486 ille
571 1463 629 1486 tum
645 1467 677 1486 ex
694 1460 850 1492 traditione,

55 1507 109 1528 nun
128 1509 163 1529 ex
179 1501 322 1537 Dionysio,
338 1503 404 1538 quid
423 1503 457 1530 de
481 1504 619 1539 sepultura
636 1502 757 1540 Virginis
770 1514 852 1533 nove-

55 1548 99 1574 rit.
114 1547 182 1574 Erat
194 1547 280 1582 igitur
300 1547 424 1584 Dionysii
437 1549 505 1576 liber
526 1549 565 1576 De
587 1550 683 1577 divinis
704 1551 851 1578 nominibus

55 1593 120 1620 satis
133 1598 229 1626 notus,
244 1593 317 1621 unde
339 1601 389 1621 sua
407 1594 500 1621 hausit
520 1592 672 1623 Iuvenalis.
693 1595 851 1631 Respondet

55 1639 173 1667 uallatus
188 1640 302 1674 primo:
324 1639 410 1666 Verba
433 1648 465 1667 e1:
487 1641 585 1668 nostris
612 1641 784 1677 Dionysianis
808 1642 850 1669 de-

54 1685 152 1720 scripta
170 1684 340 1720 Nicephorius
355 1685 460 1713 videtur
475 1687 529 1722 ipse
544 1688 632 1722 potius
656 1688 688 1714 de
709 1696 756 1714 suo
776 1688 851 1722 adje-

55 1731 117 1759 risse
135 1731 171 1758 ad
185 1730 325 1758 Iuvenalis
338 1733 519 1759 narrationem
534 1733 755 1768 conﬁrmandam,
771 1740 851 1768 quam

55 1785 83 1804 ea
96 1776 227 1804 Juvenali
245 1777 378 1804 tribuisse.
402 1778 459 1804 lmo
480 1785 545 1806 vero
568 1778 740 1814 Nieephorus
760 1783 852 1814 aperte

56 1828 181 1857 testatur,
199 1821 362 1851 Juvenalem
379 1824 470 1859 ipsum
486 1825 539 1852 hoc
557 1825 679 1861 Dionysii
693 1826 852 1853 testitnonio

58 1879 136 1898 usum
160 1878 236 1904 esse,
263 1878 383 1906 eumque
411 1871 471 1899 haec
494 1873 622 1900 citantem
647 1872 762 1900 inducit.
788 1871 854 1900 Post

57 1918 126 1944 enim
142 1918 295 1944 verborum
311 1917 433 1953 Dionysii
446 1919 635 1946 recitationem
650 1919 741 1946 statim
757 1918 851 1946 addit:

57 1963 148 1990 T1511
164 1963 346 1996 διεξελθόντος
369 1964 556 1997 Ἰουϐεναλίου,
575 1966 598 1991 οἱ
624 1964 788 2001 κρατοῦντες
803 1965 853 2000 τὴν

57 2009 134 2042 by!“
151 2010 261 2044 ἐκείνην
278 2010 382 2044 ἐδέοντο
398 2010 518 2046 πέμπειν
542 2011 620 2047 σορὸν
649 2011 718 2046 μετὰ
743 2011 798 2038 τῶν
816 2013 853 2038 ἱε-

58 2055 111 2090 ρῶν
127 2055 242 2082 ἐκείνων
259 2056 379 2091 ἀμφιων.
400 2056 466 2083 Hazc
485 2065 543 2084 cunt
569 2057 706 2084 Juvenalis
729 2065 853 2092 peroras—

58 2105 95 2127 set
108 2102 242 2136 principes
256 2110 316 2128 eum
332 2108 470 2137 rogarunt,
485 2109 513 2130 ut
526 2108 647 2130 sanctum
661 2112 721 2130 eum
735 2104 853 2130 loculum

59 2155 110 2174 una
124 2154 184 2174 cum
201 2149 287 2175 sacris
302 2149 417 2176 vestibus
430 2149 553 2177 mitteret.
572 2149 638 2182 Qum,
650 2150 760 2184 quidem
771 2150 852 2177 verba

59 2194 137 2228 paulo
152 2195 311 2222 accuratius
324 2195 496 2222 observanda
510 2199 584 2229 sunt,
598 2196 671 2231 quod
683 2196 726 2223 hic
739 2196 853 2231 ﬁgmen-

61 2244 114 2265 tum
133 2239 272 2266 notaverit
301 2240 479 2272 Albertinus,
506 2241 580 2275 quod
608 2241 690 2269 etiam
717 2241 852 2270 Baronias

905 302 989 335 theca,
1007 307 1034 329 et
1050 304 1203 339 ωροπηγός
1219 311 1273 331 non
1298 309 1341 331 est
1362 304 1488 340 λατόμος,
1508 306 1555 340 qui
1571 307 1696 340 sepulcra

902 347 1059 375 ludat-orum
1080 349 1134 375 ritu
1152 356 1185 375 ex
1204 349 1289 383 petris
1304 349 1416 382 excidit,
1433 351 1479 377 sed
1503 352 1551 386 qui
1567 351 1635 379 tales
1651 359 1696 378 ar-

903 395 979 422 culas
997 395 1147 430 compingit
1168 400 1195 422 et
1213 396 1332 423 coniicit.
1360 395 1445 423 Vetus
1465 397 1636 425 Glossarium
1652 399 1697 425 Σο-

906 441 964 477 ρός,
984 449 1048 468 arca
1068 441 1196 475 funebris.
1216 441 1305 469 Julius
1320 442 1414 470 Pollux
1430 443 1476 470 lib.
1495 451 1545 475 vn,
1561 452 1619 479 cap.
1638 445 1695 472 35:

904 488 1057 524 Σοροποιός,
1085 488 1247 524 σοροπηγός,
1275 489 1448 524 σοροπήγιον,
1472 490 1560 525 σορός·
1589 491 1697 518 καλοῖτο

902 533 924 558 δ’
941 532 974 559 ἂν
991 533 1060 568 αὕτη
1077 533 1123 559 καὶ
1141 533 1248 564 πύελος,
1266 533 1313 560 καὶ
1330 534 1454 566 κιϐωτδς,
1473 535 1520 561 καὶ
1536 535 1624 571 ληνός.
1642 536 1696 563 Ar-

904 585 963 605 cam
988 579 1070 613 igitur
1094 578 1249 612 funebrem,
1271 583 1299 606 et
1320 579 1420 607 fascias
1435 586 1482 608 aut
1499 587 1590 609 vestes
1605 584 1696 617 sepul-

907 624 994 651 crales
1008 624 1273 659 Constantinopolim
1287 624 1484 661 Hierosolymis
1497 627 1571 654 misit
1584 629 1697 662 patriar-

903 670 954 696 cha
971 669 1120 702 Juvenalis,
1142 677 1286 705 postquam
1309 670 1459 699 Pulchcria:
1481 678 1538 700 tum
1555 681 1587 700 ex
1608 675 1696 701 tradi-

904 716 988 748 tione,
1003 720 1059 742 tum
1075 724 1108 743 ex
1130 717 1287 744 testimonio
1307 717 1430 753 Dionysii
1445 726 1491 745 eas
1507 719 1540 746 ad
1557 718 1586 746 S.
1606 719 1695 754 Virgi-

903 769 965 788 nem
983 762 1148 796 pertinuisse
1161 763 1353 797 persuasisset.
1369 763 1432 791 llsec
1446 764 1530 798 igitur
1546 772 1608 791 cum
1627 766 1696 792 nihil

902 808 1020 835 valitura
1042 809 1208 843 perspiceret
1235 809 1360 842 Dallaaus,
1386 811 1527 845 respondit
1552 811 1672 838 secundo
1687 820 1696 838 ι

904 853 1055 881 Historicos
1080 855 1164 882 solere
1178 855 1296 882 homines
1317 865 1347 883 ea
1364 857 1480 883 dicentes
1496 857 1630 890 inducere,
1643 866 1696 884 non

903 909 962 935 qut:
974 909 1031 928 uere
1043 909 1075 927 ac
1090 906 1161 928 certo
1173 902 1312 935 dixerunt,
1332 903 1378 929 sed
1395 911 1455 937 qua:
1468 903 1528 930 illos
1542 904 1593 938 ipsi
1609 905 1696 931 dicere

903 947 1019 981 potuisse
1039 952 1146 982 putant.
1168 947 1234 980 Quae
1248 949 1357 982 quidem
1373 949 1517 984 responsio
1532 950 1555 976 si
1571 950 1598 976 in
1614 951 1696 978 rebus

904 993 1062 1028 hujusmodi
1078 994 1249 1023 admittatur.
1268 995 1373 1022 tollitur
1388 995 1478 1022 omnis
1493 995 1549 1023 fere
1565 996 1634 1023 ratio
1648 1004 1695 1023 ve-

903 1043 993 1066 terum
1009 1040 1166 1068 testimonia
1187 1041 1361 1068 admittendi.
1377 1042 1491 1074 Quoties
1508 1042 1581 1069 enim
1599 1047 1696 1069 auctor

904 1084 1003 1119 aliquis
1015 1085 1177 1120 scriptorem
1191 1086 1276 1114 alium
1295 1087 1400 1114 inducit
1411 1087 1525 1114 alterius
1540 1087 1641 1121 scripta
1657 1087 1697 1114 ci—

903 1135 1017 1162 tautem,
1034 1131 1108 1158 nulla
1129 1132 1154 1158 ei
1178 1131 1246 1159 satis
1268 1137 1342 1159 certa
1358 1132 1425 1159 fides
1440 1133 1565 1159 adhiberi
1579 1133 1695 1167 poterit;

903 1176 967 1210 quia
979 1184 1033 1204 non
1051 1177 1076 1204 id
1089 1185 1151 1211 eum
1171 1186 1234 1205 vere
1253 1178 1356 1206 dixisse
1371 1183 1418 1206 aut
1433 1179 1545 1212 citasse,
1566 1179 1613 1206 sed
1636 1184 1696 1206 tan-

904 1222 1046 1249 tummodo
1060 1223 1086 1249 id
1099 1230 1132 1249 ex
1152 1224 1287 1250 sententia
1302 1223 1446 1251 referentis
1459 1231 1522 1251 eum
1543 1224 1635 1251 dicere
1648 1232 1698 1259 pc-

904 1268 989 1295 tuisse
1000 1268 1090 1303 colligi
1109 1270 1206 1303 possit.
1227 1269 1338 1296 Interim
1362 1270 1536 1298 notissimum
1552 1276 1604 1303 est,
1620 1269 1699 1298 Nico-

903 1314 991 1348 pboro
1021 1315 1142 1342 solemne
1165 1324 1227 1343 esse
1252 1323 1305 1343 non
1334 1325 1384 1344 sua
1408 1317 1471 1344 aliis
1494 1317 1633 1353 aliingere,
1648 1319 1696 1345 sed

903 1360 992 1387 aliena
1010 1369 1059 1388 sua
1083 1361 1184 1394 facere,
1206 1368 1233 1389 et
1259 1370 1292 1390 es
1306 1364 1444 1392 veteribus
1461 1364 1601 1392 historicis
1617 1373 1696 1394 suam

905 1406 1052 1434 Historiam
1068 1409 1228 1443 compilare,
1248 1409 1356 1436 iIIOrum
1376 1410 1459 1437 etiam
1482 1411 1573 1438 verbis
1589 1419 1634 1439 res
1651 1419 1698 1447 ge—

904 1457 961 1480 stas
977 1453 1093 1486 tradere,
1110 1458 1139 1480 ut
1150 1462 1183 1480 ex
1199 1454 1233 1481 iis
1249 1455 1297 1489 qui
1316 1455 1406 1483 adhuc
1417 1461 1535 1490 exstant,
1547 1457 1620 1484 clare
1633 1465 1697 1492 per-

904 1500 1033 1534 spicitur;
1050 1500 1122 1527 unde
1135 1508 1206 1535 saape
1228 1502 1258 1528 fit
1279 1506 1307 1528 ut
1327 1506 1433 1529 veteres
1448 1503 1626 1531 ecclesiastici
1642 1504 1698 1531 his-

906 1546 985 1573 torici
999 1553 1032 1573 ex
1045 1553 1078 1573 co
1093 1547 1132 1573 vel
1146 1546 1327 1580 illustrentur,
1343 1547 1386 1574 vel
1402 1548 1483 1575 etiam
1499 1549 1696 1582 emendentur;

903 1592 1032 1628 idemque
1046 1593 1122 1620 illum
1137 1594 1163 1620 in
1173 1593 1233 1620 aliis
1245 1594 1292 1628 qui
1308 1594 1458 1629 perierunt,
1476 1594 1574 1623 fecisse
1584 1604 1698 1630 prorsus

904 1638 1035 1665 credibile
1051 1644 1103 1670 est,
1119 1644 1146 1666 et
1160 1639 1229 1666 lianc
1243 1640 1330 1674 ipsam
1344 1641 1486 1668 historiam
1499 1650 1532 1668 ex
1554 1641 1698 1669 Theodoro

903 1684 1006 1712 lectore
1014 1685 1204 1720 exscripsisse.
1217 1685 1279 1713 Haec
1288 1691 1380 1713 autem
1389 1687 1411 1713 si
1419 1695 1483 1714 vera
1495 1687 1560 1719 sint,
1570 1688 1634 1722 quis
1642 1697 1697 1715 non

904 1732 1034 1758 concedet
1049 1731 1171 1767 Dionysii
1188 1733 1287 1767 scripta
1305 1737 1404 1767 quarto
1429 1734 1530 1761 saeculo
1542 1734 1699 1762 exstitisse?

940 1777 1019 1804 Certe
1032 1777 1174 1810 Erasmus,
1187 1783 1261 1805 tonio
1273 1778 1302 1808 V.
1318 1778 1355 1805 De
1366 1779 1520 1814 compendio
1531 1781 1698 1814 perveniendi

904 1823 939 1849 ad
953 1831 1040 1850 veram
1060 1824 1229 1859 theologiam,
1244 1830 1321 1859 putat
1345 1825 1505 1861 Dionysium
1523 1826 1596 1854 ltunc
1612 1827 1699 1854 fuisse

906 1868 934 1896 S.
950 1869 1103 1903 Augustino
1125 1871 1272 1898 seniorem.
1295 1871 1422 1904 Tametsi,
1440 1873 1539 1907 inquit,
1560 1873 1592 1900 ιο.
1609 1874 1697 1900 Aure~

903 1915 956 1942 lius
972 1916 1135 1951 Augustinus
1162 1923 1286 1944 accurate
1309 1919 1389 1945 simul
1411 1924 1435 1945 et
1460 1921 1564 1953 copiose
1582 1926 1699 1955 quatuor

904 1961 991 1991 libris.
1011 1963 1106 1996 quibus
1131 1963 1237 1990 titulum
1253 1964 1315 1998 fecit
1335 1964 1372 1991 De
1390 1965 1514 1992 doctrina
1530 1965 1697 1999 Christiana,

904 2017 981 2043 super
996 2009 1043 2035 hoc
1057 2010 1246 2044 propemodum
1264 2017 1419 2045 argumento
1445 2011 1562 2039 disserit.
1584 2012 1616 2040 Et
1638 2019 1698 2041 ante

904 2054 983 2086 hunc,
997 2056 1099 2089 opinor,
1115 2055 1257 2090 Dionysius
1278 2057 1387 2091 quidam
1412 2059 1439 2084 in
1464 2067 1540 2093 opere
1564 2060 1634 2095 quod
1654 2061 1697 2087 in-

904 2099 1011 2132 scripsit
1027 2099 1065 2126 De
1075 2100 1175 2128 divinis
1188 2102 1362 2135 nominibus;
1381 2112 1473 2130 rursus
1488 2105 1516 2131 in
1544 2105 1633 2132 libello
1654 2107 1698 2132 cui

905 2144 1014 2170 titulum
1034 2145 1096 2179 fecit
1110 2146 1147 2173 De
1160 2148 1275 2182 mystica
1290 2148 1437 2184 theologia.
1456 2150 1498 2177 An
1519 2151 1636 2184 Dallgeus
1651 2159 1698 2179 no-

904 2191 975 2217 verit
991 2191 1062 2218 banc
1081 2192 1165 2220 fuisse
1179 2192 1286 2220 Erasmi
1299 2196 1475 2229 sententiam,
1492 2197 1588 2224 nescio
1609 2207 1615 2223 :
1637 2206 1698 2226 eam

905 2241 978 2264 certe
992 2237 1132 2265 levissima
1149 2239 1305 2274 conjectura
1320 2241 1419 2269 ductus
1439 2247 1589 2281 oppugnat,
1610 2244 1700 2278 capite

59 2284 199 2312 confessus
213 2287 274 2318 est;
291 2286 340 2320 qui
361 2285 490 2314 observat
507 2288 656 2322 sepulcrum
671 2287 719 2315 Dei
734 2287 852 2319 Geuitri-

942 2301 950 2308 .
966 2281 1034 2310 Cum
1061 2283 1132 2310 enim
1160 2288 1187 2311 et
1205 2283 1351 2321 Dionysius
1379 2291 1407 2313 et
1425 2286 1455 2314 S.
1478 2287 1648 2322 Augustinus
1664 2290 1699 2316 dc

60 2332 95 2358 cis
107 2331 134 2358 in
145 2335 222 2365 petra
243 2332 361 2358 excisum
381 2340 447 2366 esse,
466 2338 490 2359 et
517 2333 604 2360 instar
625 2333 738 2368 sepulcri
765 2334 853 2361 Domi-

59 2377 110 2403 nici
125 2377 209 2404 natit-i
221 2377 321 2412 laptdis
336 2378 496 2406 coltmretttia
509 2379 567 2406 loco
582 2380 756 2406 immobiliter
770 2380 852 2407 inlue-

61 2431 124 2450 rere.
141 2422 219 2451 Unde
239 2424 368 2459 miratur,
383 2426 515 2460 quomodo
536 2426 603 2452 illud
628 2426 852 2460 Constantinopo-

61 2469 96 2496 lin
119 2470 219 2496 dicitur
241 2470 324 2504 fuisse
351 2471 526 2498 translatum.
553 2472 672 2506 Indeque
695 2471 852 2499 Albertinus

60 2517 126 2544 mire
139 2517 314 2552 triumphans
328 2518 367 2545 ait
386 2528 392 2544 :
409 2517 496 2553 ὦφλε
510 2527 573 2546 sane
595 2527 695 2551 verum,
721 2520 853 2546 narratio

60 2570 116 2588 nent
127 2571 210 2597 supra
228 2568 403 2589 memoratam
421 2562 559 2591 Iuvenalis
574 2573 640 2596 esse,
653 2572 683 2590 ac
701 2572 789 2591 verum
801 2568 851 2597 est,

61 2609 205 2642 sepulcrum
218 2608 337 2645 Virginis
351 2609 384 2635 ab
397 2609 445 2635 illo
458 2608 714 2644 Constantinopolim
730 2609 851 2636 missum.

61 2654 124 2681 Cum
138 2654 231 2689 potius
243 2654 521 2681 animadvertendum
536 2660 618 2688 esset,
637 2654 786 2682 Baronium
803 2661 852 2681 sua

60 2708 90 2726 ex
117 2699 216 2727 Latino
241 2699 400 2735 Nicephoro
429 2700 591 2735 sumpsisse,
616 2705 644 2728 et
667 2700 701 2727 de
731 2699 852 2734 sepulcro

60 2745 325 2782 Constantinopolim
348 2745 436 2773 misso
450 2746 514 2773 inde
529 2746 698 2778 somniasse;
714 2745 853 2780 Nicepho-

61 2799 116 2817 rum
142 2797 233 2819 autem
262 2791 456 2819 tantummodo
479 2791 528 2828 τὴν
555 2792 644 2827 σορὸν,
662 2796 690 2819 et
710 2791 744 2818 τὰ
761 2791 852 2826 ἄμφω.

61 2836 119 2865 illuc
142 2839 308 2866 transmissa
338 2845 525 2872 memorasse;
550 2840 638 2874 ᾶμφια
661 2843 753 2866 autem
768 2837 850 2864 etiam

63 2882 166 2919 ἐντάφια
183 2885 333 2921 σπάργανα
350 2884 512 2919 sepulcrales
527 2885 627 2919 fascias
639 2885 767 2920 appellat.
785 2883 850 2910 Solo

65 2934 143 2959 autem
155 2932 268 2960 nomine
280 2932 334 2966 τῆς
352 2930 433 2966 σοροῦ
452 2931 479 2959 in
501 2931 554 2959 hac
571 2939 601 2959 re
617 2931 702 2959 utitur
719 2930 851 2966 Nicepho-

904 2329 1111 2364 susceptoribus
1136 2330 1239 2365 pariter
1266 2331 1398 2366 egissent,
1422 2337 1450 2360 et
1467 2333 1499 2360 ad
1514 2333 1698 2368 objectionem

904 2374 938 2402 de
950 2375 1039 2402 verbis
1056 2384 1105 2410 pro
1126 2376 1230 2404 infante
1252 2377 1280 2404 in
1301 2378 1438 2413 baptismo
1454 2379 1568 2413 prolatis
1583 2387 1697 2415 respon-

904 2419 1028 2447 dissent:
1044 2421 1105 2448 Non
1120 2422 1263 2455 immerito,
1289 2424 1378 2458 inquit
1397 2423 1523 2458 Dallaeus,
1547 2425 1614 2452 hunc
1636 2434 1697 2453 sus-

902 2467 977 2501 picor
1002 2467 1162 2502 Augustino,
1182 2477 1294 2504 quocum
1311 2478 1379 2497 unus
1406 2471 1459 2497 ista
1480 2475 1588 2504 tractat,
1612 2472 1698 2498 haud-

903 2521 1036 2548 quaquam
1052 2515 1222 2542 uetustiorem
1241 2516 1334 2550 fuisse.
1358 2516 1417 2543 lino
1432 2525 1495 2544 vere
1510 2517 1589 2552 plane
1604 2517 1698 2544 imme-

904 2555 956 2585 rt'io
983 2565 1077 2588 exorta
1099 2565 1142 2588 est
1165 2561 1223 2589 btec
1240 2562 1372 2597 suspicio.
1389 2561 1485 2596 Qualis
1496 2563 1570 2590 enim
1584 2563 1642 2591 haec
1657 2571 1699 2591 ra-

904 2605 1044 2634 tiocinatio
1066 2607 1124 2634 est?
1148 2606 1295 2643 Dionysius
1320 2608 1539 2643 et‘Augustinus
1564 2609 1703 2638 vetustior

903 2660 966 2681 esse
981 2662 1035 2681 noti
1050 2659 1150 2689 potest.
1172 2654 1251 2682 Certe
1271 2654 1295 2682 si
1317 2655 1375 2683 haec
1397 2656 1468 2682 ratio
1490 2656 1579 2684 valeat
1601 2662 1704 2684 contra

902 2699 1060 2732 Erasmum,
1090 2700 1191 2728 valebit
1215 2702 1296 2729 etiam
1322 2706 1418 2730 contra
1446 2701 1577 2730 Dallteum
1603 2712 1610 2730 :
1636 2711 1704 2738 ergo

903 2745 1073 2781 Augustinus
1101 2745 1234 2783 Dionysio
1262 2749 1396 2776 vetustior
1427 2756 1488 2776 esse
1514 2757 1569 2776 non
1596 2754 1702 2784 potest.

903 2792 972 2820 Eum
989 2793 1074 2821 .enim
1095 2792 1214 2821 Dallteus
1242 2795 1339 2822 statuit
1364 2799 1420 2822 toto
1442 2795 1542 2822 szeculo
1566 2794 1704 2830 Dionysio

903 2838 1091 2866 vetustiorem.
1110 2838 1220 2867 Valeret
1234 2841 1344 2875 quidem
1360 2841 1474 2876 aliquid,
1495 2841 1517 2868 si
1540 2840 1698 2876 praxisEe-

903 2887 1003 2919 clesizc,
1020 2885 1054 2913 de
1068 2895 1123 2921 qua
1145 2887 1179 2914 ab
1199 2892 1315 2922 utroque
1337 2887 1507 2923 disputatum
1523 2892 1574 2921 est,
1596 2886 1625 2913 S.
1640 2886 1700 2926 Au-l

904 2932 1012 2967 gustin
1024 2932 1163 2967 antiquior
1183 2939 1237 2960 non
1257 2932 1371 2966 fuisset;
1391 2933 1438 2961 sed
1454 2940 1559 2960 morem
1576 2940 1638 2960 eum
1650 2932 1701 2968 diu!
