1866 3073
176 180 230 208 207

678 177 706 205 S.
727 175 900 206 lGNA-TIUS.
920 193 950 197 —
969 175 1240 204 ‘PROLEGOMENA.

1752 173 1810 200 208

176 244 240 266 ante
258 239 378 275 viguisse
394 243 498 267 certum
518 242 570 271 est,
592 239 674 274 idque
688 238 844 266 Bonifacius
856 238 884 264 in
903 238 961 272 ipsa
976 239 999 266 A
1013 236 1168 269 leuciensis,
1193 234 1359 270 Hieronymo
1388 234 1561 270 synchronus
1573 255 1581 266 ,
1609 233 1735 262 oratione
1759 233 1809 265 59.

177 285 221 312 illa
235 284 382 320 Augustini
399 284 515 319 epistola
531 284 576 316 25,
594 284 637 312 bis
655 284 744 311 verbis
767 284 840 311 clare
858 283 961 318 signiti-

176 336 221 358 cat
235 340 242 358 :
259 331 300 358 Ad
318 331 384 358 ista:
400 339 461 366 ergo
482 330 637 365 quastione;
656 335 715 365 peto
729 330 839 357 breviter
853 337 961 364 respon-

175 377 238 404 dere
249 377 376 412 digneris,
393 377 432 404 ita
448 381 475 403 ut
495 385 546 404 non
561 376 627 403 mihi
638 377 670 403 de
688 376 876 403 consuetudine
890 384 960 410 prw-

176 422 289 454 scribas,
303 422 349 449 sed
368 422 497 449 rationem
510 421 616 448 reddas.
634 421 702 449 Cum
723 422 805 458 igitur
816 426 894 449 aetate
907 421 962 448 Au-

176 467 280 502 gustini
313 472 390 495 vetus
421 467 504 494 fuerit
527 467 585 495 haec
608 467 788 501 consuetudo,
809 467 898 502 potuit
918 468 961 495 vel

176 512 333 549 Dionysius,
351 513 392 540 vel
411 513 501 548 quivis
515 513 597 546 alius,
616 513 770 548 Augustino
787 513 873 540 multo
888 513 961 540 anti-

175 559 266 594 quior,
284 559 317 586 dc
329 559 423 586 eadem
439 567 468 586 re
485 559 629 587 disserere.
645 559 781 587 Hactenus
794 559 875 594 igitur
887 565 960 587 sarta

174 609 244 632 tecta
258 609 299 631 est
311 603 416 632 Erasmi
429 605 572 632 sententia.

210 650 266 685 Ego
287 658 351 678 vero
370 658 425 678 non
445 655 551 678 tantum
572 656 636 679 ante
652 651 846 687 Augustinum,
864 652 911 680 sed
933 656 961 680 et

173 700 236 723 ante
252 695 446 732 Hieronymum
471 697 616 732 scripsisse
635 697 794 733 Dionysium
818 702 885 733 puto
902 708 909 725 :
933 703 961 726 et

172 741 268 769 eodem
284 741 463 769 fundamento
477 747 541 770 utor
564 750 615 778 pro
634 743 798 778 antiquitate
818 744 889 778 ejus,
905 751 960 779 quo

172 787 289 814 Dallaeus
306 795 357 822 pro
374 788 496 816 novitate
509 788 723 816 demonstranda
749 789 844 823 utitur,
861 797 960 824 nempe

170 833 264 861 verbis
276 832 378 860 Petavii
391 843 399 861 ;
415 833 524 860 Primus
536 833 679 869 Dionysius
698 843 789 862 nonem
803 835 959 871 angelorum

168 880 278 907 ordines
289 884 315 907 et
329 880 427 915 gradus
446 880 574 908 distincte
592 889 625 908 ac
648 881 757 916 deﬁnite
777 882 882 916 posuit;
906 887 934 910 et
950 892 957 910 :

173 925 235 952 Non
247 931 342 953 temere
361 926 432 961 apud
450 927 626 962 antiquiorem
643 927 757 962 aliquem
779 928 824 963 (de
851 929 959 956 saeculis

170 972 347 1007 quaerendum
363 973 415 1008 est)
438 973 607 999 novenarium
630 972 700 999 hunc
719 973 843 1000 ordinum
866 981 959 1001 nume-

169 1026 231 1044 rum
245 1018 374 1051 invenias,
390 1026 450 1044 eum
462 1018 577 1045 nondum
596 1023 731 1046 exstarent
744 1019 844 1053 scripta
860 1019 960 1054 Diony-

169 1065 216 1096 sii,
236 1072 252 1090 a
265 1072 316 1099 quo
329 1065 444 1099 primum
457 1064 502 1091 ille
515 1064 638 1099 proditus
652 1068 702 1092 ert:
719 1063 783 1092 Haec
793 1065 849 1098 ille,
861 1070 888 1093 et
898 1066 960 1101 qui-

169 1110 231 1136 dem
248 1110 394 1142 verissime,
403 1110 494 1145 judice
507 1109 617 1138 Dallteo.
634 1110 681 1138 llle
700 1114 791 1138 autem
808 1110 957 1146 Dionysius

169 1162 184 1181 a
210 1163 265 1190 quo
287 1156 456 1183 novenarius
483 1156 611 1183 ordinum
630 1155 810 1184 invisibilium
827 1164 958 1185 numerus

168 1201 287 1235 primum
303 1201 427 1235 proditus
438 1205 489 1233 est,
502 1205 576 1229 certe
589 1207 651 1229 ante
662 1201 859 1238 Hieronymum
871 1202 956 1235 vixit,

169 1246 244 1272 illum
258 1246 332 1273 enim
354 1246 458 1274 scimus
480 1246 607 1274 eumdem
631 1254 776 1274 numerum
791 1247 955 1282 prodidisse.

167 1289 285 1318 Exstant
304 1291 356 1319 sub
367 1291 428 1326 ejus
445 1292 557 1319 nomine
567 1291 597 1319 in
613 1292 737 1321 Psalmos
755 1292 957 1324 commentarii,

163 1337 196 1364 in
212 1337 313 1372 quibus
326 1337 359 1364 ad
373 1337 510 1372 psalmum
525 1345 591 1369 cxn,
610 1338 668 1365 hac
681 1337 797 1372 legimus
810 1346 817 1364 :
840 1336 958 1364 Colloca-

167 1384 206 1410 vit
222 1383 291 1410 Deus
304 1383 387 1410 Pater
406 1383 509 1410 Filium
527 1384 555 1410 in
567 1384 713 1411 calentibus
729 1383 757 1410 in
768 1383 878 1410 dextera
888 1391 938 1410 sua
946 1391 956 1415 ;

164 1434 191 1456 et
214 1429 368 1456 dominatur
389 1437 467 1464 super
486 1430 627 1464 principes,
652 1429 680 1456 id
700 1434 750 1461 est,
769 1437 847 1464 super
867 1437 957 1456 novem

161 1474 272 1501 ordines
287 1474 452 1510 angelorum,
471 1475 613 1502 secundum
629 1474 697 1502 illud
710 1482 720 1501 :
739 1473 870 1510 Princeps
885 1475 958 1502 mili-

166 1521 220 1552 tize,
236 1520 274 1547 vel
287 1521 414 1555 princeps
431 1520 562 1547 virtutum
575 1528 626 1556 ego
641 1528 712 1548 sum.
728 1520 763 1547 Et
775 1520 882 1554 insuper
893 1529 957 1547 san-

165 1572 220 1593 ctos
232 1572 257 1593 et
268 1567 296 1593 in
310 1574 358 1593 sua
370 1568 487 1593 membra
498 1566 637 1594 collocavit
648 1575 708 1593 cum
723 1567 788 1602 ipsis
807 1574 897 1594 nonem
912 1574 955 1594 0r-

163 1612 271 1640 dinibus
289 1612 453 1648 angelorum.
473 1612 526 1640 Sed
551 1619 605 1639 non
621 1617 664 1640 est
677 1613 729 1640 hoc
743 1620 814 1648 opus
826 1612 956 1649 Hierony-

165 1660 214 1691 mi,
229 1658 357 1694 inquiunt
374 1667 382 1685 :
401 1663 428 1685 et
440 1658 550 1693 quidem
562 1662 649 1686 totum
663 1658 722 1693 ejus
736 1665 798 1686 esse
812 1666 868 1686 non
880 1658 956 1686 vide-

163 1710 209 1732 tur
227 1713 234 1731 :
251 1704 452 1739 quamplurima
471 1708 562 1731 tamen
580 1704 608 1731 in
625 1711 658 1731 eo
671 1708 798 1732 contenta
818 1711 882 1732 vere
896 1703 957 1732 Hie-

163 1750 326 1785 ronylniana
341 1757 411 1783 esse,
424 1757 525 1785 negare
536 1757 617 1777 nemo
629 1754 720 1784 potest
736 1758 744 1777 :
760 1754 787 1777 et
799 1757 885 1785 quare
897 1750 955 1778 haec

163 1796 222 1830 ipsa
235 1795 260 1823 ei
286 1795 456 1830 dmegcntur
480 1796 614 1823 rationem
640 1795 743 1823 nullam
771 1796 860 1824 video.
886 1795 954 1824 Nam

163 1841 238 1875 quod
255 1841 461 1868 memorabilem
476 1840 634 1877 Hieronymi
656 1841 746 1869 locum
763 1849 796 1869 ex
819 1850 955 1870 commen-

164 1887 241 1914 tariis
269 1887 296 1914 in
321 1887 463 1922 epistolam
485 1887 521 1915 ad
540 1887 675 1923 Ephesios
689 1888 799 1916 adducit
814 1888 952 1921 Petavius.

160 1933 228 1961 illud
245 1933 325 1968 plane
336 1934 414 1960 nihili
427 1938 468 1961 est
485 1943 491 1960 :
512 1938 578 1961 sunt
593 1941 668 1962 enim
683 1934 724 1961 illi
745 1934 797 1969 ipsi
814 1942 953 1962 commen-

162 1978 225 2004 tarii
245 1977 314 2005 nihil
327 1978 400 2005 aliud
417 1977 513 2011 ferme,
530 1986 613 2013 quam
638 1987 672 2005 ex
690 1983 814 2007 veterum
839 1979 952 2015 scriptis

161 2026 300 2057 excerpta,
316 2026 347 2049 ut
370 2022 470 2050 fatetur
495 2023 553 2058 ipse
577 2022 762 2059 Hieronymus
793 2033 800 2052 :
825 2028 853 2052 et
875 2025 953 2053 locus

157 2067 220 2102 ipse
232 2067 280 2102 qui
300 2067 455 2101 adducitur,
470 2068 579 2096 videtur
593 2075 655 2096 esse
676 2069 756 2104 plane
779 2069 949 2106 Origenicus.

160 2112 254 2148 Neque
266 2113 333 2140 illud
348 2120 392 2140 me
408 2118 508 2147 movet,
522 2115 596 2150 quod
618 2119 721 2150 septem
746 2116 857 2144 ordines
881 2124 951 2144 enu-

160 2163 246 2186 meret
268 2159 316 2186 lib.
339 2168 376 2192 il,
405 2165 500 2188 contra
526 2160 715 2193 Iovinianum,
738 2170 819 2197 quem
841 2163 951 2198 juvenis

160 2207 284 2241 scripsit;
300 2207 407 2234 tametsi
427 2207 489 2234 inde
501 2207 611 2242 colligat
621 2207 758 2239 Petavius,
773 2209 840 2236 satis
853 2209 949 2236 incon-

969 1584 993 1616 Ο

1012 283 1121 310 eosdem
1133 289 1230 308 novem
1249 281 1370 312 ordines,
1387 285 1516 315 tanquam
1537 288 1588 308 suo
1611 285 1734 315 tempore
1755 287 1811 306 no—

1013 327 1143 359 tissimos,
1156 330 1299 353 enumeret
1313 334 1320 352 :
1340 325 1396 357 Τάς
1412 334 1441 351 τε
1457 325 1511 351 τῶν
1534 325 1657 359 ἀγγέλων
1673 333 1812 361 χοροστα-

1012 374 1073 405 σιας
1089 372 1287 408 παραδραμεῖν,
1305 371 1351 398 καὶ
1376 371 1438 403 τοὺς
1455 371 1544 398 αὐτῶν
1568 370 1718 407 ταξιάρχας
1745 372 1812 407 μετ’

1011 419 1102 446 αὐτῶν
1118 418 1289 450 καταλιπεῖν,
1307 417 1511 454 ὑπεραναὸἧναι
1527 417 1555 443 δὲ
1572 418 1618 444 καὶ
1635 418 1740 454 θρόνων
1757 416 1812 452 τὴν

1011 464 1187 501 φαιδρότητα,
1213 464 1259 491 καὶ
1276 464 1324 500 τὴν
1342 464 1450 499 ἔντιμον
1465 464 1519 490 τῶν
1536 464 1704 500 κυριυτήτων
1723 464 1813 500 ὑπερ-

1011 511 1086 547 οχὴν,
1115 511 1166 547 τήν
1190 520 1221 538 τε
1237 510 1291 538 τῶν
1307 511 1400 547 ἀρχῶν
1424 511 1580 547 ἡγεμονίαν,
1603 511 1648 538 καὶ
1674 512 1723 547 τὴν
1749 512 1812 538 τῶν

1011 556 1138 590 ἐξουσιῶν
1170 557 1357 593 περιφάνειαν·
1391 557 1431 583 ἔτι
1463 557 1490 583 δὲ
1503 555 1549 581 καὶ
1558 556 1726 593 τὺκραταιὺν
1750 557 1812 584 τῶν

1010 601 1090 629 θείων
1106 602 1245 638 δυνάμεων
1255 623 1263 635 ,
1281 603 1311 629 τό
1333 611 1362 629 τε
1378 602 1529 638 διορατικὺν
1546 603 1594 638 τῆς
1610 602 1663 629 τῶν
1686 603 1813 639 πολυυμ-

1012 647 1103 682 μάτων
1120 648 1254 683 χερουῶμ
1270 647 1464 683 καθαρότητος,
1483 648 1529 674 καὶ
1540 648 1593 674 τῶν
1608 647 1812 684 tenesmwa

1010 693 1132 729 σεραφὶμ
1156 693 1205 729 τὴν
1229 693 1300 720 κατὰ
1325 694 1379 720 πᾶν
1411 693 1493 729 μέρος
1518 693 1656 721 ἀκώλυτον
1684 695 1810 730 κίνησιν.

1011 737 1111 766 Choros
1137 739 1291 774 angelorum
1314 748 1481 774 percurram,
1508 746 1532 767 et
1561 749 1651 767 eorum
1677 742 1813 768 ordinum

1009 788 1140 822 principes
1169 786 1358 821 (archangclos
1388 788 1496 823 nempe)
1522 788 1686 823 relinquam;
1710 789 1814 816 etveltar

1010 840 1090 867 supra
1106 832 1260 867 thronorum
1271 833 1447 868 splendorem,
1467 833 1624 860 honoratam
1636 835 1811 861 dominatio-

1010 887 1073 905 num
1090 878 1284 912 eelsitudinem,
1304 880 1502 915 principatuum
1524 881 1663 913 ducatum,
1686 885 1814 916 potesta—

1011 929 1116 960 temque
1126 924 1294 956 claritatem;
1304 931 1433 961 prwterea
1445 934 1526 962 supra
1539 927 1685 962 potentiam
1703 927 1815 954 divina-

1010 979 1069 997 rum
1080 970 1220 1003 virtutum,
1234 980 1316 1005 supra
1330 973 1521 1007 perspieaeiam
1535 973 1741 1001 eherubinorum
1758 981 1815 1008 pu-

1009 1017 1112 1049 ritatis,
1133 1020 1157 1043 et
1177 1017 1377 1051 seraphinorum
1393 1025 1439 1045 rex
1453 1018 1556 1045 alarum
1578 1018 1724 1046 motionem
1740 1027 1815 1054 qua-

1008 1069 1150 1097 quaversus
1162 1063 1321 1097 expeditam.

1043 1106 1179 1135 Praeterea
1195 1116 1249 1135 non
1268 1112 1373 1135 tantum
1388 1107 1555 1137 Laurentius
1581 1107 1662 1137 Valla
1700 1109 1816 1138 indicat

1009 1152 1096 1181 fuisse
1113 1160 1170 1181 suae
1180 1153 1268 1181 aetatis
1283 1154 1357 1181 viros
1377 1153 1565 1188 doctissimos,
1581 1156 1630 1190 qui
1655 1155 1813 1190 judicave-

1008 1193 1131 1227 rinl'bos
1142 1199 1228 1227 libros
1243 1207 1305 1227 esse
1315 1191 1493 1235 Apollinaris,
1510 1201 1558 1229 sed
1572 1201 1654 1228 etiam
1668 1209 1704 1228 ex
1727 1206 1814 1229 vete-

1008 1245 1085 1272 ribus
1100 1244 1236 1276 nonnulli,
1252 1244 1299 1279 qui
1314 1245 1485 1281 Areopagitae
1498 1247 1585 1274 fuisse
1598 1247 1813 1282 pernegabant,

1008 1295 1055 1317 aut
1077 1290 1227 1325 Apollinari
1250 1295 1297 1318 aut
1326 1291 1441 1327 Didymo
1458 1292 1650 1325 ascribebant;
1676 1298 1705 1320 et
1725 1302 1815 1321 reve-

1008 1336 1109 1364 rendus
1121 1335 1250 1364 Usserius
1263 1337 1374 1364 eosdem
1389 1345 1444 1365 non
1461 1338 1604 1366 dubitabat
1619 1338 1744 1367 tribuere
1758 1345 1815 1368 aut

1007 1381 1170 1417 Apollinari,
1183 1387 1231 1410 aut
1251 1387 1325 1410 certe
1349 1384 1507 1419 synchrono
1531 1383 1662 1420 Dionysio
1675 1386 1811 1418 cuidam,

1008 1427 1057 1459 illi,
1073 1435 1181 1463 nempe,
1197 1428 1231 1455 ad
1252 1436 1333 1464 quem
1361 1429 1528 1464 Apollinaris
1554 1431 1676 1465 scripsit,
1692 1431 1728 1458 de
1746 1439 1812 1466 quo

1007 1473 1122 1509 legimus
1136 1474 1162 1500 in
1179 1474 1324 1501 collatione
1335 1482 1427 1502 coram
1443 1474 1560 1510 Hypatio
1573 1476 1625 1503 sub
1639 1475 1810 1504 Justiniano

1008 1519 1118 1546 habita:
1137 1518 1209 1546 Nam
1219 1524 1245 1547 et
1261 1519 1409 1547 beatiJulii
1421 1521 1554 1555 famosam
1567 1521 1642 1548 illam
1655 1522 1810 1556 epistolam

1008 1565 1147 1600 manifeste
1159 1565 1324 1600 Apollinaris
1337 1567 1498 1593 ostendimus
1517 1567 1598 1602 fuisse
1611 1569 1742 1602 scriptam
1767 1569 1808 1594 ad

1006 1611 1175 1646 Dionysium.
1191 1611 1233 1639 Ab
1244 1611 1402 1647 Apollinare
1425 1613 1535 1648 quidem
1555 1614 1657 1649 scripta
1673 1614 1807 1650 Areopa-

1007 1657 1088 1692 gitica
1101 1664 1156 1684 non
1169 1661 1244 1692 puto,
1256 1658 1336 1692 cujus
1350 1657 1435 1685 libelli
1449 1665 1523 1685 nunc
1537 1658 1702 1693 Athanasio,
1721 1667 1806 1688 nunc

1005 1700 1078 1730 Iulio
1090 1710 1176 1737 papae,
1188 1711 1262 1730 nunc
1275 1702 1617 1740 GregorioThaumaturgo
1639 1705 1674 1732 ab
1687 1705 1806 1733 haereti-

1006 1748 1046 1776 cis
1056 1748 1276 1782 ascribebantur,
1294 1753 1362 1777 teste
1391 1749 1506 1778 Leontio
1531 1749 1711 1786 Neapolitano
1736 1753 1805 1788 epi-

1005 1801 1105 1829 scopo;
1123 1798 1181 1822 tum
1202 1795 1276 1830 quod
1298 1794 1461 1831 fragmentis
1471 1796 1532 1831 ejus
1547 1804 1609 1831 quae
1630 1804 1802 1832 supersunt,

1005 1840 1105 1867 similia
1117 1848 1172 1868 non
1189 1840 1263 1874 sint;
1290 1845 1348 1868 tum
1364 1842 1436 1877 quod
1457 1842 1629 1877 degmatibus
1652 1843 1715 1879 ejus
1742 1845 1803 1871 mi-

1004 1885 1078 1913 nime
1092 1891 1276 1914 consentanea
1296 1887 1362 1920 sint,
1378 1887 1452 1923 quod
1472 1895 1543 1923 saepe
1565 1888 1693 1916 observat
1705 1889 1803 1917 Maxi-

1003 1940 1076 1959 mus.
1093 1931 1187 1968 Neque
1200 1940 1265 1960 vero
1282 1933 1395 1970 Didymo
1414 1934 1575 1962 ascribeuda
1587 1935 1718 1969 arbitror,
1748 1939 1804 1972 qui

1002 1985 1064 2005 cum
1081 1977 1236 2014 Origenista
1250 1983 1334 2013 esset,
1346 1987 1379 2007 ea
1394 1980 1538 2015 scripsisse
1553 1981 1668 2010 minime
1691 1988 1804 2018 putan-

1002 2025 1064 2053 dus.
1083 2024 1201 2053 Tantum
1214 2027 1276 2054 inde
1289 2027 1388 2062 colligo
1403 2028 1633 2055 verisimillimum
1658 2037 1722 2057 esse
1738 2052 1747 2063 ,
1766 2039 1802 2059 ea

1001 2076 1079 2099 :ctate
1089 2076 1229 2100 auctorem
1244 2073 1357 2106 vixisse,
1369 2081 1423 2108 qua
1435 2073 1601 2109 Apollinaris
1617 2079 1645 2102 et
1656 2075 1803 2112 Didymus

1001 2118 1143 2152 ﬂorebant,
1157 2119 1210 2146 hoc
1223 2125 1265 2147 est
1280 2124 1379 2155 quarto
1397 2121 1506 2148 saeculo.

1037 2164 1108 2198 Quid
1121 2165 1194 2200 quod
1210 2167 1245 2193 ab
1257 2166 1318 2193 aliis
1332 2167 1414 2193 etiam
1425 2167 1599 2196 observatum
1620 2174 1673 2202 est,
1687 2169 1802 2206 Grego-

1001 2211 1073 2238 rium
1084 2209 1296 2245 Nazianzenum,
1317 2212 1363 2247 qui
1380 2217 1443 2240 ante
1467 2213 1548 2240 ﬁnem
1573 2216 1666 2249 quarti
1698 2218 1801 2246 saeculi

159 2258 316 2287 sequenter,
336 2252 463 2279 Nondum
486 2252 647 2289 Hieronymo
665 2255 812 2281 constitisse
828 2254 860 2282 de
875 2255 948 2282 ordi-
964 2254 987 2281 D
1001 2261 1127 2284 mortuus
1140 2261 1201 2290 est,
1223 2257 1305 2292 hujus
1333 2257 1455 2294 Dionysii
1476 2261 1683 2295 quamplurima
1708 2271 1801 2291 usur-

159 2307 222 2325 nmn
236 2307 345 2326 numero
359 2303 384 2325 et
398 2297 582 2332 appellatione.
599 2299 672 2327 Satis
691 2300 763 2327 enim
784 2300 947 2336 Hieronymo

159 2345 304 2372 constabat
323 2344 357 2372 de
371 2344 521 2371 novenario
537 2344 665 2372 ordinum
684 2353 798 2373 numero
815 2350 843 2374 et
857 2347 947 2382 appel-

158 2389 272 2418 latione.
284 2397 347 2417 cum
366 2389 477 2423 scripsit
498 2389 651 2425 apologiam
659 2391 796 2419 adversus
809 2391 946 2419 Bullinum

159 2435 319 2468 secundam,
341 2435 369 2462 in
390 2442 445 2470 qua
460 2434 586 2470 Origenis
603 2436 728 2474 haeretica
750 2437 885 2466 rhetorice
899 2439 947 2466 de-

158 2480 244 2515 pingit
261 2489 268 2506 :
285 2479 318 2507 In
330 2480 497 2507 restitutione
511 2482 639 2512 omnium,
658 2482 761 2515 quando
782 2483 946 2519 indulgentia

157 2524 315 2559 principalis
338 2524 448 2558 venerit,
472 2524 607 2551 cherubim
626 2529 650 2551 et
667 2526 808 2561 semp/tim,
827 2527 944 2560 thronos,

158 2571 335 2605 principatus,
355 2570 561 2604 dominationes,
583 2571 702 2605 virtutes,
727 2578 879 2607 potestates,
905 2583 946 2601 ar-

156 2616 309 2651 changelor,
324 2616 441 2652 angelos,
458 2617 603 2649 diabolum,
620 2617 760 2650 dwmoues,
778 2620 882 2647 animus
893 2629 946 2647 om-

157 2664 232 2690 nium
250 2663 394 2697 hominum,
419 2668 473 2691 tam
498 2664 710 2693 Christianorum
732 2675 811 2703 quam
837 2667 946 2696 Judteo-

157 2717 218 2735 rum
230 2715 254 2736 et
270 2710 406 2744 gentilium
419 2711 498 2738 unius
510 2711 670 2738 conditionis
689 2716 714 2738 et
729 2721 859 2740 mensura:
877 2714 943 2748 fore.

156 2754 341 2783 Novenarium
353 2756 436 2790 igitur
450 2756 577 2784 ordinum
593 2765 740 2785 numerum
755 2758 882 2786 distincte
897 2767 945 2786 ex-

156 2802 257 2835 pressit
272 2801 466 2837 llieronymus,
483 2810 563 2837 quem
579 2802 726 2838 Dionysius
743 2804 861 2838 primum
882 2812 944 2838 pro-

156 2846 226 2873 didit
240 2856 247 2873 :
264 2852 323 2875 erat
337 2848 428 2883 itaque
449 2847 596 2884 Dionysius
613 2847 777 2885 Hieronymo
794 2850 941 2884 antiquior.

156 2890 249 2927 Neque
265 2893 315 2921 hoc
337 2894 435 2922 mirum
461 2895 545 2922 videri
566 2895 664 2929 debet,
683 2903 743 2923 cum
767 2895 883 2924 Basilius
899 2896 943 2926 Se-

998 2303 1096 2336 passe?
1109 2302 1186 2329 Haud
1202 2311 1290 2337 pauca
1309 2311 1375 2331 sane
1387 2304 1447 2332 loca
1463 2303 1558 2333 Billius
1574 2307 1601 2333 in
1617 2307 1799 2338 observatio-

998 2350 1080 2377 nibus
1094 2357 1128 2376 ex
1139 2349 1313 2377 Nazianzeno
1329 2351 1478 2385 congessit,
1492 2357 1519 2378 et
1533 2359 1595 2379 cum
1614 2353 1800 2389 Dionysianis

997 2395 1124 2422 contulit.
1144 2395 1234 2422 Unum
1249 2396 1333 2422 etiam
1347 2395 1464 2424 Dallzeus
1487 2397 1545 2432 ipse
1574 2399 1644 2426 satis
1665 2402 1799 2435 apposite

996 2441 1164 2474 observavit;
1188 2446 1213 2469 et
1230 2449 1279 2476 ego
1295 2443 1496 2477 quamplurima
1518 2445 1591 2479 apud
1606 2453 1650 2473 me
1666 2447 1695 2473 in
1712 2455 1797 2475 eam-

996 2487 1057 2514 dem
1073 2495 1129 2514 rem
1152 2487 1295 2514 observata
1323 2488 1420 2516 habeo.
1448 2489 1499 2516 Sed
1517 2491 1668 2525 quaeritur,
1686 2492 1795 2528 inquit,

996 2538 1054 2559 uter
1067 2533 1098 2559 ab
1114 2538 1174 2560 utro
1188 2534 1223 2560 sit
1236 2539 1383 2562 mutuatus.
1393 2535 1426 2562 Et
1436 2543 1485 2571 ego
1498 2536 1608 2570 quidem
1622 2537 1794 2574 Dionysium

995 2586 1010 2605 a
1026 2578 1158 2613 Gregorio
1172 2587 1204 2606 ea
1220 2580 1334 2607 minime
1349 2585 1504 2608 mutuatum
1519 2590 1580 2610 esse
1593 2584 1696 2617 credo;
1723 2587 1793 2620 quia

995 2625 1115 2659 scriptor
1131 2625 1176 2652 ille
1193 2625 1228 2653 ab
1239 2626 1300 2653 aliis
1314 2627 1444 2655 omnibus
1456 2628 1655 2657 ecclesiasticis
1668 2631 1794 2665 scripto-

976 2681 980 2685 -
994 2670 1071 2697 ribus
1090 2671 1169 2706 plane
1181 2671 1306 2699 diversus
1317 2676 1368 2704 est,
1381 2678 1408 2700 et
1418 2673 1460 2700 sui
1473 2677 1579 2700 tantum
1592 2675 1704 2703 similis.
1722 2676 1792 2704 0m-

995 2716 1040 2742 nia
1062 2715 1147 2743 ferme
1170 2716 1203 2743 ad
1230 2716 1402 2745 Neotericam
1426 2718 1644 2748 Platonistarum
1661 2723 1790 2751 scholam

993 2761 1184 2795 eonformavit,
1197 2767 1223 2790 et
1240 2771 1255 2790 a
1268 2764 1359 2790 verbis
1378 2769 1406 2791 et
1417 2772 1432 2791 a
1448 2765 1609 2794 notionibus
1623 2774 1789 2797 sanctorum

993 2806 1104 2834 Patrum
1121 2809 1240 2835 maxime
1253 2809 1406 2836 abhorruit.
1437 2809 1569 2846 Quisquis
1591 2816 1680 2841 totam
1694 2817 1790 2850 operis

993 2853 1052 2888 ejus
1067 2861 1236 2889 compagem,
1253 2855 1440 2883 admirandam
1454 2859 1656 2887 sententiarum
1672 2867 1707 2887 ex
1726 2862 1791 2896 phi-

994 2897 1115 2933 losophia
1144 2900 1289 2934 petitarum
1308 2902 1514 2935 rotunditatem,
1536 2908 1563 2932 et
1579 2906 1733 2935 verborum
1762 2909 1787 2935 in
