1866 3073
182 153 231 184 ιιι

482 213 597 241 CAPUT
621 213 666 240 XI.

181 262 374 294 Argumentum
405 261 554 295 negativum
581 260 724 294 refutatur.
754 259 815 286 Non
849 259 969 295 rejiritur

217 295 287 356 quod
302 295 452 330 negativum
464 296 509 327 sit,
523 295 567 322 sed
578 295 646 330 quod
658 296 685 321 in
697 295 745 321 hac
760 303 788 321 re
799 296 851 321 vim
866 294 967 320 nullam

237 330 321 356 abeat.
334 331 523 356 Araumcntum
552 339 568 356 ιι
595 331 751 356 testimoniis
778 331 967 356 at‘ﬂrmatieum

237 330 321 359 abeat.
334 331 523 365 Argumentum
552 339 568 356 ιι
595 331 751 357 testimoniis
778 331 968 364 afﬁrmatieum

219 366 368 400 uegatieum
380 366 500 391 destruit.
515 365 591 392 Intra
609 373 691 392 annos
709 366 813 391 circiter
838 365 968 400 2007quot

219 405 339 441 auctores
365 400 526 441 Ignatianis.
542 401 722 441 testimonium
744 400 869 434 prteheut.
885 399 968 441 Ingua—

209 436 293 466 ⁴ιὶιιηιι
308 444 360 462 non
375 437 480 470 fuerunt
495 436 681 462 Alexandrinis
713 436 857 470 incognita.
884 435 970 468 Euty-

218 471 273 499 cltii
284 472 404 497 narratio
419 471 564 498 excutitur.
581 471 677 498 Plures
695 471 829 505 episcopos
841 471 869 496 in
882 470 968 505 Αἰθυ-

217 511 261 537 pto
277 507 358 540 fuisse
372 512 433 533 ante
450 507 610 533 Demetrium
625 506 762 540 probatur.
791 506 830 532 De
859 505 968 532 (Et/tio-

217 542 283 576 pica:
294 541 417 568 Ecclesiw
431 542 531 576 origine
549 546 574 567 et
587 542 713 576 episcopis
734 541 792 576 fuse
806 541 966 576 disputatur.

217 576 259 602 Ad
273 582 456 610 argumentum
464 577 495 603 de
513 576 671 603 Joncnsibus
688 581 713 602 et
728 576 846 603 Boiariis
861 584 968 609 respou-

216 612 313 643 detur;
327 616 350 638 et
367 613 398 638 de
411 611 574 646 Hieronymo
590 617 668 647 atque
687 611 847 646 Epiphanio.
872 610 968 646 Ignota

217 647 300 680 fuisse
317 647 482 674 Tertulliano
503 647 646 682 Ignatiana
656 647 833 673 demonstrari
851 655 902 673 non
921 654 968 680 po-

217 687 267 708 test
279 690 288 713 ,'
308 687 336 708 ut
349 690 429 717 neque
441 681 525 714 Caio,
538 691 618 716 neque
633 682 760 708 Clementi
773 681 966 717 Alexandrino,

216 725 296 752 neque
319 716 427 752 Origeni
440 738 447 750 ,
468 725 548 752 neque
561 717 635 744 Julio
647 717 775 751 Africano
788 738 795 749 ,
816 725 896 751 neque
915 716 968 742 La-

216 753 318 779 ctantio
329 771 336 783 ,
353 761 433 787 neque
446 753 572 788 Dionysio
593 753 784 779 Alexandrino.
812 752 968 787 Argumenti

215 788 336 814 collectio
357 790 556 822 responsionum
567 788 720 814 collectione
734 788 904 823 expungitur.

215 846 285 873 Cum
298 846 325 872 in
339 846 423 880 priori
440 846 622 873 Vindiciarum
634 851 712 880 parte
722 847 755 873 de
765 846 894 873 omnibus
907 853 968 880 qua:

181 893 215 920 ad
228 897 374 920 externum
400 897 594 928 argumentum
620 900 635 919 a
662 893 827 920 testimoniis
852 892 966 926 petitum
985 887 1005 917 ll

180 939 327 974 pertinent,
348 940 489 974 disputare
504 939 570 966 mihi
587 939 767 967 constitutum
788 939 833 971 sit,
857 938 969 973 jamque

181 986 305 1021 singulos
320 991 403 1014 testes
419 986 452 1013 ad
468 985 606 1021 lgnatiana
627 985 814 1013 confirmanda
837 985 969 1012 adductos

181 1032 217 1058 ab
246 1032 396 1060 adversarii
422 1032 624 1067 objectionibns
649 1032 837 1063 liberaverim;
857 1038 970 1058 necesse

181 1083 223 1105 est
240 1083 269 1105 ut
288 1080 382 1107 eadem
400 1087 483 1114 opera
510 1085 702 1114 argumentum
719 1079 796 1110 illud,
811 1079 885 1113 quod
909 1086 970 1105 om-

181 1125 258 1152 nium
275 1126 356 1153 simul
368 1126 587 1153 testimoniorum
609 1126 664 1152 vim
676 1131 833 1153 enervatum
849 1125 884 1157 it,
902 1132 968 1151 exa-

182 1172 295 1202 minem,
311 1177 338 1198 et
354 1171 552 1198 formidandam
566 1171 611 1198 alti
629 1179 660 1198 ac
674 1170 906 1198 diuturnisilentii
918 1178 969 1196 nu-

183 1219 244 1244 bem
260 1217 425 1252 dispergam.
450 1217 521 1245 Ecce
534 1218 607 1245 enim
636 1217 752 1245 Dallmus
778 1221 967 1253 argumentum

182 1263 332 1290 fabricatus
346 1268 389 1290 est
411 1267 438 1290 et
451 1267 579 1298 exposuit
591 1284 598 1296 ,
617 1264 691 1298 quod
710 1271 794 1290 unum
823 1263 874 1290 sibi
901 1263 969 1290 satis

181 1317 243 1337 esse
259 1309 421 1341 conﬁtetur;
435 1309 504 1336 adeo
519 1313 550 1336 ut
563 1309 668 1343 reliqua
681 1308 772 1335 omnia
786 1308 847 1334 ideo
864 1312 968 1334 tantum

183 1356 288 1388 afferat,
306 1360 335 1383 ut
351 1355 385 1382 iis
397 1355 559 1390 satisfaciat,
576 1355 623 1390 qui
647 1355 711 1382 huic
723 1362 778 1381 non
796 1358 968 1389 argumento,

183 1402 229 1429 sed
242 1401 451 1437 argumentandi
474 1402 564 1434 generi
584 1401 718 1428 diffidunt.
745 1399 891 1434 Hocigitur
910 1399 970 1426 fuse

183 1448 306 1482 quinque
322 1447 437 1482 integris
446 1447 592 1481 capitibus,
607 1455 621 1474 a
638 1446 888 1481 quintoincipiens,
906 1453 969 1479 pro-

183 1495 318 1528 sequitur.
336 1493 471 1525 Primum,
492 1493 592 1528 inquit,
606 1493 747 1528 etquidem
767 1493 890 1518 adversus
913 1491 970 1517 uui-

182 1550 270 1569 ucrsas
283 1542 349 1569 istas
365 1542 491 1577 epistolas
506 1549 643 1568 commune
658 1545 842 1574 argumentum
863 1548 880 1566 a
903 1539 970 1565 scri-

182 1592 289 1627 ptorum
301 1588 540 1614 ecclesiasticarum
558 1587 665 1614 silentio
688 1586 816 1618 ducitur,
837 1586 882 1620 qui
909 1589 971 1612 ante

183 1634 328 1664 Eusebium
339 1635 410 1670 apud
426 1643 472 1661 nos
486 1635 645 1669 ﬂoruerunt.

218 1680 278 1708 Non
292 1689 366 1709 nunc
381 1682 415 1709 de
429 1681 456 1708 vi
473 1682 627 1716 argumenti
644 1689 658 1707 a
671 1681 830 1708 testimonio
842 1679 971 1712 negativi,

184 1729 242 1756 sive
257 1737 271 1755 a
285 1729 395 1756 silentio
407 1728 573 1763 scriptorum
587 1727 663 1763 petiti
683 1727 792 1762 disputo
806 1736 813 1758 ;
835 1734 889 1753 non
902 1734 972 1761 nego

184 1775 296 1809 aliquod
309 1774 466 1809 huiusmodi
478 1773 626 1809 aliquando
637 1773 719 1801 etiam
735 1773 768 1800 de
785 1772 973 1807 suppositione

184 1820 304 1854 alicujus
330 1821 423 1855 scripti
438 1821 545 1848 valere:
576 1821 631 1847 imo
655 1820 770 1847 libenter
785 1828 839 1847 non
868 1824 973 1847 tantum

185 1866 318 1898 concedo,
349 1867 397 1894 sed
424 1871 452 1894 et
477 1867 613 1895 contendo
628 1867 675 1894 tali
690 1872 852 1902 argumento
877 1867 972 1894 nixum

184 1921 385 1947 nonnunquam
415 1913 564 1941 Eusebium
585 1914 687 1948 ipsum,
716 1921 796 1948 quem
819 1913 971 1948 sequimur,

185 1961 340 1996 aliquorum
353 1960 485 1988 librorum
501 1961 691 1988 auctoritatem
703 1960 859 1995 respuisse;
875 1965 905 1986 ut
919 1960 975 1986 An-

185 2007 257 2034 drem
270 2012 298 2033 et
311 2005 426 2034 Joannis
434 2011 461 2034 et
473 2006 590 2034 aliorum
602 2006 787 2042 apostolorum
799 2005 883 2033 Actus
898 2014 975 2039 repn-

185 2053 288 2086 diabat,
303 2050 340 2080 ὧν
357 2054 432 2080 οὐδὲν
448 2053 572 2089 οὐδαμῶς
582 2055 612 2080 ὲν
629 2053 825 2089 συγγράμματι
842 2052 895 2078 τῶν
905 2053 975 2079 κατὰ

185 2101 311 2136 διαδοχὰς
331 2100 581 2136 Ἐκκλησιαστικῶν
591 2109 633 2133 τις
649 2100 718 2136 ἀνὴρ
728 2101 768 2131 εἰς
786 2100 895 2135 μνήμην
905 2100 974 2133 ἀγα-

185 2149 244 2182 γεῖν
260 2147 371 2183 ἠξίωσε.
390 2147 461 2179 Quos
478 2147 565 2174 nullus
580 2155 697 2182 unquam
717 2147 761 2182 qui
774 2148 927 2173 continuata
942 2146 974 2172 ab

186 2193 313 2227 apostolis
327 2194 490 2220 successione
502 2194 529 2220 in
557 2193 677 2220 Ecclesia
694 2193 794 2225 docuit,
819 2193 847 2219 in
868 2191 974 2227 scriptis

696 149 725 178 S.
747 148 920 177 IGNATIUS.
937 164 972 168 —
995 145 1262 174 PROLEGOMENA.

983 216 1006 243 Α
1022 215 1104 245 atque
1117 210 1259 244 explorato
1275 206 1466 234 tantummodo
1483 204 1575 236 habet,
1598 203 1672 230 unde
1701 202 1741 228 ab
1757 201 1829 227 aliis

1769 137 1830 166 212

1020 261 1114 292 postea
1134 260 1261 290 receptus
1277 257 1329 282 est.
1353 252 1466 280 Certum
1483 255 1574 278 autem
1595 255 1637 277 est
1661 247 1827 275 Eusebium

1021 312 1070 331 nec
1089 304 1175 330 ullum
1193 302 1293 329 librum
1311 301 1382 327 inter
1393 298 1554 330 canonicos,
1567 304 1618 324 nec
1637 296 1713 323 inter
1731 293 1830 321 eccle-

1021 350 1146 378 siasticos
1162 356 1210 384 pro
1225 347 1377 375 indubitate
1393 353 1459 372 vero
1471 343 1618 378 recepisse,
1638 348 1728 377 quem
1747 339 1828 367 scri-

1019 401 1128 431 ptorum
1144 393 1392 422 ecclesiasticorum
1409 394 1471 416 ante
1491 396 1521 416 se
1547 387 1661 415 silentio
1686 383 1830 420 praeteri-

1019 447 1076 469 tum
1104 445 1132 468 et
1157 444 1281 467 veterum
1308 437 1474 465 testimoniis
1502 434 1612 470 penitus
1643 432 1828 459 destitutum

1019 486 1231 518 animadvertit;
1253 492 1341 519 neque
1361 481 1574 518 proindubitate
1589 479 1658 506 falso
1679 477 1830 511 rejecissc

1019 539 1101 570 atque
1112 533 1320 563 condemnasse,
1334 530 1388 557 nisi
1401 533 1498 564 praeter
1519 525 1750 554 testimoniorum
1776 522 1829 549 de-

1019 567 1120 606 fectum
1135 577 1238 612 aliquid
1258 577 1285 603 in
1298 575 1361 603 libri
1377 573 1492 601 materia
1504 572 1633 598 vitiosum
1656 567 1828 603 deprehen-

1019 625 1099 658 derit,
1116 625 1187 652 utin
1202 623 1273 650 Petri
1298 626 1326 648 et
1347 619 1461 655 Apionis
1474 617 1588 652 dialogis
1613 615 1678 643 sub.
1700 613 1827 641 nomine

1018 671 1167 698 Clementis
1185 668 1332 704 publicatis
1345 677 1350 694 :
1367 663 1417 692 ’Ὧν
1426 665 1478 691 οὐδ’
1489 664 1558 695 ὅλως
1570 663 1665 698 μνήμη
1682 669 1730 692 τις
1743 660 1826 695 παρὰ

1019 718 1074 748 τοῖς
1091 715 1216 747 παλαιοῖς
1232 715 1344 750 φέρεται
1356 721 1362 727 ·
1381 711 1505 747 οὐδὲγὰρ
1521 709 1641 744 καθαρὸν
1658 709 1713 743 τῆς
1740 707 1827 734 Ἀπο-

1020 764 1144 798 στολικῆς
1160 761 1314 798 ὀρθοδοξίας
1331 758 1468 790 ἀποσώζει
1483 758 1529 784 τδν
1551 756 1732 792 χαρακτῆρα.
1747 753 1825 786 Quo—

1020 817 1079 836 rum
1095 808 1166 843 apud
1186 808 1310 842 antiquos
1324 805 1398 832 nulla
1413 805 1520 831 omnino
1531 807 1618 830 exstat
1632 802 1758 829 mentio:
1778 809 1826 827 ne-

1019 864 1068 891 que
1080 855 1149 881 enim
1158 854 1262 880 sincera
1277 857 1355 879 recta:
1369 851 1431 886 ﬁdei
1444 850 1476 877 ab
1487 849 1614 885 apostolis
1630 847 1749 875 traditi:
1757 851 1824 873 nota

1020 903 1048 929 in
1063 901 1118 928 illis
1135 908 1261 934 expressa
1287 897 1430 933 reperitur.
1456 896 1656 930 Argumentum
1691 893 1787 927 igitur
1807 901 1824 918 τι

1020 947 1179 976 testimonio
1198 945 1356 980 negativum
1368 951 1422 970 non
1437 941 1563 970 absolute
1579 939 1821 974 subterfugimus;

1020 995 1067 1023 sed
1084 995 1129 1021 ubi
1144 994 1199 1020 vim
1219 993 1339 1027 aliquam
1362 991 1453 1022 habet,
1477 989 1596 1016 libenter
1627 987 1822 1018 admittimus,

1022 1043 1078 1069 imo
1089 1045 1117 1067 et
1128 1046 1268 1074 urgemus.
1286 1038 1315 1064 ln
1330 1036 1454 1072 epistolis
1477 1035 1581 1070 lgnatio
1603 1033 1750 1068 ascriptis,
1772 1031 1821 1059 scd

1020 1096 1071 1115 nec
1085 1087 1120 1114 ab
1137 1085 1268 1117 Eusebio,
1286 1092 1336 1111 nec
1353 1084 1388 1110 ab
1399 1081 1565 1117 Hieronymo
1580 1079 1748 1107 memoratis
1771 1078 1821 1105 ad-

1021 1133 1173 1163 mittimus;
1193 1135 1296 1158 etcum
1314 1136 1395 1156 ncmo
1413 1136 1463 1163 per
1481 1131 1602 1162 quatuor
1626 1125 1732 1153 saecula
1755 1128 1820 1159 post

1020 1179 1116 1214 lgnatii
1145 1181 1260 1205 mortem
1279 1183 1374 1203 earum
1388 1173 1563 1204 ‘meminerit,
1586 1172 1703 1199 omnino
1725 1171 1819 1206 rejici-

1020 1233 1093 1252 mus.
1113 1223 1142 1251 In
1158 1223 1283 1259 epistolis
1299 1229 1414 1256 prorsus
1433 1224 1496 1247 ante
1511 1219 1563 1246 hoc
1579 1218 1714 1246 saeculum
1733 1218 1819 1243 inau-

1021 1272 1095 1304 ditis,
1110 1278 1141 1298 ac
1157 1277 1190 1297 ne
1201 1276 1275 1296 nunc
1287 1267 1396 1303 quidem
1411 1265 1584 1293 exstantibus
1598 1285 1604 1295 ,
1632 1264 1680 1291 sed
1710 1264 1819 1290 solum-

1021 1317 1103 1344 modo
1117 1316 1149 1343 ad
1167 1315 1331 1343 cludendum
1349 1313 1378 1340 S.
1392 1312 1540 1348 Polycarp't
1558 1310 1753 1338 testimonium
1767 1316 1817 1336 ex-

1021 1363 1146 1398 cogttatis
1173 1363 1255 1390 etiam
1284 1367 1431 1395 urgemus;
1454 1364 1482 1385 et
1509 1365 1572 1385 cum
1596 1356 1664 1383 nulli
1689 1363 1816 1390 unquam

1021 1410 1120 1438 sacelilo
1129 1410 1244 1444 cognitae
1258 1407 1371 1440 fuerint,
1382 1414 1432 1442 pro
1442 1406 1570 1440 ﬁgmento
1581 1404 1729 1430 habemus.
1743 1402 1815 1429 Idem

1020 1457 1138 1491 denique
1164 1462 1266 1490 negans
1280 1457 1488 1488 argumentum,
1517 1451 1540 1478 si
1568 1450 1638 1477 forte
1670 1449 1814 1479 oﬂeratur,

1021 1505 1110 1540 primo
1125 1502 1304 1534 discutimus;
1318 1500 1488 1531 diSCussum,
1503 1498 1525 1526 si
1541 1497 1645 1524 nullam
1669 1497 1697 1523 in
1715 1503 1746 1523 se
1760 1496 1814 1522 vim

983 1559 1006 1590 ο
1021 1551 1122 1577 habere
1138 1549 1217 1576 nobis
1232 1547 1368 1579 videatur,
1383 1552 1536 1580 negamus;
1553 1547 1580 1570 et
1598 1541 1758 1577 negationis
1771 1548 1814 1568 ra-

1023 1597 1124 1624 tionem
1142 1594 1292 1622 reddimus.

1058 1642 1115 1677 Ego
1130 1649 1200 1673 vero,
1215 1639 1304 1674 inquit
1326 1638 1369 1665 vir
1387 1637 1576 1668 doctissimus,
1591 1643 1643 1662 non
1666 1634 1811 1669 πέρσαι-ξπ

1023 1689 1142 1726 quaedam
1158 1696 1212 1714 esse
1229 1685 1392 1721 hujusmodi,
1404 1684 1430 1710 in
1448 1684 1542 1718 quibus
1556 1689 1696 1717 perperam
1709 1680 1760 1706 hoc
1770 1687 1813 1706 cr-

1024 1735 1139 1772 gumenti
1156 1741 1236 1768 genus
1250 1731 1386 1759 adhibeas.
1399 1730 1433 1758 Et
1449 1737 1500 1765 ego
1512 1729 1647 1756 atIirmare
1663 1734 1719 1754 non
1735 1725 1810 1753 dubi-

1023 1781 1150 1813 taverim,
1166 1786 1277 1806 causam
1299 1781 1422 1805 nostram
1443 1774 1581 1811 ejusmodi
1599 1781 1674 1805 esse.
1691 1777 1719 1799 ut
1743 1773 1770 1799 in
1782 1778 1812 1797 ea

1024 1829 1077 1856 rite
1087 1825 1210 1855 adhiberi
1226 1824 1337 1852 minime
1350 1823 1447 1858 possit.
1465 1822 1493 1849 Si
1505 1821 1578 1848 enim
1594 1827 1719 1854 unquam
1735 1825 1812 1853 argu-

1025 1879 1146 1902 mentum
1169 1881 1183 1900 a
1206 1871 1366 1900 testimonio
1388 1869 1544 1904 negativum
1569 1866 1640 1893 nihil
1665 1866 1767 1897 valeat,
1786 1863 1812 1890 id

1025 1926 1082 1948 tum
1102 1919 1238 1955 prazcipue
1258 1918 1297 1951 tit,
1313 1924 1375 1944 cum
1400 1915 1481 1942 datur
1500 1916 1693 1949 argumentum
1709 1919 1726 1938 a
1739 1911 1812 1938 testi—

1024 1967 1117 1994 monio
1141 1963 1350 1995 attirmativum,
1374 1960 1446 1996 quod
1469 1959 1507 1986 illi
1532 1959 1614 1994 plane
1642 1957 1811 1985 contrarium

1026 2012 1157 2041 asseritet
1166 2010 1277 2038 evincit.
1286 2009 1387 2039 Contra
1399 2007 1472 2034 enim
1485 2004 1694 2032 aflirmationem
1706 2002 1812 2030 testium

1026 2058 1100 2085 omni
1118 2057 1170 2084 fide
1184 2056 1345 2092 dignorum.
1362 2053 1493 2087 nullaque
1515 2049 1644 2078 falsitatis
1662 2053 1712 2076 aut
1735 2048 1814 2075 imbe

1026 2103 1146 2132 cillitatis
1160 2102 1317 2137 suspicione
1327 2098 1523 2130 laborantium,
1535 2097 1602 2123 nihil
1613 2095 1687 2122 valet
1698 2095 1812 2122 aliorum

1026 2149 1147 2180 negatio,
1161 2148 1248 2175 multo
1271 2146 1364 2173 minus
1380 2144 1530 2172 silentium.
1546 2141 1603 2169 Hoc
1618 2141 1734 2176 quidem
1752 2146 1813 2168 casu

1028 2199 1216 2231 argumentum
1232 2200 1334 2228 negans
1347 2191 1466 2226 scipsum
1480 2192 1574 2224 negat;
1590 2187 1728 2215 fundatur
1745 2187 1811 2214 enim

185 2241 242 2267 suis
256 2248 461 2266 commemorare
473 2240 598 2274 dignatus
616 2243 664 2266 est.
683 2238 757 2265 Hist.
770 2239 834 2266 ercl.
854 2239 872 2266 Ι.
891 2246 933 2267 nl.
949 2247 973 2266 c.
991 2240 1014 2267 ῐ)
1030 2244 1055 2269 in
1079 2241 1197 2277 generali
1221 2239 1330 2267 silentio
1347 2243 1395 2265 :at
1413 2245 1476 2265 cum
1493 2236 1536 2263 vel
1556 2235 1650 2270 plures
1672 2234 1718 2261 vel
1735 2233 1812 2260 etiam

185 2288 232 2315 ‘25.
253 2287 402 2314 Clementis
420 2286 504 2313 etiam
525 2286 669 2320 epistolam
694 2286 843 2313 secundam
868 2285 974 2319 reiecit,

187 2334 259 2365 hanc
276 2334 385 2361 unicam
398 2332 532 2359 rationem
546 2332 677 2359 reddens:
696 2332 733 2358 Οὐ
752 2332 804 2367 μὴν
821 2332 859 2358 ἔθ’
876 2332 976 2367 ὁμοίως

186 2380 219 2414 τῇ
238 2379 360 2415 προτέρᾳ
376 2378 423 2404 καὶ
440 2376 542 2412 ταύτην
558 2377 696 2412 γνώριμον
721 2376 891 2412 ἐπιστάμεθα
903 2396 910 2407 ,
936 2368 977 2402 ait

189 2425 255 2465 μηδὲ
272 2425 335 2457 τοὺς
352 2423 482 2460 ἀρχαίους
495 2423 563 2458 αὑτῇ
577 2423 761 2458 κεχρημένους
779 2423 866 2458 ἴσμεν.
882 2422 977 2449 Verum

187 2471 254 2497 hanc
266 2479 318 2497 non
334 2470 442 2505 perinde
453 2473 584 2504 receptam
611 2474 688 2503 atque
703 2468 876 2503 approbatum
895 2468 978 2503 fuisse

187 2524 235 2555 pro
246 2521 317 2542 certo
330 2515 466 2548 habemus,
479 2513 692 2550 quandoquidem
702 2514 854 2541 vetustiores
871 2514 926 2548 ejus
941 2517 978 2540 to—

188 2563 314 2590 stimonio
329 2570 493 2597 nequaquam
508 2570 568 2588 usos
579 2569 635 2588 esse
659 2561 842 2596 comperimus,
860 2561 878 2587 l.
892 2568 934 2593 ιιι,
951 2568 976 2587 c.

187 2610 233 2640 58.
251 2608 302 2636 Ubi
320 2609 464 2644 diligenter
478 2608 680 2636 observandum
705 2613 756 2641 est,
773 2608 921 2635 discrimen
950 2607 977 2634 in

187 2656 233 2683 his
246 2655 313 2690 ipsis
328 2655 407 2683 libris
422 2655 606 2690 dijudicandis
620 2656 655 2682 ab
668 2655 788 2682 Eusebio
801 2654 954 2682 adhibitum
970 2662 977 2686 ;

188 2703 294 2740 priores
310 2710 423 2737 prorsus
437 2708 464 2730 et
486 2705 595 2739 penitus
611 2704 783 2736 condemnat,
801 2711 854 2730 non
873 2707 978 2729 tantum

189 2749 226 2776 ob
255 2750 476 2778 testimoniorum
496 2750 632 2778 defectum
646 2770 653 2782 ,
682 2750 729 2777 sed
745 2754 773 2777 et
786 2750 822 2777 ob
836 2748 978 2776 materiam

190 2797 351 2832 apostolicis
368 2798 478 2832 scriptis
492 2798 604 2824 minime
619 2801 844 2829 consentaneum,
858 2800 885 2823 et
900 2795 980 2830 plane

191 2843 368 2877 baereticam;
387 2845 566 2879 posteriorem
585 2848 687 2877 autem,
705 2844 778 2878 quod
797 2842 979 2870 vetustiorum

191 2891 358 2922 testimoniis
380 2891 528 2921 destitutus
553 2896 639 2927 esset,
656 2899 706 2927 pro
721 2899 774 2918 non
788 2891 855 2918 adeo
873 2893 980 2925 recepto

1028 2297 1100 2316 unus
1113 2287 1246 2322 loquitur,
1258 2284 1382 2321 generale
1398 2283 1538 2311 silentium
1552 2289 1607 2308 non
1626 2285 1678 2307 est.
1697 2281 1751 2313 Qui
1765 2279 1812 2305 vim

1028 2336 1087 2369 ejus
1106 2334 1225 2361 maxime
1247 2331 1407 2362 defendunt,
1426 2333 1491 2356 tunc
1512 2331 1618 2354 tantum
1643 2325 1742 2353 cllicax
1759 2330 1812 2352 esse

1029 2368 1156 2412 fatentur,
1179 2386 1241 2406 cum
1270 2377 1358 2404 utilius
1379 2376 1484 2402 amitino
1506 2374 1620 2408 scriptor
1642 2371 1757 2407 arquati:
1781 2368 1814 2396 rel

1028 2435 1127 2462 suppar
1147 2429 1257 2460 praestat
1279 2422 1475 2453 testimonium;
1493 2420 1539 2447 ubi
1563 2423 1655 2446 autem
1668 2417 1713 2444 vel
1727 2418 1813 2452 plures

1027 2474 1070 2501 vel
1086 2473 1169 2500 etiam
1184 2479 1256 2499 unus
1269 2474 1393 2500 testatur,
1408 2468 1460 2495 dici
1477 2475 1529 2494 non
1542 2469 1632 2500 potest
1643 2464 1751 2491 nullum
1764 2469 1813 2489 om—

1029 2521 1091 2546 nino
1107 2518 1287 2545 testimonium
1301 2520 1437 2550 praestare.
1454 2513 1543 2541 Causa
1559 2512 1644 2546 igitur
1655 2515 1755 2537 nostra
1770 2509 1813 2535 huc

1030 2568 1221 2600 argumentum
1244 2559 1357 2589 minime
1379 2559 1509 2587 admittit.
1533 2557 1592 2584 Non
1615 2556 1690 2584 enim
1713 2560 1812 2582 tantum

1030 2599 1189 2640 Eusebium,
1205 2608 1250 2643 qui
1272 2609 1341 2634 intra
1357 2606 1491 2633 ducentos
1514 2607 1576 2639 post
1596 2603 1704 2629 obitum
1724 2599 1812 2636 lgnatii

1030 2663 1118 2683 annos
1133 2655 1216 2688 vixit,
1232 2653 1338 2681 ﬂoruit.
1355 2657 1382 2679 et
1395 2651 1537 2686 presbyter
1552 2648 1616 2680 fuit,
1635 2645 1813 2681 locupletissi-

1031 2710 1106 2729 mum
1125 2706 1221 2728 testem
1241 2700 1389 2730 hahemus,
1405 2697 1451 2725 sed
1472 2701 1499 2723 et
1518 2699 1582 2723 ante
1601 2702 1665 2722 eum
1681 2694 1766 2721 etiam
1786 2690 1812 2717 all

1031 2749 1090 2783 ipsa
1115 2746 1282 2775 sanctissimi
1304 2744 1432 2780 martyris
1454 2743 1583 2778 passione
1600 2741 1770 2776 complures.
1788 2736 1811 2762 5-

1033 2794 1199 2829 Polycarpus
1215 2794 1264 2821 has
1280 2793 1353 2827 ipsas
1364 2790 1505 2826 epistolas,
1519 2796 1575 2816 non
1587 2788 1657 2815 alias
1670 2792 1719 2814 aut
1734 2787 1812 2813 (liver-

1033 2849 1088 2872 sas,
1105 2841 1199 2875 eodem
1218 2847 1272 2874 quo
1293 2839 1401 2872 scripta:
1417 2840 1481 2865 sunt
1499 2842 1571 2862 anno
1589 2834 1713 2868 collegit,
1726 2831 1810 2862 edidit.

1033 2887 1188 2921 pastoritati-
1209 2884 1425 2917 commendavit,
1450 2887 1479 2910 ut
1502 2882 1562 2910 tusc
1593 2881 1742 2916 probatura
1769 2880 1809 2905 est,
