1866 3073
27 135 30 156 δ
47 135 92 161 EB

322 168 356 182 Νι

445 135 470 162 .Ι.
486 134 667 166 PEARSONH
686 135 846 164 VJNDICL‘E
866 129 1076 166 ICNATIANE.
1106 127 1140 159 ξ
1158 137 1247 165 PARS
1265 137 1286 165 l.

45 196 121 224 Philo
135 200 164 223 et
188 195 370 232 Agathopus,
389 196 420 224 Β.
441 197 537 233 lgnatii
557 205 591 225 ex
615 197 694 232 Syria
716 199 842 231 comites,
859 205 881 230 Α
895 199 1000 227 ellicere
1015 207 1069 227 non
1090 204 1188 235 potest,
1204 204 1234 226 ut
1249 199 1321 234 quod
1337 199 1375 227 ab.
1387 199 1447 225 aliis
1468 199 1568 228 visum.
1581 199 1680 228 lectum

27 267 29 269 .
45 245 68 271 in
86 244 166 271 Actis
181 243 316 278 proximo
329 251 406 271 anno
419 244 510 276 editis,
524 249 553 271 ut
569 244 686 276 videtur,
702 244 844 279 epistolam

27 290 29 292 ’
43 291 74 318 ad
90 289 236 317 Romanos
247 295 482 317 commemorant.
497 289 526 317 S.
540 290 658 318 lrenazus
670 299 723 317 non
736 291 846 319 aliunde

44 345 126 371 quam
141 344 178 364 ex
196 336 295 363 eadem
313 336 431 371 epistola
445 336 578 371 insignem
593 337 756 363 sententiam
770 341 846 364 tran-

27 383 28 386 “
43 384 166 418 srripsit.
195 383 225 410 S.
241 383 432 418 Theophilus,
448 382 602 411 Antiochiae
625 383 782 418 cpiscopus,
799 389 846 411 aut

44 434 116 457 certe
140 435 225 457 vetus
249 434 348 456 auctor
367 429 396 457 S.
414 429 515 456 Basilio
538 429 639 462 dictus,
654 429 776 464 ejusdem
799 438 847 457 ste-

45 477 110 508 ruli,
125 476 213 503 aliam
233 476 318 504 etiam
335 475 501 504 sententiam
522 483 556 502 ex
576 475 692 510 cpistola
707 475 740 503 ad
757 475 846 510 Ephe-

45 523 100 549 sius
115 527 265 550 mutuatus
279 526 332 550 est.
350 521 444 550 Tertio
459 523 559 550 saaculo
575 521 707 557 Origenes
721 522 844 549 eamdem

44 569 279 596 commemoravit
297 568 408 603 juvenis
426 569 527 600 adhuc,
543 572 571 596 et
585 568 666 596 aliam
682 576 715 595 ex
730 568 845 603 epistola

44 616 77 642 ad
103 615 250 643 Romanos
278 615 351 642 idem
375 622 457 642 senex
483 615 628 650 excerpsit.
643 623 676 642 ac
700 615 845 649 utrobique

46 661 184 696 lgnalium
202 661 369 689 nominavit.
388 661 447 689 Non
466 662 548 697 igitur
562 663 647 689 altum
666 663 692 690 in
711 662 844 694 Ecclesia,

46 717 100 736 non
123 709 290 736 diuturnum
311 709 450 736 silentium
474 709 535 737 fuit.
560 708 689 744 Epistolte
705 708 734 736 S.
750 708 845 744 lgnatii

47 755 80 783 ab
105 754 167 789 ipso
187 762 286 781 earum
305 758 367 782 ortu
394 760 423 782 et
443 759 515 782 noue
537 758 565 782 et
582 755 704 782 illustres
725 754 844 786 luerunt,

47 807 196 835 postquam
219 801 343 836 genuino
368 801 498 837 martyris
522 800 600 832 fetui,
624 809 677 828 non
699 800 843 833 Eusebius,

51 845 96 873 sed
119 846 148 873 S.
167 845 341 881 Polycarpus
366 845 560 874 obstetricatus
582 851 634 874 est.
656 846 693 873 Ex
715 854 770 881 quo
785 846 844 880 ejus

59 894 163 928 cpistola
179 893 214 920 ad
235 893 427 928 Pbilippeuses
439 893 502 920 data
520 894 547 920 in
560 893 670 928 publico
689 893 760 920 Asia:
778 900 845 920 con-

59 945 128 967 ventu
147 939 329 974 personabat,
343 938 483 975 Ignatiana
500 944 640 974 tantopere
656 938 846 966 commendata

61 986 130 1013 latere
154 986 234 1013 nullo
260 985 344 1013 modo
368 990 526 1021 potuerunt.
556 985 667 1013 Nullum
691 986 775 1021 igitur
802 986 846 1013 hic

61 1032 199 1064 silentium;
207 1032 312 1059 nullum
324 1032 449 1067 negantis
459 1033 611 1067 argumenti
625 1032 843 1060 fundamentum.

88 1076 198 1104 Summa
226 1077 385 1111 argumenti
407 1084 422 1103 a
442 1077 502 1104 viro
532 1077 693 1105 doctissimo
719 1077 845 1113 producti

62 1121 106 1149 ltec
125 1127 179 1150 est.
209 1121 240 1149 Si
260 1130 334 1149 vene
355 1126 449 1150 essent
471 1123 512 1150 ha:
532 1122 630 1158 lgnatii
654 1124 785 1159 epistola,
807 1131 846 1151 ea:

56 1168 168 1196 fuissent
181 1169 252 1196 viris
265 1168 394 1201 eruditis,
406 1169 516 1197 Justino
529 1170 555 1197 in
570 1171 680 1205 primis,
693 1175 720 1199 et
732 1170 843 1204 Irenteo,

54 1221 79 1241 et
99 1215 235 1245 Clementi
258 1215 458 1249 Aiexandrino,
481 1221 507 1244 et
531 1217 711 1249 Tertulliano,
732 1223 760 1246 et
783 1218 845 1246 aliis

55 1261 171 1296 ejusdem
197 1270 301 1290 census
329 1268 412 1298 atque
432 1263 480 1291 aevi
506 1261 687 1299 scriptoribus
713 1266 844 1301 cognitis—

56 1308 135 1335 sima.
157 1307 211 1335 Sed
228 1309 298 1336 viris
311 1309 366 1336 illis
381 1309 574 1337 eruditissimis
587 1312 702 1345 cognitae
717 1319 770 1338 non
786 1311 844 1340 fue-

57 1359 123 1381 runt.
146 1353 220 1389 Ergo
241 1354 340 1389 lgnatii
363 1355 486 1390 epistolae
509 1364 581 1384 verte
604 1355 658 1384 non
681 1363 756 1386 sunt.
773 1358 843 1386 Tum

56 1407 114 1426 vero
124 1407 174 1434 pro
185 1408 323 1428 concesso
333 1401 429 1435 sumit,
439 1409 490 1429 nos
504 1402 571 1429 illud
584 1411 669 1431 unum
683 1407 841 1439 negaturos,

57 1445 156 1479 ignotas
176 1446 284 1474 scilicet
305 1446 392 1475 fuisse
413 1448 480 1475 viris
506 1448 561 1476 illis
584 1449 634 1476 has
652 1449 792 1484 epistolas.
810 1451 843 1479 At

57 1499 103 1520 nos
114 1492 169 1519 duo
190 1492 238 1520 hic
261 1500 405 1528 negamus,
421 1495 553 1528 primum,
571 1495 594 1523 si
618 1495 744 1524 Justinus
760 1496 841 1531 forte,

57 1543 97 1565 aut
109 1539 246 1573 Clemens,
262 1544 310 1567 aut
323 1539 520 1574 Tertullianus,
536 1548 584 1570 aut
597 1543 624 1570 lii
637 1552 733 1571 omnes
744 1543 840 1578 lgnatii
856 1555 878 1585 ρ

56 1584 177 1617 epistolas
198 1585 391 1620 ignorassent,
416 1586 583 1623 Polycarpus
608 1593 719 1622 autem,
745 1589 840 1623 Philo,

55 1631 228 1666 Agathopus,
245 1631 436 1668 Theophilus,
464 1633 598 1668 Irenaaus,
626 1634 769 1671 Origenes,
789 1637 843 1664 illis

55 1677 217 1711 antiquiores
237 1682 285 1704 aut
305 1685 404 1705 eorum
428 1680 575 1714 synchroni
598 1681 753 1716 novissent;
769 1683 843 1711 nullo

55 1724 129 1751 modo
150 1724 295 1758 sequitur,
322 1725 374 1752 has
399 1727 528 1760 epistolas
559 1727 654 1763 lgnatii
685 1738 764 1759 veras
787 1738 843 1758 non

54 1770 132 1798 fuisse
149 1780 156 1798 :
174 1772 376 1806 consequentia
393 1773 475 1808 igitur
493 1767 598 1802 tantum
613 1780 655 1803 est
679 1777 842 1812 probabilis,

55 1825 103 1844 non
127 1818 298 1845 necessaria.
331 1817 459 1846 Secundo
485 1821 547 1848 loco
575 1830 710 1858 negamus
735 1823 843 1860 ignotas

54 1862 132 1890 fuisse
146 1863 202 1890 illis
217 1863 286 1891 viris
305 1864 354 1892 has
371 1865 512 1899 epistolas,
526 1867 607 1902 idque
626 1867 662 1896 ob
676 1869 746 1896 duas
758 1870 843 1897 ratio-

55 1916 106 1942 nes,
122 1915 179 1936 tum
199 1910 274 1944 quod
299 1911 411 1945 probari
437 1920 578 1947 nunquam
597 1922 679 1949 posse
702 1920 842 1950 putamus,

59 1961 95 1981 eos
116 1963 213 1983 revera
233 1956 398 1991 ignorasse,
415 1962 471 1985 tum
498 1959 573 1993 quod
593 1960 701 1987 meliori
716 1961 777 1995 jure
792 1969 842 1989 nos

58 2001 212 2036 colligimus,
226 2009 277 2030 eos
300 2003 392 2036 potius
417 2004 520 2039 optime
547 2005 667 2033 novisse.
691 2006 744 2034 Illae
769 2008 841 2034 enim

57 2047 178 2080 epistolte,
200 2055 264 2082 quae
281 2047 442 2084 Polycarpo,
459 2049 576 2082 Philoni,
597 2051 741 2087 Agatliopi,
755 2051 843 2080 Theo-

56 2092 130 2125 philo,
157 2092 263 2120 Irenaeo
287 2097 314 2120 et
339 2093 448 2129 Origeni
475 2100 547 2123 noue
570 2096 698 2130 fuerunt,
721 2097 840 2132 Justino,

55 2137 190 2170 Clementi,
198 2138 372 2167 Tertulliano
383 2140 499 2175 aliisque
510 2141 631 2176 ejusdem
644 2150 744 2170 census
757 2148 839 2178 atque

53 2184 93 2210 arvi
120 2184 308 2220 scriptoribus
337 2193 390 2213 non
414 2186 543 2214 videntur
566 2188 715 2223 incognitae
745 2189 841 2217 fuisse.

895 251 922 274 et
940 252 1100 282 usurpatum
1118 246 1180 279 fuit,
1202 246 1228 273 id
1243 246 1355 273 omnino
1374 253 1427 273 non
1446 250 1529 274 esset.
1545 246 1614 274 Cum
1632 254 1683 273 au-

895 297 949 320 tem
963 292 1020 327 jam
1037 292 1140 327 liquido
1156 296 1297 327 appareat,
1313 291 1417 318 nullum
1433 291 1461 318 iu
1482 291 1610 327 prmseuti
1632 299 1683 319 ne-

896 339 971 373 gotio
985 343 1148 374 argumento
1173 339 1281 373 neganti
1299 338 1389 366 locum
1407 346 1481 371 esse;
1499 337 1566 366 illud
1589 338 1687 371 unum,

896 389 925 412 ut
947 384 1033 412 voluil.
1053 384 1181 417 Dallaans,
1197 392 1270 411 nunc
1290 389 1385 417 restat,
1405 388 1434 412 ut
1455 392 1585 420 negemus
1603 383 1684 420 lgna-

896 431 969 458 tiana
992 432 1059 459 viris
1072 437 1098 459 et
1115 431 1247 462 Ecclesiis
1271 432 1457 460 celeberrimis
1472 431 1556 460 fuisse
1579 425 1687 468 ignota;

896 483 923 505 et
948 478 1115 512 coniecturis
1141 478 1202 514 ejus
1222 478 1457 513 respondeamus,
1480 478 1580 513 quibus
1599 478 1684 506 fretus

896 533 927 552 ea
942 525 1070 556 asseruit,
1089 533 1151 560 qua:
1176 525 1233 559 ipse
1256 524 1411 552 certissime
1430 524 1577 560 ignoravit.
1599 524 1631 552 Et
1650 525 1685 552 ab

896 570 998 598 lreumo
1013 571 1123 606 quidem
1147 571 1264 604 orditur,
1281 571 1314 598 de
1339 579 1395 606 quo
1413 571 1525 606 copiose
1545 570 1683 606 disputat;

897 617 942 644 ενι]
958 625 989 644 ea
1005 617 1096 644 omnia
1112 625 1162 645 suo
1180 618 1240 645 loco
1255 616 1442 646 refutavimus.
1461 617 1502 644 Ab
1516 616 1619 644 Irench
1634 625 1685 645 au-

898 667 950 691 tem
971 665 1067 691 transit
1079 665 1111 692 ad
1126 664 1276 693 Ecclesium
1292 664 1516 692 Alexandrinam.

933 707 983 734 Sed
998 716 1077 742 neque
1090 708 1289 741 Alexandrinis,
1304 709 1392 744 inquit
1406 710 1494 743 capite
1512 709 1537 742 7,
1553 710 1686 736 notiorem

896 762 975 788 quant
989 753 1091 780 lrcnrro
1103 760 1126 781 et
1147 755 1253 781 Asianis
1266 755 1348 790 fuisse
1366 756 1532 790 epistolicum
1548 755 1686 791 Ignatium

896 801 963 827 satis
976 808 1007 827 ea:
1019 802 1133 835 quartam
1150 802 1281 837 singulari
1299 801 1371 828 illius
1394 801 1521 829 Ecclesite
1543 802 1686 829 traJitione

896 851 1010 874 constat.
1029 846 1061 873 Et
1080 855 1146 874 sane
1160 852 1266 874 constet
1280 846 1414 882 lgnatium
1429 852 1554 875 nostrum
1568 847 1686 875 Alexan-

897 891 984 919 drinis
996 900 1050 919 non
1064 891 1148 919 fuisse
1162 892 1294 919 notiorem
1306 901 1388 927 quam
1403 892 1504 921 Irenaeo
1515 898 1542 920 et
1556 893 1687 927 Asianis;

898 938 988 965 notior
1017 938 1090 965 cnim
1115 938 1306 966 Alexandrinis
1319 943 1366 966 aut
1389 939 1451 966 aliis
1473 940 1686 974 quibuscuuque

896 991 957 1011 esse
972 992 1026 1010 non
1052 985 1150 1019 potuit,
1169 993 1231 1011 cum
1257 984 1310 1012 illis
1335 985 1417 1012 fuerit
1439 986 1611 1013 notissimus.
1633 985 1689 1013 Pro

897 1030 1047 1058 Athanasio
1069 1031 1190 1065 loquitur
1204 1031 1340 1058 sententia
1360 1039 1444 1066 quam
1464 1032 1614 1066 excerpsit;
1635 1040 1687 1066 pro

897 1075 1006 1104 Asianis
1017 1077 1132 1112 cpistola
1146 1076 1288 1112 Polycarpi
1304 1085 1352 1112 per
1364 1081 1404 1104 tot
1413 1077 1514 1104 smcula
1523 1077 1595 1112 apud
1611 1077 1687 1112 ipsos

897 1122 976 1150 lecta.
1001 1121 1052 1150 Sed
1067 1128 1105 1150 cst
1129 1123 1183 1149 lucc
1199 1123 1332 1155 doctrina,
1349 1123 1449 1157 inquit,
1467 1123 1499 1150 ab
1519 1122 1626 1158 Ignatt'o
1641 1123 1685 1150 iri--

897 1169 1012 1202 calcata,
1027 1177 1077 1196 non
1092 1169 1171 1196 aliter
1187 1178 1265 1205 quam
1280 1170 1312 1196 ab
1324 1178 1376 1196 uno
1392 1171 1511 1204 episcopo
1525 1169 1686 1204 presbyteris

895 1215 1050 1250 prouidente
1066 1215 1120 1250 regi
1138 1223 1213 1250 posse
1228 1224 1259 1242 ac
1274 1215 1366 1242 debere
1384 1215 1504 1252 singulas
1518 1213 1618 1242 Christi
1635 1213 1686 1240 Ec-

896 1260 1000 1290 clesiae.
1015 1260 1054 1288 De
1070 1261 1182 1297 singulis
1198 1261 1266 1288 nihil
1287 1261 1356 1288 dixit
1370 1260 1502 1296 Ignatius,
1514 1265 1541 1288 et
1554 1265 1643 1295 potest
1658 1260 1685 1286 in

895 1315 927 1336 ea
943 1315 1009 1336 voce
1024 1307 1128 1342 aliquid
1148 1308 1247 1340 latere;
1264 1310 1310 1335 sed
1331 1308 1354 1335 si
1375 1312 1447 1335 recte
1463 1306 1642 1342 intelligatur.
1653 1315 1686 1334 ea

895 1360 967 1381 certe
982 1353 1077 1388 lgnatii
1091 1353 1214 1381 doctrina
1236 1353 1304 1386 fuit,
1320 1358 1356 1384 et,
1369 1357 1401 1380 ut
1418 1353 1527 1388 opinor,
1546 1352 1685 1388 apostolo-

896 1408 956 1427 rum
975 1399 1110 1434 discipulo
1131 1404 1158 1427 et
1177 1399 1306 1434 episcopo
1327 1399 1500 1435 dignissima.
1527 1399 1570 1426 An
1593 1403 1684 1426 autem

896 1446 953 1476 haec
970 1445 1095 1473 doctrina
1115 1445 1307 1476 Alexandrinis
1322 1450 1382 1473 erat
1405 1445 1557 1480 incognita,
1571 1449 1602 1472 ut
1623 1445 1686 1473 inde

894 1489 976 1517 etiam
993 1489 1126 1525 lgnatium
1147 1489 1180 1517 iis
1203 1491 1312 1524 penitus
1326 1490 1450 1525 ignotum
1474 1489 1559 1517 fuisse
1573 1490 1686 1524 colliga-

896 1537 977 1566 mus?
989 1535 1060 1564 Nihil
1076 1537 1177 1566 minus.
1194 1536 1221 1563 In
1235 1536 1308 1566 nulla
1322 1544 1444 1571 unquam
1458 1536 1580 1564 Ecclesia
1597 1538 1685 1572 magis

895 1588 1002 1618 recepta
1027 1587 1054 1611 et
1076 1583 1219 1611 observata
1243 1587 1285 1610 est
1309 1583 1366 1610 hmc
1395 1582 1519 1610 doctrina
1547 1590 1629 1617 quam
1657 1583 1684 1609 iu

894 1627 1090 1657 Alexandrina.
1110 1628 1191 1656 Nulla
1211 1633 1275 1656 sunt
1293 1630 1422 1662 certiora,
1443 1633 1490 1656 aut
1508 1629 1596 1664 magis
1613 1629 1684 1664 apud

895 1680 991 1703 omnes
1006 1674 1033 1701 in
1053 1673 1180 1703 confesso
1202 1679 1392 1706 monumenta,
1406 1682 1489 1710 quam
1502 1683 1563 1710 qua:
1577 1675 1610 1702 de
1632 1675 1684 1703 Ec-

894 1721 978 1748 clesia
989 1719 1171 1748 Alexandrina
1186 1722 1292 1757 prodita
1308 1726 1381 1749 sunt.
1395 1721 1471 1749 Unde
1484 1721 1525 1748 vir
1538 1722 1684 1754 maximus,

895 1766 973 1802 llugo
985 1766 1108 1798 Grotius.
1123 1768 1170 1802 qui
1183 1767 1298 1803 putavit,
1315 1768 1349 1794 ab
1364 1767 1442 1795 initio
1460 1767 1597 1795 Ecclesias
1610 1775 1686 1794 com-

894 1813 971 1840 muui
992 1813 1226 1849 presbyterorum,
1241 1814 1287 1848 qui
1303 1814 1384 1841 iidem
1401 1821 1498 1841 omnes
1513 1818 1540 1840 et
1552 1814 1683 1848 episcopi,

901 1864 930 1888 ut
956 1859 1100 1892 ait,-Paulo
1116 1859 1306 1895 Clementique
1317 1860 1458 1892 dicuntur,
1468 1856 1584 1887 consilio
1600 1860 1684 1887 fuisse

894 1905 1069 1940 gubernatas,
1085 1906 1111 1932 in
1128 1913 1159 1933 ea
1176 1905 1310 1933 sententia
1331 1904 1393 1938 fuit,
1412 1905 1486 1940 quod
1509 1913 1606 1933 exsors
1627 1906 1685 1940 epi-

895 1958 1042 1985 scoporum
1068 1952 1219 1979 auctoritas
1242 1951 1373 1979 Ecclesiae
1396 1952 1605 1984 consuetudine,
1623 1957 1685 1986 post

895 1997 979 2026 Marci
995 2003 1110 2026 mortem
1127 1998 1308 2031 Alexandrize,
1323 2003 1405 2033 atque
1420 2006 1453 2026 co
1475 1999 1601 2034 example
1619 1998 1684 2025 alibi

895 2044 1032 2072 introduci
1059 2045 1183 2079 coeperit,
1200 2050 1230 2071 ut
1255 2045 1313 2079 ipse
1338 2049 1454 2072 testatur
1475 2045 1590 2080 epistola
1620 2044 1683 2072 162.

894 2089 975 2118 Certe
1000 2089 1029 2117 S.
1047 2089 1169 2118 Marcum
1198 2090 1370 2120 Alexandriae
1390 2090 1568 2118 constituisse
1591 2089 1686 2118 Eccle-

894 2137 964 2164 siam
990 2144 1086 2164 omnes
1109 2136 1249 2169 scribunt,
1276 2137 1464 2172 episcopatum
1493 2137 1530 2164 ibi
1554 2137 1684 2164 habuisse

894 2182 1078 2219 Hieronymus
1099 2183 1258 2218 praefatione
1284 2184 1311 2211 ln
1337 2183 1514 2218 Matthaaum;
1540 2184 1684 2212 ordinasse

53 2228 96 2257 SeJ
112 2229 215 2266 lgnatii
227 2231 352 2266 epistola:
367 2232 433 2265 illis,
450 2238 480 2261 ut
495 2233 555 2262 fuse
571 2235 754 2268 ostendimus,
770 2240 842 2264 nota:
857 2238 879 2266 D
893 2232 1052 2266 episcopum
1077 2230 1188 2258 ηοιηίηθ
1204 2230 1341 2258 Amanum
1366 2231 1407 2259 vel
1425 2231 1570 2264 Ananianl‘l
1586 2231 1683 2258 εοάθιη

49 2274 164 2304 luerunt.
182 2276 258 2312 Ergo
272 2282 301 2306 et
320 2278 373 2306 his.
390 2278 424 2306 Et
440 2280 463 2306 si
479 2280 507 2307 in
523 2280 621 2308 horum
637 2282 767 2315 operibus
779 2291 841 2317 quae

48 2330 115 2351 nunc
137 2328 274 2356 exstant,
297 2325 409 2352 mentio-
431 2326 530 2353 harum
556 2327 735 2362 epistularum
766 2329 840 2356 nulla

46 2369 112 2397 facta
136 2374 194 2403 est,
209 2370 270 2398 ﬁeri
294 2375 383 2398 tamen
408 2376 496 2406 potest
511 2377 542 2399 ut
563 2373 591 2400 in
615 2373 670 2402 illis
684 2382 746 2409 quae
767 2375 834 2409 peri-

45 2422 131 2450 erunt,
141 2416 239 2452 qualia
248 2415 333 2444 fuisse
343 2417 547 2452 quamplurima
566 2419 680 2451 scimus,
695 2419 838 2454 lgnatiana

43 2467 261 2490 commemorata
278 2463 346 2495 sint,
361 2462 594 2498 quemadmodum
609 2464 643 2491 ab
658 2464 691 2492 iis
704 2473 774 2500 quos
787 2473 839 2492 no--

43 2509 212 2537 minavimus
236 2513 504 2536 commemorantur.
537 2509 616 2542 Quod
646 2510 670 2537 si
700 2518 838 2545 nequem

41 2555 131 2587 editis.
146 2563 239 2590 neque
255 2555 282 2582 in
301 2554 454 2590 depcrditis
475 2555 513 2582 illi
530 2555 670 2590 lgnafiana
687 2564 839 2584 memoras-

41 2607 110 2634 sent,
121 2609 157 2629 ne
172 2602 213 2629 sic
229 2601 343 2637 quidem
357 2601 414 2628 ullo
430 2603 511 2629 modo
523 2603 658 2637 sequitur,
668 2610 719 2630 eos
731 2604 838 2638 penitus

41 2648 84 2674 illa
110 2648 284 2684 ignoravisse
309 2656 373 2683 qua:
398 2648 445 2675 alii
471 2653 617 2676 noverunt.
644 2648 737 2684 Neque
764 2649 836 2676 enim

40 2701 134 2721 eorum
159 2693 281 2728 cuipiam
308 2694 336 2720 in
365 2694 460 2720 animo
483 2693 544 2725 fuit,
571 2702 667 2721 omnes
691 2695 837 2729 scriptores

41 2741 240 2769 ecclesiasticos
260 2745 312 2768 aut
332 2741 417 2768 etiam
440 2741 559 2768 maxime
575 2742 760 2776 prtecellentes
784 2750 836 2769 no-

43 2787 151 2814 minare.
166 2786 195 2814 Si
209 2787 336 2821 denique
352 2786 381 2813 hi
399 2794 447 2813 eas
462 2786 543 2819 forte,
558 2792 605 2813 aut
621 2787 719 2814 horum
738 2787 836 2822 aliquis

44 2832 179 2868 ignoravit,
196 2838 248 2861 aut
263 2840 321 2860 non
339 2832 420 2865 vidit,
437 2837 483 2860 aut
497 2833 524 2860 in
539 2840 590 2861 sua
603 2833 766 2860 bibliotheca
781 2840 834 2860 non

45 2878 137 2916 habuit,
159 2881 238 2910 illius
264 2884 362 2908 tamen
386 2879 428 2907 vel
449 2879 532 2908 etiam
554 2879 835 2917 pluriumjguoratio

891 2284 1027 2305 consensu
1050 2276 1160 2305 tradunt
1174 2287 1180 2304 :
1193 2277 1354 2313 adjunxisse
1375 2277 1482 2305 Aniano
1505 2282 1534 2305 ut
1555 2278 1684 2313 episcopo

891 2328 995 2351 certum
1023 2323 1245 2358 presbyterorum
1270 2327 1298 2351 et
1326 2324 1508 2352 diaconorum
1535 2332 1681 2351 numerum

891 2369 993 2404 pariter
1003 2368 1135 2396 referunt.
1151 2369 1211 2403 Ipse
1222 2369 1373 2406 Eutychius
1387 2369 1552 2406 patriarcha
1564 2370 1683 2397 Alexan-

891 2416 998 2448 drinus,
1009 2415 1089 2450 cujus
1103 2415 1257 2450 originibus
1267 2416 1398 2444 adversus
1409 2415 1544 2451 lgnatium
1555 2420 1680 2447 utuntur,

891 2470 945 2489 non
963 2462 1039 2490 aliter
1064 2465 1177 2489 narrat:
1192 2462 1312 2489 Credidit
1332 2462 1364 2491 ab
1383 2470 1422 2490 eo.
1430 2467 1546 2496 tempore
1562 2461 1681 2490 Ananiae

889 2511 916 2538 in
929 2510 1074 2543 C/trt'stum,
1085 2510 1154 2538 unde
1168 2510 1313 2544 baptizavit
1326 2518 1385 2537 eum
1399 2509 1518 2542 Marcus,
1531 2515 1554 2536 et
1567 2509 1682 2538 Alexan-

889 2557 956 2584 driw
971 2557 1153 2591 patriarc/tam
1169 2557 1317 2585 constituit.
1343 2556 1458 2591 Fuitque
1474 2555 1497 2583 is
1513 2555 1682 2590 patriarcha-

890 2611 948 2630 rum
959 2603 1008 2638 qui
1022 2602 1190 2631 Alexandriw
1199 2603 1319 2638 praefecti
1333 2607 1395 2629 sunt
1409 2602 1520 2636 primus.
1536 2601 1680 2629 Constituit

889 2654 979 2675 autem
992 2648 1152 2684 evangelista
1170 2648 1277 2675 Marcus
1296 2655 1351 2674 una
1365 2655 1425 2674 cum
1439 2647 1546 2677 Ananja
1562 2647 1681 2682 patriar-

888 2693 937 2720 clta
951 2693 1089 2720 duodecim
1100 2692 1274 2728 presbyteros,
1284 2693 1328 2728 qui
1345 2701 1435 2728 nempe
1449 2701 1507 2719 cum
1525 2693 1680 2727 patriarcha

887 2744 1034 2767 manerent.
1047 2739 1131 2768 Vetus
1142 2738 1228 2767 Marci
1243 2739 1372 2767 Historia:
1384 2743 1492 2772 auctor,
1503 2739 1594 2766 beatus
1608 2738 1680 2765 Mar-

889 2795 934 2813 cus
951 2786 1102 2814 Anizannm
1119 2785 1215 2814 ibidem
1239 2786 1370 2812 ordinavit
1391 2786 1555 2820 episcopatu,
1574 2790 1600 2812 et
1626 2790 1678 2811 tres

887 2832 1069 2867 presbyteros,
1088 2836 1112 2859 et
1134 2836 1230 2866 septem
1250 2831 1389 2859 diaconos.
1415 2831 1485 2859 Ecce
1509 2831 1678 2866 ipsissimam

887 2878 986 2908 faciem
1012 2878 1141 2908 Ecclesia:
1168 2878 1331 2914 lgnatianre!
1355 2878 1483 2915 Ananias
1506 2877 1580 2907 enim
1606 2875 1677 2906 idem

1629 137 1727 166 λη.
