1866 3073
201 136 252 160 215

201 194 374 230 Alﬂammat
386 203 438 231 fuit
450 205 522 239 quod
539 203 660 240 lgnatius
674 205 835 237 Antiochiae,
848 206 922 240 quod
935 205 989 233 Po-
1003 208 1027 235 Α

199 242 258 276 ίΥθθ
265 257 329 284 rpus
337 249 470 285 Smyrnae.
478 249 641 278 Potestatcm
649 251 675 277 in
685 251 856 286 presbyteros
865 252 992 279 habuisse

200 295 297 329 "egari
316 303 370 323 non
394 301 493 331 potest,
506 304 568 324 cum
587 297 627 324 vel
643 297 742 332 ipsum,
757 298 800 324 vel
817 305 991 325 successores

198 333 223 368 ei
231 349 262 368 us
275 342 357 369 etiam
370 342 388 369 ii
400 342 446 377 qui
460 350 508 370 eos
520 342 615 370 volunt
630 351 645 370 a
658 343 824 379 presbyteris
836 343 989 375 ordinatos.

202 395 265 414 cum
281 395 312 414 ea
328 389 491 415 auctoritate
513 388 678 416 describant.
702 389 790 416 Etiam
810 389 838 417 S.
859 389 992 426 Hierony-

203 441 266 460 mus
287 433 401 468 epistola
420 433 453 461 ad
477 433 621 470 Evagrium
642 444 649 462 ε
671 434 741 462 Nam
761 440 786 462 et
811 435 990 467 4lezandria',

203 479 302 514 inquit,
319 488 335 506 a
357 479 448 506 .llarca
466 480 625 515 evangelista
647 489 728 516 usque
749 481 784 507 ad
809 481 951 508 Ileraclam
966 486 991 507 et

203 524 360 559 Dionysium
376 525 510 560 episcopos
531 526 677 560 presbyteri
693 535 794 561 semper
815 535 896 553 unum
916 534 949 553 e1
964 535 992 553 se

202 571 312 597 electum
329 571 355 597 in
381 571 520 598 excelsiori
548 572 633 606 gradu
661 571 819 598 collocatum
840 573 989 606 episcopum

203 616 528 652 nominabant,qaamodo
549 617 572 644 si
591 617 721 644 exercitus
745 618 930 652 imperatorem
949 617 992 652 fa-

202 663 266 689 ciat.
281 662 392 689 Ananiae
403 662 495 697 itaque
509 670 693 693 successores,
707 663 860 698 singulares
873 662 991 689 Alexan-

201 708 268 735 drive
285 709 418 743 episcopi,
443 716 531 743 usque
552 708 586 735 ad
603 707 745 735 Heraclam
763 708 806 735 vel
824 708 990 734 Demetrium

201 754 229 781 iu
245 755 389 782 excelsiori
407 755 502 790 gradu,
518 762 601 789 quam
617 754 770 790 presbyteri
787 754 841 787 sui,
860 753 990 781 luerunt:

201 805 228 827 et
240 798 349 835 quidem
366 809 429 828 cum
453 801 617 828 auctoritate
638 805 664 827 et
683 805 817 835 potestate
834 801 860 827 in
879 799 991 835 presby-

201 850 286 878 teros,
299 850 329 872 ut
344 846 493 880 imperator
507 846 534 873 in
548 846 658 873 milites.
677 845 714 872 lta
731 846 842 880 agnovit
855 846 882 872 in
901 844 990 872 Theo-

202 891 276 927 philo
294 891 479 919 Alexandrino
503 891 632 926 episcopo
644 893 694 927 τὴν
712 891 855 919 αὺθεντίαν
877 892 927 927 τῆς
945 892 991 918 εὺ-

201 937 352 972 αγγελικῆς
369 937 495 973 διαδοχῆς
516 937 648 973 Synesius
666 938 723 973 ipse
739 939 896 973 episcopus,
909 939 934 965 id
951 944 993 966 est

201 991 334 1010 summam
359 984 548 1010 auctoritatem
571 988 596 1010 et
617 988 760 1016 exsortem,
778 991 832 1010 non
855 991 887 1010 ea
913 988 994 1010 aetate

202 1030 377 1065 acquisitam.
395 1030 442 1057 sed
460 1030 493 1057 ab
510 1030 570 1064 ipsa
587 1030 752 1057 successione
773 1029 860 1057 Marci
883 1039 993 1065 evange-

202 1077 272 1104 lista:
297 1076 447 1103 derivatum
459 1097 466 1108 ,
484 1076 563 1110 epist.
590 1075 642 1108 66;
660 1076 776 1110 ideoque
792 1083 854 1103 eum
872 1076 909 1103 ita
926 1076 994 1102 allo-

201 1125 297 1160 quitur
308 1133 315 1151 :
326 1122 399 1158 Ἔγὼ
411 1123 440 1149 δὲ
458 1123 598 1158 βούλομαι,
616 1122 776 1158 καὶάνάγκῃ
785 1122 904 1158 μοιθεὶα,
912 1124 995 1158 νόμον

202 1169 327 1205 ἡγεῖσθαι
334 1169 440 1196 πᾶνὸτι
447 1169 479 1195 ἂν
486 1170 588 1200 ἐκεῖνος
595 1168 709 1205 ὁθρόνος
715 1168 900 1205 Θεσπίσῃὶθο
906 1174 994 1196 autem

205 1216 275 1248 volo,
289 1220 314 1242 et
326 1215 468 1242 necessitas
480 1214 544 1241 mihi
554 1215 645 1241 divina
661 1214 799 1247 incumbit,
807 1215 889 1250 legem
900 1215 995 1241 existi-

203 1271 276 1289 mare
303 1262 369 1288 mihi
387 1261 573 1296 prtrscriptam
598 1261 727 1297 quidquid
743 1261 775 1288 ab
800 1261 848 1288 illa
865 1261 993 1288 cathedra

203 1315 329 1343 tanquam
337 1308 463 1335 divinitus
476 1308 625 1334 indicatum
637 1307 870 1343 fuerit,epist.6'l.
879 1307 995 1341 Quando

202 1355 285 1389 igitur
292 1355 412 1390 lguatius
419 1355 549 1390 epistolas
555 1355 677 1389 scripsit,
684 1354 779 1382 eadem
787 1353 874 1382 forma
884 1355 995 1390 regimi-

202 1400 245 1428 riis
251 1400 429 1428 ecclesiastici
436 1399 607 1428 Alexandria:
615 1399 676 1432 luit,
683 1399 973 1435 quaerat'ltntiochiaa
983 1420 993 1434 ,

201 1446 354 1480 etquamiu
368 1445 431 1472 aliis
441 1445 598 1473 civitatibus
615 1445 699 1474 fuisse
711 1450 846 1473 testantur
861 1446 992 1481 epistolas.

243 1491 302 1518 lino
330 1498 395 1518 vero
419 1496 482 1518 ante
516 1490 675 1524 Heraclam,
693 1491 788 1519 eadem
801 1491 924 1519 doctrina
933 1499 994 1527 quae

202 1536 236 1563 ab
251 1535 354 1571 lgnatio
371 1536 478 1571 prodita
492 1541 534 1564 est
548 1537 576 1564 in
592 1536 715 1564 Ecclesia
731 1537 919 1575 Alexandrina
933 1541 994 1564 tan-

201 1590 283 1614 quam
298 1582 332 1608 ab
345 1582 426 1609 initio
439 1582 539 1609 tradita
551 1583 774 1610 conservabatur.
784 1575 785 1578 Ἰ
795 1583 852 1610 lloc
862 1588 904 1610 cst
917 1583 991 1610 illius

202 1628 330 1663 martyris
338 1628 460 1661 elTatum,
470 1629 542 1656 unde
557 1628 660 1663 reliqua
679 1629 798 1664 pendent
811 1639 817 1656 ε
830 1631 861 1656 0t
878 1630 990 1656 ἐπίσκο-

202 1683 247 1701 ποι
263 1675 286 1700 οἱ
304 1674 374 1701 κατὰ
387 1674 422 1701 τὰ
437 1674 544 1711 πέρατα
559 1675 713 1712 ὁρισθέντες
727 1677 756 1703 ὲν
766 1676 855 1712 Ἰησοῦ
871 1677 991 1714 Χριστοῦ

200 1719 299 1755 γνώμῃ
313 1719 391 1746 εἰσιν.
410 1719 535 1756 Episcopi
551 1728 597 1755 per
616 1726 749 1749 terrarum
769 1731 830 1750 oras
851 1725 991 1752 constituti

201 1772 234 1790 ea:
251 1764 351 1792 Christi
367 1770 428 1793 sunt
445 1767 585 1800 sententia,
605 1767 632 1795 id
649 1773 691 1796 est
707 1776 740 1796 ex
757 1769 897 1797 voluntate
911 1769 992 1798 Chri-

203 1811 237 1837 sti
266 1811 397 1844 apostolis
428 1813 536 1849 cognita
560 1817 588 1840 et
610 1813 645 1840 ab
675 1814 710 1842 iis
736 1815 834 1842 tradita
860 1816 989 1845 ordinati.

203 1857 310 1889 Quibus
326 1857 395 1884 nihil
411 1857 486 1885 aliud
502 1858 615 1894 intelligi
634 1864 723 1894 potest
746 1868 830 1895 quam
849 1861 992 1897 episcopa-

203 1907 260 1928 tum
277 1901 361 1929 fuisse
377 1904 412 1930 ab
428 1904 560 1938 apostolis
579 1913 613 1932 es
630 1905 769 1933 voluntate
789 1906 892 1934 Christi
909 1907 990 1935 insti-

203 1951 303 1975 tutum.
319 1948 347 1975 ld
360 1954 450 1976 autem
465 1949 592 1978 Clemens
607 1951 818 1984 Alexandrinus,
830 1960 846 1980 a
862 1952 991 1981 Pantteuo

203 1994 264 2020 sine
278 1995 464 2022 controversia
480 1995 604 2029 edoctus,
620 1997 768 2031 populares
785 2005 852 2025 suos
865 1998 911 2025 diu
928 2003 992 2026 ante

203 2039 327 2067 lleracla:
340 2040 529 2075 episcopatum
547 2041 640 2069 docuit
653 2051 660 2069 :
674 2042 752 2069 Ἐπεὶ
767 2043 815 2070 καὶ
830 2043 858 2069 αἱ
875 2043 992 2070 ἐνταῦθα

203 2087 274 2113 κατὰ
289 2086 339 2123 τὴν
358 2087 522 2123 Ἐκκλησίαν
537 2089 675 2125 προκοπαὶ
691 2089 858 2122 ἐπισκόπων,
875 2089 992 2125 πρεσϐυ-

202 2133 449 2168 τέρων,διακόνων,
469 2135 625 2171 μιμήματα,
641 2133 727 2172 οἶμαι,
738 2135 886 2172 ἀγγελικῆς
901 2136 990 2171 δόξης,

203 2180 332 2216 κάκείνης
342 2180 392 2215 τῆς
403 2181 557 2216 οἰκονομίας
573 2181 747 2217 τυγχάνουσί.
764 2181 896 2215 Quoniam
912 2188 936 2210 et
949 2183 991 2209 hic

201 2224 231 2251 in
254 2223 376 2250 Ecclesia
400 2225 594 2259 progressiones
615 2227 806 2260 epist-oliorum,
827 2227 992 2262 presbytero-
1007 2225 1029 2248 υ

203 2278 262 2296 rum
284 2275 308 2296 et
332 2270 516 2304 diaconatum,
536 2270 714 2304 imitationes,
730 2278 758 2300 ut
776 2274 893 2300 arbitror
905 2295 913 2307 ,
929 2278 992 2300 sunt

202 2317 296 2351 glorias
319 2317 445 2352 angelica:
469 2321 494 2344 et
516 2317 591 2344 illius
618 2318 840 2352 dispensationis,
859 2319 990 2347 Stromat.

202 2362 221 2389 Ι.
239 2371 276 2389 vt.
293 2362 335 2389 Et
352 2371 413 2395 usu,
427 2363 516 2397 inquit
529 2361 697 2397 Blondellus,
715 2370 807 2391 natam
827 2365 992 2392 distributio

203 2417 261 2435 nem
272 2409 442 2436 admittebat.
453 2409 627 2444 Accipiamus
638 2409 710 2444 quod
725 2410 771 2438 dat
784 2420 792 2438 :
803 2419 835 2438 ex
848 2420 899 2439 usu
913 2417 993 2440 erant

202 2455 231 2482 hi
249 2460 306 2482 tres
327 2455 428 2490 gradus
452 2455 510 2483 sive
526 2456 735 2490 progressiones
751 2463 894 2484 sacrorum
914 2458 990 2485 ordi-

203 2508 269 2528 num
287 2501 314 2528 in
333 2500 455 2528 Ecclesia
471 2501 527 2533 illa,
543 2501 649 2528 scilicet
666 2501 692 2528 in
709 2509 763 2536 qua
777 2502 904 2530 Clemens
920 2504 991 2532 seri-

202 2546 258 2580 psit
271 2552 298 2574 et
314 2547 455 2583 presbyter
468 2547 529 2575 luit.
548 2547 671 2575 Fuerunt
685 2548 769 2583 igitur
784 2549 810 2575 in
826 2548 944 2585 Egypto
957 2558 991 2577 ex

203 2599 256 2619 usu
281 2593 413 2628 episcopi,
439 2595 601 2630 presbyteri,
628 2595 748 2628 diaconi,
777 2603 839 2622 cum
863 2595 991 2624 Clemens

202 2638 323 2672 scripsit.
346 2640 418 2674 quod
436 2640 526 2668 Dallaai
551 2646 744 2675 argumentum
768 2649 882 2676 prorsus
903 2643 990 2675 elidit,

202 2688 233 2711 ut
254 2691 347 2719 postea
365 2687 550 2715 ostendemus.
576 2687 627 2715 Sed
648 2689 767 2715 eamdem
785 2693 883 2720 tamen,
903 2688 992 2723 inquit

201 2729 510 2765 Blondellus,divinitus
524 2741 571 2768 per
586 2733 734 2768 apostolum
749 2734 900 2761 institutam
914 2735 990 2769 pleno

202 2785 247 2803 ore
259 2778 370 2813 negabat
400 2778 458 2806 Hoc
471 2787 521 2814 ego
538 2780 649 2807 etl‘atum
672 2784 726 2807 tam
751 2779 852 2807 falsum
869 2788 931 2807 esse
951 2780 991 2807 ai—

203 2823 284 2850 tirmo
305 2831 387 2858 quant
411 2825 484 2859 quod
502 2825 680 2853 falsissimum
695 2830 747 2854 est.
765 2825 834 2853 Nam
853 2826 910 2860 ipse
925 2826 989 2852 alibi

202 2868 304 2898 diserte
319 2871 425 2905 scrib.t,
444 2871 551 2900 diversa
570 2878 702 2907 praacepta
715 2873 861 2908 episcopis,
881 2872 991 2908 presby-

1008 879 1028 905 Β

1005 1547 1029 1576 C

734 144 762 172 S.
784 144 960 173 lGNATlUS.
981 161 1015 165 —-
1035 145 1301 173 PROLEGOMENA.

1793 145 1844 172 ΞΜ

1043 206 1108 233 teris
1123 210 1151 232 ct
1166 206 1290 234 diaconis
1306 206 1334 233 in
1352 213 1430 233 sacra
1447 205 1588 241 Scriptura
1606 206 1670 233 data
1689 214 1760 233 esse
1771 215 1778 232 :
1789 206 1844 232 Μυ-

1044 252 1100 288 ρίαι
1115 252 1144 278 δὲ
1160 253 1220 279 ὅσαι
1237 252 1372 287 ὑποθῆκαι
1389 254 1430 284 εἰς
1448 253 1580 290 πρόσωπα
1597 253 1720 279 ἐκλεκτὰ
1747 252 1844 278 διατεί-

1043 307 1136 325 νουσαι
1160 298 1367 334 ὲγγεγράφαται
1394 300 1454 330 ταῖς
1481 298 1583 333 βίϐλοις
1607 300 1668 331 ταῖς
1691 298 1807 332 (Ξιγίιιις⁸
1824 307 1844 324 απ

1044 345 1092 380 μὲν
1106 345 1310 382 πρεσϐυτέροις,
1328 346 1356 371 αἱ
1371 345 1399 371 δὲ
1415 346 1584 377 ἐπισκόποις,
1601 347 1628 372 αἱ
1645 345 1673 372 δὲ
1692 345 1845 377 διακόνοις<

1042 391 1120 418 ἄλλαι
1146 393 1253 428 χήραις,
1280 391 1484 426 Quamplnrima
1508 398 1596 418 autem
1620 396 1766 426 prtecepta
1793 398 1845 424 qna

1043 438 1078 464 ad
1092 438 1188 464 electas
1200 447 1325 473 personas
1339 439 1481 473 pertinent,
1495 439 1523 464 in
1534 440 1633 465 sanctis
1646 438 1730 465 libris
1746 438 1845 467 scripta

1043 490 1122 510 sunt:
1139 484 1194 510 lucc
1221 484 1326 519 quidem
1346 484 1513 519 presbyteris,
1532 483 1587 510 alia
1609 492 1669 510 vero
1696 484 1845 518 episcopis,

1042 530 1097 555 alia
1121 530 1257 562 diaconis,
1280 529 1336 556 alia
1358 535 1446 556 autem
1470 530 1567 560 viduis,
1589 529 1745 565 Ptedagog.
1767 529 1787 555 l.
1809 537 1845 563 ιιι1

1042 583 1068 601 c.
1084 574 1128 601 li.
1145 575 1277 609 Agnoscit
1292 575 1374 609 igitur
1385 574 1523 608 Clemens,
1538 575 1739 602 Alexandrinis
1757 574 1845 601 Ecdo

1043 620 1091 646 εἱω
1107 619 1251 654 presbyter,
1268 619 1393 646 Pantteni
1405 619 1523 651 auditor,
1536 620 1583 654 qui
1603 624 1662 654 post
1686 620 1754 654 ejus
1779 628 1845 645 mar-

1044 671 1094 692 tem
1110 665 1282 693 Alexandria:
1291 666 1497 694 ecclesiasticam
1506 667 1622 693 scholam
1631 667 1735 699 tenuit,
1749 671 1780 693 et
1789 675 1845 692 κατι

1043 712 1167 747 ηχήσεων
1186 713 1313 747 magister
1327 712 1397 747 fuit,
1423 717 1490 740 teste
1507 712 1682 748 Hieronymo,
1704 719 1769 740 non
1790 717 1845 738 tan-

1044 761 1100 783 ιιιιιι
1131 762 1188 784 tres
1220 757 1342 792 gradus,
1368 757 1425 784 sive
1452 757 1596 794 προκοπὰς
1622 758 1845 792 episcoporum,

1044 803 1266 838 presbyterorum
1285 808 1311 830 et
1327 803 1506 830 diaconorum
1529 803 1556 830 in
1584 802 1712 831 EccleSia
1732 811 1770 830 ex
1798 811 1845 829 usu

1045 853 1178 883 receptos,
1197 849 1244 876 sed
1261 853 1288 875 et
1313 856 1393 875 usum
1413 848 1490 876 illum
1503 856 1535 876 ex
1552 849 1711 883 apostolica
1731 848 1845 876 institu-

1047 894 1119 921 tione
1131 895 1296 922 derivatum.
1313 894 1438 927 Quatuor
1453 894 1526 922 enim
1539 902 1638 929 genera
1653 902 1844 929 personarum

1045 940 1072 966 in
1087 939 1237 974 Scripturis
1253 940 1338 968 electa
1352 940 1493 975 agnoscit;
1512 948 1568 967 non
1584 940 1678 967 minus
1695 939 1843 974 distinguit

1044 991 1179 1021 praecepta
1196 994 1258 1021 quae
1274 986 1375 1013 dantur
1390 985 1543 1020 episcopis,
1560 985 1594 1012 ab
1615 985 1650 1012 iis
1663 993 1734 1020 quae
1752 985 1843 1019 injun-

1045 1037 1145 1068 guntur
1162 1032 1344 1067 presbyteris,
1359 1040 1442 1067 quam
1459 1039 1490 1059 ea
1510 1039 1570 1066 quae
1589 1031 1740 1063 diaconis.
1759 1031 1796 1058 ab
1813 1030 1844 1057 iis

1045 1086 1107 1113 qua:
1129 1078 1219 1105 viduis
1244 1077 1451 1112 prtecipiuntur.
1475 1077 1511 1104 At
1535 1076 1671 1104 distincta:
1697 1081 1767 1104 sunt
1786 1084 1843 1110 per—

1045 1130 1130 1156 sonae,
1147 1127 1194 1150 aut
1208 1122 1306 1155 ollicia,
1321 1122 1422 1157 quibus
1439 1121 1547 1149 diversa
1565 1125 1703 1156 praecepta
1730 1121 1841 1148 deman-

1045 1169 1156 1196 dantur.
1174 1168 1293 1204 Agnovit
1313 1168 1396 1204 igitur
1412 1167 1539 1195 Clemens
1554 1166 1768 1193 Alexandrinus
1783 1174 1840 1192 eam

1045 1222 1186 1243 sacrorum
1219 1214 1349 1242 ordiuutn
1379 1213 1620 1246 distributionem,
1647 1213 1733 1248 cujus
1763 1220 1839 1239 usum

1046 1261 1170 1295 agnoscit
1185 1259 1356 1292 Bloudellus,
1370 1259 1504 1286 divinitus
1525 1266 1574 1293 per
1591 1259 1739 1293 apostolos
1757 1257 1839 1284 fuisse

1046 1305 1211 1332 institutam.
1237 1304 1300 1332 llaec
1325 1304 1455 1331 Clemens
1478 1311 1511 1330 ex
1529 1301 1651 1330 Partheni
1677 1302 1790 1334 schola,
1808 1309 1838 1327 ex

1045 1350 1195 1378 Clementis
1217 1350 1312 1377 eadem
1329 1348 1473 1384 Origenes.
1501 1348 1547 1376 Sic
1566 1349 1639 1376 enim
1660 1348 1708 1375 ille
1730 1348 1837 1383 juvenis

1045 1398 1136 1425 adhue
1150 1397 1246 1424 bomil.
1264 1397 1299 1424 15
1311 1397 1339 1423 in
1357 1395 1386 1423 S.
1405 1395 1526 1423 Lucam:
1540 1394 1570 1422 Si
1587 1395 1719 1422 audacter
1735 1394 1836 1429 expedit

1045 1444 1117 1479 loqui
1141 1442 1344 1478 Scripturarum
1366 1450 1471 1469 sensum
1493 1442 1619 1476 sequenti,
1639 1449 1686 1476 per
1718 1441 1835 1476 singulas

1045 1489 1181 1516 Ecclesias
1199 1488 1253 1515 bini
1267 1493 1328 1515 sunt
1342 1489 1469 1523 episcopi,
1483 1488 1555 1515 alius
1569 1487 1693 1520 visibilis,
1711 1487 1784 1515 alius
1797 1488 1835 1513 in-

1045 1536 1167 1567 visibilis,
1183 1535 1229 1562 ille
1243 1536 1311 1562 visui
1327 1536 1426 1568 carnis,
1437 1535 1480 1561 hic
1497 1535 1585 1562 sensui
1602 1539 1709 1570 patens.
1725 1534 1759 1561 Et
1775 1542 1828 1560 rur-

1042 1591 1090 1611 sus
1106 1592 1112 1609 :
1133 1581 1189 1617 Ego
1207 1585 1270 1616 puto
1293 1581 1405 1608 inveniri
1425 1580 1509 1607 simul
1523 1588 1599 1614 posse
1620 1586 1644 1607 et
1664 1580 1789 1615 angelum
1809 1583 1832 1605 et

1041 1629 1173 1657 hominem
1188 1627 1269 1654 bonos
1290 1626 1419 1654 Ecclesia:
1431 1627 1578 1661 episcopos,
1597 1631 1622 1652 et
1638 1625 1830 1661 quodammodo

1042 1676 1121 1702 unius
1140 1675 1226 1709 operis
1240 1682 1295 1701 esse
1312 1674 1466 1708 participes.
1484 1673 1560 1706 Quod
1573 1682 1633 1700 cum
1651 1673 1691 1699 ita
1703 1674 1750 1704 sit,
1762 1677 1830 1707 peta-

1041 1729 1099 1749 mus
1116 1723 1320 1755 omnipotentem
1344 1720 1440 1754 Deum,
1455 1725 1484 1747 ut
1501 1719 1589 1755 angeli
1602 1725 1626 1746 et
1643 1720 1764 1746 homines
1781 1718 1828 1745 Ec-

1041 1767 1182 1794 clesiarum
1196 1767 1310 1802 episcopi
1329 1767 1483 1801 adjumento
1499 1767 1553 1794 sint
1569 1766 1656 1798 nobis,
1671 1771 1697 1793 et
1719 1767 1829 1793 sciamus

1041 1814 1166 1848 quoniam
1181 1815 1284 1848 utrique
1303 1821 1351 1847 pro
1369 1813 1442 1839 nobis
1457 1821 1474 1839 a
1487 1812 1600 1839 Domino
1611 1812 1779 1848 judicentur.

1077 1860 1143 1893 Quae
1153 1865 1225 1888 certe
1242 1868 1309 1895 pura
1324 1864 1389 1894 pota
1404 1864 1468 1887 sunt
1487 1859 1640 1894 Origeuira,
1658 1864 1690 1886 ut
1719 1860 1754 1887 de
1766 1867 1824 1886 auc-

1042 1912 1101 1934 tore
1115 1907 1211 1933 harutn
1233 1906 1406 1933 homiliarutn
1430 1905 1546 1932 dubitari
1571 1913 1625 1932 non
1648 1906 1749 1940 possit.
1772 1904 1827 1931 ll.cc

1042 1956 1134 1978 autem
1147 1959 1180 1978 ea:
1203 1959 1281 1978 sensu
1297 1950 1498 1985 Scripturarum
1522 1949 1617 1977 habuit
1641 1950 1789 1985 Origenes,
1804 1954 1828 1975 ut

1042 1997 1099 2032 ipse
1114 1997 1255 2032 profitetur
1269 2005 1276 2022 :
1293 2004 1326 2023 ex
1346 1997 1453 2023 illarum
1473 1996 1556 2031 igitur
1567 1996 1694 2024 doctrina
1707 1995 1827 2032 agnoscit

1042 2043 1069 2070 in
1087 2043 1202 2078 singulis
1219 2042 1342 2069 ecclesiis
1359 2050 1442 2068 unum
1458 2041 1596 2069 hominem
1619 2042 1757 2070 visibilem
1777 2041 1829 2076 cpi-

1041 2097 1166 2123 scopum.
1187 2087 1259 2115 Idem
1282 2087 1392 2114 homilia
1407 2087 1459 2114 l'l:
1475 2085 1550 2114 Sicut
1564 2087 1634 2114 enim
1658 2091 1691 2113 ab
1708 2086 1826 2114 ecclesia-

1041 2136 1115 2163 sticis
1139 2134 1314 2170 dignitatibus
1330 2142 1381 2161 non
1397 2133 1483 2161 solunt
1498 2134 1655 2168 farnicatio,
1671 2135 1719 2160 sed
1739 2139 1763 2160 et
1785 2141 1828 2159 nu-

1041 2183 1106 2216 ptitr
1128 2181 1273 2216 repellunt;
1288 2189 1369 2216 neque
1381 2181 1449 2208 enim
1460 2181 1608 2215 episcopus.
1623 2188 1670 2207 nec
1684 2182 1825 2215 presbyter,

1044 2236 1089 2255 nec
1100 2228 1238 2260 (Nat-onus,
1253 2235 1299 2254 nec
1314 2227 1392 2254 vidua
1404 2231 1512 2261 possunt
1526 2235 1580 2254 esse
1593 2226 1693 2261 digami
1701 2235 1712 2258 ;
1724 2227 1763 2253 sic
1777 2226 1825 2260 far-

1043 2274 1114 2300 sitan
1135 2278 1159 2300 et
1181 2274 1213 2300 de
1235 2278 1301 2300 coetu
1324 2274 1520 2307 primitivorum
1549 2273 1826 2307 immaculatorumqu

1043 2318 1180 2351 Ecclesiw,
1195 2327 1254 2353 qua:
1276 2327 1328 2345 non
1352 2319 1430 2345 habet
1457 2318 1589 2345 maculam
1616 2326 1699 2352 neque
1729 2326 1824 2354 rugam,

1041 2365 1163 2399 cjicietur
1177 2365 1316 2400 digamus;
1332 2373 1442 2400 nanque
1462 2365 1490 2391 in
1504 2370 1630 2392 retentum
1653 2365 1781 2391 mittatur
1792 2364 1826 2390 in—

1042 2410 1173 2441 cendium,
1188 2410 1233 2436 sed
1254 2418 1305 2444 quo
1330 2415 1432 2444 partem
1444 2419 1496 2437 non
1521 2410 1616 2436 habeat
1639 2410 1665 2436 in
1682 2418 1765 2445 regno
1775 2409 1823 2436 Dei.

1043 2454 1111 2487 Quis
1124 2460 1214 2482 autem
1238 2464 1292 2482 non
1312 2455 1404 2482 statim
1420 2455 1495 2483 videt
1520 2455 1578 2483 haec
1594 2456 1677 2483 etiam
1692 2464 1758 2484 esse
1773 2463 1824 2482 ven:

1043 2501 1209 2537 Origenica?
1231 2502 1278 2530 llis
1297 2507 1387 2529 autem
1401 2501 1542 2537 Origenes,
1561 2503 1633 2537 quod
1656 2503 1690 2530 ad
1703 2502 1823 2531 ecclesia-

1043 2548 1125 2575 sticas
1146 2548 1290 2582 dignitates
1313 2548 1422 2580 attinet,
1445 2548 1612 2576 Clementem
1637 2555 1822 2584 praeceptorem

1042 2603 1122 2622 suum
1147 2596 1287 2630 sequitur,
1300 2601 1327 2623 et
1342 2600 1471 2630 tanquam
1486 2600 1604 2630 quatuor
1628 2595 1755 2624 diversas
1768 2602 1821 2622 euu-

1043 2644 1130 2666 merat
1148 2640 1194 2666 uni
1217 2640 1326 2673 quidem
1350 2640 1377 2667 in
1407 2641 1457 2667 hac
1475 2648 1505 2667 re
1520 2645 1657 2675 praecepto
1671 2641 1821 2676 apostolico.

1044 2686 1091 2712 sed
1107 2686 1254 2720 separatim
1269 2686 1370 2713 tradito
1387 2706 1394 2719 ,
1418 2686 1565 2721 subjectas.
1593 2686 1630 2714 lla
1650 2687 1708 2721 ipse
1722 2688 1749 2714 in
1761 2695 1820 2715 com-

1044 2732 1186 2759 Iuentariis
1199 2733 1232 2759 ad
1250 2732 1407 2760 llattbaeum
1423 2732 1607 2760 dilIicultatem
1632 2734 1742 2768 quaesiti
1765 2730 1822 2760 κατὰ

1042 2780 1092 2816 τὴν
1103 2781 1151 2808 τοῦ
1173 2780 1333 2808 Ἀποστόλου
1350 2780 1414 2815 περὶ
1429 2779 1483 2805 τῶν
1495 2779 1734 2814 ὲκκλησιαστικῶν
1749 2786 1820 2814 πραγ-

1045 2827 1138 2861 μάτων
1149 2827 1308 2862 νομοθεσίαν
1326 2827 1433 2854 solvere
1443 2831 1567 2854 conatur.
1578 2825 1667 2859 Quam
1685 2827 1739 2854 hoc
1754 2824 1820 2854 modo

1043 2878 1186 2908 proponit;
1203 2873 1304 2901 Οὐδένα
1322 2873 1375 2908 γὰρ
1387 2873 1439 2900 τῶν
1460 2872 1743 2906 ἀπδτῆςἘκκλητίιις
1756 2874 1813 2904 inet)
