1866 3073
68 125 109 153 211
457 129 483 157 J.
504 128 688 156 PEARSONII
707 127 805 155 \‘lNDIt

560 128 688 156 tRSONll
707 127 868 155 \‘lNDIlllE
887 127 1097 156 ΙΕΝΑΤΙΑΝΛΕ.
1118 144 1152 152 -—
1170 127 1260 155 PARS
1279 127 1297 154 Ι.

1650 127 1703 154 218

75 186 125 221 ortv
137 194 199 212 τινα
207 186 292 222 παρὰ
303 187 376 219 τοὺς
394 187 506 219 πολλοὺς
513 187 551 218 ὠς
560 187 589 213 ὲν
604 185 745 222 συμϐόλοις
760 186 812 213 avsa

960 186 1092 221 :sbyteros
1113 186 1251 212 ordinatus
1273 189 1323 217 est,
1339 185 1393 212 hoc
1409 189 1452 212 est
1470 185 1614 218 episcopus
1625 205 1632 215 ,
1646 193 1697 210 ma-

77 232 132 266 φὸτα
142 231 271 266 βούλεται
283 233 299 258 ὁ
310 232 425 264 Παῦλος
431 232 558 268 δευτέρου
567 231 749 268 πεπειρᾶσθαι
767 231 865 266 γάμου.

74 277 149 304 Esiis
160 277 233 303 enim
244 278 295 311 qui
311 277 444 304 Ecclesia:
469 286 561 304 nomen
583 278 722 308 dederunt,
741 277 867 303 neminem

74 324 111 357 qui
131 323 297 358 dignitatem
313 323 437 359 aliquam
450 332 504 358 prw
522 323 613 350 multis
633 332 708 358 quasi
724 323 750 349 in
764 322 868 357 symbo-

71 369 100 395 lis
112 369 194 403 fuerit
207 374 384 401 consecutus,
397 369 501 396 Paulus
515 369 642 396 secundas
657 369 762 403 nuptias
773 376 867 402 ereper—

71 418 121 439 tum
136 413 222 447 fuisse
235 413 304 440 uult.
322 413 394 440 Tum
409 421 474 440 vero
486 412 648 440 utostendat
656 421 763 439 Olllltelll
776 411 868 439 Eoi-lc-

69 459 116 486 sia:
129 458 299 494 dignitatem
318 458 384 486 huic
395 458 448 493 legi
465 458 614 493 subjectarn
627 457 739 489 esse,de
753 456 868 490 singulis

68 504 202 532 distincte
209 504 278 540 agit,
292 504 447 539 probatque
457 504 546 538 primo
552 503 585 530 de
593 503 739 537 episcopis.
748 502 868 529 secundo

67 550 100 577 de
112 550 253 582 diacouis,
271 550 353 578 tertio
365 549 398 577 de
411 550 510 582 \iduis,
523 553 622 584 quarto
637 549 670 575 de
690 548 866 583 presbyteris,

66 595 190 630 singulis
205 605 220 623 e
234 595 265 623 S.
281 596 368 623 Paulo
383 596 450 623 locis
464 596 614 630 productis.
630 594 696 621 Dein
710 595 736 620 in
752 594 809 628 ipsa
825 602 867 620 so-

67 641 177 668 lutione
191 651 198 669 :
209 642 325 676 Μήποτε
337 642 400 668 ἐπεὶ
413 641 543 676 σύμϐολόν
564 642 622 667 ἐστι
644 640 690 666 καὶ
701 639 868 669 οὲπξσκοπος

64 688 114 714 καὶ
137 689 153 714 ὁ
180 688 378 724 πρεσϐύτερος,
402 688 450 714 καὶ
472 688 486 713 ὁ
509 687 630 718 διάκονος
650 685 782 721 ἀληθινῶν
799 685 868 712 κατὰ

64 731 101 758 τὰ
122 732 251 767 ὀνόματα
278 732 367 759 ταῦτα
397 732 583 766 πραγμάτων,
610 730 744 766 ἐϐουλήθη
771 730 868 761 αὐτοὺς

70 777 252 813 συμϐολικῶς
271 778 444 814 μονογάμους
460 777 637 812 καταστῆσαι.
660 777 754 803 Annon
783 783 868 810 quatt-

68 823 219 856 doquidem
235 822 384 856 symbolum
410 826 449 849 est
467 827 491 848 et
509 822 661 856 episcopus,
684 826 708 847 et
723 820 866 855 presbyter,

67 872 91 894 et
104 869 243 894 diaconus
268 877 388 896 verarum
403 869 545 896 secundant
566 868 621 895 lucc
648 869 754 894 nontina
768 875 865 900 rerum,
884 867 905 894 Β

67 914 188 941 uoluerit
201 914 262 941 illos
272 914 416 950 symbolice
432 923 600 949 monogamos
610 913 790 941 constituere?
811 912 866 939 llos

71 959 154 993 igitur
164 964 221 987 tres
235 960 380 988 distinctos
391 959 503 994 gradus,
517 959 574 987 sive
590 958 726 994 ὑπεροχὰς
737 962 763 985 et
776 958 865 992 digni-

71 1009 138 1031 lates
145 1004 353 1032 ecclesiasticas
363 1003 496 1039 Origenes
504 1012 535 1032 ex
552 1004 611 1038 ipso
625 1011 704 1031 sacro
716 1003 809 1030 codice
816 1003 865 1030 de-

72 1051 151 1083 rival,
161 1055 190 1077 et
206 1058 270 1077 cum
283 1050 424 1077 Clemente
438 1054 478 1077 tot
489 1050 616 1077 distincta
629 1049 717 1076 ollicia
727 1049 866 1076 distinctis

71 1096 154 1123 etiam
187 1096 350 1130 apostolicis
375 1095 517 1130 praeceptis
535 1095 656 1129 regulata
681 1094 814 1129 agnoscit.
833 1093 867 1120 Ut

74 1142 96 1168 in
113 1143 222 1177 optimo
235 1142 268 1169 de
283 1142 411 1169 oratione
434 1142 503 1169 libro
520 1141 643 1168 nondum
664 1141 746 1172 edito,
761 1140 807 1167 sed
831 1139 867 1166 ab
890 1139 893 1141 ’

77 1188 176 1216 lluetio
197 1188 356 1223 propediem
373 1188 490 1217 edendo.
505 1188 572 1224 Περὶ
597 1187 651 1214 τῶν
667 1185 799 1222 ὀφειλῶν,
817 1194 865 1213 seu

79 1235 111 1261 De
123 1235 223 1261 debitis
244 1235 271 1262 in
288 1233 418 1262 Oratione
439 1233 578 1261 Dominica
598 1241 698 1269 agens,
722 1237 865 1267 postquam

77 1281 105 1307 de
123 1281 301 1316 generalibus
323 1281 447 1308 omnium
474 1280 693 1308 Christianorum
710 1278 823 1310 ciliciis,
837 1283 866 1304 ut

79 1327 264 1354 Clemeutinus
280 1327 325 1354 ille
339 1327 502 1362 pa'dagogus
514 1326 698 1358 disseruisset,
712 1325 769 1352 haec
781 1325 864 1351 addit:

80 1373 166 1408 Χωρὶς
197 1373 227 1399 δὲ
257 1373 360 1400 τούτων
384 1372 606 1407 καθολικωτέρων
635 1372 729 1402 ὄντων,
746 1371 804 1397 ἐστι
824 1379 866 1401 τις

78 1421 160 1455 χήρας
177 1419 381 1455 προνοουμένης
400 1418 452 1445 ὑπὸ
462 1420 512 1454 τῆς
532 1418 696 1454 Ἐκκλησέας
707 1417 810 1453 ὀφειλὴ,
821 1418 866 1444 καὶ

78 1466 156 1501 ἑτέρα
172 1466 310 1498 διακόνου,
326 1466 374 1492 καὶ
387 1465 452 1502 ἄλλη
475 1464 671 1500 πρεσϐυτέρου,
689 1465 735 1490 καὶ
755 1463 865 1490 ἐπισκό-

79 1519 125 1536 που
141 1510 169 1537 δὲ
183 1510 279 1546 ὀφειλὴ
297 1510 436 1546 βαρυτάτη
456 1510 528 1536 ἐστὶν
544 1508 731 1544 ἀπαιτουμένη
751 1507 803 1534 ὑπὸ
818 1507 865 1534 τοῦ

77 1557 123 1591 τῆς
147 1556 213 1591 ὅλης
236 1556 400 1591 Ἐκκλησίας
411 1556 545 1591 Σωτῆρος,
564 1555 613 1581 καὶ
639 1553 815 1589 ὲχόιχουμένη
842 1554 866 1579 εἰ
880 1547 902 1576 C

80 1603 113 1638 μὴ
127 1602 287 1637 ἀποδιδῴτο.
306 1602 412 1629 Prwtcr
432 1607 518 1628 autent
539 1601 594 1628 ltwc
612 1600 803 1627 uniuersaliora
827 1604 866 1626 est

78 1649 206 1683 quoddam
221 1649 318 1681 vidum,
333 1649 409 1683 cujus
421 1657 511 1675 curam
520 1648 584 1683 gerit
597 1647 727 1678 Ecclesia,
739 1646 866 1678 debitum,

79 1701 101 1721 ct
116 1696 189 1721 aliud
207 1695 326 1727 diaconi,
342 1701 368 1722 et
386 1695 460 1722 aliud
484 1696 638 1730 presbyteri,
650 1695 764 1729 episcopi
778 1698 867 1720 autem

79 1746 202 1775 praeterea
216 1743 335 1768 debitum
348 1746 387 1768 est
399 1750 416 1768 a
436 1743 516 1768 totius
531 1741 657 1768 Ecclesiae
671 1740 808 1767 Saluatore
822 1747 868 1766 ea:-

80 1792 179 1820 uctum,
196 1792 222 1814 et
248 1787 271 1814 si
301 1795 354 1813 non
380 1787 526 1820 reddatur,
555 1786 729 1813 vindicatum.
754 1784 790 1812 Ut
811 1786 868 1819 ipse

80 1833 157 1860 etiam
183 1832 300 1860 homilia
324 1833 417 1867 quinta
443 1833 470 1859 in
495 1832 688 1859 Ezecltielem:
710 1830 762 1857 Pro
785 1830 866 1857 modo

81 1879 208 1914 graduum
227 1879 405 1913 unusquisque
424 1878 596 1912 torquebitur.
622 1877 750 1911 Majorem
764 1884 867 1911 ptrnam

82 1924 151 1951 habet
166 1925 214 1959 qui
228 1923 356 1951 Ecclesia:
372 1925 495 1958 prwsidct
510 1929 534 1951 et
553 1924 683 1958 delinquit
699 1923 736 1958 (id
752 1931 794 1950 est
808 1923 867 1958 epi—

83 1971 201 2005 scopus).
220 1970 316 1996 Annon
336 1969 418 2004 magis
434 1969 642 1996 miscricordiam
657 1973 819 2003 promeretur
833 1969 867 1995 ad

84 2017 304 2050 comparationem
319 2015 404 2050 ﬁdelis
419 2017 639 2043 cateclrumenus?
653 2014 711 2042 Non
727 2015 811 2049 "regis
827 2023 868 2041 vc-

84 2063 123 2089 nia
136 2063 232 2097 dignus
259 2066 297 2089 est
321 2061 416 2094 laicus,
437 2062 460 2088 si
481 2061 514 2088 ad
531 2061 673 2087 diaconum
695 2061 869 2095 conferatur?

84 2107 114 2135 Et
126 2117 220 2135 rursus
235 2108 435 2142 comparatione
457 2108 601 2143 presbyteri
616 2108 743 2134 diaconus
767 2107 868 2134 veniam

83 2156 138 2189 plus
153 2155 293 2181 meretur?
305 2154 389 2181 Plane
409 2159 438 2181 ut
462 2154 544 2187 idem,
559 2153 670 2180 bomilia
693 2153 722 2179 H
742 2154 767 2180 in
792 2153 868 2179 .lere-

83 2201 159 2227 Iniam
179 2209 187 2227 :
207 2199 303 2226 Πλεῖον
320 2198 375 2233 ἐγὼ
391 2199 560 2234 ἀπαιτοῦμαι
584 2198 660 2234 παρὰ
676 2198 721 2224 τὸν
736 2198 868 2229 διάκονον,

82 2246 168 2272 ιύέίον
184 2246 199 2271 ὁ
214 2245 338 2276 διάκονος
362 2244 438 2280 παρὰ
467 2244 512 2270 τὸν
535 2244 645 2275 λαῖκδν,
662 2244 676 2270 ὁ
693 2243 721 2269 δὲ
738 2244 787 2278 τὴν
803 2243 870 2269 πάν-

80 2300 129 2318 των
155 2291 236 2327 ἡμῶν
263 2290 499 2326 ἐγκεχειρισμένος
516 2290 602 2326 ἀρχὴν
629 2289 714 2324 αὐτὴν
737 2289 786 2324 τὴν
809 2289 870 2315 Ἐκ-

80 2337 276 2373 κλησιαστικὴν
308 2338 354 2364 ἐπὶ
385 2337 476 2363 πλεῖον
499 2337 559 2368 (vel
589 2336 629 2362 ἔτι
657 2335 770 2369 πλεῖον)
788 2336 871 2361 ἀπαι-

78 2383 176 2409 uitat.
194 2381 252 2409 Hoc
264 2386 317 2414 est,
334 2382 529 2416 interpretante
544 2379 719 2415 Hieronymo,
730 2379 790 2414 plus
803 2388 817 2406 a
831 2387 871 2406 me

78 2429 193 2463 “igitur
211 2436 292 2463 quam
312 2436 328 2454 a
348 2428 476 2459 diacono;
499 2426 557 2461 plus
573 2436 589 2454 a
612 2427 724 2454 diacono
748 2434 827 2461 quam
855 2434 871 2452 a

79 2476 158 2502 laico.
175 2475 227 2507 Qui
245 2483 304 2501 vero
321 2474 404 2500 totius
430 2472 555 2499 Ecclesite
581 2481 667 2499 arcem
687 2472 796 2503 obtinet,
822 2480 871 2506 pro

78 2522 147 2547 omni
160 2520 282 2547 Ecclesia
299 2519 389 2546 reddet
411 2519 549 2545 rationem.
569 2517 700 2553 Origenes
731 2517 872 2552 presbyter

79 2566 138 2600 iuit,
156 2567 274 2601 ideoque
289 2566 326 2593 ait
339 2574 347 2592 :
361 2565 428 2592 Plus
444 2573 460 2590 a
477 2572 516 2590 me
535 2564 651 2598 exigitur
662 2571 740 2598 quam
754 2571 769 2588 a
781 2562 872 2588 draco-

80 2622 121 2648 nn,
130 2613 202 2649 quod
216 2612 423 2648 presbyteratus
434 2610 536 2644 gradus
550 2614 621 2636 esset
634 2610 777 2637 diaconalu
791 2617 872 2644 supe-

80 2660 131 2686 rior
142 2669 149 2692 ;
162 2659 221 2694 plus
238 2667 254 2684 a
266 2658 382 2684 diacono
397 2664 477 2691 quam
493 2664 508 2681 α
525 2655 604 2688 laico,
622 2656 686 2690 quia
712 2655 809 2687 laicus,
829 2661 872 2681 se-

80 2706 194 2733 cundum
209 2705 284 2732 illius
297 2702 477 2735 sententiam,
493 2702 594 2728 nullam
609 2701 634 2727 in
647 2700 767 2728 Ecclesia
779 2699 870 2735 digni—

80 2755 156 2778 tatem
169 2751 272 2778 obtinet
282 2760 290 2783 ;
301 2756 342 2781 at,
350 2749 451 2784 inquit,
461 2748 506 2774 ille
515 2748 559 2782 qui
568 2747 602 2773 ad
608 2747 785 2782 principatum
792 2754 873 2780 supra

81 2804 123 2823 nos
135 2805 238 2830 omnes,
258 2803 317 2824 tum
335 2795 438 2826 laicos,
459 2798 516 2819 tum
539 2792 671 2820 diaconos
683 2814 690 2826 ,
705 2797 761 2820 tum
789 2793 872 2820 etiam

114 2866 133 2881 "
147 2865 156 2892 l
170 2865 242 2894 Tim.
259 2863 344 2899 una.
388 2863 409 2879 ¹⁵
429 2862 496 2890 Luc.
514 2870 564 2895 su,
577 2862 620 2890 42.

914 231 971 265 jori
984 232 1070 258 adhuc
1084 231 1171 258 debito
1179 231 1320 258 obstrictus
1339 235 1388 258 est.
1402 230 1468 264 Quae
1487 230 1568 256 verba
1585 230 1704 264 pessimo

919 278 1036 306 consilio
1058 277 1239 305 dissimulavit
1264 276 1420 304 Blondellus
1443 277 1469 302 in
1487 275 1620 310 apologis,
1641 283 1703 301 cum

918 326 977 360 ipse
992 325 1098 351 noverit
1109 324 1201 351 omnia
1215 331 1264 351 sua
1279 323 1449 350 consectaria
1467 330 1481 348 e
1496 322 1632 356 prioribus
1645 329 1704 347 ver-

919 372 961 399 bis
985 371 1056 398 male
1083 370 1216 402 deducta,
1239 369 1280 396 bis
1297 369 1363 403 ipsis
1389 367 1559 403 apertissime
1579 367 1702 394 refutari.

919 417 992 443 idem
1008 417 1054 443 lib.
1077 424 1107 443 :u
1124 419 1218 443 contra
1234 415 1340 442 Celsum
1351 413 1472 449 episcopi
1493 420 1705 448 χαρακτηριστι-

920 463 965 489 κὺν
987 462 1077 494 tradit,
1101 462 1221 496 illudque
1247 469 1301 489 non
1320 468 1353 488 ex
1378 461 1497 487 humana
1522 458 1703 490 Institutione,

919 516 966 538 ant
981 519 1013 537 ex
1029 509 1157 537 Ecclesia:
1177 509 1385 540 consuetudine,
1411 507 1458 535 sed
1486 515 1519 533 ex
1545 506 1704 540 aposmlicis

920 557 1060 591 praeceptis
1074 556 1132 583 dest
1141 555 1249 588 ribit,ct
1265 558 1425 589 argumento
1438 561 1453 580 e
1465 552 1603 587 Scriptura
1617 551 1703 578 dedu-

918 607 963 629 cto
977 601 1088 636 opponit
1105 610 1111 628 :
1127 601 1181 627 Καὶ
1201 600 1278 635 δῆλον
1301 600 1342 631 ὅτι(
1360 600 1388 625 ὲν
1405 599 1444 634 τῷ
1464 596 1704 634 χαρακτηριστικῴ

919 647 973 674 τῶν
996 646 1169 682 καλουμένων
1193 645 1349 672 ἐπισκόπων
1376 644 1532 679 διαγράφων
1558 644 1572 669 ὁ
1600 642 1704 673 Παῦλος

919 695 1008 719 ὁποῖον
1024 690 1093 718 εἶναι
1119 691 1170 727 χρὴ
1186 691 1231 718 τὸν
1245 691 1402 720 ὲπίπχοπον,
1418 689 1494 721 ἔταξε
1510 690 1557 715 καὶ
1573 689 1617 714 τὸν
1633 688 1704 714 διδά-

920 738 1028 769 σκαλον,
1040 738 1126 772 λέγων
1142 737 1197 763 δεῖν
1211 736 1291 764 αὑτὸν
1307 734 1375 763 εἶναι
1389 736 1502 762 δυνατὸν
1520 736 1566 762 καὶ
1579 735 1641 766 τοὺς
1657 735 1704 760 ἀν-

918 783 1072 817 τιλέγοντας
1087 783 1216 817 ἐλέγχειν,
1231 782 1274 809 [va
1289 782 1351 813 τοὺς
1367 780 1562 817 ματαιολόγους
1570 781 1616 806 καὶ
1625 788 1706 814 φρεν-

917 830 1024 860 απάτας
1046 828 1209 864 ὲπιστομίζῃ
1234 828 1278 854 διὰ
1304 828 1352 863 τῆς
1363 828 1392 853 tv
1413 826 1487 862 αὐτῷ
1515 828 1626 860 σοφίας’
1658 825 1705 852 καὶ

917 876 1011 910 ὥσπερ
1029 875 1180 910 μονόγαμον
1205 873 1304 909 μᾶλλον
1326 873 1440 908 διγάμου
1456 873 1573 908 αἱρεῖται
1588 873 1628 903 εἰς
1645 872 1705 898 ἐπι-

919 919 1038 954 σκοπήν⁸
1061 919 1108 945 καὶ
1132 917 1312 953 ἀνεπίληπτον
1331 917 1479 952 ὲπιλήπτου
1492 937 1499 949 ,
1517 917 1563 943 καὶ
1577 916 1706 952 νηφάλιον

917 964 963 991 τοῦ
982 964 1019 1000 μὴ
1035 964 1165 995 τοιούτου,
1177 964 1223 990 καὶ
1240 963 1366 998 σώφρονα.
1382 962 1428 989 τοῦ
1444 962 1481 999 μὴ
1496 961 1646 998 σώφρονος,
1660 961 1707 988 καὶ

917 1010 1028 1045 κόσμιον
1036 1009 1109 1045 παρὰ
1120 1009 1165 1036 τὸν
1177 1008 1227 1036 κᾶν
1238 1009 1280 1035 ἐπ’
1291 1008 1379 1042 ὀλίγον
1389 1007 1530 1040 ἀκόσμιον·
1546 1005 1618 1032 οὕτω
1634 1006 1705 1033 θέλει

917 1055 962 1081 τὸν
979 1055 1190 1091 προηγουμένως
1211 1055 1251 1086 είς
1270 1053 1421 1088 ἐπισκοπὴν
1437 1052 1706 1087 χατασταθησόμενον

917 1099 985 1128 εἶναι
993 1101 1145 1128 διδακτικὺν
1156 1101 1202 1128 καὶ
1213 1100 1324 1127 δυνατὸν
1335 1099 1402 1135 πρὸς
1409 1099 1438 1125 τὸ
1445 1099 1508 1130 τοὺς
1519 1097 1707 1132 ἀντιλέγοντας

917 1149 1112 1184 ἐπιστομίζειν.
1121 1148 1154 1175 Et
1168 1148 1337 1183 manifestum
1347 1147 1461 1182 estquod
1469 1147 1495 1173 in
1509 1148 1564 1181 ipso
1571 1148 1707 1173 characte-

918 1195 1008 1221 ristico
1020 1203 1109 1222 eorum
1123 1195 1168 1230 qui
1182 1195 1296 1228 episcopi
1311 1195 1392 1229 (apud
1405 1194 1466 1228 nos)
1483 1198 1618 1224 uocantur,
1633 1191 1707 1218 Pau-

917 1241 959 1267 lus
967 1240 1114 1267 describens
1125 1240 1227 1275 qualem
1239 1241 1324 1266 virum
1338 1245 1456 1273 oporteat
1479 1248 1533 1266 esse
1545 1240 1706 1273 episcopum,

916 1291 1004 1320 posutt
1025 1291 1048 1312 ct
1065 1285 1215 1317 doctorem,
1232 1285 1351 1319 inquiens
1369 1293 1427 1312 eum
1453 1289 1570 1319 oportere
1590 1292 1645 1322 esse
1657 1292 1706 1318 po-

918 1337 1014 1358 tentem
1035 1331 1241 1358 contradicentes
1262 1331 1437 1366 redarguere,
1453 1335 1481 1356 ut
1508 1330 1653 1364 raniloquis
1681 1333 1707 1356 et

917 1379 1099 1405 seductoribus
1125 1378 1227 1404 obturet
1252 1386 1280 1404 os
1306 1386 1352 1412 per
1372 1378 1508 1411 propriam
1536 1377 1704 1411 sapientiam.

918 1424 953 1452 Et
968 1424 1187 1459 quemadmodum
1204 1424 1282 1450 unius
1298 1423 1389 1450 uxoris
1411 1423 1496 1449 virum
1519 1422 1626 1448 iteranti
1650 1431 1707 1448 ωας

919 1471 1073 1498 trimonium
1088 1470 1196 1505 prwfert
1211 1471 1238 1496 in
1248 1469 1372 1496 electione
1387 1469 1421 1494 ad
1436 1469 1624 1503 episcopatum.
1641 1468 1707 1494 irrec

918 1515 1118 1550 prehensibilem
1134 1514 1340 1550 reprehensibili,
1356 1514 1469 1540 sobrium
1485 1513 1560 1548 longe
1570 1513 1705 1544 dissimili,

919 1567 1106 1596 temperantem
1120 1561 1319 1593 intemperanti,
1334 1559 1486 1594 compositis
1502 1559 1616 1585 moribus
1629 1567 1703 1584 ornu-

919 1613 975 1634 tum
989 1607 1028 1634 vel
1040 1615 1135 1642 parum
1155 1607 1345 1640 incomposito;
1363 1608 1403 1632 ita
1418 1605 1473 1632 vult
1484 1613 1542 1632 eum
1550 1605 1595 1638 qui
1603 1609 1706 1631 antece-

919 1653 1011 1679 denter
1037 1652 1071 1679 ad
1087 1653 1265 1687 episcopatum
1278 1650 1468 1686 promovendus
1484 1655 1536 1682 est,
1553 1649 1646 1675 habere
1660 1650 1693 1676 do

919 1699 993 1726 cendi
1008 1699 1174 1733 facultatem,
1185 1702 1211 1725 et
1224 1702 1353 1732 potentem
1366 1704 1421 1724 esse
1432 1696 1466 1723 ad
1478 1695 1664 1722 obstruendum
1678 1703 1704 1722 ot

919 1745 1170 1773 contradictoribus.
1181 1744 1214 1772 Et
1231 1743 1342 1779 quidem
1364 1743 1485 1778 episcopi
1502 1743 1704 1770 characteristi-

918 1799 980 1817 cum
1001 1791 1065 1818 alibi
1081 1795 1158 1818 notat
1173 1789 1304 1825 Origenes
1317 1809 1326 1822 ,
1343 1793 1373 1816 ut
1394 1789 1421 1816 in
1451 1788 1654 1816 commentariis
1673 1788 1706 1815 ad

920 1835 1076 1863 Matthaeum
1093 1844 1100 1861 :
1118 1835 1252 1862 Γενναίων
1263 1835 1295 1867 δ’,
1309 1833 1396 1870 οἶμαι,
1413 1835 1459 1860 καὶ
1474 1833 1589 1869 ἐχόντων
1607 1833 1641 1859 τὰ
1656 1839 1706 1865 χα-

920 1881 1115 1919 ρακτηρίζοντα
1130 1881 1176 1908 τὸν
1187 1881 1333 1908 ἐπίσκοπον
1350 1882 1438 1906 πάντα.
1460 1880 1538 1915 ἔργον
1548 1877 1582 1914 ἢν
1597 1879 1708 1914 προτρέ-

903 1959 905 1961 _
917 1927 1085 1962 ψασθαιτοὺς
1093 1927 1138 1953 καὶ
1146 1927 1307 1962 δυναμένους
1315 1926 1361 1952 καὶ
1373 1925 1546 1960 πειθομένους
1554 1925 1586 1960 τῇ
1596 1932 1708 1960 προτρο·

918 1974 967 2008 πῇ,
977 1973 1021 1999 καὶ
1029 1972 1072 1999 διὰ
1081 1972 1127 1999 τοῦ
1136 1972 1265 2008 παρέχειν
1271 1973 1302 1998 ὲκ
1308 1971 1355 1997 τοῦ
1364 1970 1451 1998 κοινοῦ
1463 1970 1606 2002 αὐτοῖςκαὶ
1614 1969 1709 2000 ἄλλους

918 2019 964 2045 ἐπὶ
979 2018 1057 2045 τοῦτο
1073 2018 1250 2054 παρακαλεῖν.
1270 2017 1407 2044 Nobilium
1427 2021 1515 2043 autem
1528 2036 1535 2048 ,
1550 2016 1658 2051 opinor,
1684 2021 1709 2042 et

919 2072 1009 2091 eorum
1024 2065 1069 2100 qui
1084 2065 1171 2090 omnia
1188 2064 1337 2098 episcopum
1352 2063 1443 2089 intime
1458 2062 1646 2089 constituentia
1667 2065 1708 2087 at-

917 2118 966 2145 que
982 2109 1156 2136 describentia
1182 2108 1315 2143 possident
1337 2115 1400 2142 opus
1413 2112 1491 2140 esset,
1503 2115 1546 2133 eos
1569 2106 1708 2133 adhortari

919 2157 1014 2192 quibus
1032 2155 1148 2191 [acultas
1164 2154 1288 2189 suppetit,
1305 2154 1400 2188 quique
1418 2153 1600 2178 adltortationi
1614 2152 1710 2178 obtem-

888 2221 907 2247 ὓ
921 2208 1024 2238 perant,
1038 2203 1152 2236 ipsisque
1164 2209 1204 2228 res
1220 2201 1279 2227 vitw
1294 2199 1455 2226 necessarias
1468 2206 1482 2224 e
1497 2197 1629 2224 communi
1645 2198 1692 2224 sub
1702 2212 1708 2218 -

922 2249 1100 2276 ministrando
1121 2248 1188 2274 alios
1205 2247 1239 2274 ad
1255 2247 1323 2274 idem
1337 2255 1437 2282 quoque
1466 2246 1608 2281 impellere.
1634 2244 1667 2271 Et
1682 2246 1712 2271 in

922 2295 1019 2322 iisdem
1041 2293 1250 2321 commentariis
1275 2302 1281 2320 :
1303 2291 1416 2326 Propter
1439 2291 1508 2326 quod
1534 2295 1558 2316 et
1584 2289 1712 2325 deﬁniens

922 2341 1011 2376 quales
1024 2342 1133 2367 debeant
1153 2348 1208 2366 esse
1220 2339 1346 2374 episcopi,
1359 2339 1397 2365 sic
1410 2338 1475 2364 dicit
1492 2346 1499 2352 ·
1515 2345 1570 2364 non
1586 2336 1710 2371 litigiosi,

922 2394 976 2413 non
992 2392 1178 2420 percussores,
1194 2385 1238 2412 sed
1254 2384 1497 2417 mansueti,ornati
1513 2383 1534 2398 “
1544 2387 1567 2409 et
1587 2390 1711 2416 quartum

921 2441 970 2468 que
985 2433 1052 2459 inter
1070 2432 1160 2466 ﬁdeles
1185 2436 1210 2458 et
1233 2431 1362 2466 sapientes
1385 2438 1471 2457 servos
1490 2429 1658 2456 inveniuntur
1685 2433 1714 2454 es

922 2480 1125 2514 dispensatores
1156 2486 1226 2514 quos
1251 2477 1537 2506 constituitDominus
1566 2484 1648 2511 super
1669 2476 1710 2502 la—

923 2525 1025 2552 miliam
1059 2532 1149 2556 suam,
1165 2525 1234 2551 sicut
1260 2523 1324 2550 dicit
1342 2523 1428 2550 Lucas
1444 2521 1562 2549 "-Erant
1584 2522 1665 2556 igitur
1678 2520 1713 2547 τὰ

922 2570 1157 2607 χαρακτηρίζοντα
1172 2570 1218 2596 τὸν
1234 2569 1380 2596 ἐπίσκοπον
1389 2569 1538 2596 secundum
1554 2568 1709 2603 Origenem,

922 2617 1002 2652 plane
1018 2615 1247 2651 quemadmodum
1271 2614 1306 2641 τὰ
1325 2613 1559 2650 χαρακτηρίζοντα
1568 2614 1617 2650 τὴν
1630 2613 1711 2647 ἁγίαν

923 2664 1020 2699 χήραν,
1042 2666 1071 2688 ut
1091 2662 1147 2695 ipse
1167 2661 1288 2696 loquitur
1305 2660 1332 2687 in
1359 2660 1388 2687 S.
1401 2659 1543 2692 Joannem,
1569 2660 1659 2687 omnia
1677 2667 1707 2685 ex

922 2707 1065 2743 praeceptis
1088 2706 1237 2733 Dominicis
1261 2706 1303 2733 vel
1328 2706 1484 2740 apostolicis
1507 2706 1653 2733 delineata.
1678 2704 1712 2731 Et

923 2753 1108 2782 memorabilis
1133 2753 1245 2780 omnino
1270 2752 1348 2780 locus
1365 2757 1407 2780 est
1432 2752 1528 2780 eodem
1557 2752 1638 2784 libro,
1655 2759 1712 2786 quo

923 2800 1059 2831 Wesias
1079 2799 1298 2828 Christianorum
1315 2807 1350 2828 ex
1361 2799 1476 2828 adverso
1496 2806 1559 2827 cum
1581 2796 1715 2826 Ecclesiis
