1866 3073
152 142 211 169 ato
242 126 244 131 ’

682 145 711 172 S.
729 145 904 174 IGNATIUS.
923 163 958 169 -——
982 145 1249 175 PROLEGOMENA.

1749 142 1828 169 229

158 209 207 229 seu
237 203 418 232 eoneionibns
440 205 580 240 gentilium
611 207 777 240 componit:
808 207 895 234 'Exx‘m

1096 207 1157 242 σμῷ
1165 207 1236 242 μέγα
1249 206 1423 242 φρονοῦντας⁴
1435 215 1441 221 ·
1454 206 1500 232 καὶ
1515 205 1637 241 μάλιστα
1650 204 1722 232 ἐπὰν
1737 204 1831 240 enim

159 248 209 282 μὲν
226 248 278 285 γὰρ
292 249 340 276 τοῦ
352 249 419 277 Θεοῦ
436 251 591 287 φέρέἰπείν
608 252 624 287 ἡ
648 251 792 288 Ἀθήνῃσι,
805 254 905 289 πραεῖά
916 263 958 285 τις

160 293 207 320 καὶ
229 295 363 331 εὐσταθὴς
380 296 421 327 (ιιι
437 296 470 322 de
487 296 636 332 Polycarpo
649 296 678 324 S.
691 297 822 332 lgnatius)
839 298 884 325 ἆτε
899 298 959 334 Θεῷ

158 339 293 374 ἀρέσκειν
308 341 347 376 τῷ
365 342 411 368 ἐπὶ
440 343 506 369 πᾶσι
534 343 680 379 βουλομένη
693 352 699 358 ·
727 345 743 380 ἡ
767 345 790 371 δ’
811 345 960 381 Ἀθηναίων

153 385 305 422 Ἐκκλησία
323 387 474 423 στασιώδης
499 389 546 414 καὶ
574 389 700 425 οὐδαμῶς
732 391 957 427 παραϐαλλομένη

163 434 196 469 τῇ
221 435 280 461 ἐκεῖ
305 434 454 471 Ἐκκλησία
476 435 523 462 τοῦ
540 435 607 463 Θεοῦ
621 445 628 452 ·
656 436 686 463 τὺ
702 437 725 464 δ⁴
738 438 804 465 αὐτὸ
828 440 899 474 ἐρεῖς,
911 448 960 466 πε-

166 481 195 516 ρὶ
225 480 372 516 ἐκκλησίας
405 481 452 508 τοῦ
484 482 551 508 Θεοῦ
580 483 631 517 τῆς
666 483 696 509 ἐν
733 484 877 520 Κορίνθῳ,
912 485 959 512 καὶ

163 526 214 561 τῆς
235 526 381 562 ἐκκλησίας
404 526 451 553 τοῦ
473 527 560 563 δήμου
593 528 753 564 Κορινθίων·
773 530 819 556 καὶ
842 530 901 566 φέρ’
925 532 960 557 εἰ-

165 573 226 598 πεῖν
255 572 319 609 περὶ
342 572 505 608 Ἐκκλησίας
538 573 585 599 τοῦ
609 574 677 600 Θεοῦ
708 575 759 610 τῆς
782 575 810 601 ἐν
834 575 959 609 ’Λλεξαν-

164 617 251 653 εμείᾳ,
288 618 336 645 καὶ
368 618 517 654 ἐκκλησίας
553 619 600 646 τοῦ
634 619 829 656 Ἀλεξανδρέων
861 622 955 657 δήμου.

166 661 238 688 Nam
251 662 369 690 Ecclesia
393 663 452 696 Dei,
472 664 543 690 verbi
572 665 679 699 gratia,
704 673 763 700 qua:
780 666 889 693 Athenis
908 672 958 699 est,

165 714 302 736 mansueta
314 715 352 736 est
366 714 390 736 et
403 709 482 744 probe
491 712 646 745 composita,
661 712 756 746 quippe
768 720 826 746 qua:
841 712 904 744 Deo,
915 714 960 748 qui

164 759 202 782 cst
217 763 295 788 super
309 756 407 785 omnia.
424 765 451 783 se
467 759 612 792 approbare
626 759 736 792 cupiat;
759 759 960 786 Atheniensium

165 806 254 827 autent
266 803 357 829 concio
372 803 507 836 seditiosa,
520 812 567 831 nec
591 804 646 831 ullo
661 805 739 831 modo
756 814 816 832 cum
842 805 961 832 Ecclesia

166 846 215 873 Dei
229 855 288 881 qum
300 847 397 874 ibidem
420 852 476 879 est,
492 849 660 883 conferenda.
688 849 763 876 Idem
790 851 869 877 etiam
885 851 960 878 dicas

165 892 198 918 de
218 892 336 920 Ecclesia
362 893 411 920 Dei
425 902 484 929 qute
498 899 537 921 est
563 895 702 927 Corinthi,
717 901 742 923 et
764 897 885 930 ecclesia,
902 897 960 924 sive

165 938 300 970 concione,
314 938 405 973 populi
434 938 650 972 Corinthiorum;
670 945 705 974 et,
720 941 790 968 verbi
810 942 908 977 gratia,
927 942 959 968 de

166 983 286 1011 Ecclesia
304 983 354 1011 Dei
375 993 435 1020 quur
458 990 496 1012 est
520 985 711 1019 Alexandria',‘
731 992 756 1014 et
774 989 898 1015 concione
912 996 960 1022 po-

166 1029 223 1064 puli
238 1029 425 1058 Alexandrini.
443 1031 577 1059 Memorat
590 1033 684 1067 itaque
696 1032 828 1067 Origenes
844 1034 960 1068 exempli

167 1077 254 1110 gratia
271 1081 326 1104 tres
349 1077 486 1106 Ecclesias
504 1078 607 1106 Graecis
626 1079 796 1112 notissimas,
811 1081 960 1108 Athenien-

167 1130 235 1156 sem,
251 1122 467 1158 Corinthiacum,
482 1125 705 1153 Alexandrinam.
731 1125 858 1154 Ostendit
872 1128 898 1154 in
915 1128 959 1155 his

166 1168 324 1196 civitatibus
336 1170 466 1204 populum
481 1171 622 1205 gentilium
640 1172 712 1198 ιιιιΙΙο
733 1172 813 1198 111οι10
835 1180 896 1199 cum
912 1181 962 1207 po-

167 1215 232 1248 pulo
252 1215 410 1243 Christiano
424 1224 486 1244 esse
502 1217 708 1245 conferendum.
732 1217 795 1245 lude
819 1220 960 1254 progredi-

167 1265 212 1287 tur
233 1261 268 1289 ad
291 1261 440 1296 dignitates
464 1263 676 1294 ecclesiasticas.
695 1272 797 1299 easque
821 1266 961 1300 componit

167 1314 230 1334 cum
252 1308 416 1342 magistratu
440 1314 591 1344 senatuque
611 1310 764 1344 gentilium,
782 1310 878 1346 βουλὴν
900 1311 962 1338 Ἐκ-

167 1353 282 1389 κλησίας
292 1354 360 1380 Θεοῦ
374 1355 454 1391 βουλῇ
468 1357 500 1391 τῇ
518 1356 579 1383 καθ’
594 1357 713 1393 ἑκάστην
724 1358 801 1384 πόλιν
820 1357 962 1390 συνεξετά-

168 1399 233 1432 ζων,
252 1405 372 1427 senatum
388 1401 512 1429 Ecclesia:
526 1402 572 1430 Dei
589 1404 692 1430 senatui
713 1405 740 1431 in
765 1404 882 1439 qualibet
895 1406 960 1431 civi-

168 1451 222 1473 tate
240 1447 383 1473 constituto
398 1456 565 1483 comparans,
586 1453 612 1476 et
627 1449 773 1484 βουλευτὰς
787 1450 961 1479 Christianos

168 1492 326 1528 βουλευταῖς
342 1494 483 1529 gentilium
507 1503 658 1530 opponens.
679 1495 712 1522 Hi
730 1501 824 1524 autem
850 1496 961 1532 βουλευ-

166 1539 212 1565 ταὶ
233 1538 381 1567 Christiani
398 1548 464 1567 sane
487 1540 598 1568 fuerunt
621 1541 782 1577 presbyteri.
817 1542 884 1570 Post
909 1543 960 1571 hos

167 1583 252 1619 igitur
269 1585 393 1612 ascendit
410 1585 444 1613 ad
462 1586 612 1621 principem
631 1594 677 1614 seu
696 1595 836 1614 summum
854 1588 880 1614 in
895 1596 964 1615 una-

166 1638 275 1666 quaque
296 1631 406 1659 civitate
423 1632 629 1667 magistratum:
642 1632 720 1659 Οὕτω
736 1633 764 1659 δὲ
785 1634 831 1660 καὶ
847 1633 965 1670 ἄρχοντα

167 1675 330 1712 Ἐκκλησιας
346 1677 464 1713 ἑκάστης
489 1678 593 1710 πόλεως
614 1678 724 1714 ἄρχοντι
735 1678 789 1705 τῶν
804 1680 872 1715 ὲντῇ
889 1679 964 1707 πόλει

168 1723 338 1759 συγκριτέον.
357 1723 458 1751 Eodem
474 1725 552 1751 modo
569 1733 688 1759 prmccps
700 1724 825 1752 Ecclesia
840 1726 966 1753 uniuscu—

166 1769 259 1803 iusque
274 1769 389 1796 civitatis
404 1778 464 1797 cum
476 1778 578 1797 summo
593 1779 683 1797 eorum
691 1772 735 1806 qui
747 1772 774 1798 in
785 1772 891 1798 civitate
904 1777 965 1799 sunt

167 1816 328 1850 magistratu
341 1816 515 1851 conferendas
527 1817 616 1845 est.Ut
627 1823 717 1845 autem
731 1819 884 1854 presbyteri
898 1819 960 1855 βου-

169 1861 264 1888 λευιιταλ¹
282 1867 346 1889 sunt
358 1883 366 1893 ,
382 1863 417 1889 ita
436 1863 528 1899 ἄρχων
549 1864 713 1900 Ἐκκλησιας
738 1865 884 1900 episcopus
911 1871 963 1900 est,

166 1911 199 1935 ut
216 1908 272 1942 ipse
286 1907 313 1934 in
326 1910 531 1937 commentariis
547 1911 581 1938 ad
594 1910 750 1938 Matthaeum
762 1921 768 1938 :
783 1912 820 1938 Οὺ
831 1912 964 1948 μιμητέον

166 1952 207 1988 τῷ
222 1953 331 1989 ἄρχοντι
349 1954 398 1990 τῆς
418 1955 580 1991 Ἐκκλησῐας
601 1957 646 1984 τὸν
664 1957 781 1993 ἄρχοντα
802 1958 856 1985 τῶν
868 1958 963 1985 ἔθνῶν.

168 1997 252 2033 lique
265 2006 328 2026 cum
343 1999 469 2035 Athenis,
484 2001 608 2029 Corinthi
633 2007 660 2030 ct
674 2003 856 2037 Alexandriae,
864 2009 920 2031 tum
937 2005 964 2032 in

169 2053 335 2080 unaquaque
359 2045 480 2080 Civitate,
497 2052 564 2076 teste
592 2048 721 2084 Origene,
739 2050 867 2077 obtinuit.
889 2050 962 2078 Idem

168 2093 251 2119 etiam
263 2093 388 2120 -homilia
415 2094 451 2121 20
478 2094 504 2120 in
518 2093 620 2121 Lucam
636 2104 642 2121 :
657 2094 686 2122 Si
707 2094 785 2122 Iesus
811 2095 900 2122 Filius
915 2096 965 2123 Dei

168 2139 311 2173 subjicitur
335 2138 433 2174 Joseplt
456 2145 479 2166 et
499 2139 606 2171 Maria.
629 2149 675 2175 ego
688 2149 740 2167 non
764 2141 894 2176 subjiciar
908 2143 964 2177 epi-

169 2192 259 2219 scopo,
277 2185 323 2220 qui
338 2184 404 2210 mihi
417 2193 433 2210 a
449 2185 502 2211 Deo
515 2186 654 2212 ordinatus
668 2191 707 2213 est
727 2191 803 2221 pater
815 2187 887 2213 ?non
901 2188 963 2214 sub-

1010 254 1144 290 πατράσιν
1160 254 1298 288 ἐπαυχεῖν,
1308 252 1354 279 καὶ
1371 253 1512 288 προγόνοις
1529 251 1676 288 προεδρίας
1687 251 1831 287 ἠξιωμὲο

1010 309 1066 332 νοις
1083 301 1112 326 ἐν
1127 301 1160 335 τῇ
1181 299 1329 335 Ἐκκλησία
1342 298 1521 325 ἐπισκοπικοῦ
1533 298 1641 334 θρόνου,
1651 298 1677 333 ἢ·
1687 297 1833 334 πρεσϐυ-

1010 346 1099 383 τερίου
1106 346 1198 381 τιμῆς,
1214 345 1231 381 ἦ
1249 346 1385 377 διακονίας
1395 346 1435 376 εἰς
1448 345 1494 372 τὸν
1507 344 1570 371 λαὸν
1586 344 1639 371 τοῦ·
1653 343 1835 371 8505.003—

1010 393 1125 421 tentioue
1139 397 1227 418 autem
1241 399 1306 426 opus
1316 395 1355 418 est
1371 391 1405 417 ad
1415 390 1611 426 deprimendum
1626 398 1722 417 eorum
1734 398 1834 416 arro-

1011 438 1208 473 gantiam,qui
1231 437 1300 472 quod
1318 445 1334 464 a
1358 437 1512 471 parentibus
1541 437 1568 463 in
1596 436 1835 464 CIn-iuianismo

1010 484 1115 510 educati
1129 489 1203 517 sunt,
1216 485 1248 510 de
1259 492 1287 510 se
1299 484 1438 518 magniﬁce
1451 483 1577 515 sentiunt,
1590 488 1614 509 et
1623 483 1788 517 prtesertim
1801 482 1833 508 si

1010 531 1164 566 parentibus
1183 536 1208 558 et
1224 531 1328 565 proavis
1343 530 1504 567 efferantur,
1530 529 1576 564 qui
1598 528 1766 564 episcopalis
1795 528 1833 554 in

1010 577 1132 604 Ecclesia
1147 577 1215 604 sedis
1229 577 1433 612 prterogatit'um
1454 576 1511 610 jus,
1528 575 1569 602 vel
1585 574 1750 610 presbyterii
1772 574 1832 600 di-

1012 624 1138 659 gnitatem
1157 623 1303 655 tenuerint,
1319 622 1358 649 vel
1374 622 1480 648 diaconi
1494 622 1585 656 ofﬁcio
1598 629 1661 656 erga
1680 620 1834 655 populum

1014 670 1061 696 Dei
1079 669 1164 704 fmtcti
1181 668 1244 695 sint.
1261 667 1309 695 llis
1325 667 1397 694 cnim
1417 675 1465 694 sua
1480 671 1559 693 male
1572 667 1711 702 plurimos
1725 665 1833 693 fuisse

1011 716 1111 748 innuit,
1128 723 1245 749 quorum
1276 714 1368 749 proavi
1389 713 1424 740 ab
1440 713 1576 748 episcopis
1599 712 1712 739 educati
1726 717 1805 738 sunt
1821 721 1830 744 ;

1011 761 1132 796 episcopi
1148 764 1238 787 autem
1257 759 1294 786 illi
1318 766 1384 786 sane
1401 758 1509 785 inierant
1520 757 1664 793 S.lgnatio
1678 757 1788 788 coaevi,
1802 757 1831 784 si

1012 815 1067 834 non
1090 811 1115 834 et
1139 806 1281 841 apostolis.
1303 804 1394 838 Quare
1418 805 1445 831 in
1475 803 1570 831 iisdem
1598 803 1832 830 commentariis

1013 854 1077 880 illud
1094 853 1123 880 S.
1137 852 1218 880 Luca:
1233 859 1374 886 exponens
1389 859 1396 877 :
1411 850 1466 877 Καὶ
1480 851 1494 877 ὁ
1506 849 1671 885 ἡγούμενος,
1681 849 1721 880 ὡς
1736 848 1831 875 55w.—

1011 898 1107 931 κονῶν,
1121 903 1250 933 tanquam
1263 901 1429 933 praeceptum
1443 896 1546 923 Christi
1558 895 1647 930 ipsius
1664 896 1700 922 de
1718 894 1830 922 ofﬁcio

1014 945 1136 981 episcopi
1150 945 1344 979 interpretatur
1360 952 1367 971 :
1383 943 1411 970 '0
1421 942 1449 969 δὲ
1463 942 1629 978 ἡγούμενος,
1645 941 1720 968 οὕτω
1733 941 1766 968 δὲ
1782 938 1830 967 οῗ-

1012 1001 1060 1028 μαι
1072 991 1214 1027 ὀνομάζειν
1222 991 1268 1017 τὸν
1277 990 1358 1017 καλοῦ
1363 998 1443 1025 μενον
1453 990 1482 1015 ὲν
1489 989 1549 1020 ταῖς
1562 987 1745 1023 Ἐκκλησίαις
1753 987 1830 1014 ἐπί-

1012 1045 1123 1070 σκοπον,
1146 1037 1184 1068 ὼς
1209 1036 1224 1062 ὁ
1245 1037 1301 1067 τοῖς
1328 1034 1561 1072 ὑπηρετουμένοις
1589 1033 1827 1068 διακονούμενος.

1011 1083 1138 1119 Princeps
1156 1091 1214 1110 vero
1231 1083 1240 1118 (
1256 1083 1295 1109 sic
1310 1086 1399 1108 autem
1415 1080 1550 1116 appellare
1565 1080 1693 1106 existimo
1719 1080 1768 1114 qui
1796 1079 1827 1105 ia

1012 1129 1140 1157 Ecclesiis
1155 1129 1291 1164 episcopus
1304 1126 1423 1162 vocatur)
1437 1132 1565 1161 tanquam
1587 1125 1632 1160 qui
1656 1125 1827 1150 ministran-

1013 1174 1083 1200 tibus
1100 1174 1246 1205 ministrat,
1274 1172 1320 1199 καὶ
1337 1171 1425 1198 ταῦτα
1442 1171 1491 1206 μὲν
1506 1171 1521 1196 ὁ
1536 1169 1584 1196 τοῦ
1597 1168 1668 1196 Θεοῦ
1692 1169 1828 1196 διδάσκει

1012 1221 1086 1255 ἡμᾶς
1100 1219 1189 1254 λόγος,
1203 1225 1281 1255 atque
1296 1219 1350 1245 [nec
1367 1217 1471 1253 quidem
1483 1217 1557 1243 docet
1569 1224 1615 1242 nos
1628 1215 1679 1242 Dei
1693 1215 1823 1242 verbum.

1012 1265 1079 1292 Nam
1096 1270 1125 1292 ut
1139 1270 1232 1300 postea
1245 1265 1374 1292 observat
1388 1273 1394 1291 :
1410 1263 1505 1290 Peccat
1517 1263 1544 1289 in
1561 1263 1647 1289 Deum
1662 1262 1827 1297 quicunque

1012 1313 1148 1347 episcopus
1161 1312 1207 1346 qui
1231 1319 1282 1337 non
1305 1311 1382 1346 quasi
1403 1310 1535 1336 conservis
1554 1317 1644 1336 servus
1662 1309 1825 1337 ministrat.

1013 1359 1057 1385 sed
1077 1359 1154 1394 quasi
1169 1359 1302 1385 dominus.
1319 1358 1391 1385 idem
1407 1359 1435 1385 in
1448 1357 1618 1386 Ezechielem
1631 1357 1750 1384 homilia
1764 1356 1822 1383 16:

1014 1403 1066 1435 Qui
1080 1411 1139 1430 vero
1151 1403 1304 1438 rcligionem
1317 1404 1419 1438 penitus
1444 1408 1610 1436 aversantur,
1620 1403 1649 1429 in
1667 1407 1778 1429 tantum
1792 1406 1824 1428 ut

1013 1458 1064 1476 non
1082 1454 1171 1476 curent
1181 1450 1213 1476 de
1221 1449 1352 1484 episcopo,
1364 1449 1397 1476 de
1408 1449 1579 1484 presbyteris,
1593 1448 1626 1475 de
1641 1448 1820 1480 diaconibus,

1013 1495 1045 1522 tle
1053 1494 1182 1529 fratribus
1192 1495 1251 1528 ,sed
1270 1503 1329 1521 cum
1342 1496 1582 1530 omniprocacitate
1594 1494 1769 1529 delinquunt,
1778 1493 1821 1520 si-

1014 1538 1090 1564 miles
1107 1538 1174 1572 ﬁunt
1201 1539 1334 1566 meretrici
1360 1547 1420 1566 cum
1435 1539 1535 1573 ﬁducia
1561 1540 1726 1574 prostituta).
1740 1538 1776 1566 Et
1789 1539 1820 1565 in

1017 1583 1115 1611 Isaiam
1135 1584 1248 1611 humilia
1266 1584 1283 1611 ϐ
1298 1594 1305 1612 :
1324 1584 1394 1619 Ergo
1405 1585 1453 1612 hoc
1466 1586 1541 1618 dicit,
1556 1590 1586 1612 ut
1599 1587 1740 1620 episcopus
1751 1585 1820 1612 mil-

1018 1634 1072 1656 tens
1090 1638 1185 1665 aquam
1202 1631 1229 1656 in
1241 1630 1334 1665 pelvim
1346 1636 1370 1657 et
1388 1635 1483 1657 exutus
1497 1631 1610 1657 vestibus
1625 1631 1696 1663 suis,
1714 1636 1738 1657 et
1749 1639 1821 1665 prce-

1016 1676 1116 1702 ciuctus
1137 1675 1218 1702 linteo
1239 1684 1278 1702 mc
1297 1676 1452 1703 extendente
1467 1676 1535 1703 lavet
1549 1676 1627 1710 pedes
1650 1676 1746 1702 meos?
1772 1674 1819 1702 Si-

1015 1722 1119 1756 quidem
1134 1723 1193 1754 vos,
1223 1723 1324 1757 inquit,
1340 1722 1446 1749 debetis
1474 1722 1591 1749 invicem
1610 1722 1707 1748 lavare
1734 1721 1818 1756 pedes

1015 1771 1122 1794 vestros
1140 1767 1171 1795 “.
1192 1767 1222 1795 Si
1230 1768 1278 1795 ltoc
1305 1773 1343 1795 est
1362 1768 1430 1803 quod
1448 1768 1568 1800 dicitur,
1595 1776 1674 1794 nemo
1700 1773 1819 1794 vestrum

1016 1813 1172 1840 mandatum
1186 1814 1309 1841 servabit.
1321 1813 1406 1841 Nemo
1420 1815 1488 1841 enim
1499 1813 1699 1849 quibuscunque
1710 1815 1817 1841 renien-

1017 1859 1085 1886 tibus
1099 1868 1234 1888 assumens
1261 1860 1371 1887 linteum
1389 1861 1517 1887 diaconus
1545 1859 1585 1886 vel
1596 1860 1746 1896 presbyter,
1765 1860 1819 1886 sire

1015 1905 1149 1939 episcopus
1165 1905 1236 1931 lavat
1249 1905 1336 1939 pedes.
1360 1904 1412 1932 Sed
1429 1906 1452 1932 si
1467 1905 1602 1940 intelligas
1613 1914 1645 1932 ea
1663 1913 1726 1940 qua:
1750 1905 1819 1932 seri.

1015 1956 1061 1985 pta
1079 1955 1151 1982 sunt,
1165 1951 1211 1987 qui
1229 1958 1287 1977 t'ere
1304 1950 1374 1977 beati
1390 1955 1450 1977 sunt
1464 1950 1580 1985 episcopi
1594 1951 1741 1977 servientes
1766 1949 1819 1976 Ec-

1015 1996 1102 2023 clesia:
1116 1997 1224 2024 mittunt
1243 2005 1340 2032 aquam
1351 1997 1383 2023 de
1399 1996 1546 2031 Scripturis
1557 1997 1584 2023 in
1595 1996 1693 2030 pelvim
1706 1997 1817 2027 animm,

1015 2046 1040 2068 et
1058 2046 1158 2068 tentant
1169 2042 1263 2076 pedum
1275 2041 1465 2076 discipulorum
1486 2042 1575 2069 sordes
1589 2041 1691 2074 lavare,
1707 2047 1732 2068 et
1748 2042 1819 2069 elue-

1015 2096 1053 2120 re,
1070 2094 1092 2115 et
1107 2089 1244 2123 projicere.
1257 2088 1291 2115 Et
1305 2089 1343 2115 sic
1357 2089 1509 2115 custodiunt
1521 2088 1638 2123 episcopi
1655 2089 1817 2116 mandatum

1015 2141 1150 2170 sequentes
1164 2134 1266 2162 Iesum.
1282 2134 1327 2162 Sic
1341 2139 1365 2162 et
1386 2135 1541 2170 presbyteri.
1566 2134 1675 2169 Quibus
1695 2142 1818 2162 consen-

1015 2181 1087 2208 tiunt
1100 2189 1132 2209 ea
1149 2189 1210 2215 qua:
1222 2181 1248 2208 in
1266 2181 1472 2208 commentariis
1488 2181 1514 2207 in
1531 2179 1668 2207 Joannem
1686 2181 1815 2215 legimus,

164 2230 248 2267 jiciar
261 2229 423 2265 presbytero,
435 2230 480 2265 qui
496 2231 559 2257 milii
572 2230 680 2258 Domini
693 2232 846 2267 dignatione
862 2240 965 2268 prwpa-
980 2229 1003 2258 D
1017 2227 1044 2254 in
1060 2235 1113 2254 ms.
1130 2231 1224 2254 nostro
1239 2227 1345 2254 ﬁdelius
1362 2235 1445 2262 quam
1460 2227 1488 2254 in
1516 2226 1597 2253 editis
1613 2231 1817 2260 reprtnsentau

167 2275 236 2302 situs
256 2280 294 2302 est
304 2276 320 2302 ἵ
332 2275 369 2302 ita
386 2275 432 2302 ille
450 2275 539 2302 adhuc
551 2276 672 2310 juvenis,
688 2277 808 2305 nondum
824 2279 966 2314 presbyter

167 2321 269 2349 factus.
284 2321 418 2356 Agnoscit
428 2327 517 2352 autem
528 2323 555 2350 in
571 2322 691 2350 Ecclesia
707 2323 892 2351 Alexandrina
907 2324 966 2359 epi-

167 2374 280 2402 scopum
298 2374 313 2394 a
327 2367 382 2394 Deo
396 2369 456 2402 ipso
472 2372 603 2402 tanquam
613 2373 717 2403 patrem
729 2369 897 2401 ordinatum,
910 2377 965 2397 non

168 2413 262 2440 minus
277 2420 360 2448 quam
376 2412 566 2449 presbyterum
586 2412 693 2440 Domini
713 2413 872 2449 dignatione
895 2423 965 2450 prte-

166 2457 387 2492 positum.Unde
414 2459 441 2485 in
455 2458 662 2486 commentariis
684 2459 716 2485 ad
739 2459 895 2487 Matthaaum
911 2460 963 2487 ait:

167 2504 248 2532 Οὕτω
259 2505 288 2532 δὲ
305 2506 351 2533 καὶ
367 2507 456 2540 γονεῖς
474 2506 579 2538 πάντας
595 2506 659 2538 τοὺς
681 2505 882 2541 ἀνεπιλήπτους
905 2507 967 2533 ἐπι-

168 2551 285 2583 σκόπους
294 2552 412 2583 καὶτοὺς
420 2551 603 2587 ἀνεγκλήτους
619 2551 820 2588 πρεσϐυτέρους
834 2552 966 2587 λαμϐάνει

166 2605 210 2629 τις
225 2594 337 2629 ἄνθ’,ὦν
359 2597 538 2624 καταλέλοιπε
568 2597 626 2624 δύο.
657 2596 703 2624 Ita
729 2598 966 2633 irrepreltensibiles

168 2644 303 2678 episcopos
315 2651 403 2670 omnes
416 2648 441 2670 et
461 2643 625 2678 presbyteros
641 2643 791 2678 inculpatos
806 2643 832 2670 in
846 2649 966 2678 parentes

169 2690 282 2718 assumit
310 2689 441 2724 quispiam
463 2698 510 2724 pro
536 2690 637 2716 duobus
664 2689 719 2716 illis
746 2697 812 2724 quos
839 2689 964 2716 deseruit.

171 2736 343 2768 Quinetiam
371 2740 532 2763 vetustatem
563 2736 779 2771 dignitatemque
802 2735 967 2770 episcopalis

169 2782 276 2809 ordinis
289 2782 370 2817 paulo
380 2787 442 2817 post
457 2782 579 2817 depingit
594 2792 600 2809 :
625 2782 712 2816 Ἀγὼν
724 2782 752 2808 δέ
768 2781 882 2808 ἐστικαὶ
899 2780 966 2806 καο-

168 2827 240 2856 ιλείν
256 2827 340 2863 οἴημα
349 2827 394 2854 διὰ
405 2827 435 2854 τὸ
448 2828 480 2854 ὲκ
498 2829 624 2864 πατέρων
637 2826 835 2862 διατετράφοαι
853 2826 881 2851 ἐν
905 2825 968 2860 Χρι.

209 2884 232 2900 ⁸³
245 2883 323 2913 Joan.
339 2893 401 2919 xui,
421 2885 463 2912 tt.

1016 2281 1043 2308 Ρ.
1062 2274 1115 2301 590
1133 2283 1139 2300 :
1157 2274 1210 2300 Καὶ
1229 2274 1266 2309 μὴ
1282 2273 1426 2309 θαυμάσῃς
1448 2274 1472 2300 εἰ
1487 2273 1598 2307 ἀνάγειν
1623 2281 1653 2298 σε
1670 2273 1714 2299 δεῖ
1737 2273 1781 2305 τὸ,
1794 2273 1818 2299 ει

1016 2318 1108 2353 ἁγίων
1127 2318 1223 2352 πόδας
1240 2319 1362 2353 ἔνιψεν,
1378 2319 1446 2345 ὅπου
1470 2318 1628 2346 κελεύονται
1644 2319 1673 2344 αἱ
1689 2319 1816 2353 ἀνάλογοι

1015 2364 1073 2395 τοῖς
1090 2363 1286 2400 πρεσϐυτέροις
1303 2363 1480 2400 πρεσϐύτιδες
1494 2362 1563 2390 εῖναι
1585 2363 1634 2390 καὶ
1657 2363 1817 2391 καλοδιδάση

1016 2409 1104 2436 καλοι.
1116 2410 1187 2445 Ὅρα
1197 2409 1226 2436 δὲ
1238 2410 1262 2436 εἱ
1276 2409 1313 2445 μὴ
1326 2410 1373 2436 καὶ
1385 2409 1505 2446 ἐργῶδές
1515 2410 1574 2435 ἐστι
1587 2408 1620 2435 τὸ
1634 2409 1720 2435 πάνθ’
1731 2411 1816 2436 ὁντιν·

1017 2455 1064 2482 οῦν
1079 2455 1300 2491 μαθητευόμενον
1325 2455 1365 2491 τῷ
1381 2455 1493 2493 Χριστῷ
1509 2455 1622 2486 θέλοντα
1651 2455 1704 2490 τὴν
1723 2456 1816 2490 λέγουο

1021 2511 1070 2530 σαν
1084 2503 1205 2539 ἐντολὴν,
1221 2503 1270 2540 κᾳὶ
1286 2504 1373 2538 ὑμεῖς
1390 2504 1526 2538 ὀφείλετε
1534 2502 1685 2536 ἀλλήλων·
1700 2503 1816 2529 νίπτειν

1016 2551 1088 2583 τοὺς
1104 2549 1209 2583 πόδας,
1226 2549 1264 2581 ὡς
1280 2550 1454 2585 ὀφειλόμενον
1470 2549 1550 2585 ἔργον
1566 2549 1672 2575 ἐθέλειν
1685 2550 1779 2576 ποιεῖν
1789 2547 1816 2574 τὸ

1017 2594 1092 2629 νίψαι
1116 2596 1180 2626 τοὺς
1207 2596 1379 2631 σωροιτικοίις
1405 2595 1451 2622 καὶ
1475 2595 1625 2630 αἰσθητοὺς
1652 2594 1743 2626 πόδας
1766 2594 1815 2621 τῶν

1018 2641 1150 2676 ἀδελφῶν,
1178 2641 1248 2669 ὥστε
1272 2643 1336 2674 τοὺς
1357 2644 1386 2669 ὲν
1403 2641 1585 2678 ὁποιᾳποτοῦν
1608 2641 1745 2669 ὑποθέσει
1763 2641 1813 2677 βίον

1017 2687 1198 2722 τυγχάνοντας
1214 2689 1326 2720 πιστοὺς
1352 2687 1431 2714 τοῦτο
1453 2689 1551 2718 ποιεῖν,
1571 2686 1629 2713 εἴτε
1656 2688 1687 2714 ὲν
1718 2687 1813 2721 ἐκκλη-

1018 2736 1143 2770 σιαστικῇ
1171 2735 1316 2766 δοκοῦντας
1343 2732 1412 2761 εἶναι
1428 2735 1548 2769 ὑπεροχῇ
1573 2734 1751 2766 ἐπισκόπους
1775 2733 1814 2760 καὶ

1018 2780 1231 2817 πρεσϐυτέρους,
1250 2780 1304 2806 εἴτε
1328 2781 1375 2807 καὶ
1398 2781 1426 2806 ὲν
1453 2779 1544 2811 ἄλλοις
1571 2782 1723 2815 κοσμικοῖς
1749 2786 1813 2806 τισιν

1018 2826 1168 2862 ἀξιώμασιν
1182 2835 1188 2841 ·
1207 2826 1276 2855 ὥστε
1297 2827 1365 2863 μετὰ
1372 2826 1451 2853 τοῦτο
1461 2826 1508 2852 καὶ
1522 2825 1568 2852 τὸν
1577 2826 1724 2863 Δεσπότην
1741 2827 1814 2863 ipim
