1866 3073
53 121 88 149 ΞΞΙ

435 120 460 149 J.
482 121 663 149 PEARSONII
686 121 847 150 VINDICIJE
868 122 1080 151 lGNATIANE.
1096 139 1132 145 -
1151 123 1171 151 Ρ

543 121 663 149 RSONII
686 121 847 150 VINDICIJE
868 122 1080 151 ιϐΝΑΤιΑΝΑῑ.
1096 139 1132 145 -
1151 123 1241 152 PARS
1260 123 1280 150 1.

1634 126 1687 144 0?.

1636 144 1688 153 --4

48 180 126 207 his?)
142 180 250 207 νίπτειν
274 181 346 213 τοὺς
368 182 455 214 πόδας
471 182 517 209 τοῦ
543 182 716 215 πιστεύοντος
739 183 785 210 δού

950 184 1026 211 lotali
1040 185 1131 211 ordine
1147 184 1308 219 gloriantur,
1319 184 1463 212 secundum
1475 185 1595 212 ordinem
1609 193 1687 212 suum

50 228 87 253 ul
101 227 162 259 τοὺς
177 227 270 261 γονεῖς
289 227 343 254 τοῦ
356 227 420 254 υἱοῦ
430 236 437 242 ·
455 228 523 264 ὅπερ
551 227 610 260 ἐθος
630 226 674 263 ἣν,
697 229 728 255 οὑ
743 229 847 263 γίνεται.

48 274 70 301 δὲ
84 273 139 306 νῦν,
150 273 168 308 ἦ
183 274 223 305 εἰς
240 273 407 309 ὑπερϐολὴν
424 273 614 306 σπανιώτατα,
633 274 680 301 καὶ
702 274 776 311 παρὰ
792 276 847 305 τοῖς

47 319 109 346 πάνυ
136 318 340 354 ἁπλουστέροις
367 318 416 345 καὶ
435 319 638 356 ἀγροικοτέροις
654 319 767 354 γίνεται.
791 319 847 346 Nec

46 366 143 392 mireris
159 367 185 392 si
201 365 251 392 tibi
273 365 463 399 exponendum
485 366 520 391 sit
540 366 686 401 anagogico
706 374 783 392 sensu
799 366 846 392 hoc

46 413 151 444 dictum,
169 411 201 438 Si
218 417 386 439 sanctorum
404 413 489 447 pedes
503 412 578 446 lavit,
590 412 636 439 ubi
644 412 770 446 iubentur
790 412 847 440 ilhc

43 466 98 493 qua
111 457 277 492 presbyteris
293 459 419 493 analogaz
426 464 488 486 sunt
502 459 662 494 presbytides
677 459 785 486 honesta
795 459 844 486 do-

43 512 106 531 cere.
133 502 200 529 Vide
217 511 281 530 vero
303 512 395 530 annon
420 505 503 531 etiam
516 504 677 531 laboriosum
692 505 722 539 fit
738 504 845 531 cuilibet

42 544 172 584 discipulo
185 549 300 582 Christi,
317 549 416 576 uolenti
436 549 546 584 implere
565 549 719 576 mandatum
734 550 822 576 dicens
834 557 844 575 :

42 595 73 622 Et
86 602 136 622 vos
157 595 267 622 debetis
293 595 342 622 alii
369 595 486 622 aliorum
507 595 596 623 lavare
622 596 715 630 pedes,
730 597 753 622 si
783 595 844 622 velit

42 641 196 675 corporales
221 647 255 667 ac
267 640 407 668 scnsibiles
435 642 549 676 fratrum
565 641 643 676 pedes
657 642 756 674 lavare,
771 647 798 669 ut
811 642 844 676 ﬁ-

42 687 109 714 deles
124 688 154 714 in
169 688 263 721 quovis
276 693 340 715 vita:
351 697 443 723 genere
456 689 594 715 existentes
606 689 654 714 hoc
669 688 780 722 faciant,
791 689 844 714 siue

42 732 84 765 qui
95 732 222 758 videntur
239 740 297 759 esse
308 733 338 759 in
357 733 523 760 sublimitate
535 733 715 760 ecclesiastica
728 733 842 767 episcopi

43 782 65 802 et
78 777 239 812 presbyteri,
253 779 309 805 sit'e
324 779 352 805 in
373 779 531 813 quibusdam
553 779 615 806 aliis
642 779 783 806 mundanis
800 779 842 805 di—

45 823 208 858 gnitatibus;
221 825 290 852 adeo
303 830 332 852 ut
346 825 415 852 hanc
428 827 460 852 ob
471 833 579 852 causam
601 825 729 853 Dominus
741 834 842 860 quoque

45 870 125 896 satiat
138 870 177 896 ad
196 870 328 898 larandos
348 872 426 906 pedes
446 873 514 899 serui
529 872 669 905 credentis,
681 877 705 899 et
721 877 840 906 parentes
858 871 878 900 Β

45 917 108 950 ﬁlii:
122 918 196 952 quod
214 919 243 944 in
259 927 334 945 more
346 920 462 954 positum
471 925 546 952 erat;
560 920 604 947 sed
617 929 685 947 nunc
698 929 749 946 non
758 921 787 954 ﬁt
804 920 843 947 vel

44 972 116 997 supra
131 965 244 990 modum
253 966 393 992 rarissime
406 970 430 992 et
439 966 509 1000 apud
518 966 800 1012 admodumpimplices
812 975 843 993 ac

45 1011 192 1037 rusticiore:
203 1011 246 1044 ﬁt.
260 1010 291 1037 Et
304 1019 335 1038 ea
348 1011 430 1038 etiam
447 1020 507 1046 qua:
522 1018 594 1039 tomo
607 1019 634 1038 xl
647 1010 675 1038 in
687 1011 842 1038 Matthaaum

44 1056 138 1090 scripta
151 1061 218 1083 sunt
233 1065 240 1082 :
254 1057 292 1083 Τὸ
301 1057 323 1083 δ’
333 1057 426 1092 ὅμοιον
437 1059 508 1093 ἐρεῖς
518 1058 564 1084 καὶ
573 1057 618 1084 ἐπὶ
624 1056 671 1084 τοὺ
679 1057 841 1093 ὀρεγομένου

45 1100 192 1135 ἐπισκοπῆς
208 1100 255 1127 διὰ
270 1101 320 1136 τὴν
337 1103 413 1137 παρὰ
427 1102 579 1136 ἀνθρώποις
588 1102 703 1138 δόξανίῆ
721 1102 769 1138 τὴν
789 1101 843 1128 ἀπὸ

46 1145 190 1181 ἀνθρώπων
219 1147 380 1180 κολακείαν,
411 1149 427 1184 ἢ
447 1149 492 1175 τὸν
511 1150 565 1176 ἀπὸ
590 1149 644 1175 τῶν
675 1149 841 1184 προσιόντων

44 1191 107 1227 λόγῳ
119 1193 265 1228 πορισμὸν
276 1193 404 1220 διδόντων
422 1195 556 1230 προςεάσει
568 1195 618 1230 τῆς
635 1195 786 1226 εὐσεϐείας.
813 1195 841 1221 ’0

46 1237 101 1269 γοῦν
113 1238 241 1270 τοιοῦτος
257 1238 412 1271 ἐπίσκοπος
434 1241 464 1266 οὑ
490 1240 584 1267 καλοῦ
600 1241 689 1275 ἔργου
705 1239 842 1274 ἐπιθυμεῖ

47 1283 97 1309 οὐδὲ
112 1283 231 1310 δύναται
257 1282 331 1311 εἶναι
353 1285 574 1319 ἀνεπίληπτος,
599 1286 660 1312 οὐδὲ
681 1285 838 1318 νηφάλιος,

47 1329 96 1356 οὐδὲ
113 1330 265 1364 σώφρων,
289 1331 397 1366 μεθύων
420 1332 472 1358 ὑπὸ
495 1331 594 1367 δόξης,
612 1332 659 1359 καὶ
683 1332 840 1364 ἀκολάστως

48 1376 121 1411 αὐτῆς
135 1376 365 1412 ἐμφορούμενος
383 1377 413 1403 τὸ
437 1378 465 1404 δὲ
485 1379 551 1404 αὐτὸ
568 1378 616 1405 καὶ
640 1378 704 1414 περὶ
721 1378 840 1414 πρεσϐυ-

49 1421 123 1457 τέρων
140 1423 190 1448 χαὶ
211 1422 349 1449 διακόνων
366 1425 448 1459 ἐρεῖς.
464 1423 595 1451 Similiter
611 1429 699 1451 autem
723 1425 793 1452 dices
807 1425 839 1452 de

49 1476 70 1494 to
81 1469 125 1503 qui
142 1470 330 1504 episcopatum
344 1469 486 1504 desiderat,
502 1476 530 1497 ut
544 1471 656 1506 gloriam
672 1472 742 1506 apud
753 1472 839 1498 homi-

50 1523 81 1541 nes
96 1520 291 1550 consequatur,
307 1515 346 1543 vel
361 1516 498 1543 hominum
520 1518 724 1544 assentationem
739 1522 836 1552 captet,

49 1561 76 1586 ret
86 1567 221 1592 questum
233 1562 267 1588 ab
275 1563 314 1589 eis
327 1564 453 1598 accipiat,
466 1564 512 1598 qui
529 1572 673 1590 sermonem
693 1564 755 1598 fidei
780 1571 837 1589 am-
851 1555 871 1582 C

50 1607 178 1640 plectentes
197 1609 310 1642 pietatis
323 1617 404 1635 causa
419 1609 494 1635 dant.
513 1608 585 1636 Talis
602 1610 685 1644 igitur
703 1610 838 1644 episcopus

50 1653 141 1680 bonum
155 1661 231 1688 opus
247 1661 301 1680 non
316 1654 471 1686 desiderat,
485 1663 567 1689 neque
587 1659 673 1688 potest
695 1663 750 1682 esse
769 1655 838 1682 irro-

51 1699 246 1732 prebensibilis,
260 1708 342 1735 neque
352 1700 472 1733 sobrius,
482 1709 562 1736 neque
573 1701 734 1737 prudens",
750 1706 839 1736 utpote

52 1746 83 1777 qui
96 1745 183 1780 gloria
197 1745 290 1772 ebrius
302 1747 347 1779 sit,
361 1751 386 1773 et
400 1748 604 1782 intemperanter
618 1756 649 1774 ea
660 1748 741 1782 fuerit
751 1749 841 1783 ingur.

53 1791 151 1823 uitales.
163 1791 244 1818 Idem
255 1800 359 1827 quoque
374 1793 407 1819 de
420 1793 579 1828 presbyteris
590 1799 614 1821 et
628 1794 747 1821 diaconis
759 1795 838 1821 dices.

53 1834 102 1863 Haec
118 1837 161 1864 vel
176 1845 213 1864 ex
230 1837 346 1870 Graecis,
364 1838 407 1864 vel
424 1839 458 1866 ab
476 1837 642 1875 Hieronymo
669 1839 737 1866 satis
752 1839 841 1866 lidelio

55 1886 83 1909 ιρι
98 1884 186 1911 versis
208 1884 345 1918 producta
361 1892 368 1910 :
385 1885 485 1919 quibus
512 1890 539 1913 et
565 1886 610 1912 illa
636 1894 696 1921 qum
712 1885 841 1914 Bullinus

53 1928 239 1964 interpretatus
267 1936 307 1959 est
334 1931 416 1958 etiam
443 1937 624 1960 consentanea
649 1937 723 1960 sunt.
750 1933 784 1960 Ut
806 1941 838 1960 ex

53 1973 154 2003 humilia
171 1977 200 2003 in
214 1976 351 2005 Numeros
362 1979 493 2012 secunda,
513 1987 595 2013 quam
613 1979 722 2007 tandem
739 1987 754 2006 a
770 1979 841 2006 Rui-

54 2023 98 2051 ﬁno
108 2032 219 2052 versam
251 2032 312 2052 esse
339 2030 456 2058 constat,
481 2033 514 2052 ex
533 2026 646 2065 prologo
669 2026 696 2053 in
723 2025 840 2054 Emerici

54 2069 138 2105 Bigolii
160 2070 261 2098 codice
291 2077 397 2106 reperto
425 2076 452 2099 et
472 2072 507 2100 ab
532 2072 650 2100 Henrico
673 2071 784 2100 Valesio
806 2073 840 2101 ad

53 2115 192 2144 Eusebium
215 2117 301 2149 edito,
321 2118 368 2152 qui
393 2118 475 2145 etiam
500 2119 527 2145 in
547 2118 712 2146 bibliotheca
734 2119 840 2155 collegii

54 2164 130 2190 nostri
147 2163 201 2191 SS.
220 2163 365 2192 Trinitatis
381 2171 469 2192 exstat
491 2173 542 2192 ms.
571 2165 605 2192 Et
620 2165 716 2194 titulus
728 2166 839 2201 quidem

52 2209 80 2237 ita
96 2218 124 2238 se
139 2210 225 2238 habet
245 2219 252 2237 :
270 2209 368 2245 Incipit
380 2211 514 2246 prologtts.
536 2231 544 2239 .
566 2232 573 2239 .
597 2232 604 2239 .
625 2232 633 2240 .
655 2232 662 2239 .
707 2212 841 2240 Numero-
854 2229 880 2259 Β

52 2264 102 2282 tum
114 2257 148 2282 ad
163 2255 319 2283 Ursacium.

82 2302 194 2338 Reliqua
216 2303 290 2330 enim
318 2302 462 2330 manifeste
483 2307 547 2330 sunt
573 2310 651 2331 erasa
664 2323 671 2336 ,
690 2304 725 2331 ob
737 2303 837 2331 Bullini

52 2357 155 2380 nomen,
171 2353 202 2376 ut
216 2349 336 2376 videtur.
357 2348 449 2376 Prima
466 2349 588 2384 epistolae
606 2350 753 2383 sententia,
775 2355 838 2377 utar

51 2396 126 2423 verbis
143 2395 208 2428 tibi,
230 2395 333 2429 frater,
357 2395 428 2422 beati
442 2396 587 2431 martyris,
610 2397 671 2423 bene
695 2396 836 2429 admones,

50 2442 145 2469 Donate
164 2442 343 2475 charissime,
360 2441 389 2470 S.
414 2441 580 2477 Cyprianum
604 2447 677 2470 certe
700 2443 836 2478 intelligit,

52 2490 125 2524 cuius
140 2490 185 2516 illa
207 2489 291 2516 verba
309 2494 374 2516 sunt
401 2488 430 2516 in
454 2489 533 2516 initio
552 2489 678 2517 secundat
693 2489 836 2524 epistolas:

52 2535 116 2562 Bene
137 2535 278 2567 admones,
296 2534 401 2561 Donate
425 2534 590 2561 charissime.
607 2534 720 2569 Reliqua
737 2534 765 2561 in
783 2541 836 2561 ms.

54 2588 141 2609 nostro
163 2590 225 2609 cum
252 2581 407 2617 Bigotianis
434 2589 551 2616 prorsus
574 2582 761 2615 conveniunt,
783 2582 838 2609 nisi

55 2628 119 2662 quod
140 2636 187 2663 pro
205 2631 281 2655 breue
303 2627 399 2654 saltim
420 2627 528 2662 legatur
547 2627 617 2654 brevi
638 2627 727 2660 saltu,
741 2633 769 2656 et
787 2635 838 2663 pro

57 2674 103 2701 hac
125 2680 295 2710 perurgente,
315 2674 404 2700 multo
423 2673 535 2706 rectius,
551 2673 607 2700 lucc
621 2679 776 2710 perurgente
793 2679 838 2707 te;

59 2719 185 2748 Ursacium
200 2721 276 2749 enim
294 2720 459 2755 alloquitur,
476 2725 506 2746 ut
518 2720 586 2748 bene
597 2721 753 2748 observavit
765 2719 839 2748 liue-

59 2768 111 2797 tius.
127 2769 161 2796 Ex
181 2770 311 2797 versione
338 2768 425 2803 igitur
441 2767 542 2794 Bullini
558 2768 617 2795 haec
639 2767 764 2803 Origcnis
786 2767 838 2794 ba-

63 2820 156 2844 urntur:
173 2816 294 2844 Putasne
307 2816 354 2851 qui
372 2814 523 2842 sacerdotio
536 2814 692 2850 funguntur,
710 2819 734 2842 et
750 2814 776 2841 in
792 2822 837 2842 sa-

92 2873 202 2903 ΠΙῖιιη.
217 2883 260 2908 ιιι,
275 2874 305 2904 2.

899 230 1022 256 incedunt
1037 236 1062 258 et
1075 235 1156 265 agunt
1167 231 1257 257 omnia
1270 239 1328 265 qua:
1344 231 1390 258 illo
1405 232 1497 259 ordine
1511 232 1591 266 digna
1603 235 1662 257 sunt
1673 231 1686 258 .’

899 276 958 309 (sed
973 279 1003 302 ut
1023 275 1049 302 in
1074 283 1126 302 ms.
1146 280 1259 308 nostro,
1277 283 1336 310 qua
1355 276 1383 302 in
1408 277 1455 304 ilto
1473 277 1565 303 ordine
1579 275 1689 310 dignum

897 321 976 356 est?)
997 320 1129 348 Similiter
1150 326 1238 348 autem
1261 326 1286 348 et
1317 322 1423 350 diaconi
1443 327 1520 357 putas
1543 321 1688 348 secundum

897 368 1015 394 ordinem
1035 368 1177 394 ministerii
1193 369 1235 395 sui
1258 369 1405 396 incedunt?
1431 369 1464 396 Et
1479 369 1547 395 unde
1565 373 1603 395 est
1618 367 1689 402 quod

895 422 965 448 stupe
978 414 1102 441 audimus
1121 414 1302 448 blasphemare
1317 415 1435 442 homines
1460 419 1485 441 et
1505 414 1601 441 dicere.
1618 413 1688 440 Ecce

896 461 986 495 qualis
997 460 1161 495 episcopus,
1181 464 1228 487 aut
1252 461 1341 495 qualis
1364 461 1516 496 presbyter,
1536 459 1579 487 vel
1598 459 1688 494 qualis

895 507 1048 534 diaconus!
1069 505 1164 533 Nonne
1180 507 1235 533 tunc
1246 507 1382 539 dicuntur,
1400 506 1445 533 ubi
1461 506 1499 534 vel
1514 505 1635 533 sacerdos
1647 504 1687 532 vel

895 553 1018 579 minister
1040 552 1087 578 Dei
1104 554 1174 579 visus
1202 552 1282 587 fuerit
1304 553 1334 578 in
1347 552 1437 587 aliquo
1452 557 1544 578 contra
1566 551 1686 578 ordinem

894 607 971 626 suum
991 599 1088 629 venire,
1106 603 1131 625 et
1146 598 1250 634 aliquid
1265 603 1358 625 contra
1371 598 1562 625 sacerdotalem
1581 597 1620 624 uel
1634 595 1686 624 Le-

894 646 1001 672 uittcum
1016 645 1135 672 ordinem
1154 653 1241 680 gerere
1252 645 1264 672 1’
1276 644 1377 672 Verum
1389 645 1529 671 enimvero
1542 643 1684 679 Origenes.

893 691 917 718 si
934 690 1074 717 Blondello
1091 689 1257 717 credendum
1275 690 1392 724 sit,utut
1404 689 1455 716 tria
1470 689 1497 715 in
1518 688 1588 715 clero
1611 688 1686 722 capi-

893 742 949 764 tum
965 745 1069 772 genera,
1081 736 1266 764 consuetudini
1278 737 1450 763 ecclesiarum
1467 735 1568 770 favens,
1584 735 1685 761 admit-

893 789 946 811 tere
957 783 1057 818 passim
1074 783 1214 814 videatur;
1237 783 1282 810 bic
1303 787 1393 809 tamen
1407 802 1415 813 ,
1432 782 1506 808 binos
1521 786 1624 807 tantum
1639 788 1685 808 sa-

892 829 1032 856 cerdotum
1050 833 1076 855 et
1094 829 1287 859 diaconorum,
1304 827 1427 862 magistri
1442 826 1584 854 Clementis
1595 833 1686 853 exent-

893 875 947 910 plo,
967 875 1066 909 gradus
1083 875 1211 909 agnoscit.
1231 873 1288 908 Ego
1304 882 1378 906 vero,
1391 877 1418 900 et
1431 873 1502 907 apud
1519 872 1685 899 Clementem

895 922 1054 957 magistrum
1067 942 1075 954 ,
1100 921 1141 948 sic
1166 921 1248 947 etiam
1267 920 1338 954 apud
1356 918 1502 954 Origenem
1520 917 1685 952 discipulum

894 973 949 996 tres
964 968 1065 1003 gradus
1081 966 1202 998 invenio,
1216 973 1302 993 unum
1323 965 1432 992 diaconi
1446 965 1473 991 in
1489 964 1585 992 ordine
1604 964 1685 991 mini-

893 1015 989 1046 sterii,
1012 1013 1099 1046 duos,
1126 1012 1246 1048 episcopi
1265 1012 1389 1044 scilicet,
1415 1015 1442 1038 et
1466 1010 1635 1046 presbyteri,
1656 1010 1684 1036 in

893 1060 988 1088 ordine
999 1059 1157 1089 sacerdotii.
1176 1065 1205 1085 ut
1221 1063 1248 1085 et
1266 1058 1324 1092 ipse
1340 1065 1369 1084 se
1389 1057 1518 1092 explicat.
1531 1059 1559 1082 et
1577 1055 1685 1090 plenius

892 1105 922 1133 B.
933 1105 1051 1141 Cyrillus
1060 1103 1251 1131 Alexandrina:
1259 1102 1388 1129 Ecclesia:
1398 1100 1554 1136 patriarcha
1566 1099 1614 1131 lib.
1636 1107 1684 1126 xm

892 1151 931 1178 De
946 1151 1102 1177 adoratione
1116 1150 1144 1176 in
1156 1150 1254 1184 spiritu
1269 1152 1294 1175 et
1312 1148 1421 1175 veritate
1434 1155 1442 1174 :
1462 1147 1493 1172 Εἰ
1507 1146 1536 1172 δέ
1548 1154 1590 1177 τις
1599 1145 1686 1171 ἕλοιτο

892 1197 999 1232 καὶτῆς
1018 1196 1180 1232 Ἐκκλησίας
1202 1195 1250 1230 τὴν
1264 1194 1342 1228 τάξιν
1364 1193 1616 1229 πολυπραγμονεῖν,
1634 1190 1684 1226 τὴν

891 1244 920 1269 ὲν
933 1244 1007 1279 νόμῳ
1018 1241 1244 1278 προανατύπωσιν
1262 1239 1499 1275 καταῧαυμὰσειεν
1517 1239 1549 1265 ἂν
1559 1237 1673 1268 εξκότως

898 1291 1071 1322 Ἐπισκόποις
1090 1290 1139 1326 μὲν
1159 1288 1284 1325 “famine
1301 1288 1334 1324 δὴ
1353 1288 1414 1314 τότε
1437 1285 1615 1322 καθηγεῖσῦαι
1638 1283 1686 1310 λα-

890 1339 1001 1374 χοῦσιν,
1019 1336 1066 1364 καὶ
1089 1337 1138 1371 μὲν
1159 1337 1215 1366 τοῖς
1230 1335 1277 1362 ἐπὶ
1294 1334 1343 1369 τὴν
1367 1333 1436 1368 μείω
1451 1332 1573 1359 διέπουσι
1594 1329 1685 1364 τάξιν,

890 1383 1087 1420 πρεσϐυτέροις
1101 1382 1130 1409 δέ
1146 1389 1229 1416 φημι,
1246 1379 1426 1407 πεπίστευται
1447 1378 1477 1404 τὸ
1495 1377 1686 1412 θυσιαστήριον

890 1429 936 1456 καὶ
952 1428 986 1455 τὰ
998 1428 1053 1454 ἔσω
1068 1426 1115 1454 τοῦ
1133 1425 1389 1460 καταπετάσματος,
1410 1420 1450 1454 οἷς
1467 1422 1499 1448 ἂν
1515 1422 1616 1457 πρέποι
1634 1421 1685 1448 καὶ

889 1474 1027 1510 λέγεσθαι,
1036 1473 1090 1500 Καὶ
1102 1471 1276 1507 φυλάξουσι
1285 1470 1341 1504 τὴν
1348 1468 1497 1502 ἱερατείαν
1505 1466 1604 1494 αὐτῶν
1610 1473 1620 1483 ο
1627 1466 1685 1492 δια-

889 1521 977 1552 κόνοις
986 1529 1018 1554 γε
1029 1519 1077 1555 μὲν
1085 1518 1126 1550 τὸ,
1136 1516 1311 1549 Φυλάξουσι
1322 1515 1375 1548 τὰς
1387 1513 1526 1549 φυλακὰς
1536 1512 1591 1547 τῆς
1607 1519 1683 1545 σκη-

888 1565 956 1600 νῆς.
967 1565 1043 1598 Quod
1055 1564 1078 1591 si
1090 1563 1149 1599 quis
1166 1562 1228 1590 velit
1243 1561 1323 1588 etiam
1339 1559 1465 1586 Ecclesia:
1485 1558 1605 1585 ordinem
1619 1565 1681 1591 per-

890 1613 1004 1647 quirere,
1019 1611 1097 1638 iltant
1108 1618 1166 1645 quia
1180 1610 1207 1636 in
1229 1608 1284 1643 lege
1303 1612 1340 1634 est
1361 1605 1603 1641 prazﬁgurationem
1621 1603 1683 1638 jure

890 1659 1082 1686 admirabitur.
1096 1655 1235 1691 Episcopis
1249 1654 1330 1687 enim,
1346 1662 1376 1680 ac
1388 1653 1411 1679 si
1431 1657 1491 1678 tunc
1504 1650 1684 1685 principatum

890 1705 976 1734 sortiti
992 1707 1088 1735 essent,
1105 1707 1185 1737 atque
1199 1701 1279 1728 etiam
1295 1701 1329 1727 iis
1343 1699 1389 1735 qui
1401 1699 1555 1733 inferiorem
1571 1697 1684 1732 gradum

891 1755 996 1786 gerunt,
1016 1748 1174 1784 presbyteris
1193 1747 1320 1782 inquam,
1339 1744 1518 1772 concreditum
1538 1748 1576 1770 est
1599 1742 1684 1768 altare

890 1803 915 1825 et
928 1805 986 1832 quae
1000 1800 1061 1823 sunt
1075 1796 1147 1822 intra
1161 1793 1255 1825 uelum,
1271 1792 1364 1828 quibus
1378 1792 1458 1818 etiam
1473 1790 1528 1817 dici
1543 1788 1660 1816 convenit
1673 1796 1683 1814 :

891 1843 925 1870 Et
951 1842 1108 1870 custodiunt
1139 1839 1322 1868 sacerdotium
1349 1845 1453 1870 suum;
1477 1835 1597 1863 diaconis
1624 1841 1684 1861 vero

891 1889 960 1916 illud
973 1896 983 1915 :
999 1887 1162 1916 Custodient
1178 1885 1320 1913 custodias
1332 1883 1513 1911 tabernaculi.
1532 1881 1570 1908 Ex
1582 1880 1681 1908 Bullini

891 1936 974 1962 etiam
994 1933 1122 1962 versione
1149 1931 1276 1966 Origenis
1300 1928 1496 1957 Commentarii
1520 1928 1548 1955 in
1569 1927 1686 1954 Cantica

891 1979 1061 2008 canticorum
1088 1977 1232 2005 habentur.
1249 1975 1279 2003 In
1306 1975 1417 2003 homilia
1442 1979 1545 2005 autem,
1562 1977 1592 2000 ut
1610 1980 1701 1999 nunc-

891 2030 1016 2059 vocatur,
1035 2023 1155 2053 secunda
1171 2024 1222 2051 ista
1239 2023 1355 2058 legimus
1366 2031 1375 2049 :
1393 2021 1465 2048 Vidit
1482 2025 1508 2048 et
1519 2020 1604 2047 sedem
1619 2027 1688 2054 ριιε.

891 2082 983 2101 rerum
994 2074 1063 2108 ejus,
1077 2073 1127 2108 (de
1142 2072 1237 2108 regina
1255 2070 1328 2098 Saba
1338 2075 1366 2098 et
1381 2070 1529 2098 Salomone
1544 2067 1687 2104 loquitur)

892 2120 1119 2152 ecclesiasticum,
1141 2123 1204 2154 puto
1216 2139 1223 2152 ,
1240 2117 1360 2145 ordinem
1377 2116 1454 2149 dicit,
1475 2116 1520 2151 qui
1535 2115 1562 2142 in
1580 2115 1686 2149 episco‘

893 2172 971 2202 palus
987 2166 1026 2194 vel
1045 2165 1199 2201 presbyterii
1212 2164 1316 2191 sedibus
1337 2163 1459 2190 habetur.
1481 2161 1553 2189 Vidit
1570 2165 1596 2187 et
1611 2159 1686 2186 ordi-

893 2214 1013 2240 nationes
1026 2212 1066 2240 uel
1079 2212 1207 2239 stationes
1219 2210 1403 2237 ministrorum
1415 2207 1483 2243 ejus,
1498 2207 1686 2238 diaconurum,

893 2264 922 2286 ut
939 2259 1006 2286 mihi
1020 2258 1136 2290 videtur,
1152 2257 1271 2284 ordinem
1285 2259 1414 2283 memorat
1432 2253 1578 2281 astantium
1593 2251 1688 2278 divino

889 2306 1050 2333 ministerio.
1076 2303 1111 2331 Et
1135 2303 1218 2339 paulo
1242 2306 1328 2338 post:
1357 2301 1422 2329 liae
1447 2307 1507 2335 ergo
1530 2299 1620 2326 omnia
1636 2298 1682 2331 ubi

889 2351 953 2380 vidit
980 2352 1008 2378 in
1024 2351 1102 2378 domo
1123 2350 1191 2385 regis
1214 2349 1337 2384 pacifici,
1360 2348 1412 2374 imo
1427 2344 1539 2374 Christi.
1561 2343 1602 2370 lla
1625 2347 1688 2371 tres

889 2399 1004 2427 ordines
1023 2399 1050 2426 in
1068 2397 1190 2426 Ecclesia
1209 2396 1313 2424 Christi
1329 2395 1382 2422 sub
1398 2392 1490 2421 Veteri
1507 2391 1686 2418 Testamento

889 2447 1080 2481 prteliguratos
1102 2446 1192 2473 docet.
1207 2444 1281 2472 Duos
1301 2447 1406 2470 tantum
1428 2438 1585 2467 Blondellus
1601 2436 1687 2468 vidit,
1701 2435 1703 2438 ’

889 2492 962 2526 quod
977 2492 1056 2519 sedes
1066 2496 1125 2519 tum
1138 2489 1304 2526 presbyteris
1321 2493 1377 2515 tum
1398 2485 1534 2522 episcopis
1557 2483 1683 2515 tribuang

890 2542 946 2564 tur.
959 2536 998 2564 De
1013 2544 1067 2572 qua
1083 2543 1113 2563 re
1129 2535 1205 2563 alibi.
1221 2533 1333 2562 Interim
1351 2531 1478 2567 Origenis
1500 2528 1634 2565 sententia
1650 2527 1689 2554 de

889 2584 1000 2611 diverso
1014 2582 1101 2618 gradu
1113 2589 1221 2614 eorum,
1233 2581 1281 2616 qui
1298 2580 1326 2607 in
1344 2577 1482 2606 cathedris
1500 2575 1601 2611 populo
1614 2581 1684 2608 prte-

890 2630 1025 2662 sidebant,
1039 2628 1107 2656 satis
1118 2633 1211 2663 aperta
1229 2632 1271 2654 est
1288 2633 1322 2653 ex
1338 2625 1372 2652 iis
1390 2630 1452 2658 qua!
1469 2621 1583 2650 honiilia
1597 2627 1626 2646 ιιι
1655 2619 1688 2646 in-

891 2675 1034 2703 Jeremiam
1055 2674 1166 2710 protuli,
1184 2673 1232 2700 ubi
1250 2673 1372 2707 seipsum
1383 2673 1510 2697 numerat
1521 2668 1591 2694 inter
1603 2665 1684 2692 καθε-

889 2722 1021 2757 ζομένους
1037 2722 1065 2748 ἐν
1080 2719 1293 2757 πρεσϐυτερείῳ,
1305 2723 1332 2744 et
1347 2721 1438 2744 tamen
1448 2711 1625 2750 agnoscimus;
1634 2711 1684 2746 τὴν

890 2768 999 2796 πάντων
1007 2767 1086 2804 ἡμῶν
1094 2764 1333 2802 ἐγκεχειρισμένον
1341 2763 1428 2798 ἀρχήν
1437 2770 1444 2776 ·
1454 2761 1573 2804 alibique
1583 2758 1683 2804 distin<

889 2815 948 2851 guit
963 2797 1034 2843 ἱιιιριΣ
1043 2797 1322 2849 ἐπισιιοπιίκὸνθρὸνον
1337 2797 1678 2845 οινιερεσόυτεῇείουτιμήν.
