1866 3073
213 162 264 188 2ἓὸ

724 162 753 189 S.
775 161 947 190 IGNATIUS.
965 176 1000 180 —
1027 157 1292 187 PBOLEGOMENA.

1812 153 1859 181 221

249 221 301 248 Sed
312 222 464 251 Salmasius
475 222 501 250 id
515 223 664 259 in0rigene
677 223 833 258 vidit,quod
845 223 936 250 videre
947 230 1002 249 non
1017 227 1040 255 Α
1055 220 1115 254 ipso
1131 219 1254 254 apostolo
1278 217 1434 250 derivassc;
1460 215 1605 252 Origenem
1630 215 1778 243 Demetrii
1799 222 1859 249 syir

213 269 302 303 potuit
316 268 488 303 Blondellus,
514 278 569 304 quo
587 271 684 305 probet
708 278 794 297 unum
818 275 923 297 tantum
941 270 999 304 epi-

213 315 289 349 scopi
310 321 337 343 et
360 316 512 352 presbyteri
535 318 649 352 gradum
671 318 705 345 ab
723 318 787 350 illo,
803 322 833 344 ut
851 321 876 344 et
901 325 917 344 a
937 316 1000 343 Cle-

212 369 321 395 mente,
343 363 504 398 proditum:
523 363 609 391 Unum
633 365 705 391 enim
717 386 723 396 ,
740 365 847 399 inquit,
875 365 1001 399 σύστημα

213 409 348 442 agnoscit,
366 409 413 436 hoc
436 415 490 443 est,
507 411 646 446 collegium
667 411 802 438 hominum
821 411 875 438 vita
898 416 1001 445 specta-

214 459 300 481 torum
318 459 342 481 et
362 455 496 487 doctrina,
513 465 529 483 a
545 465 596 491 quo
611 457 723 492 singula:
740 457 856 484 ecclesia
871 457 1000 492 guberna-

215 499 321 528 bantur.
332 500 368 528 Ut
380 503 542 529 sententiam
552 501 678 538 Origenis
689 503 723 530 de
732 503 782 532 hoc
791 512 845 531 uno
855 507 1000 538 systemate

213 546 408 580 gubernatorio
436 549 578 582 ostendat,
603 549 693 577 locum
724 551 797 577 hunc
820 558 852 576 es
874 550 921 577 lib.
950 557 1000 576 \‘lll

214 590 313 619 Contra
337 592 443 620 Celsum
459 594 646 623 infelicissime
670 596 795 622 adducit:
816 597 911 631 Ἡμεῖς
926 596 955 622 δὲ
972 597 1000 622 ὲν

213 638 316 675 ἑκάστῃ
330 640 405 666 πόλει
419 640 482 667 ἄλλο
499 641 624 676 σύστημα
641 642 779 678 πατρίδος,
796 642 905 669 κτισθὲν
928 643 1000 678 λόγῳ

212 684 280 711 Θεοῦ
293 686 479 721 ἐπιστάμενοι,
495 689 558 719 τοὺς
569 688 699 721 δυνατοὺς
713 689 784 725 λόγῳ
799 691 845 716 καὶ
867 689 915 725 βίῳ
931 691 1002 724 ὑγιεῖ

212 730 370 766 χρωμένους
384 734 479 767 ἄρχειν
493 733 540 759 ἐπὶ
555 733 585 760 τὸ
595 733 690 769 ἄρχειν
705 734 860 770 ἐκκλησιῶν
876 743 1002 771 παρακα-

212 775 323 811 λοῦμεν.
334 776 419 811 Quem
436 777 474 806 ita
490 779 523 806 ad
537 787 617 806 suum
629 781 800 815 propositum
812 781 902 816 primo
916 782 1001 809 inter-

212 826 354 856 pretatur:
372 822 429 850 Nos
440 833 499 851 vero
512 825 539 851 in
555 825 667 860 singulis
679 826 831 853 ciuitatibus
850 827 926 854 aliud
941 834 1001 854 cor-

213 875 273 902 pus,
291 868 347 895 sire
366 869 504 904 collegium
520 871 615 905 patria:
627 871 702 898 verbo
716 871 765 899 Dei
784 873 936 900 institutum
950 881 999 900 no-

1052 265 1198 297 chronum,
1217 264 1344 292 eumdem
1362 263 1486 290 ordinem
1508 271 1542 290 ex
1554 263 1627 298 typis
1647 261 1815 297 legalibus.
1833 268 1859 287 et

1051 311 1133 338 dictis
1161 310 1322 342 Salvatoris,
1349 317 1382 337 ex
1407 310 1550 344 prmccptis
1575 308 1749 344 apostolicis
1775 307 1859 333 dedut

1052 358 1127 385 xisse
1141 379 1148 391 ,
1165 366 1215 385 nec
1230 364 1352 391 unquam
1377 365 1438 384 cum
1458 357 1647 392 presbyteratu
1672 353 1855 382 confudissc

1052 405 1099 432 sed
1116 405 1270 440 episcopos,
1288 404 1463 439 presbyteros
1475 423 1483 434 ,
1498 401 1638 430 diaconos
1651 409 1778 436 semper
1801 408 1857 427 cun

1051 451 1156 486 lgnatio
1178 458 1350 478 numerasse.
1371 449 1406 477 Ut
1428 454 1521 485 postea
1539 449 1660 477 Isidorus
1687 448 1859 475 Pelusium.

1051 498 1192 533 presbyter
1218 496 1383 532 Egyptius,
1411 497 1567 531 episcopum
1596 495 1683 522 τύπον
1715 493 1773 521 τοῦ
1800 494 1859 527 Χριι

1053 543 1116 569 στοῠ
1135 543 1254 578 appellat
1276 543 1324 570 lib.
1343 551 1366 575 t,
1385 543 1465 577 epist.
1489 542 1538 569 156
1551 562 1557 574 ,
1575 542 1786 576 episcopatum
1816 540 1859 575 sip

1050 589 1098 616 τοῦ
1114 589 1242 616 τοσούτου
1261 589 1345 624 ὕψους
1361 588 1510 621 ἀνάϐασιν,
1527 589 1574 616 lib.
1589 596 1608 621 ι,
1623 588 1714 623 epist.
1742 587 1800 614 104
1816 596 1823 618 ;
1841 592 1859 612 cl

1050 635 1081 662 τὸ
1104 636 1155 671 τῆς
1178 636 1331 671 ἐπισκοπῆς
1344 636 1389 662 καὶ
1410 635 1496 670 ὄνομα
1516 635 1562 662 καὶ
1584 635 1709 670 πρᾶγμα
1740 633 1822 659 θεῖον
1840 634 1859 661 Et

1051 681 1098 708 καὶ
1114 682 1237 717 κρεῖττον
1255 681 1345 716 πάσης
1362 680 1499 715 πολιτείας
1514 689 1544 706 τε
1560 680 1607 706 καὶ
1626 679 1713 712 ἀξία-ς
1725 699 1733 710 ,
1756 679 1811 706 lib.
1830 686 1859 710 ιιι

1051 727 1132 762 epist.
1151 727 1220 758 125,
1231 732 1258 754 et
1273 735 1371 754 nomen
1385 731 1413 754 et
1436 734 1491 754 rem
1514 726 1599 761 ipsam
1616 725 1754 753 divinam
1775 733 1859 758 agitor

1051 774 1119 806 scit,
1135 778 1218 809 prout
1240 782 1255 800 a
1273 774 1461 809 presbyteratu
1483 773 1682 808 distinguitur:
1704 772 1772 807 agit
1788 771 1859 797 enim

1051 820 1085 847 de
1107 821 1284 855 episcopatu,
1300 828 1382 855 quem
1402 819 1501 846 Hierax
1525 819 1668 854 presbyter
1701 818 1859 845 recusavit.

1053 866 1116 894 llaec
1133 867 1216 902 igitur
1228 867 1353 894 doctrina
1377 866 1412 893 de
1431 865 1602 893 institutione
1619 865 1790 900 apostolica
1806 864 1859 898 epi-

213 915 296 941 oimus
310 915 431 943 doctrina
445 922 469 943 et
493 917 546 944 vita
557 926 623 945 sana
643 919 773 945 utentium
796 924 874 954 atque
899 919 934 946 ad
959 928 999 946 re—

1088 920 1197 948 oporum
1210 920 1244 939 ex
1258 917 1350 940 mente
1360 912 1514 945 Christi,de
1526 912 1610 948 gradu
1621 919 1636 938 a
1654 911 1859 946 presbyteratu

212 961 324 996 gendum
338 962 503 997 idoneorum,
519 959 584 999 quos
607 965 750 993 invitamus
767 966 802 993 ad
814 966 1001 1001 prafecturam

212 1008 383 1036 ecclesiarum
399 1012 602 1045 capessendam.
630 1012 697 1040 Dein
713 1013 857 1045 observat,
874 1021 922 1049 per
935 1013 1000 1041 illud

215 1054 342 1090 σύστημα
356 1057 385 1083 ἐν
403 1057 506 1094 ἑκάστῃ
523 1057 599 1084 πόλει
614 1058 724 1086 κτισθὲν
741 1058 812 1095 λόγῳ
827 1059 894 1086 Θεοῦ
912 1060 999 1095 palam

213 1107 274 1128 esse
296 1108 359 1129 eum
384 1103 534 1139 intelligere
555 1105 753 1141 presbyterium
777 1106 911 1141 cujusque
930 1106 998 1134 civi-

214 1147 277 1174 tatis
301 1156 316 1174 a
343 1148 398 1176 Deo
420 1158 469 1184 per
492 1151 633 1185 apostolos
656 1152 822 1179 institutum.
850 1154 908 1180 lmo
934 1160 1000 1181 vero

213 1191 302 1225 palam
320 1197 362 1220 est
377 1194 435 1221 haec
450 1195 541 1222 omnia
558 1203 619 1223 esse
633 1202 768 1230 contorta,
780 1203 807 1224 et
821 1198 921 1225 misere
937 1206 1001 1225 coa-

213 1241 255 1263 cta
269 1246 276 1264 :
297 1245 352 1264 non
368 1239 441 1266 enim
458 1240 618 1274 simpliciter
634 1241 759 1277 σύστημα
771 1243 841 1270 dixit
857 1242 1000 1278 Origenes,

213 1289 268 1308 non
278 1282 416 1318 collegium
430 1284 563 1312 hominum
576 1287 629 1313 vita
642 1293 818 1322 spectatorum
832 1294 857 1316 ct
867 1289 999 1323 doctrina,

213 1334 228 1353 ιι
245 1335 297 1362 quo
308 1329 422 1364 singula:
441 1331 557 1358 ecclesia:
572 1332 798 1367 gubernabantur,
815 1340 844 1361 ut
859 1335 921 1362 inde
936 1343 1000 1370 pre-

165 1374 168 1379 '
212 1373 363 1408 sbyterium
381 1380 509 1410 eruatur;
528 1378 574 1405 sed
591 1378 716 1414 σύστημα
733 1380 871 1416 πατρίδος,
894 1385 921 1409 et
937 1383 1000 1416 qui—

211 1419 273 1446 dem
289 1420 362 1455 ᾶλλο,
377 1421 404 1449 id
420 1427 462 1449 est
482 1424 634 1460 συστήματι
652 1426 781 1461 πατρίδος
797 1428 868 1461 apud
886 1429 1000 1462 gentiles

214 1465 240 1491 in
256 1466 351 1493 eadem
373 1467 485 1495 civitate
510 1470 679 1504 oppositum.
702 1472 856 1507 Προτρέπει
877 1473 900 1499 δ’
917 1474 991 1509 ἡμᾶς

212 1511 316 1543 Κέλσος
338 1513 384 1539 καὶ
409 1513 456 1540 ἐπὶ
470 1513 500 1540 τὸ
525 1514 618 1551 ἄρχειν
642 1516 693 1551 τῆς
719 1518 858 1554 πατρίδος.
874 1518 944 1551 Quin
965 1519 1000 1546 ad

213 1556 385 1590 magistratus
400 1557 428 1584 in
444 1559 536 1592 patria
548 1561 674 1595 gerendas
688 1561 811 1589 hortatur
827 1572 874 1590 nos
889 1563 999 1592 Celsus:

212 1603 360 1636 respondet
385 1602 537 1639 Origenes,
571 1606 744 1636 Christianos
773 1610 849 1636 aliud
883 1616 998 1645 systema

211 1649 308 1682 patria
322 1657 481 1685 agnoscere,
497 1657 524 1679 et
540 1652 567 1679 itt
593 1653 641 1680 illo
662 1659 808 1690 systemate
822 1657 998 1692 magistratus

212 1701 322 1729 creare;
349 1696 430 1731 plane
453 1701 484 1725 ut
514 1698 579 1726 alibi
596 1700 720 1735 loquitur
738 1701 772 1729 de
793 1701 922 1731 Ecclesiis
939 1703 997 1738 Dei,

212 1745 240 1768 et
254 1741 380 1770 ecclesiis
400 1744 495 1779 populi
515 1745 544 1772 in
571 1746 666 1774 cadent
681 1742 790 1776 civitate
803 1769 811 1781 ,
837 1749 871 1777 de
889 1758 944 1785 qua
969 1758 999 1778 re

213 1794 308 1821 supra.
325 1787 477 1818 Salmasius
504 1790 608 1818 nullam
626 1793 791 1821 mentionem
808 1794 873 1822 facit
887 1795 998 1830 patriae,

212 1833 260 1860 sed
276 1835 411 1863 convertit
425 1836 453 1863 in
468 1843 588 1872 systema
604 1839 799 1868 virorum'vita
813 1847 997 1876 spectatorum

212 1883 240 1906 et
255 1879 390 1915 doctrina,
408 1882 488 1917 plane
503 1889 598 1910 contra
615 1890 734 1914 mentem
745 1886 882 1922 Origenis,
898 1893 925 1915 et
938 1897 999 1916 ver-

212 1925 311 1954 borum
331 1930 575 1958 constructionem.
598 1931 639 1959 Tu
669 1932 708 1960 ita
733 1939 822 1962 vertas
839 1944 846 1962 :
865 1934 922 1962 Nos
939 1944 998 1963 vero

212 1972 241 1999 in
252 1981 408 2009 unaquaque
423 1976 528 2004 civitate
542 1978 616 2006 aliud
632 1984 748 2014 systema
768 1981 825 2008 sive
839 1987 934 2008 curtum
949 1989 998 2016 pa-

213 2019 273 2045 tria:
289 2020 365 2047 verbo
380 2021 428 2048 Dei
442 2023 593 2051 institutum
608 2032 800 2060 cognoscentes,
814 2032 929 2061 potentes
944 2037 1000 2055 ser-

214 2073 288 2092 mone
299 2071 324 2092 et
350 2068 404 2094 vita
431 2077 499 2096 sana
515 2075 616 2098 utentes
641 2072 676 2098 ad
702 2073 889 2108 pra'fecturam
914 2075 998 2102 eccle-

212 2111 315 2138 siarum
331 2113 515 2142 adhortamar.
534 2116 614 2145 Prius
629 2118 738 2151 quidem
752 2119 846 2155 ἄρχειν
861 2128 922 2148 cum
938 2129 998 2148 ma-

213 2157 310 2186 nifeste
339 2160 488 2196 παρέλκοι,
518 2162 545 2189 in
572 2163 797 2198 interpretatione
831 2166 923 2194 omisi.
953 2167 999 2194 Sic

212 2210 304 2232 autem
322 2206 414 2233 omnia
432 2207 505 2235 clara
523 2213 597 2242 suttt,
614 2214 641 2237 et
653 2218 699 2244 per
715 2211 781 2238 illud
797 2211 861 2238 ἄλλο
873 2213 999 2249 σύστημα

212 2252 340 2288 πατρίδος
362 2253 430 2280 nihil
446 2254 519 2281 aliud
540 2255 652 2291 intelligi
679 2262 784 2291 potest,
807 2266 890 2293 quam
908 2264 998 2287 coetus
1013 2257 1035 2284 D

212 2297 341 2327 Ecclesia:
374 2301 516 2335 gentilium
544 2303 661 2330 coetibus
687 2305 840 2338 oppositus.
867 2301 946 2338 Quod
972 2310 1000 2333 et

211 2345 294 2372 verba
310 2353 371 2380 quae
387 2354 452 2373 mox
466 2354 619 2382 sequuntur
633 2349 776 2377 manifeste
792 2351 930 2384 probant:
945 2352 1000 2379 Καὶ

212 2391 238 2418 ει
251 2392 379 2428 ἄρχουσιν
394 2393 419 2419 οἱ
434 2393 524 2425 καλῶς
539 2394 669 2429 ἄρχοντες
685 2396 713 2421 ὲν
724 2397 758 2431 τῇ
778 2397 924 2433 Ἐκκλησία
947 2397 1000 2424 ὑπὸ

212 2437 264 2472 τῆς
280 2438 349 2465 κατὰ
371 2438 436 2465 Θεὸν
459 2439 597 2475 πατρίδος,
620 2440 691 2474 λέγω
706 2441 735 2468 δὲ
746 2461 753 2473 ,
769 2442 820 2477 τῆς
841 2443 1000 2479 Ἑκκλησίας

213 2482 400 2518 ἐκλεγόμενοι⁸
413 2483 528 2519 ἄρχουσι
551 2484 622 2511 κατὰ
636 2485 670 2512 τὰ
693 2486 745 2512 ὑπὸ
758 2486 804 2512 τοῦ
823 2487 890 2514 Θεοῦ
903 2496 1001 2523 προτε-

211 2527 346 2562 ταγμένα.
361 2527 399 2554 Ασ
414 2528 447 2561 si,
457 2529 502 2563 qui
514 2529 576 2556 bene
590 2535 708 2557 orzesunl
732 2530 868 2564 Ecclesiae,
883 2541 899 2559 a
911 2534 1000 2567 patria

212 2573 355 2600 secundant
373 2574 475 2609 Deum,
494 2575 542 2602 hoc
555 2582 594 2604 est
620 2576 751 2612 Ecclesia,
774 2578 850 2606 electi
871 2580 998 2614 prwsint,

207 2619 288 2654 juxta
300 2623 633 2660 prmcriptaDei‘regunt.
649 2625 777 2660 Idemque
794 2627 913 2654 maxime
932 2635 999 2654 con-

213 2667 323 2694 ﬁrmant
344 2677 406 2704 qua:
431 2677 463 2697 ex
489 2671 585 2698 eodem
603 2671 690 2707 Opere
720 2671 819 2700 Contra
842 2674 948 2701 Celsum
966 2674 1000 2702 de

203 2713 328 2741 Ecclesia
348 2715 412 2749 Dei,
431 2721 458 2744 et
476 2717 592 2746 ecclesia
616 2718 707 2754 populi
728 2719 760 2750 ,in
776 2719 872 2747 eadem
891 2720 1000 2747 civitate

212 2763 276 2786 ante
291 2760 466 2791 adduximus.

247 2804 287 2833 Ex
305 2807 348 2836 his
362 2811 536 2846 perspicuum
552 2816 594 2840 est
605 2812 772 2841 Clementem
783 2813 999 2842 Alexandrinum

212 2857 245 2878 ex
264 2851 365 2882 Schola
392 2854 530 2891 Pantauti,
546 2863 610 2886 ante
633 2858 802 2887 Demetrium
829 2860 999 2895 episcopum,

213 2898 387 2934 episcopatus
413 2903 527 2937 gradum
551 2905 741 2940 prcsbytcratu
770 2906 940 2941 superiorem
965 2907 999 2935 ab

1051 959 1196 992 distincto,
1221 959 1323 994 illoque
1348 959 1550 992 etninentiore,
1573 958 1663 993 deque
1689 957 1859 984 obedientia

1051 1005 1119 1040 ipsis
1146 1010 1277 1040 tanquam
1303 1003 1432 1032 Patribus
1459 1013 1474 1032 a
1496 1005 1606 1032 Christo
1629 1003 1808 1031 constitutis
1828 1004 1859 1029 ab

1051 1051 1179 1078 omnibus
1201 1052 1372 1086 praestanda,
1389 1059 1402 1079 a
1420 1051 1449 1079 S.
1477 1052 1581 1086 lgnatio
1602 1051 1636 1078 ad
1657 1051 1857 1086 quorumdam

1051 1096 1193 1130 hominum
1215 1098 1356 1132 fastidium
1372 1106 1453 1133 usque
1470 1099 1580 1133 repetita
1601 1103 1627 1124 et
1647 1097 1813 1128 inculcata,
1833 1096 1857 1122 itt

1051 1142 1236 1170 Alexandrina
1262 1143 1383 1171 Ecclesia
1413 1143 1464 1171 l‘nit
1480 1143 1686 1178 receptissima,
1706 1143 1738 1169 in
1763 1143 1857 1170 schola

1051 1188 1218 1216 catrchetiea
1233 1189 1333 1216 eximia
1351 1189 1461 1224 quidem
1485 1189 1530 1216 illa
1546 1193 1573 1216 et
1596 1189 1726 1216 maxime
1748 1197 1855 1215 memo-

1051 1234 1131 1261 rabili
1145 1234 1180 1261 ab
1196 1234 1275 1262 initio
1290 1236 1446 1270 proposita,
1471 1244 1486 1262 a
1502 1235 1802 1269 Clemente'parcius,
1824 1237 1857 1263 ab

1051 1280 1170 1317 Origene
1186 1282 1219 1310 ad
1235 1283 1395 1310 eorumdem
1412 1284 1552 1310 hominum
1573 1283 1690 1310 fortasse
1705 1283 1855 1310 fastidiunt

1053 1328 1167 1362 repetita
1193 1333 1221 1355 et
1247 1329 1399 1362 inculcata;
1427 1329 1515 1356 forma
1535 1329 1617 1356 etiam
1642 1330 1799 1364 regiminis
1823 1331 1855 1355 ab

1051 1373 1155 1409 lgnatio
1180 1375 1207 1401 in
1231 1374 1362 1402 Asiaticis
1381 1375 1506 1403 ecclesiis
1530 1377 1609 1403 toties
1628 1376 1786 1403 decantata
1806 1376 1854 1402 fuit

1051 1419 1181 1447 ontnibus
1209 1422 1334 1449 numeris
1357 1422 1529 1449 Alexandriae
1552 1427 1756 1456 repraesentata
1798 1422 1852 1448 lum

1051 1472 1106 1491 non
1129 1470 1234 1494 tantum
1256 1467 1396 1503 lgnatiana
1413 1467 1543 1495 Ecclesia;
1558 1467 1646 1495 forma
1663 1468 1700 1495 ab
1719 1467 1851 1501 Origene,

1051 1511 1231 1539 celeberrimo
1260 1513 1509 1541 Alexandrinorum
1549 1514 1707 1549 magistro.
1749 1515 1851 1548 ullllltit}

1055 1560 1184 1592 tmquam
1196 1560 1380 1589 vetustissima
1393 1564 1419 1587 et
1431 1567 1446 1587 a
1460 1560 1568 1594 proavis
1593 1560 1712 1588 deducta
1727 1561 1853 1587 celebra-

1052 1606 1114 1635 tur;
1138 1604 1184 1630 sed
1200 1609 1227 1631 ct
1245 1604 1342 1639 lguatit
1358 1605 1482 1640 epistolae
1498 1605 1533 1632 ab
1553 1605 1612 1640 ipso
1626 1613 1764 1640 expresse
1785 1611 1848 1632 sunt

1049 1649 1149 1682 citata},
1162 1643 1193 1677 u‘t
1206 1650 1259 1677 late
1271 1651 1453 1679 ostendimus.
1468 1651 1539 1678 Fieri
1558 1652 1651 1686 itaque
1668 1659 1727 1678 non
1746 1656 1846 1686 potest,

1050 1699 1080 1722 ut
1096 1700 1288 1730 argumentum
1306 1697 1418 1732 aliquod
1439 1697 1587 1730 formetur,
1604 1697 1679 1732 quod
1709 1697 1845 1733 lguatiuut

1048 1742 1222 1776 epistolicum
1245 1743 1439 1771 Alexandrinis
1459 1743 1628 1779 incognitum
1652 1743 1745 1771 fuisse
1761 1750 1845 1778 usque

1049 1787 1083 1815 ad
1095 1787 1207 1816 Eusebii
1219 1794 1342 1824 tempora
1358 1789 1538 1817 demonstret.

1088 1848 1140 1876 Sed
1157 1849 1184 1875 id
1204 1849 1270 1876 satis
1286 1854 1408 1882 constat,
1431 1849 1521 1883 inquit
1535 1848 1578 1875 vir
1594 1848 1782 1876 doctissimus
1794 1868 1800 1878 .
1815 1856 1845 1874 ea:

1049 1895 1165 1931 quatiant
1190 1895 1323 1930 singulari
1345 1895 1418 1922 illius
1446 1894 1575 1922 Ecclesiw
1597 1894 1748 1920 traditione
1770 1894 1845 1927 plane

1049 1942 1206 1977 penitusque
1223 1941 1400 1973 adversante;
1418 1948 1534 1975 eamque
1552 1940 1732 1968 traditionem
1753 1944 1844 1974 puslca

1049 1996 1130 2015 usum
1142 1991 1232 2015 vocat.
1255 1987 1355 2014 Mirum
1369 1987 1478 2022 quidem
1496 1987 1519 2014 si
1541 1987 1642 2021 aliquis
1660 1994 1752 2018 usus,
1771 1986 1845 2020 isque

1050 2034 1215 2069 peculiaris,
1246 2033 1449 2061 demonstraret
1471 2034 1564 2061 omnia
1587 2041 1648 2068 qua:
1676 2034 1713 2060 ab
1741 2032 1844 2068 lgnatiu

1050 2080 1151 2114 scripta
1173 2080 1379 2115 perhibentur.‘
1398 2079 1484 2107 fuisse
1505 2080 1557 2106 illis
1572 2080 1703 2107 omnibus
1732 2087 1845 2114 prorsus

1049 2126 1202 2161 incognita,
1219 2126 1290 2161 apud
1305 2134 1376 2160 quos
1393 2134 1459 2154 usus
1474 2126 1519 2153 ille
1537 2125 1605 2153 forte
1620 2126 1758 2152 obtinuit.
1773 2125 1840 2158 Quid

1049 2172 1114 2199 mihi
1124 2172 1225 2207 profers
1241 2174 1319 2199 unius
1331 2172 1405 2199 urbis
1419 2172 1634 2199 consuetudinem
1644 2172 1657 2199 .’
1669 2173 1767 2199 aiebat
1781 2173 1841 2198 olim

1049 2217 1233 2254 Hieronymus
1251 2227 1257 2245 :
1273 2219 1421 2253 pnesertim
1441 2219 1463 2245 si
1488 2219 1639 2253 cogitemus
1661 2219 1842 2245 consuetudi-

1051 2271 1127 2297 nem,
1148 2263 1205 2291 sive
1229 2264 1435 2291 usumtlluntex
1449 2270 1542 2290 eorum
1555 2263 1690 2290 sententia
1708 2265 1759 2298 qui
1783 2271 1842 2291 eum

1051 2309 1232 2340 tradiderunt,
1255 2309 1301 2336 diu
1326 2314 1390 2336 ante
1413 2308 1562 2344 lgnatium,
1584 2309 1618 2335 ab
1641 2309 1700 2343 ipsa
1728 2310 1841 2336 Alexan-

1051 2355 1136 2383 drina:
1157 2354 1285 2382 Ecclesia:
1312 2354 1473 2382 fundatione
1498 2359 1659 2389 usurpatum
1672 2375 1681 2387 ,
1700 2363 1789 2390 quant
1812 2354 1841 2381 ad

1050 2401 1243 2435 evangelistam
1269 2400 1497 2434 celeberrimum,
1519 2405 1546 2428 et
1616 2400 1689 2427 Petri
1713 2401 1839 2428 comitem

1051 2446 1216 2474 referebant.
1247 2446 1378 2474 Poterant
1405 2454 1472 2474 sane
1495 2447 1673 2474 Alexandrini
1696 2452 1728 2474 et
1750 2447 1840 2482 lguatii

1051 2493 1152 2528 scripta
1168 2493 1299 2527 recipere.
1311 2497 1338 2520 et
1355 2493 1520 2528 peculiarem
1537 2493 1655 2528 aliquem
1673 2501 1759 2521 usum
1774 2493 1838 2528 apud

1051 2539 1126 2574 ipsos
1144 2539 1178 2566 ab
1203 2540 1282 2566 initio
1298 2540 1478 2573 obtinentem,
1492 2540 1556 2567 licet
1578 2540 1632 2567 illis
1653 2539 1730 2568 forte
1751 2541 1839 2568 adver~

1051 2590 1169 2618 santem,
1186 2587 1314 2614 retinere.
1327 2585 1411 2621 ldque
1423 2586 1513 2613 facere
1525 2593 1572 2614 eos
1586 2586 1709 2613 voluisse
1727 2587 1770 2614 vel
1785 2585 1839 2612 inde

1051 2631 1181 2659 credibile
1204 2637 1257 2665 est,
1283 2633 1356 2667 quod
1388 2640 1456 2660 usus
1481 2632 1524 2659 ille
1548 2632 1694 2667 peculiaris
1721 2633 1837 2660 dicitur.

1051 2677 1175 2713 adeoque
1189 2679 1305 2706 aliarum
1316 2679 1439 2706 omnium
1455 2679 1635 2706 ecclesiarum
1647 2678 1836 2707 consuetudini

1052 2723 1212 2751 adversans.
1232 2724 1324 2757 Quare
1348 2725 1422 2752 enim
1448 2732 1481 2752 ex
1510 2725 1568 2752 sola
1582 2724 1680 2760 lgnatii
1707 2725 1836 2753 sententia

1052 2770 1103 2797 sibi
1122 2770 1270 2805 patefacta,
1293 2778 1356 2798 eum
1381 2771 1587 2805 relinquerent,
1610 2778 1691 2806 quem
1711 2772 1835 2799 adversus

1051 2815 1225 2844 traditionem
1256 2816 1379 2844 omnium
1402 2817 1581 2844 ecclesiarum
1609 2817 1748 2845 hactenus
1778 2814 1834 2844 reti-

1052 2862 1187 2889 nuerant?
1198 2863 1252 2890 Aut
1269 2863 1292 2890 si
1309 2864 1348 2890 vis
1368 2867 1442 2890 tanta
1458 2862 1612 2890 auctoritati
1625 2863 1775 2897 lignatione
1793 2860 1833 2887 tri-

1053 2908 1158 2936 buenda
1177 2917 1237 2936 esse
1250 2909 1384 2942 rideatur,
1402 2909 1487 2936 multo
1505 2907 1608 2937 rectius
1623 2915 1657 2936 ex
1675 2915 1729 2937 usu
1743 2907 1798 2936 tali.
1814 2905 1833 2932 si
