1866 3073
36 173 77 200 εἶτ)
408 173 434 200 ³.
451 171 630 199 PEARSONH
651 171 773 199 VINDICI

500 171 630 198 ARSONII
651 171 813 199 VINDICL'E
832 171 1044 200 lGNATlAlVJZ.
1059 188 1093 193 —
1111 172 1200 199 PARS
1218 171 1237 199 l.

1611 173 1664 200 2‘26

42 234 89 267 quis
105 239 226 267 unquam
240 230 308 264 fuit,
321 232 454 260 concludi
472 232 580 267 poterit,
596 231 729 266 lgnatium
746 231 821 258 illum
837 234 861 262 Α
875 232 1035 267 Dionysium
1049 233 1077 259 in
1092 240 1163 259 more
1178 233 1226 259 illo
1240 232 1422 267 comprehendi
1440 232 1521 260 uoluit
1534 232 1667 268 Hierony-

43 279 197 314 epistolicum
211 278 417 305 Alexandrinis
430 278 514 306 fuisse
530 278 679 312 cognitum,
696 278 759 312 quia
771 285 826 304 non

42 325 78 353 diu
95 329 242 360 postquam
259 324 390 359 epistola:
407 324 440 352 iis
457 324 584 351 videmur
603 323 747 358 evulgato,
760 331 827 350 usus

42 372 77 397 ille
91 371 201 402 eviluit,
226 371 286 397 imo
310 370 441 403 evanuit;
458 377 520 396 nam
533 390 541 402 ,
559 373 627 396 teste
648 368 827 404 Hieronymo,

39 417 138 443 duravit
164 416 362 443 tantummodo
381 416 415 442 ad
438 414 590 444 Heraclam.
608 415 666 449 qui,
684 414 745 442 vivo
763 414 826 442 Ori-

40 471 99 497 gene
112 468 139 489 et
154 463 296 489 scribente
307 482 314 493 ,
340 462 431 496 primo
447 463 517 496 apud
534 461 735 488 Alexandrinos
751 460 829 496 lgna-

39 509 169 534 tiatmmm
183 512 268 539 teste,
280 507 370 535 lactus
383 512 425 534 est
440 507 597 542 cpiscopus,
612 511 638 534 et
651 506 825 542 Dionysium,

38 555 80 588 qui
94 553 205 589 Origeni
222 555 345 581 maxime
364 553 483 580 favebat.

72 601 124 627 Sed
139 601 284 627 videamus
296 601 406 627 tandem
418 600 507 634 qualis
517 599 561 626 ille
577 607 643 626 usus
655 598 747 629 fuerit,
760 606 829 633 quo-

39 648 118 673 modo
135 647 242 682 lgnatio
259 647 414 674 adversans
425 656 432 680 ;
445 647 518 681 quali
536 646 731 680 consequentia
748 646 828 680 lgna-

40 694 174 719 lianorum
200 693 339 726 ignoratio
355 692 418 718 inde
435 697 579 726 sequatur,
593 696 621 718 et
635 691 700 725 quid
724 691 768 718 illa
795 691 829 718 ad

39 739 164 773 generale
174 739 314 766 silentium
325 744 388 766 ante
395 737 541 766 Eusebium
551 738 642 771 faciat,
652 737 694 765 cui
704 737 830 764 innititur

40 793 141 818 negans
153 789 359 820 argumentum.
373 783 446 811 Usus
459 783 503 810 ille
519 784 665 818 peculiaris
677 783 828 810 secundum

42 830 236 865 Hieronymum
260 831 342 865 cpist.
368 829 418 862 85,
445 830 489 856 ubi
505 834 600 857 contra
621 837 668 856 eos
692 829 828 863 disputat,

40 877 83 911 qui
109 877 244 904 diaconos
269 875 437 911 presbyteris
464 874 670 908 antcl‘crebant,
695 874 739 901 hic
763 878 827 901 est:

43 908 111 948 liam
138 928 162 949 et
176 908 382 949 Alexandriw'a
404 921 496 948 Marco
509 921 684 956 euangelista,
698 929 778 956 usque
795 920 829 946 ad
846 908 867 935 Β

44 968 184 995 Heraclam
197 974 224 995 et
241 968 402 1003 Dionysium
417 968 561 1002 episcopos,
575 967 720 1001 presbyteri
732 973 831 1000 semper

44 1024 117 1041 unum
133 1023 166 1042 ετ
189 1024 218 1041 se
237 1015 351 1042 electum
367 1015 394 1040 in
409 1013 547 1041 excelsiori
567 1013 653 1048 gradu
673 1012 829 1039 collocatum

43 1062 188 1095 episcopum
210 1060 386 1087 nominabant
398 1068 407 1092 ;
420 1059 548 1094 quomodo
561 1059 584 1085 si
601 1059 732 1086 exercitus
748 1059 832 1093 impe-

44 1113 153 1134 ratorem
167 1107 265 1142 faciat,
282 1111 329 1132 aut
345 1106 450 1132 diaconi
466 1106 564 1141 eligant
574 1105 606 1132 de
621 1113 658 1138 se,
667 1113 741 1140 quem
752 1105 831 1131 indu-

44 1154 133 1179 strium
150 1154 283 1183 noverint,
293 1157 318 1180 et
337 1161 378 1179 an
386 1153 554 1179 Itidiaconum
565 1156 664 1178 vocent.
675 1151 830 1178 Secundum

45 1204 127 1225 autem
144 1198 311 1233 Eutychium
333 1197 491 1233 hujusmodi
513 1202 572 1225 est:
590 1197 737 1225 Constituit
753 1205 831 1224 evan-

46 1245 132 1279 gelista
149 1244 260 1271 Marcus
277 1253 331 1271 una
351 1252 411 1270 cum
426 1244 531 1270 Anania
555 1243 710 1278 patriarcha
732 1242 831 1270 duode-

47 1292 89 1316 cim
102 1291 281 1326 presbyteros,
291 1291 337 1325 qui
352 1299 442 1325 nempe
454 1298 511 1316 cum
520 1291 672 1325 patriarcha
685 1294 830 1321 manerent,

47 1338 102 1363 adeo
122 1342 150 1364 ut
169 1346 230 1364 cum
246 1342 352 1364 vacaret
367 1337 576 1371 patrima/tatus,
589 1345 670 1363 unum
685 1344 699 1363 e
714 1335 748 1362 l2
774 1344 832 1368 pre-

48 1383 148 1417 sbylerls
160 1384 299 1417 eligerent,
313 1383 388 1417 cujus
403 1382 483 1416 capiti
500 1381 593 1416 reliqui
605 1382 724 1408 undecim
738 1390 831 1408 manus

48 1429 202 1461 inponentes
225 1429 279 1462 ipsi
296 1428 493 1459 benedicerent,
513 1433 537 1454 et
557 1429 737 1462 patriarcham
757 1435 829 1454 crcu-

46 1480 108 1504 rent,
125 1475 222 1501 deinde
237 1475 323 1501 virum
337 1474 451 1508 aliquem
468 1475 594 1508 insignem
607 1474 743 1508 eligerent,
756 1477 832 1508 quem

46 1529 124 1546 rectum
142 1520 328 1555 presbyterum
342 1519 606 1551 constituerentJoco
621 1520 676 1554 ejus
690 1520 735 1554 qui
746 1520 832 1554 factus

44 1572 77 1593 est
97 1568 271 1600 patriarcha,
295 1572 323 1593 ut
342 1567 382 1593 ita
408 1575 507 1601 semper
527 1571 661 1593 exstarent
682 1566 829 1593 duodecim.
845 1582 868 1612 Ο

46 1612 131 1648 Neque
141 1613 222 1640 desiit
238 1613 410 1640 Alexandria:
423 1613 573 1640 institutum
588 1615 636 1638 hoc
647 1613 678 1638 tle
697 1612 832 1647 presbyte-

45 1659 88 1690 ris,
112 1663 140 1685 ut
166 1659 270 1685 scilicet
292 1658 460 1692 patriarchas
484 1663 601 1685 crearent
622 1665 654 1684 ea:
673 1658 832 1692 presbyteri:

45 1704 88 1736 li,
101 1713 183 1739 usque
199 1704 235 1730 ad
253 1709 370 1738 tempora
383 1704 528 1731 Alexandri
541 1704 700 1739 patriarclue
714 1704 832 1731 Alexan-

42 1750 127 1782 drini,
143 1751 191 1785 qui
207 1751 261 1785 fuit
289 1758 322 1776 ex
344 1758 452 1777 numero
472 1751 519 1777 illo
539 1758 667 1777 cccxvnt.
693 1749 749 1777 Hos
775 1752 832 1777 vult

46 1795 155 1823 Dalla-us
179 1798 208 1823 in
222 1804 330 1824 summa
346 1797 384 1823 rei
400 1797 566 1828 consentire,
581 1797 614 1824 de
627 1802 748 1831 tempore
766 1795 830 1822 levi-

46 1848 84 1869 ter
96 1843 265 1878 discrepare.
289 1843 365 1876 Quod
386 1852 456 1870 enim
470 1845 633 1874 institutum,
653 1844 751 1878 inquit,
770 1843 832 1870 Ilie-

46 1896 165 1924 ronynuts
187 1890 223 1916 ad
235 1890 408 1925 Dionysium,
421 1891 439 1918 i.
455 1898 479 1918 e.
494 1892 528 1918 ad
557 1896 584 1917 a.
600 1890 631 1917 D.
643 1890 707 1923 264,
723 1890 832 1916 durasse

43 1935 114 1968 dicit,
134 1937 164 1963 id
182 1936 330 1971 Eutychius
354 1936 388 1963 ad
403 1936 593 1969 Alexandrum,
610 1937 628 1964 i.
646 1944 671 1963 e.
688 1937 722 1964 ad
754 1943 782 1963 ιι.
798 1936 830 1964 D.

43 1982 147 2009 circiter
162 1983 235 2014 308.
253 1990 429 2017 perseverasse
442 1983 506 2010 uult.

77 2029 176 2057 Verum
202 2030 271 2056 mihi
295 2038 350 2057 nou
372 2030 440 2057 adeo
464 2030 530 2057 levis
551 2029 732 2064 discrepantia
758 2029 832 2056 vide—

44 2080 82 2101 tur
95 2084 102 2102 :
114 2083 179 2102 cum
195 2075 272 2102 enim
290 2074 471 2110 Hieronymus
488 2083 593 2103 morem
609 2083 672 2103 eum
689 2083 776 2110 usque
796 2075 829 2102 ad

43 2120 182 2148 Heraclam
197 2126 225 2148 et
252 2120 411 2157 Dionysium
433 2121 548 2149 durasse
568 2121 654 2154 dicit,
680 2126 726 2148 aut
748 2121 831 2148 dura-

42 2168 137 2194 tionem
154 2172 288 2202 tauquam
305 2168 435 2194 incertam
461 2167 553 2199 tradit,
572 2172 620 2195 aut
639 2172 712 2195 certe
729 2168 831 2195 indicat

41 2211 181 2240 Heraclam
206 2211 294 2239 fuisse
316 2211 443 2239 ultimum
461 2213 508 2246 qui
535 2212 644 2246 priori,
671 2210 829 2246 Dionysium

878 286 951 310 ntus,
979 278 1068 312 inquit
1095 278 1156 312 ille;
1176 278 1288 306 ultimus
1313 279 1396 314 igitur
1421 278 1570 306 secundum
1601 286 1664 306 eum

879 331 982 350 morem
1001 323 1089 352 lactus
1106 328 1149 351 est
1165 325 1310 359 episcopus
1324 324 1490 355 Demetrius,
1502 332 1575 352 anno
1588 325 1667 352 Com-

879 369 952 396 modi
981 369 1023 400 l0,
1050 369 1157 397 Domini
1182 370 1243 397 l90.
1273 370 1407 404 Quocirca
1432 370 1613 406 Hieronymus
1639 375 1667 398 et

879 415 1030 450 Eutychius
1053 423 1107 443 non
1128 416 1223 444 leviter
1245 417 1278 444 de
1297 422 1418 452 tempore
1440 417 1595 451 discrepare
1621 417 1665 444 di-

880 462 958 489 cendi
974 466 1046 490 sunt.
1063 461 1156 497 Itaque
1173 468 1201 490 ut
1220 463 1290 490 hanc
1312 464 1430 491 duorum
1446 465 1556 491 testium
1576 463 1666 491 disso-

879 507 1002 534 nantiam
1027 508 1149 540 tolleret,
1167 509 1264 536 miram
1282 509 1486 536 distinctionem
1501 510 1666 545 excogitavit

881 552 1025 585 Seldenus,
1042 559 1147 581 etcum
1171 560 1286 590 uterque
1311 556 1344 582 de
1362 555 1449 587 I’acto,
1476 556 1534 583 sive
1553 556 1587 583 de
1614 564 1666 583 usu

880 600 1069 627 tantummodo
1086 601 1224 635 loquatur,
1239 606 1266 628 et
1282 602 1410 629 historice
1435 609 1491 629 rem
1509 602 1580 629 unde
1602 610 1665 629 nar-

879 651 932 680 rat,
952 647 1025 674 Alter
1040 647 1072 674 de
1091 648 1178 682 facto,
1202 648 1305 682 inquit,
1326 648 1443 682 loquitur
1458 649 1536 674 simul
1556 656 1586 674 ac
1604 648 1666 682 jure

880 692 931 719 loci
952 693 1084 728 simplici,
1111 699 1251 728 antequam
1262 693 1317 720 ulla
1335 695 1440 720 omnino
1456 702 1519 721 usus
1536 699 1582 721 aut
1601 695 1667 729 farti

880 740 994 766 mutatio
1007 739 1044 765 ibi
1066 739 1294 771 introduceretur;
1307 740 1375 766 alter
1387 741 1418 766 de
1428 741 1490 774 jure
1513 741 1628 774 simplici
1641 746 1666 768 et

880 785 998 812 instituti
1017 785 1174 813 mutatione.
1202 784 1223 812 0
1250 785 1407 819 praeclaram
1432 789 1514 820 atque
1539 787 1666 813 Sulllllt‘lll

880 831 1095 863 distinctionem,
1113 835 1139 858 et
1163 831 1271 866 qualem
1299 831 1417 859 fortasse
1443 832 1559 859 diversis
1582 831 1668 859 Justi-

881 877 1052 911 niancijuris
1068 877 1204 911 periocbis
1223 877 1351 912 adaptare
1373 878 1494 912 poteris:
1517 878 1560 905 his
1575 883 1666 905 autem

883 922 1021 950 historicis
1036 923 1248 950 narratiunculis
1264 931 1403 958 nunquam
1416 924 1552 958 quadrare
1574 929 1668 951 osten-

881 969 969 996 deris!
988 968 1110 996 Priorem
1128 974 1232 1004 partem
1250 968 1417 1004 Hieronymo
1439 970 1578 1005 assignat;
1605 978 1667 998 eum

882 1015 939 1042 vult
958 1020 1014 1042 tum
1027 1015 1061 1042 de
1078 1014 1160 1047 facto,
1176 1020 1232 1042 tum
1251 1015 1284 1042 de
1306 1015 1368 1050 jure
1384 1015 1435 1042 loci
1452 1016 1568 1050 simplici
1581 1016 1668 1044 disse—

882 1068 959 1094 rere,
973 1069 1034 1088 cum
1054 1061 1115 1094 ille,
1132 1061 1205 1088 nulla
1231 1062 1343 1088 omnino
1358 1061 1391 1088 de
1409 1061 1471 1096 jure
1495 1061 1566 1088 facta
1589 1070 1662 1089 meu-

883 1107 965 1138 tione,
981 1107 1014 1134 de
1032 1106 1105 1134 facto
1119 1106 1309 1134 tantummodo
1322 1106 1458 1141 loquatur,
1475 1107 1596 1142 illudque
1613 1113 1667 1134 Iam

882 1153 1001 1180 breviter
1017 1157 1127 1188 tamque
1153 1153 1271 1180 obseure
1298 1153 1404 1183 tradat,
1420 1157 1450 1179 ut
1471 1153 1515 1179 vix
1539 1153 1603 1187 quid
1622 1161 1670 1180 vo-

882 1199 964 1226 luerit
980 1199 1124 1234 intelligas.
1149 1199 1300 1234 l’rerbyteri
1315 1207 1395 1226 unum
1417 1206 1450 1226 ea:
1467 1207 1494 1226 se
1514 1199 1624 1226 electum
1642 1200 1670 1226 in

881 1246 1019 1272 excelsiori
1040 1246 1124 1280 gradu
1140 1246 1298 1272 collocatum
1312 1245 1462 1280 episcopum
1478 1245 1670 1276 nominabant;

882 1298 937 1325 quo
947 1291 1018 1325 jure,
1035 1299 1122 1326 quave
1134 1291 1232 1325 injuria
1246 1291 1298 1318 hoc
1313 1290 1414 1318 lactant
1427 1291 1472 1321 sit.
1486 1290 1669 1326 Hieronymus

883 1345 936 1363 non
955 1337 1039 1370 dicit;
1066 1338 1121 1364 imo
1147 1337 1212 1371 quid
1230 1337 1303 1364 aliud
1333 1336 1463 1369 iecerint,
1490 1345 1572 1372 quam
1595 1337 1669 1371 quod

882 1383 1041 1417 episcopum
1064 1383 1251 1414 nominarint,
1279 1391 1333 1409 non
1353 1383 1442 1410 docet.
1468 1382 1532 1410 Vult
1557 1384 1668 1418 quidem

884 1427 1018 1454 Seldeuus
1043 1435 1076 1454 ex
1093 1428 1183 1454 verbis
1208 1427 1366 1462 Hieronymi
1382 1428 1472 1463 colligi
1497 1428 1596 1455 debere
1623 1436 1671 1463 pa-

883 1473 1030 1500 triarcliam
1044 1481 1058 1500 a
1072 1473 1237 1508 presbyteris
1245 1473 1360 1500 electum
1372 1477 1399 1500 et
1407 1473 1562 1500 ordinatum
1574 1474 1670 1507 fuisse,

883 1527 945 1546 curn
968 1518 1150 1554 Hieronymus
1175 1524 1303 1546 neutrum
1329 1518 1434 1546 doceat.
1468 1519 1537 1546 Dicit
1558 1520 1669 1554 quidem

884 1565 1043 1600 episcopum
1060 1573 1092 1592 ex
1111 1565 1276 1600 presbyteris
1302 1564 1434 1597 electum,
1456 1573 1471 1592 a
1492 1565 1670 1600 presbyteris,

884 1619 938 1638 non
956 1611 1054 1644 docet;
1080 1611 1167 1646 potuit
1192 1616 1283 1638 autem
1304 1619 1338 1639 ex
1362 1611 1528 1646 presbyteris
1552 1611 1586 1638 ab
1611 1611 1672 1638 aliis

883 1657 957 1692 eligi,
971 1657 1013 1684 vel
1028 1665 1044 1684 a
1068 1658 1178 1692 populo,
1197 1658 1238 1684 vel
1257 1658 1290 1685 ab
1307 1657 1445 1692 episcopis
1463 1657 1542 1689 aliis;
1559 1661 1586 1684 et
1606 1665 1672 1684 sane

883 1703 1010 1730 videntur
1021 1703 1056 1730 ab
1068 1703 1268 1738 antiquissimis
1282 1703 1450 1738 tetnporibns
1465 1711 1480 1730 a
1496 1703 1598 1738 populo
1607 1702 1672 1738 eligi

882 1748 1054 1776 Alexandria:
1070 1749 1201 1783 episcopi.
1221 1749 1306 1783 quue
1329 1757 1363 1776 ex
1389 1749 1502 1784 antiqua
1519 1755 1671 1776 consuetu-

882 1795 946 1822 dine.
967 1795 1002 1822 ab
1019 1794 1174 1830 Epiphanio
1201 1795 1344 1823 observata
1368 1795 1460 1830 colligi
1481 1795 1594 1822 meliore
1609 1795 1672 1830 jure

883 1844 993 1875 potest;
1013 1840 1092 1874 cujus
1108 1841 1166 1867 hac
1181 1840 1262 1867 verba
1279 1844 1342 1867 sunt
1361 1840 1458 1868 haeresi
1473 1839 1509 1867 69
1523 1847 1530 1865 :
1550 1838 1629 1870 Ἔθος
1642 1839 1671 1865 δὲ

882 1887 911 1914 ὲν
929 1886 1115 1922 Ἀλεξανδρείᾳ
1130 1887 1166 1922 μὴ
1177 1887 1310 1922 χρονίζειν
1328 1886 1397 1922 μετὰ
1412 1886 1542 1921 τελευτὴν
1559 1886 1671 1912 ἐπισκύ-

882 1942 934 1960 που
949 1934 1012 1965 τοὺς
1026 1933 1251 1968 καθισταμένους,
1268 1932 1325 1959 ἀλλ’
1344 1931 1402 1968 ἅμα
1423 1932 1543 1966 γίνεσθαι
1559 1932 1671 1967 εἰρήνης

881 1977 972 2008 ἕνεκα,
984 1977 1030 2004 τοῦ
1046 1978 1082 2013 μὴ
1100 1977 1270 2012 παρατριϐὰς
1281 1976 1404 2010 γίνεσθαι
1420 1976 1448 2002 ὲν
1458 1977 1513 2007 τοῖς
1521 1975 1605 2007 λαοῖς,
1617 1975 1671 2001 τὸιν

883 2023 932 2058 μὲν
947 2023 1020 2049 τόνδε
1036 2023 1176 2055 θελόντων,
1191 2022 1245 2049 τῶν
1258 2023 1287 2048 δὲ
1297 2022 1382 2048 τόνδε.
1395 2021 1566 2048 Alexandriae
1582 2026 1671 2047 antarii

881 2070 1041 2096 consuetudo
1063 2073 1113 2098 est,
1133 2073 1161 2095 ut
1184 2073 1243 2103 post
1268 2069 1380 2102 episcopi
1407 2072 1518 2095 mortem
1535 2074 1671 2094 successor

882 2123 933 2141 non
953 2115 1055 2141 diutius
1078 2114 1236 2148 iii/feratur,
1259 2114 1304 2140 sed
1322 2113 1452 2145 subinde,
1472 2113 1545 2146 pacis
1565 2113 1670 2139 tuenda:

881 2160 980 2196 gratia,
1002 2159 1174 2195 rubroyetur.
1189 2167 1220 2186 ne
1234 2159 1295 2186 aliis
1310 2160 1389 2189 hunc.
1399 2159 1460 2186 aliis
1476 2158 1552 2185 illum
1575 2163 1670 2192 postu~

881 2206 1012 2236 luntibus,
1032 2206 1059 2233 in
1068 2205 1164 2241 populo
1173 2205 1264 2240 jurgia
1280 2211 1303 2232 et
1312 2206 1491 2231 contentiones
1499 2204 1668 2231 exsisterent.

39 2264 126 2286 autem
144 2259 269 2293 primum
282 2257 329 2292 qui
347 2258 402 2284 alio
416 2265 492 2285 more
513 2257 602 2284 iactus
617 2260 660 2298 est
671 2257 827 2291 episcopus.
846 2259 868 2286 ι)
916 2253 979 2280 Hzec
1001 2257 1091 2279 autem
1115 2251 1287 2278 consuetudo
1308 2250 1437 2284 supponit
1458 2250 1589 2284 populum
1604 2249 1669 2276 Alc-

38 2303 178 2335 Heraclas,
191 2304 343 2331 secundum
355 2303 514 2336 Eusebium,
526 2303 672 2330 undecimo
683 2302 829 2329 Alexandri

37 2358 107 2377 anno
124 2354 238 2378 creatus
252 2354 294 2377 est
304 2349 452 2384 episcopus
473 2349 689 2381 Alexandrinus,
707 2349 760 2376 hoc
776 2353 828 2381 est,

36 2398 66 2423 A.
83 2397 113 2423 Ι).
131 2396 199 2423 232.
218 2396 254 2423 At
271 2395 421 2431 Eutychius
439 2395 623 2422 Alexandrum
640 2395 828 2430 patriarcham

37 2443 156 2471 remisse
171 2443 267 2475 tradit,
284 2450 319 2470 ne
333 2442 463 2476 deinceps
478 2441 664 2476 patriarcham
678 2440 830 2476 presbyteri

35 2493 180 2522 crearent;
196 2489 303 2523 primus
330 2488 415 2524 igitur
439 2488 485 2522 qui
512 2488 566 2514 alio
582 2495 658 2515 more
681 2486 769 2514 factus
789 2490 831 2513 est

35 2534 210 2562 Alexandria:
225 2534 391 2568 episcopus,
411 2533 560 2560 secundum
577 2532 742 2568 Eutycliium
754 2553 762 2564 ,
779 2531 830 2559 fuit

35 2579 184 2606 Alexandri
199 2586 345 2607 successor
355 2578 534 2609 Athanasius,
549 2579 597 2612 qui
608 2577 640 2604 Δ.
650 2576 681 2604 D.
694 2577 756 2610 526,
769 2581 830 2612 post

35 2626 182 2653 concilium
197 2624 338 2652 Nicsenum
360 2629 470 2652 creatus
485 2627 536 2652 est.
555 2623 628 2650 Inter
655 2623 737 2656 igitur
752 2631 830 2650 crea-

36 2674 138 2699 tionem
153 2671 276 2700 lleraclaa
287 2692 294 2705 ,
309 2671 359 2707 qui
382 2670 496 2698 ultimus
512 2678 527 2697 a
550 2669 716 2705 presbyteris
739 2668 828 2696 factus

37 2724 87 2750 est,
95 2723 208 2746 auctore
214 2717 394 2753 Hieronymo,
402 2722 430 2743 et
439 2716 674 2744 consecrationem
685 2714 828 2742 Athanasii

38 2765 82 2799 qui
103 2764 208 2800 primus
222 2765 258 2792 ab
281 2762 424 2799 episcOpis
445 2765 624 2789 consecratus
643 2766 697 2794 est,
714 2765 828 2787 auctore

40 2809 179 2847 Eutychio,
196 2811 262 2838 anni
286 2810 377 2838 lenne
392 2812 502 2835 centum
518 2813 592 2836 sunt.
609 2809 670 2835 lmo
693 2808 828 2842 majorem

41 2854 244 2891 discrepantiam
258 2855 307 2883 hic
324 2853 450 2890 agnoscit
464 2852 609 2887 Seldenus,
626 2853 732 2888 primus
748 2852 828 2887 hujus

42 2904 183 2934 argumenti
207 2903 408 2930 architectus:
435 2899 490 2926 Nec
516 2900 585 2927 enim
612 2899 756 2927 Ueroclam
783 2907 828 2926 nec

881 2299 1012 2331 xandria:,
1028 2303 1058 2325 ut
1074 2298 1100 2324 in
1115 2297 1176 2324 aliis
1191 2296 1328 2329 ecclesiis,
1345 2304 1409 2323 suas
1425 2296 1452 2322 in
1468 2295 1593 2330 eligendo
1611 2295 1670 2330 epi-

880 2353 964 2380 scopo
981 2345 1133 2380 antiquitus
1148 2349 1238 2379 partes
1259 2343 1399 2370 habuisse.
1412 2342 1493 2369 Certe
1509 2341 1668 2374 Eusebiani,

879 2392 927 2427 qui
950 2391 1116 2419 creationem
1143 2391 1172 2417 S.
1195 2389 1336 2417 Athanasii
1355 2389 1487 2423 abrogare
1512 2388 1669 2420 voluerunt,

879 2438 1015 2466 defectum
1040 2436 1182 2472 popularis
1208 2435 1350 2463 electionis
1373 2434 1556 2469 objiciebant,
1571 2437 1598 2460 ct
1612 2434 1670 2468 epi<

880 2483 956 2518 scopi
976 2483 1104 2518 Egypti,
1127 2482 1154 2509 in
1179 2481 1283 2517 synodo
1306 2480 1481 2515 congrrguti,
1496 2479 1611 2514 epistola
1635 2479 1669 2506 ad

879 2537 976 2558 omnes
1003 2529 1129 2556 Ecclesiae
1151 2527 1294 2556 catholicae
1318 2527 1460 2561 episcopos
1478 2525 1579 2559 scripta
1603 2532 1670 2552 con-

880 2577 994 2604 trarium
1019 2583 1117 2610 magna
1143 2574 1227 2602 animi
1251 2573 1426 2601 contentione
1445 2575 1622 2599 asseruerunt
1642 2575 1670 2597 et

880 2622 970 2650 testati
991 2626 1070 2654 sunt,
1085 2622 1126 2647 ὅτι
1142 2621 1170 2647 δὲ
1186 2621 1241 2647 πᾶν
1264 2619 1294 2646 τὸ
1317 2618 1419 2654 πλῆθος
1439 2618 1486 2644 καὶ
1508 2618 1562 2649 πᾶς
1577 2618 1592 2644 ὁ
1605 2617 1670 2649 λαὸς

878 2669 928 2704 τῆς
949 2667 1096 2701 χαθολικῆς
1118 2665 1293 2700 Ἐκκλησίας,
1317 2664 1413 2699 ὥσπερ
1436 2664 1468 2689 ὲκ
1491 2663 1556 2698 μιᾶς
1578 2661 1669 2697 ψυχῆς

879 2714 926 2740 καὶ
948 2712 1073 2747 σώμαι-ας
1096 2709 1303 2744 συνεληλυθότες
1325 2707 1454 2739 ἀνεϐόων,
1478 2706 1609 2742 ἔκραζον,
1625 2707 1669 2732 αι·

878 2759 987 2790 τοῦντες
1008 2757 1165 2784 Ἀθανάσιον
1190 2756 1340 2781 ἐπίσκοπον
1362 2755 1396 2789 τῇ
1406 2752 1563 2788 Ἐκκλησίᾳ.
1591 2751 1668 2783 Quod

880 2805 963 2832 omnis
986 2804 1126 2830 multitudo
1139 2823 1146 2834 ,
1170 2801 1306 2836 omnisque
1327 2799 1439 2835 populus
1462 2797 1598 2825 catholica:
1615 2797 1668 2823 Ec-

879 2851 975 2881 clesiw,
990 2855 1114 2885 tanquam
1127 2856 1159 2875 ex
1181 2856 1234 2874 una
1249 2847 1339 2874 anima
1353 2851 1378 2873 et
1392 2853 1499 2880 corpore
1517 2843 1669 2879 congregati

881 2895 1039 2924 clamoribus
1057 2894 1340 2930 vociferatimtibusquc
1363 2892 1530 2927 postularunt
1544 2889 1667 2917 Athana-
