1866 3073
206 166 257 192 227

705 166 734 194 S.
754 165 926 194 IGNATIL'S.
945 180 980 186 --
999 166 1264 195 PROLEGOMENA.

1805 166 1852 193 ΞΕ]

206 227 276 254 cium
297 225 423 254 Ecclesia
446 227 594 261 episcopum
617 227 694 260 duri;
708 227 782 261 quod
799 234 885 262 neque
902 227 930 254 lti
945 234 993 254 ηε·
1007 232 1031 260 Α
1047 227 1217 261 Hcraclcuni,
1233 234 1270 255 tot
1283 237 1390 255 numero
1407 229 1522 258 instituti
1532 233 1604 261 sunt,
1629 229 1689 255 sine
1707 226 1852 262 episcopi

205 281 261 308 que
280 273 318 300 illi
344 271 490 305 fecissent,
507 272 530 300 si
555 272 646 307 populi
673 272 802 307 suﬂ‘ragia
826 273 853 299 in
868 273 992 307 eligendo

205 319 334 353 episcopo
351 318 503 353 antiquitus
523 318 613 345 locum
627 319 732 345 nullum
753 318 922 345 habuissent.
935 317 992 345 lmo

206 363 354 399 Gregorius
376 363 565 390 Nazianzenus
589 368 659 391 Orat.
683 364 715 390 ‘2!
740 364 810 391 hanc
832 364 992 392 electionem

207 417 261 436 non
284 410 436 444 prioribus,
453 410 499 436 sed
515 409 715 444 posterioribus
736 411 864 445 opponit,
877 418 993 444 eamque

206 455 381 489 apostolicam
406 455 532 489 appellat.
552 454 629 481 Οὕτω
650 455 700 490 μὲν
715 453 762 481 οὖν
778 456 825 482 καὶ
840 455 884 482 διὰ
895 455 992 487 ταῦτα,

205 499 287 535 ψήφῳ
309 500 355 526 τοῦ
377 500 440 526 λαοῦ
458 501 558 532 παντὸς
569 520 577 532 ,
594 501 625 527 οὐ
638 500 710 527 κατὰ
728 501 774 526 τὸν
790 500 903 536 ὕστερον
915 503 994 537 νική-

206 554 290 572 σαντα
306 546 438 581 πονηρὸν·
448 566 456 578 ,
468 546 530 573 οὐδὲ
551 546 722 580 φονικῶς,τε
747 547 795 573 καὶ
813 548 990 583 τυραννικῶς,

204 592 456 624 ἀλλ’άποσ-τολικῶς
475 601 504 618 τε
524 592 571 618 καὶ
588 593 779 628 πνευματικῶς
792 594 838 620 ἐπὶ
855 594 901 620 τὸν
914 595 992 630 Μάρ-

204 647 254 664 κου
269 638 362 674 θρόνον
386 638 525 672 ἀνάγεται.
545 637 590 664 Sic
605 638 698 672 igitur,
721 646 799 673 atque
813 638 844 665 ob
862 648 906 666 ea:
924 636 992 666 'cau-

203 693 262 717 sas,
281 685 361 710 totius
377 684 467 718 populi
491 684 644 718 suffragiis,
660 692 711 710 non
735 690 823 710 autent
847 686 991 712 secundant

202 737 313 764 pravum
331 729 479 763 exemplum
491 729 560 764 quod
586 734 677 763 postea
700 729 824 761 inolevit,
844 737 924 764 neque
945 738 991 764 per

202 776 254 802 uim
271 783 302 801 ac
321 775 418 802 cwdem
429 795 437 807 ,
451 774 496 801 sed
511 775 657 809 apostolico
673 779 696 801 et
715 775 850 808 spirituali
863 775 941 802 modo
955 776 990 802 ad

204 820 290 848 Marri
306 821 428 847 thronum
441 820 569 847 evehitur.
589 820 658 848 Cum
680 821 763 856 igitur
785 825 860 848 totus
875 821 991 856 populus

201 867 330 894 electioni
354 867 474 902 episcopi
494 875 523 894 se
547 867 692 897 insereret,
717 871 743 894 et
767 867 863 894 civitas
879 868 990 902 amplis-

202 913 272 940 sima
295 918 388 945 esset,
416 918 443 940 et
466 913 588 940 maximo
617 912 838 940 Christianorum
875 922 990 942 numero
1005 911 1027 938 Β

200 959 364 992 abundaret,
386 963 413 986 et
428 963 559 994 preterea
574 959 723 994 presbyteri
744 967 810 987 suos
828 959 864 986 ibi
891 960 990 987 distin-

199 1010 261 1032 ctos
287 1009 377 1032 coetus
399 1005 456 1032 sive
485 1005 623 1032 Ecclesias
650 1005 782 1033 haberent
807 1006 990 1041 (observante

201 1049 363 1084 Epiphanio,
380 1050 445 1077 liter.
462 1049 516 1077 69:
537 1050 616 1076 Ὅσαι
632 1050 686 1086 γὰρ
701 1051 843 1086 ἐκκλησίαι
854 1052 903 1087 τῆς
921 1052 989 1079 καθ-

198 1095 294 1130 ολικῆς
316 1096 478 1132 Ἐκκλησίας
505 1096 535 1123 ἐν
563 1095 751 1132 Ἀλεξανδρείᾳ.
773 1097 826 1123 ὑπὸ
845 1098 893 1124 ἕνα
912 1099 990 1134 ἀρχι-

201 1139 450 1173 επίσκοπονόὗσαι,
467 1141 514 1168 καὶ
528 1143 587 1168 κατ’
605 1142 672 1168 ἰδίαν
684 1142 795 1174 ταύταις
810 1143 990 1180 ἐπιτεταγμέ-

199 1195 240 1214 νοι
254 1187 323 1214 εἰσίν
339 1187 529 1223 πρεσϐύτεροι.
539 1187 582 1214 διὰ
596 1188 646 1220 τὰς
657 1189 885 1224 ὲκκλησιαστικὰς
896 1190 989 1226 χρείας

198 1231 252 1258 τῶν
269 1233 430 1268 οἰκητόρων.
448 1233 553 1260 Etenim
570 1239 696 1268 quotquot
715 1235 886 1262 Aleaandrice
900 1236 989 1262 catho-

198 1279 259 1306 lica!
282 1280 473 1306 communionis
494 1279 620 1306 Ecclesia
643 1286 719 1314 sunt,
734 1282 779 1307 uni
795 1282 988 1316 archiepiscopo

199 1325 337 1360 subjectae,
354 1333 417 1352 suus
432 1326 525 1360 cuique
538 1327 694 1360 propositus
708 1332 746 1353 est
763 1327 907 1362 presbyter,
926 1336 989 1363 pro-

199 1376 258 1406 pter
272 1372 464 1399 ecclesiasticas
482 1372 660 1399 habitantium
675 1374 860 1406 necessitates;
877 1378 989 1402 notante

197 1419 281 1446 etiam
309 1418 480 1450 Sozomeno,
505 1418 554 1445 lib.
579 1426 604 1450 ι,
628 1426 688 1453 cap.
717 1419 751 1446 l5
773 1417 871 1446 ιεῖναι
888 1419 943 1456 γὰρ
959 1421 989 1447 ὲν

205 1463 392 1500 ’Λλεξανδρείᾳ
407 1464 476 1496 ἔθος,
493 1463 617 1499 καθάπερ
632 1465 679 1490 καὶ
697 1463 761 1496 νῦν⁷
777 1465 836 1496 ἑνὸς
851 1465 927 1497 ὄντος
941 1465 988 1492 τοῦ

198 1510 270 1538 κατὰ
283 1511 389 1537 πάντων
403 1510 567 1542 ἐπισκόπου,
582 1510 783 1546 πρεσϐυτέρους
802 1511 854 1547 ὶδιᾳ
873 1511 924 1543 τὰς
942 1512 988 1538 ὲκ-

199 1557 314 1592 κλησιιις
329 1557 464 1592 κατέχειν,
484 1557 532 1583 καὶ
553 1557 599 1583 τὸν
613 1557 641 1583 ἐν
656 1557 750 1588 αὐταῖς
770 1557 833 1584 λαδν
852 1558 986 1592 συνάγειν.

199 1602 278 1630 Hunc
292 1604 362 1630 enim
384 1611 484 1629 morem
506 1611 562 1629 esse
585 1601 767 1635 Alexandriae,
781 1603 826 1638 qui
841 1604 987 1631 etiamnum

198 1653 296 1681 manet,
312 1653 351 1681 ut,
366 1656 425 1675 cum
445 1656 512 1674 unus
528 1648 663 1682 episcopus
678 1649 798 1675 omnibus
810 1650 912 1682 prtcsit,
928 1658 988 1684 pre-

196 1694 296 1729 sbyteri
309 1695 453 1729 separatim
470 1694 593 1721 ecclesias
609 1694 755 1727 obtineant,
771 1700 796 1721 et
809 1696 936 1730 populum
951 1696 986 1722 ad

196 1739 261 1767 illas
279 1740 414 1767 convenire
427 1740 538 1767 solitum
551 1739 704 1775 colligant),-
722 1740 837 1775 ideoque
852 1741 922 1775 apud
938 1749 986 1776 po-

199 1786 293 1821 pulum
317 1790 398 1813 suum
414 1793 540 1820 magnam
558 1785 675 1820 quisque
699 1786 889 1813 auctoritatem
914 1787 987 1814 obti-

198 1836 285 1863 iteret,
301 1831 447 1859 electiones
470 1832 562 1859 subito
577 1831 662 1858 factas
684 1839 746 1859 csse
768 1832 918 1866 putandum
932 1837 984 1864 cst.

199 1884 234 1904 ne
269 1884 346 1903 mora
378 1877 540 1905 tumultibus
565 1877 786 1912 factionibusque
812 1878 984 1905 occasionem

199 1923 341 1957 praeberet.
366 1922 483 1957 Indeque
510 1928 604 1950 natum
632 1931 735 1950 morem
763 1923 839 1950 illum
865 1924 985 1950 Alexan-

198 1969 286 1995 drinis
298 1973 373 1996 certe
387 1969 550 2004 peculiarem
566 1977 614 2003 par
627 1973 668 1996 est
684 1969 806 2001 credere,
823 1977 905 2004 quem
925 1977 984 1996 me-

198 2018 288 2041 tnorat
309 2013 451 2041 Liberatus
467 2015 494 2041 in
518 2014 656 2041 Brevia-rio
673 2023 679 2040 :
700 2014 866 2041 Consuetudo
880 2015 984 2049 quidem

199 2064 238 2086 est
259 2059 440 2092 Atezandrim,
462 2059 539 2086 illum
559 2060 603 2095 qui
624 2060 748 2095 defuncto
762 2061 888 2092 succedit,
905 2068 985 2087 excu-

199 2105 258 2131 bias
271 2113 350 2138 super
367 2105 485 2139 defuncti
498 2113 593 2140 corpus
608 2101 695 2140 agere,
713 2114 872 2140 manumque
893 2105 984 2132 dexte—

199 2159 258 2177 ram
277 2151 335 2186 ejus
353 2151 435 2185 capiti
459 2160 506 2178 suo
529 2153 672 2185 imponere,
692 2157 717 2178 et
743 2152 845 2186 sepulto
862 2152 983 2178 manibus

197 2197 253 2223 suis
270 2197 387 2231 accipere
409 2196 477 2222 collo
499 2205 548 2223 suo
569 2197 600 2225 Β.
623 2198 710 2224 Marci
725 2198 854 2232 pallium,
877 2202 902 2224 et
922 2203 983 2224 tunc

197 2241 313 2276 legitime
335 2242 432 2269 sedere.
459 2242 521 2269 Erat
545 2242 628 2278 igitur
642 2243 812 2270 Alexandria:
836 2251 935 2278 magna
953 2243 980 2269 in
999 2253 1019 2280 ι)

197 2287 322 2322 eligendo
336 2287 477 2321 episcopo,
491 2287 567 2322 pacis
583 2288 680 2322 gratia,
703 2287 853 2321 festinatio,
868 2293 895 2315 et
909 2288 983 2315 inso-

198 2333 245 2360 lita
260 2341 317 2368 pra:
331 2333 436 2360 honore
453 2331 483 2359 S.
510 2332 604 2366 Marci,
624 2333 652 2360 in
675 2334 794 2361 creando
808 2333 980 2362 caeremonia.

199 2379 251 2406 Sed
267 2379 449 2414 Hieronymus
472 2387 561 2413 neque
582 2379 691 2406 modum
711 2379 738 2406 in
752 2380 894 2412 electione,
909 2380 982 2415 quod

197 2423 232 2450 ad
247 2423 376 2459 suilragia
392 2423 499 2456 attinet,
517 2431 605 2458 neque
617 2425 793 2452 caeremonias
805 2425 831 2451 in
845 2425 984 2452 creatione

197 2469 344 2503 adhibitas,
365 2477 452 2504 neque
468 2469 514 2504 jus
531 2469 615 2496 ullum
631 2477 686 2504 pra:
697 2470 803 2498 caeteris
817 2471 983 2506 presbyterio

197 2517 292 2543 datum
312 2520 360 2543 aut
379 2523 541 2543 cortcessutn
565 2520 772 2549 commemorat,
790 2516 841 2543 nisi
858 2517 931 2552 quod
949 2525 980 2544 ex

198 2563 266 2597 ipsis
280 2563 314 2590 de
330 2562 401 2590 facto
412 2570 500 2597 usque
516 2562 549 2590 ad
569 2561 712 2590 Heraclam
735 2562 879 2597 episcopus
897 2563 981 2597 elige-

199 2613 286 2640 retur,
300 2613 328 2636 et.
340 2608 375 2635 ab
390 2609 456 2643 ipsis
471 2609 701 2643 promulgaretur.

234 2652 302 2681 Nam
324 2655 396 2689 quod
411 2653 543 2682 Seldenus
556 2654 774 2682 comminiscitur
788 2653 982 2690 Hieronymum

197 2708 318 2726 securum
334 2700 366 2727 de
379 2705 491 2735 tempore
504 2700 646 2727 Heraclam
657 2705 839 2733 anterertentc,
853 2701 982 2735 quoniam

198 2745 327 2780 cognovit
344 2746 449 2773 nullum
468 2746 495 2773 in
513 2745 633 2782 Egypto
651 2751 716 2773 ante
738 2751 861 2781 tempora
886 2746 982 2773 Deme-

199 2791 245 2817 trii
259 2792 416 2826 episcopum
442 2791 537 2824 fuisse,
563 2792 597 2818 ad
612 2792 736 2818 citeriora
761 2792 914 2818 descendere
935 2799 983 2817 no-

198 2837 279 2864 luisse
290 2843 422 2873 tempora:
437 2839 500 2873 quia
519 2839 562 2865 via:
573 2839 665 2873 forsan
675 2839 746 2865 credi
763 2838 890 2872 potuisset
907 2838 981 2864 ordi-

199 2882 331 2910 nationem
345 2883 547 2911 oatriarcltalem
557 2903 566 2918 ,
582 2889 721 2918 postquam
742 2883 866 2917 episcopi,
885 2883 979 2910 saltem

1045 274 1144 309 [uetant
1155 283 1221 305 esse,
1237 275 1394 308 conjectura
1413 275 1492 309 plane
1503 279 1545 302 est
1555 275 1631 301 omni
1644 273 1852 301 verisimilius

1044 321 1108 348 dine
1120 321 1261 348 destituta.
1275 320 1354 354 Nam,
1369 321 1477 348 etiamsi
1493 320 1700 348 ordinationem
1719 319 1853 355 patriar

1043 368 1160 400 chalem,
1170 376 1232 395 cum
1249 369 1276 395 in
1285 367 1402 404 ,κερ-μεθ
1413 368 1504 403 plures
1516 368 1639 403 episcopi
1653 371 1775 398 essent,
1798 365 1853 392 sitm

1042 415 1178 450 episcopis
1194 415 1292 442 factam
1299 423 1360 442 esse
1373 416 1463 442 credet
1479 422 1569 447 nemo,
1582 415 1645 449 quis
1661 419 1769 440 tamen
1785 419 1853 447 pra:

1043 461 1136 494 stabit,
1150 461 1315 496 Hieronymo
1327 466 1421 487 notum
1434 460 1530 492 fuisse,
1541 465 1604 488 ante
1616 460 1764 487 Demetrii
1784 464 1853 485 tem

1042 515 1110 543 pora
1125 508 1230 534 nullum
1246 508 1274 534 in
1289 507 1407 543 Egypt»
1420 513 1520 542 praeter
1535 507 1646 534 unicum
1668 505 1854 533 Alexandri

1043 563 1109 582 num
1123 554 1261 582 exstitisse
1275 555 1432 589 episcopum
1444 554 1455 580 ?
1466 553 1617 589 Eutychius
1632 553 1780 580 omnium
1796 551 1854 586 μή

1043 610 1105 630 mus
1117 603 1170 629 hoc
1189 601 1342 637 prodidisse
1361 601 1589 635 deprehenditur,
1605 608 1621 626 a
1648 607 1711 634 quo
1740 598 1847 626 Hiero

1042 656 1142 683 nyntus
1156 649 1226 676 idem
1242 648 1348 675 discere
1375 655 1429 674 non
1456 646 1554 681 potuit.
1578 646 1635 674 lmo
1657 646 1729 681 quis
1750 645 1854 672 credet

1042 694 1250 731 Hieronymum,
1261 695 1283 721 si
1294 695 1344 721 hoc
1356 693 1537 726 novissct,vel
1551 694 1573 720 si
1583 693 1665 719 fando
1682 692 1855 726 aliquandi.

1041 743 1208 776 audivisset,
1239 742 1264 768 id
1281 742 1315 768 ab
1329 741 1445 776 Evagrio
1466 741 1556 768 celare
1573 741 1700 768 voluisse
1730 741 1763 767 in
1800 740 1855 766 hoc

1041 794 1213 824 argumento,
1226 788 1298 823 quod
1315 787 1401 822 magis
1411 786 1445 814 ad
1459 787 1646 814 exornandam
1662 787 1826 821 presbyth
1837 786 1855 811 ii

1040 836 1199 871 dignitatem
1225 836 1312 862 multo
1338 835 1465 863 fecisset?
1487 834 1580 869 Neque
1594 834 1678 870 igitur
1697 832 1855 867 Hierony-

1041 890 1103 910 mus
1118 883 1152 909 de
1165 882 1204 909 rei
1214 882 1277 916 jure
1294 882 1444 916 quidquam
1458 882 1579 916 scripsit,
1594 888 1686 915 neque
1711 880 1751 906 de
1770 879 1853 907 factu

1041 935 1148 966 tempus
1162 935 1218 958 tam
1232 930 1389 966 scrupulose
1416 929 1553 960 limitavit,
1577 928 1624 956 sed
1633 927 1852 954 tantummodo

1039 978 1160 1005 veterem
1177 977 1324 1011 quamdam
1334 976 1520 1008 traditionem,
1532 983 1615 1010 quam
1631 982 1647 1001 a
1662 974 1772 1001 nescio
1789 981 1851 1008 quo

1039 1029 1193 1059 acceperat,
1210 1024 1278 1051 satis
1290 1024 1407 1050 obscure
1417 1022 1571 1057 descripsit,
1584 1026 1612 1049 et
1625 1021 1660 1049 ad
1677 1021 1850 1048 retunden-

1039 1071 1102 1098 dam
1127 1070 1305 1097 diaconorum
1329 1070 1511 1104 quorumdam
1537 1068 1669 1096 Romana:
1685 1067 1850 1098 ,Ecclesiz

1040 1116 1213 1143 insolentiam
1229 1117 1382 1151 usurpavit.

1073 1161 1167 1196 Neque
1178 1162 1265 1197 magis
1279 1161 1457 1197 Eutychiante
1471 1161 1622 1188 narrationi
1649 1161 1780 1188 alterum
1797 1161 1845 1188 di-

1039 1208 1195 1235 stinctionis
1210 1208 1365 1234 membrum
1392 1199 1559 1242 respondet;
1575 1207 1733 1243 Eutychius
1759 1210 1845 1236 enim

1040 1263 1095 1282 non
1107 1254 1140 1281 de
1152 1253 1215 1289 jure
1227 1254 1358 1289 disputat,
1373 1255 1419 1281 sed
1435 1255 1468 1281 de
1477 1253 1558 1286 [δραι.
1576 1255 1609 1281 de
1622 1262 1700 1281 more
1714 1255 1846 1287 scilicet,

1039 1306 1122 1335 atque
1139 1301 1283 1328 duratione
1300 1306 1327 1328 et
1347 1301 1532 1336 exspiratione
1544 1301 1603 1336 ejus
1614 1321 1622 1333 .
1647 1309 1734 1336 quam
1751 1304 1844 1328 attri-

1039 1347 1099 1375 buit
1113 1347 1202 1375 edicto
1216 1348 1365 1375 Alexandri
1383 1348 1555 1382 patriarchae.
1570 1347 1661 1382 Neque
1682 1348 1781 1381 desiit,
1798 1349 1845 1374 in-

1038 1394 1107 1429 qait,
1119 1403 1174 1422 mos
1189 1394 1233 1420 ille
1245 1394 1455 1428 presbyterorum
1465 1393 1635 1421 Alexandritc
1648 1394 1842 1421 constituendi

1038 1439 1219 1474 patriam/mm
1243 1446 1275 1466 ex
1290 1439 1324 1466 iis
1338 1439 1476 1466 duodecim
1502 1440 1660 1474 presbyteris
1683 1447 1771 1474 usque
1803 1439 1840 1464 ad

1040 1491 1140 1520 tempus
1154 1485 1311 1512 Alexandri.
1322 1484 1391 1512 Male
1403 1490 1493 1512 autem
1505 1486 1583 1512 docet
1598 1485 1734 1512 Seldenus
1750 1484 1840 1519 Euty-

1039 1534 1132 1561 chiutn
1143 1533 1282 1560 decretum
1299 1532 1455 1560 Alexandro
1464 1532 1593 1563 tribuere,
1603 1533 1678 1567 quod
1692 1540 1709 1559 a
1717 1531 1838 1558 Nicaauo

1000 1581 1022 1610 ϐ
1038 1581 1157 1608 concilio
1185 1579 1288 1607 factum
1315 1584 1368 1613 est,
1397 1587 1504 1607 canone
1528 1585 1643 1614 quarto;
1674 1579 1836 1615 Eutychius

1037 1628 1111 1655 enim
1125 1627 1207 1655 tradit
1227 1627 1423 1659 Alexandrum,
1454 1635 1509 1654 non
1538 1631 1643 1653 tantum
1671 1627 1835 1654 instituisse

1037 1675 1204 1702 creationem
1232 1674 1395 1709 patriarcha:
1418 1681 1466 1708 per
1490 1673 1646 1708 episcopos,
1677 1673 1726 1701 sed
1742 1674 1833 1700 etiam

1036 1721 1196 1749 electionem
1210 1729 1243 1748 ex
1255 1721 1317 1748 aliis
1334 1728 1418 1756 quant
1433 1720 1626 1747 Alexandrinis
1645 1720 1831 1755 presbyteris,

1036 1769 1069 1796 de
1079 1776 1134 1803 qua
1157 1776 1186 1795 re
1199 1767 1267 1794 nihil
1291 1768 1373 1794 habet
1385 1775 1474 1795 canon
1500 1767 1545 1794 ille
1569 1766 1715 1793 Niczenus:
1737 1773 1832 1800 neque

1037 1819 1109 1842 recte
1122 1815 1245 1849 conjicit,
1259 1822 1392 1842 canonetn
1421 1815 1497 1840 illum
1525 1821 1559 1841 ex
1573 1819 1637 1841 voto
1662 1813 1830 1843 Alexandri,

1035 1866 1084 1889 aut
1095 1869 1170 1888 more
1186 1861 1231 1887 illo
1241 1861 1425 1888 Alexandrino
1441 1865 1531 1887 ortum
1545 1859 1691 1892 habuisse;
1713 1858 1830 1886 millium

1035 1909 1108 1935 enim
1128 1907 1307 1935 dubitandum
1318 1912 1361 1935 est
1375 1907 1441 1942 quin
1453 1907 1557 1942 primus
1576 1914 1678 1939 canon,
1693 1907 1742 1940 qui
1755 1906 1829 1932 dici-

1035 1961 1081 1982 tur
1098 1955 1277 1990 apostolicus,
1291 1955 1338 1982 diu
1351 1960 1414 1982 ante
1435 1955 1511 1981 illum
1529 1961 1663 1981 canonem
1682 1952 1828 1979 Nicaeoum

1035 2004 1161 2032 conditus
1173 2003 1222 2030 sit:
1247 2003 1409 2034 Ἐπίσκοπος
1426 1999 1631 2037 χειροτονείσθω
1645 2001 1701 2027 ὑπὸ
1712 2000 1828 2026 ἐπισκό-

1035 2059 1094 2077 πων
1103 2050 1150 2076 δύο
1165 2050 1181 2085 ἢ
1199 2049 1292 2085 τριῶν.
1307 2049 1392 2075 Nemo
1401 2050 1484 2081 cnitn,
1499 2053 1643 2083 postquam
1659 2046 1764 2074 Nicazni
1774 2046 1829 2074 Pa-

1024 2099 1090 2126 'tres
1104 2104 1158 2126 tres
1172 2099 1316 2132 episcopos
1340 2098 1373 2124 ad
1398 2097 1596 2124 ordinationem
1623 2096 1827 2130 postulassent.

1033 2147 1103 2174 duos
1118 2145 1242 2173 suilicere
1257 2145 1381 2172 dixisset.
1408 2144 1478 2177 Quid
1495 2144 1568 2178 quod
1589 2151 1653 2178 pars
1667 2143 1773 2171 decreti
1792 2144 1828 2170 ab

1033 2192 1188 2219 Alexandro
1212 2190 1296 2223 facti,
1322 2198 1372 2218 nec
1398 2191 1432 2217 ad
1447 2197 1579 2217 canonem
1605 2188 1750 2216 Niczenum
1770 2190 1827 2216 ullo

1034 2239 1115 2266 modo
1126 2238 1274 2273 pertinens,
1289 2237 1410 2264 maxime
1422 2236 1539 2263 notanda
1552 2235 1597 2268 sit,
1610 2235 1686 2270 quod
1698 2236 1826 2262 videatur

1034 2284 1197 2319 restringere
1221 2292 1326 2311 morem
1345 2283 1489 2318 antiquum
1506 2283 1540 2310 de
1557 2282 1685 2317 eligendo
1705 2283 1824 2316 patriar-

1033 2331 1084 2358 cha
1097 2338 1150 2358 non
1161 2330 1195 2357 ad
1207 2330 1366 2358 electionem
1381 2338 1396 2356 a
1408 2329 1583 2364 presbyteris,
1596 2328 1643 2355 sed
1655 2336 1689 2355 ex
1707 2328 1824 2363 presby-

1034 2377 1099 2404 teris
1111 2376 1223 2408 factam,
1236 2376 1270 2403 de
1285 2384 1337 2411 qua
1353 2375 1387 2402 ad
1404 2375 1486 2402 verba
1503 2374 1660 2410 Hieronymi
1688 2374 1822 2402 diximus.

1032 2423 1182 2457 Antiquum
1193 2423 1265 2449 enim
1280 2430 1382 2449 merent
1395 2422 1511 2450 desiisse
1520 2421 1611 2454 tradit,
1623 2429 1658 2448 eo
1669 2422 1747 2456 quod
1761 2422 1824 2448 Ate-

1033 2471 1137 2497 xander
1150 2470 1262 2496 decrevit
1277 2474 1316 2502 ut,
1340 2475 1447 2496 vacante
1471 2469 1667 2503 patriarchatu,
1696 2469 1821 2504 eligerent

1031 2524 1063 2543 ex
1074 2524 1227 2551 quacunque
1239 2515 1343 2542 tandem
1363 2516 1477 2550 regione,
1486 2517 1540 2542 sive
1559 2524 1592 2542 ea:
1610 2516 1753 2542 duodecim
1768 2516 1821 2543 illis

1032 2559 1329 2595 prcsbytcris,sivculiis
1342 2561 1428 2586 virum
1439 2560 1553 2595 aliquem
1564 2561 1705 2593 eximium,
1717 2570 1820 2596 perspe-

1032 2613 1081 2634 cta:
1092 2607 1244 2642 probitatis,
1255 2615 1364 2642 eumque
1376 2608 1557 2642 patriarcham
1571 2613 1706 2634 crearent.
1718 2608 1819 2635 Electio

1033 2653 1115 2689 igitur
1127 2653 1178 2680 viri
1189 2653 1343 2688 cujuspiam
1363 2653 1475 2686 eximii,
1503 2659 1653 2688 perspecta:
1674 2656 1818 2689 probitatis

1032 2699 1174 2733 antiquum
1190 2707 1294 2726 morem
1309 2699 1465 2731 evacuavit;
1489 2707 1544 2734 quo
1564 2705 1707 2734 spectasse
1722 2702 1816 2728 viden-

1032 2749 1076 2772 tttr
1089 2745 1133 2772 illa
1155 2745 1411 2780 pseudo-Ambrosii
1436 2746 1464 2772 in
1479 2754 1539 2781 cap.
1565 2746 1582 2773 4
1601 2747 1635 2773 ad
1664 2746 1813 2782 Ephesios:

1032 2790 1149 2826 Denique
1175 2791 1245 2826 apud
1267 2791 1413 2826 Egyptum
1436 2792 1579 2826 presbyteri
1605 2794 1779 2828 consignant,
1794 2795 1816 2819 κ’

1031 2845 1145 2871 presens
1169 2845 1222 2864 non
1243 2838 1277 2865 sit
1301 2839 1447 2872 episcopus.
1470 2837 1522 2865 Sed
1546 2839 1609 2873 quia
1623 2846 1817 2874 rteperuntse-

1031 2887 1137 2916 quentcs
1150 2884 1292 2918 presbyteri
1303 2885 1403 2918 indigni
1417 2885 1528 2912 inueniri
1538 2885 1573 2912 ad
1582 2886 1714 2914 primatus
1723 2889 1814 2911 tenens
