1866 3073
60 122 105 150 2'39

427 124 451 152 J.
470 123 649 152 PEARSONll
667 123 828 152 VlNDICle
847 123 1055 151 ΙΟΝΑἸΊΑΝᾸΞ.
1073 139 1107 145 -
1126 123 1216 152 PARS
1236 124 1255 152 l.

1645 120 1696 146 εδ(

60 186 109 216 tas,
123 185 274 211 immutata
287 191 333 212 est
355 186 430 218 ratio,
446 186 618 220 prospiciente
630 187 751 219 concilio,
768 191 856 213 utnon
873 187 896 215 Α
944 185 1014 219 Quid
1048 172 1152 220 prater.
1163 186 1325 213 electionem
1350 185 1499 221 presbyteri
1528 184 1699 213 Alexandria:

59 230 126 262 ordo,
137 231 183 257 sed
197 231 339 258 meritum
351 236 449 258 crearet
459 231 607 266 episcopum
616 232 760 258 multorum
772 240 860 259 sacer-

59 276 257 311 dotumjudicio
276 279 471 309 constitutum,
483 286 514 304 ne
526 278 650 313 indignus
674 283 767 305 temere
781 286 860 305 usur-

58 327 133 354 paret,
149 328 261 350 etesset
277 324 379 351 multis
393 324 560 350 scandalum.

87 369 137 396 Sed
149 378 346 405 quaecunque
360 370 394 398 sit
412 370 483 397 inter
499 369 694 406 Hieronymum
725 375 752 398 et
776 371 859 407 Euty-

57 416 143 444 chitnn
169 416 385 451 discrepantia,
408 425 441 444 ex
454 424 560 444 summa
574 417 612 444 rei
627 417 662 444 ita
680 417 801 452 disputat
818 418 859 444 vir

57 461 232 488 doctissimus
243 469 251 487 ε
273 461 405 497 lgnatius
415 468 492 498 negat
505 464 562 490 sine
573 464 694 497 episcopo
713 464 858 498 quidquam

58 505 216 539 faciendum.
241 506 333 540 Apud
347 507 535 534 Alexandriam
546 508 701 542 presbyteri,
726 508 781 534 sine
804 509 859 541 epi-

57 559 139 584 scopo,
169 560 221 577 non
246 556 362 579 tantum
386 554 576 588 presbyterum,
600 554 644 580 sed
668 554 758 585 etiam,
788 554 856 588 quod
881 563 885 566 ”

59 598 414 631 maximum,patriarclmm
431 600 544 634 faciunt.
573 599 690 626 Nescirit
715 608 775 634 ergo
796 600 858 626 Ale—

58 644 167 669 a’andria
194 645 375 671 contrarium
401 654 479 672 usum
516 655 571 673 esse
590 654 647 672 vere
670 646 855 680 apostolicum.

60 687 189 724 ignotium
203 698 270 725 ergo
285 692 459 725 epistolicum
472 698 563 719 nolunt
579 701 630 719 non
646 693 748 720 habuit.

91 734 255 770 Respondet)
270 737 378 771 primo,
393 737 594 765 Hammondum
615 742 740 765 nostrum
756 739 854 766 disser.

59 779 84 809 5,
97 787 154 814 cap.
172 780 217 811 10,
241 781 313 808 huic
332 782 384 816 ipsi
396 788 558 817 argumento
574 791 589 809 a
603 783 743 810 Blondcllo
758 792 791 811 ex
806 784 857 811 Eu-

60 825 135 858 tychii
151 827 317 854 Annalibus
329 828 474 862 desumpto
490 836 544 855 non
561 829 655 863 paucis
670 829 852 864 respondisse,

62 871 91 897 ad
105 880 163 906 qum
181 873 254 900 nihil
288 874 338 901 hic
363 875 471 909 reponit
488 875 614 902 Dallaeus.
641 875 728 908 Quam
754 876 855 903 silentii

62 924 164 950 capsam
177 918 316 946 habuerit
328 940 336 952 ,
356 920 466 950 nescio:
491 920 659 955 diligentiam
686 922 781 948 saltem
796 922 856 956 ejus

61 962 158 988 solitam
173 963 218 990 hic
230 964 446 993 desideramus.
459 965 621 1001 Respondeo
633 967 765 999 secundo,
776 976 855 995 usum

63 1007 127 1034 hunc
139 1009 366 1038 Alexandrinum
381 1033 388 1044 ,
400 1013 491 1046 qualis
504 1014 594 1048 qualis
622 1013 682 1045 l'uit,
715 1022 768 1040 non
794 1022 856 1042 esse
877 1029 879 1031 ι

61 1052 203 1088 disciplinae
214 1055 375 1089 lgnatiana!
393 1058 461 1085 adeo
477 1059 659 1092 contrarium,
673 1064 700 1086 et
711 1067 742 1086 ex
752 1060 856 1087 diame-

65 1104 102 1124 tro
114 1102 284 1135 oppesitutu,
307 1108 339 1130 ttt
364 1104 427 1130 inde
443 1105 580 1139 ignoratio
599 1105 695 1139 lgnnlii
719 1106 855 1140 epistolici

64 1145 144 1181 tolligi
159 1148 260 1181 possit.
282 1148 413 1176 Obtinttit
429 1150 501 1176 enim
519 1150 546 1177 in
562 1151 706 1178 vacatione
728 1151 812 1183 sedis,
829 1155 856 1178 et

68 1191 97 1218 ad
110 1193 270 1221 electionem
286 1199 340 1222 aut
355 1196 552 1229 promotionem
569 1202 674 1223 tantum
689 1207 693 1223 l
708 1202 795 1232 pectat
809 1206 815 1224 :
829 1202 856 1224 at

67 1237 96 1263 de
107 1239 244 1267 vacatione
273 1241 354 1268 sedis
366 1262 374 1273 ,
391 1241 425 1267 de
447 1242 591 1274 electione,
610 1248 657 1269 aut
683 1243 854 1277 proutotione

71 1285 176 1320 episcopi
195 1287 265 1314 nihil
280 1288 396 1323 scripsit
409 1288 538 1322 lgnatins.
553 1289 712 1324 Alloquitur
723 1290 852 1324 populum

70 1330 255 1366 Christianum,
264 1342 389 1368 euntque
401 1334 433 1360 ad
450 1335 632 1361 obedientiam
644 1335 781 1370 episcopis
795 1337 853 1364 suis

73 1377 116 1404 sibi
134 1381 286 1414 prmpositis
300 1381 485 1415 prmstandam
508 1381 653 1414 hortatur,
678 1387 705 1410 et
728 1383 795 1410 nillil
825 1384 852 1410 in

72 1423 253 1453 ecclesiasticis
272 1426 395 1460 negotiis
414 1426 473 1454 sine
502 1427 556 1454 illis
572 1428 706 1462 agendum
734 1435 827 1456 monet
843 1439 850 1462 ;

75 1469 138 1501 quid,
152 1472 281 1506 episcopo
296 1473 442 1506 defuncto,
457 1473 611 1500 faciendum
621 1475 666 1506 sit,
683 1475 795 1502 minime
803 1476 852 1503 do-

75 1517 117 1538 cet.
131 1515 283 1551 Alloquitur
297 1525 350 1546 eos
364 1519 397 1545 ad
412 1526 482 1553 qttos
500 1519 596 1546 scribit
613 1520 646 1547 de
661 1520 796 1555 episcopis
809 1522 850 1548 vi-

76 1561 196 1596 rentibus,
210 1571 264 1593 non
280 1565 319 1592 de
332 1565 458 1598 mortuis,
474 1566 508 1592 de
519 1566 588 1598 suis,
605 1573 658 1592 non
684 1566 717 1593 de
743 1567 850 1595 alienis.

76 1603 187 1640 Seipsutn
212 1611 280 1637 satis
299 1611 419 1645 explicat
448 1610 569 1645 Epistula
586 1612 620 1638 ad
648 1611 850 1647 Smyruenses:

80 1649 162 1680 Nullus
182 1656 236 1683 sine
267 1658 394 1692 episcopo
422 1658 524 1692 aliquid
548 1663 669 1692 operetur
686 1667 777 1685 eorum
791 1668 850 1695 qua:

75 1701 212 1728 conveniunt
225 1703 261 1728 arl
272 1703 436 1734 Ecclesium,
456 1705 529 1730 verbi
544 1705 641 1738 gratia,
653 1705 702 1731 illa
715 1705 794 1739 ﬁrma
805 1706 852 1732 de-

78 1748 137 1768 unnn
159 1747 324 1774 eucharistia
353 1754 487 1782 reputemr
501 1768 508 1780 ,
528 1757 586 1783 qua:
603 1749 651 1775 sub
666 1750 723 1783 ipso
748 1755 795 1782 est,
812 1751 851 1778 uel

78 1795 143 1820 illam
155 1793 239 1827 utique
253 1795 314 1829 ipse
326 1797 491 1822 concesserit.
523 1795 582 1821 Non
602 1796 705 1822 licitum
732 1802 771 1823 cst
794 1797 850 1824 sine

77 1834 181 1867 θΡίποΡο
190 1847 269 1874 neque
288 1841 436 1874 baptizare,
459 1849 539 1875 neque
551 1849 652 1875 agapen
672 1842 778 1876 facere;
797 1843 849 1870 ltoc

79 1883 122 1908 εκ.
136 1882 214 1910 ollicia
232 1886 328 1913 divina
340 1894 395 1913 non
410 1893 475 1914 sunt
499 1887 525 1913 in
552 1886 673 1914 Ecclesia
696 1889 849 1923 peragenda

81 1922 264 1964 sineepiscopo,
276 1937 328 1958 aut
342 1932 404 1966 ejus
415 1932 605 1960 concessione.
620 1932 658 1960 lta
668 1922 848 1968 Polycarputu

81 1970 217 2014 fblmpum
232 1982 340 2010 monet,
358 1983 386 2005 ut
401 1978 468 2004 nihil
480 1979 539 2006 sine
561 1979 696 2007 sententia
716 1980 776 2014 ejus
792 1980 847 2008 liat.

83 2012 111 2042 Ut
121 2023 199 2046 autem
215 2021 273 2050 haac
289 2023 441 2050 admonitio
464 2023 616 2059 Polycarpo
634 2025 696 2052 data
724 2012 849 2059 spectare

85 2068 216 2097 "0"P0tuit
229 2069 263 2096 ad
279 2075 324 2099 ea.
344 2076 406 2103 quae
431 2069 489 2104 ipso
501 2075 611 2097 mortuo
633 2070 660 2097 in
689 2077 849 2098 successore

84 2106 250 2141 constituendo
264 2115 422 2150 peragenda
438 2120 540 2146 essent,
552 2116 589 2142 ita
600 2123 650 2142 ttec
669 2116 790 2150 reliquae.
819 2115 847 2143 Si

84 2156 241 2186 extendantur
264 2160 351 2187 verba
364 2159 461 2195 lguatii
485 2161 556 2188 ultra
571 2170 652 2189 suum
679 2163 847 2198 propositum

909 231 1038 266 episcopo
1064 232 1242 264 contulerint,
1272 232 1405 259 incertum
1425 235 1481 258 est:
1504 230 1537 258 In
1561 231 1699 258 excelsiori

909 278 994 312 gmdu
1023 278 1183 305 collocatum
1214 279 1365 312 episcopum
1393 277 1577 309 nominabant,
1609 278 1699 312 inquit

910 322 1102 359 Hieronymus.
1118 323 1157 350 Ex
1177 327 1232 350 tam
1250 323 1424 357 generalibus
1438 323 1530 350 verbis
1542 322 1607 357 quid
1629 330 1699 357 prb

909 371 951 394 ter
962 367 1122 394 electionem
1136 368 1318 395 detertninate
1343 367 1445 394 factum
1461 368 1496 395 sit
1511 368 1624 402 intelligi
1642 375 1696 394 non

908 417 1007 446 potest.
1025 411 1174 448 Eutycltius
1189 413 1275 445 addit,
1293 413 1403 440 eosdem
1417 413 1500 447 capiti
1526 413 1586 447 ejus
1600 421 1698 441 manus

909 458 1085 492 imposuisse,
1108 459 1290 492 benedixisse,
1314 463 1342 486 et
1372 458 1556 493 patriarcham
1577 467 1696 487 creasse.

887 503 961 549 (Sed
988 503 1152 539 Eutycltium
1187 513 1221 532 ex
1251 512 1328 532 more
1363 505 1407 532 sui
1442 506 1534 533 saeculi
1575 507 1697 534 locuttntt

909 550 1008 582 fuisse,
1024 551 1141 578 dubitari
1158 559 1212 578 nott
1229 556 1327 586 potest.
1355 550 1522 579 Patriarchzc
1543 553 1618 580 enim
1642 554 1698 588 pri-

908 596 1001 628 nuevis
1020 595 1148 623 Ecclesim
1163 597 1354 624 Alexandrinae
1368 598 1539 632 temporibus
1561 599 1628 626 nulli
1655 591 1698 626 iit-

908 646 949 668 ter
974 641 1148 669 Christianos
1176 642 1262 671 fuere.
1294 644 1367 670 Idem
1389 648 1445 670 tttttt
1471 644 1504 671 de
1524 645 1697 679 imposidone

907 696 1047 718 manuum.
1061 693 1118 715 tum
1133 689 1166 716 de
1182 689 1369 716 benedictione
1389 690 1472 716 sentit
1500 689 1652 718 Salmasius
1668 691 1695 717 in

905 734 1043 769 Apparatu
1056 742 1065 760 :
1089 733 1168 764 Puto,
1184 734 1283 768 inqttit,
1298 734 1459 769 Eutycltinm
1475 735 1510 762 ad
1524 744 1599 762 suam
1630 740 1696 762 tcta-

907 785 958 806 tem
969 779 1121 814 respersisse,
1138 788 1191 815 qna
1204 780 1262 814 jam
1276 780 1307 806 ab
1325 780 1469 806 Alexandri
1483 788 1563 815 usque
1578 782 1696 814 patriar-

906 825 962 852 chw
990 830 1014 851 et
1042 824 1146 852 Nica'ni
1166 825 1270 851 concilii
1285 824 1444 860 temporibus
1456 826 1570 859 episcopi
1584 826 1694 860 imposi—

872 869 893 896 B
908 871 978 897 tione
995 879 1120 896 manuum
1144 873 1382 903 consecrabantur,
1407 877 1431 898 et
1455 871 1580 898 similiter
1600 872 1695 898 existi-

908 922 993 940 masse
1012 910 1117 949 quando
1141 915 1286 949 presbyteri
1311 916 1439 950 eligebant
1469 917 1619 950 episcopum
1646 916 1695 943 hoc

907 959 996 985 eodem
1010 960 1062 985 ritu
1079 967 1139 985 usos
1153 967 1217 986 esse.
1232 959 1335 985 Diserte
1351 965 1437 986 tamen
1450 959 1626 993 Hieronymus
1638 960 1695 986 sine

907 1005 1111 1036 consecratione,
1128 1004 1175 1030 hoc
1187 1009 1225 1031 est
1236 1003 1290 1030 sine
1304 1011 1428 1029 manuum
1442 1003 1618 1039 imposilione,
1635 1006 1693 1039 epi-

907 1058 1013 1084 scopum
1024 1050 1055 1076 dc
1066 1058 1092 1076 se
1106 1050 1213 1084 elegisse
1228 1055 1329 1076 narrat.
1347 1049 1485 1085 Quidquid
1505 1050 1588 1085 igitur
1614 1050 1692 1077 dile-

907 1095 943 1121 rit
958 1094 1141 1130 Hieronymus
1153 1095 1186 1122 de
1213 1095 1357 1126 electione,
1385 1096 1517 1130 quidquid
1544 1095 1694 1131 Etttycltius

907 1149 938 1168 ex
967 1141 1061 1168 eadem
1086 1141 1250 1174 traditione,
1272 1147 1301 1168 ut
1328 1142 1443 1174 volunt,
1470 1141 1503 1168 de
1520 1141 1693 1176 impositione

906 1194 1037 1213 manuum
1052 1186 1154 1219 addita,
1165 1194 1247 1220 quant
1262 1195 1294 1213 ex
1311 1187 1352 1213 sui
1372 1186 1464 1214 saaculi
1480 1195 1556 1214 more
1572 1191 1693 1214 tantum-

907 1232 989 1259 tttodo
1005 1232 1178 1267 excogitavit,
1193 1237 1219 1259 et
1239 1233 1404 1268 presbyteris
1423 1241 1565 1268 perperam
1586 1233 1692 1265 allixit;

905 1278 964 1305 ﬁeri
980 1283 1066 1313 potest
1080 1279 1171 1306 utalia
1184 1279 1293 1306 traditio
1303 1280 1385 1306 etiam
1401 1287 1464 1306 vera
1479 1280 1524 1311 sit,
1536 1288 1596 1314 qua:
1609 1280 1691 1307 etiattt

905 1329 975 1355 tum.
994 1332 1056 1352 cum
1071 1333 1104 1351 ex
1122 1325 1288 1360 presbyteris
1302 1325 1404 1353 electos
1418 1326 1503 1353 fuisse
1517 1326 1613 1353 volunt
1626 1325 1691 1352 Ilie—

905 1378 1037 1405 rottytnus
1052 1375 1079 1398 et
1103 1370 1264 1406 Eutychius,
1281 1371 1426 1406 episcopos
1442 1371 1642 1398 Alexandrinos
1657 1373 1692 1398 ab

903 1417 966 1444 aliis
981 1417 1123 1444 ordinatos
1136 1417 1222 1444 fuisse
1236 1417 1370 1452 perhibet.
1399 1417 1483 1444 Libro
1496 1418 1568 1444 enim
1584 1418 1691 1445 Consti-

904 1464 1036 1490 tutionum
1055 1462 1261 1498 apostolicarum
1279 1471 1328 1495 vn,
1344 1471 1404 1498 cap.
1421 1463 1467 1496 48,
1484 1463 1614 1498 legimus:
1637 1463 1691 1499 Τῆς

903 1510 932 1536 δὲ
955 1508 1150 1545 Ἀλεξανδρέων
1183 1509 1317 1541 Ἀννιανὸς
1341 1509 1448 1545 πρῶτος
1473 1509 1526 1536 ἀπὸ
1551 1509 1609 1544 (vel
1621 1509 1691 1545 ὑπὸ)

904 1556 1019 1591 Μάρκου
1041 1555 1234 1590 εὐαγγελιστοῦ
1257 1555 1495 1591 κεχειροτόνηται·
1513 1555 1636 1591 δεύτερις
1663 1556 1691 1582 δὲ

910 1603 1040 1634 ’Δὸιλλιος
1059 1601 1111 1628 ὑπὸ
1128 1603 1220 1629 Λουκᾶ
1236 1602 1282 1628 καὶ
1300 1602 1381 1628 αὑτοῦ
1398 1602 1602 1636 εὐαγγελιστοῦ.
1629 1602 1692 1628 Αιε.

902 1648 1043 1675 mandi-inre
1054 1647 1181 1674 Ecclesia:
1193 1648 1293 1682 primus
1311 1648 1429 1674 Atrianus
1441 1656 1456 1674 α
1469 1647 1560 1674 Marco
1579 1655 1690 1682 evange-

902 1694 965 1721 lista
981 1694 1119 1720 ordinatus
1133 1699 1189 1726 est;
1205 1694 1334 1720 secundus
1349 1698 1437 1720 autem
1451 1693 1553 1719 Abilius
1579 1701 1595 1719 a
1616 1692 1689 1719 Luca

902 1739 994 1765 itidem
1004 1739 1174 1774 evangelista.
1184 1738 1288 1771 Quarto
1296 1738 1443 1765 Domitiani
1459 1746 1532 1765 anno
1541 1759 1548 1771 ,
1565 1738 1592 1764 itt
1605 1737 1691 1765 Cltroo

902 1785 964 1812 nico
978 1784 1146 1820 Hieronymi,
1165 1784 1282 1817 Abilius,
1299 1790 1329 1812 ut
1345 1785 1403 1819 ipse
1417 1784 1486 1816 vult,
1500 1792 1533 1812 ex
1549 1784 1689 1819 presbyte-

901 1831 941 1857 ris
957 1831 1071 1864 electus,
1087 1832 1237 1858 secundum
1253 1830 1410 1858 Graecorum
1432 1829 1608 1857 traditionem
1622 1838 1637 1856 a
1657 1829 1686 1856 S.

901 1876 974 1904 Luca
991 1877 1134 1904 ordinatus
1146 1881 1198 1904 est.
1216 1876 1307 1903 Abilio
1321 1877 1416 1911 (quem
1431 1876 1540 1903 Melium
1552 1876 1688 1911 appellare

900 1923 1007 1950 videtur
1021 1928 1117 1950 auctor
1137 1923 1202 1950 Viue
1224 1922 1253 1948 S.
1273 1922 1359 1948 Marci
1372 1931 1537 1958 anonytuus,
1560 1930 1612 1949 non
1626 1925 1687 1948 tan-

901 1973 957 1996 tum
972 1970 1036 2004 quia
1054 1970 1082 1996 in
1094 1978 1174 1996 manu
1187 1969 1305 1996 exaratis
1333 1969 1466 1995 codicibus
1483 1968 1498 2004 β
1512 1972 1538 1995 et
1553 1977 1573 2003 μ
1593 1968 1686 1995 eadettt

899 2014 956 2042 iere
971 2016 1057 2050 tigura
1066 2016 1173 2050 pingere
1186 2023 1241 2042 mos
1253 2015 1315 2049 fuit,
1327 2020 1355 2042 ut
1370 2019 1448 2041 notat
1460 2014 1625 2043 lllondellus.
1639 2014 1686 2041 sed

899 2062 980 2088 etiant
997 2062 1069 2096 quod
1082 2070 1100 2096 η
1117 2066 1143 2088 et
1157 2071 1165 2087 ι
1177 2069 1210 2089 ex
1226 2061 1357 2088 allinitate
1370 2060 1604 2096 pronuntiationis
1616 2065 1687 2094 saepe

900 2107 926 2134 in
940 2115 1006 2135 mss.
1024 2108 1180 2142 promiscue
1196 2114 1380 2142 usurpentur:
1404 2115 1492 2142 neque
1506 2107 1619 2134 Latinus
1634 2106 1685 2133 Le-

899 2154 1041 2189 gendarius
1058 2162 1091 2182 ex
1104 2154 1195 2182 Abilio
1209 2154 1319 2181 Melium
1342 2154 1417 2186 fecit,
1445 2154 1492 2182 sed
1505 2174 1512 2186 ,
1528 2153 1634 2188 opinor,
1651 2153 1686 2179 ab

85 2198 151 2226 etiam
166 2203 196 2230 ad
207 2211 355 2240 episcopos
374 2206 488 2239 alienos,
511 2215 583 2242 quos
603 2208 648 2236 me
664 2213 754 2236 tamen
775 2218 847 2237 ηυη,
863 2209 885 2237 ι)
900 2200 1100 2235 antiquioribus
1125 2201 1161 2227 ita
1183 2201 1315 2235 scriptutn
1345 2200 1465 2233 invenit;
1480 2203 1552 2226 certe
1568 2198 1686 2225 Severus

87 2248 152 2275 quam
160 2252 283 2284 respexit,
300 2251 378 2284 illud,
396 2252 464 2279 nihil
477 2254 533 2280 sine
547 2255 668 2288 episcopo
686 2255 846 2289 Iaciendum,

88 2295 129 2336 fl?"
138 2299 216 2326 potest
224 2297 358 2332 applicari
375 2298 409 2325 ad
426 2299 587 2327 electionem
608 2300 693 2328 futuri
710 2302 846 2336 episcopi;

90 2333 109 2358 id
118 2337 176 2365 enim
190 2340 214 2368 in
231 2343 432 2371 vetustissimis
444 2345 568 2372 ecclesiis
586 2353 727 2380 nunquam
744 2346 845 2374 factum

89 2383 128 2411 εθιν
146 2388 171 2410 ιη
193 2393 242 2415 non
260 2388 323 2415 sine
339 2388 467 2424 episcopo
477 2390 637 2425 episcopum
659 2391 758 2426 eligere
772 2397 847 2419 tents

91 2429 172 2456 rentur.
185 2430 219 2458 An
235 2433 264 2460 id
274 2432 378 2460 dixisse
388 2433 510 2468 lgnatius
529 2435 689 2469 epistolicus
709 2435 845 2470 putandus

90 2473 204 2515 (ξειεδίηε
219 2479 350 2513 episcopo
379 2479 518 2506 nemiuent
548 2479 707 2515 episcopum
734 2479 846 2515 eligite?

93 2512 150 2545 QIIOd
163 2521 190 2548 ad
201 2512 360 2552 electionem
374 2525 457 2560 igitur
470 2512 578 2558 attinet,
594 2512 779 2553 ceriissimum
791 2531 843 2558 est,

93 2565 137 2588 ⁸³η)
146 2571 184 2598 Per
195 2570 366 2606 presby1eros
381 2570 422 2598 vel
433 2578 466 2598 ex
478 2571 645 2606 presbyteris
667 2571 766 2598 tactam
785 2571 845 2598 sine

94 2606 199 2652 Episcopo,
208 2622 260 2643 non
275 2615 363 2644 fuisse
376 2617 493 2644 consilio
509 2616 651 2652 lgnatiano
663 2616 842 2644 contrariam.

96 2648 219 2698 ubicunque
233 2662 303 2690 facta
316 2668 360 2690 est
381 2662 440 2690 sive
456 2670 505 2697 per
522 2648 713 2698 presbyteros.
729 2662 773 2689 vel
787 2661 844 2697 ple-

95 2695 149 2732 ‘m.
161 2704 206 2733 sire
224 2715 256 2736 ex
283 2708 464 2744 presbyteris,
485 2709 544 2735 sive
560 2716 593 2736 ex
609 2709 689 2740 aliis,
706 2708 764 2736 sine
785 2715 828 2742 ept

98 2749 157 2790 ξφβο
167 2755 262 2782 Omnino
273 2755 333 2782 ﬁeri
349 2754 448 2790 potuit.
467 2753 539 2782 Usus
555 2754 639 2790 igitur
659 2754 702 2782 hic
714 2754 843 2782 Ecclesia:

99 2787 242 2836 ἧξειιιιιιτίιιε
267 2801 295 2828 in
315 2787 442 2836 eliciendo
459 2787 588 2834 episcopo
603 2800 659 2827 dici
684 2807 737 2827 non
753 2803 842 2835 potest

101 2830 207 2872 minus:
219 2845 249 2875 ab
264 2830 374 2882 lguatib
387 2830 495 2873 tradita:
507 2830 675 2873 contrarius.

899 2253 932 2272 ex
945 2245 1131 2280 antiquiorum
1147 2245 1333 2273 monumentis
1356 2252 1419 2272 eum
1435 2243 1581 2271 Meliattum
1593 2247 1684 2274 vocat,

899 2299 979 2326 quem
993 2291 1038 2318 alii
1054 2291 1186 2324 Abilium,
1201 2291 1353 2327 Eutychius
1368 2289 1534 2322 Philetium)
1553 2288 1686 2315 successit

897 2337 1014 2370 Cerdon,
1027 2337 1062 2364 ad
1075 2337 1154 2372 cujus
1170 2337 1374 2364 ordinationem
1397 2339 1427 2362 ut
1444 2339 1471 2362 et
1491 2334 1607 2361 aliorum
1624 2338 1686 2367 post

897 2389 1005 2415 eum,et
1018 2388 1081 2411 ante
1095 2383 1274 2416 Demetrium,
1287 2382 1408 2417 episcopi
1423 2389 1454 2408 ex
1467 2388 1498 2407 ea
1514 2380 1623 2414 regione
1638 2386 1684 2405 ac-

897 2435 1050 2462 cesserunt,
1065 2435 1095 2457 ut
1109 2430 1192 2457 tradit
1211 2429 1339 2460 Severus,
1356 2429 1403 2464 qui
1415 2427 1530 2454 Arabice
1548 2425 1622 2453 Vitas
1636 2433 1684 2460 pa-

897 2475 1337 2503 triarcharumAlexandrinorum
1352 2473 1473 2508 scripsit,
1491 2472 1561 2506 apud
1576 2470 1684 2498 Eccltt-l-

895 2521 1009 2548 lensem.
1026 2520 1152 2548 Nondum
1167 2521 1251 2556 igitur
1265 2524 1348 2555 patet,
1373 2518 1547 2553 presbyteros
1564 2516 1683 2543 Alexan-

895 2566 962 2594 dria:
978 2567 1162 2602 patriarcham
1189 2566 1299 2598 fecisse,
1314 2564 1383 2600 quod
1410 2564 1556 2591 maximum
1577 2568 1627 2595 est,
1653 2565 1684 2589 ut

895 2613 984 2649 inquit
1009 2612 1146 2640 Dallaaus:
1175 2613 1261 2639 multo
1278 2612 1368 2638 minus
1395 2613 1480 2644 patet,
1509 2608 1682 2644 presbyteros

893 2660 1083 2696 presbyterum
1100 2659 1207 2692 fecisse,
1223 2659 1294 2693 quod
1308 2658 1366 2685 sine
1375 2656 1544 2692 Hieronymi,
1557 2655 1617 2683 sitte
1627 2654 1682 2681 Eu-

894 2705 988 2741 tychii,
1002 2705 1062 2732 sine
1075 2704 1229 2739 eujttspiam
1246 2703 1408 2730 auctoritate
1426 2702 1518 2729 tradit.
1548 2700 1682 2728 Seldenus

893 2752 1004 2786 quidem
1019 2759 1053 2778 ex
1070 2758 1102 2778 eo
1115 2749 1273 2785 Hieronymi
1287 2749 1346 2776 loco
1358 2749 1448 2783 palam
1459 2754 1520 2774 esse
1532 2746 1599 2777 vult,
1615 2745 1680 2780 legio

875 2800 876 2803 ‘
893 2797 987 2824 tintam
1002 2797 1066 2824 olittt
1080 2795 1246 2832 presbyteris
1262 2793 1456 2822 Alexandrinis
1466 2791 1610 2820 ordittattdi
1624 2795 1680 2816 tttnt

893 2842 1052 2878 episcoptim
1067 2840 1294 2875 Alexandrinum,
1306 2844 1364 2868 tum
1383 2837 1558 2874 presbyteros
1585 2834 1679 2863 saltem
