1866 3073
180 147 229 174 ETSI

694 149 721 176 S.
747 149 921 179 ICNATIUS.
939 150 1252 179 —PROLEGOMENA.

1774 151 1833 179 252

182 208 209 233 in
229 207 351 235 Ecclesia
366 207 549 236 Alexandrina
565 209 721 237 facultatem
747 211 868 238 habitam
892 219 971 244 esse;
988 219 1009 244 Α
1025 217 1049 238 et
1062 213 1188 242 matella;
1204 212 1370 246 itu-tropolim
1383 217 1474 238 autem
1488 211 1564 238 lmbrt
1592 211 1706 243 Tenues,
1734 215 1834 239 urbem

181 254 230 280 sed
242 253 383 288 quomodo
405 254 468 282 imle
483 255 574 289 colligi
594 256 691 290 possit,
709 264 765 284 non
779 257 870 285 docet.
892 258 973 286 Certe

181 298 366 335 Hieronymus
378 300 412 328 de
433 301 608 328 ordinatione
620 303 773 338 presbyteri
790 311 843 331 non
858 304 972 332 omnino

180 345 311 377 lonuitur,
327 345 380 373 hoc
399 351 451 378 est,
469 347 502 374 de
519 347 680 383 presbytero
696 356 744 383 per
771 349 971 377 ordinationem

179 393 262 424 facto,
275 391 331 418 imo
347 399 436 427 neque
449 393 482 420 de
495 393 669 421 ordinatione
679 395 834 430 enjuspiam
849 404 897 431 per
909 405 971 432 pre-

179 437 319 473 sbyterum
333 437 404 466 facta
414 446 448 466 eo
462 439 513 466 loci
531 439 643 475 intelligi
665 446 775 475 potest,
802 443 866 477 quia
887 443 969 470 verba

179 492 241 519 quae
262 485 385 520 proxime
406 490 578 520 sequuntur,
598 491 625 513 et
641 487 797 522 periocham
825 489 968 522 claudunt,

178 532 236 558 haec
252 535 330 558 sunt:
349 531 420 564 Quid
431 533 500 559 enim
513 533 590 567 facit,
599 540 707 568 excepta
720 534 898 568 ordinatione,
914 537 970 571 epi-

177 586 271 612 scopus
285 599 292 611 ,
314 579 384 614 quod
398 579 532 614 presbyter
550 588 602 606 non
626 581 713 615 facit!
723 581 763 608 Ad
785 583 969 618 quodcunque

178 624 250 651 enim
268 627 376 658 tempus
390 625 448 652 lucc
464 625 544 652 verba
562 626 727 658 referantur,
753 627 777 654 si
800 628 834 655 de
856 629 970 656 ordina-

177 669 252 697 tione
269 677 316 704 per
333 670 523 704 presbyterum
539 670 612 698 facta
627 672 736 700 locutus
744 671 853 706 fuisset,
866 673 912 701 hic
927 673 967 701 lo-

176 724 239 744 cum
263 717 364 744 habere
383 725 438 744 non
452 723 575 752 possent.

211 763 280 790 Cum
309 764 391 798 igitur
406 773 473 792 usus
485 765 530 792 ille
542 765 576 792 dc
600 765 735 793 electione
752 771 779 793 et
793 767 966 801 promotione

175 809 297 844 episcopi
319 810 508 842 Alexandrini,
528 811 618 845 qualis
631 811 721 846 qualis
747 811 840 842 fuerit.
857 813 967 848 (neque

177 856 250 882 enim
265 855 466 883 ordinationem
497 855 660 889 Salmasius,
690 865 779 892 neque
804 858 965 885 electionem

177 902 298 930 admittit
311 902 484 937 Blondellns)
501 904 567 930 nulli
592 903 674 931 eﬂ‘ato
703 903 844 939 lgnatiano
864 905 967 933 directe

176 955 350 984 opponatur,
365 955 392 977 et
415 954 552 984 supponat
566 950 650 977 etiam
678 951 802 978 eamdem
827 951 968 987 regiminis

176 995 293 1023 formam
305 995 476 1023 Alexandria:
489 996 523 1023 ab
531 996 610 1023 initio
619 1004 727 1031 semper
735 996 872 1029 ﬂoruisse,
884 1006 966 1033 quam

177 1042 294 1077 requirit
317 1047 343 1069 et
359 1041 453 1069 laudat
469 1042 609 1077 lgnatius;
626 1050 744 1078 cumque
771 1043 889 1071 durante
915 1045 968 1072 hoc

178 1096 241 1120 usu,
258 1088 309 1116 sub
324 1094 447 1124 tempora
465 1088 605 1122 Demetrii,
633 1087 775 1124 Origenes,
795 1090 968 1118 Alexandria:

177 1135 280 1162 schola:
287 1135 484 1162 celeberrimus
499 1134 660 1168 catechista,
670 1134 765 1170 lgnatii
778 1137 909 1171 epistolas
922 1145 968 1165 no-

177 1180 247 1207 verit
269 1181 512 1216 citaveritque;ex
526 1180 579 1208 hoc
600 1181 654 1208 ritu
674 1182 765 1216 colligi
791 1183 867 1209 nullo
884 1184 966 1211 modo

178 1231 279 1261 potest,
294 1226 430 1262 lgnatium
449 1227 623 1262 epistolicum
638 1228 688 1255 toti
710 1229 902 1258 Alexandrina
919 1229 967 1258 Ec-

177 1274 269 1302 clesiae
284 1275 393 1310 penitus
405 1275 528 1309 ignotum
546 1274 641 1302 fuisse.

214 1320 268 1348 Sed
280 1325 308 1348 et
319 1321 394 1348 aliud
408 1321 547 1356 quiddam,
561 1322 651 1356 inquit
671 1321 799 1355 Dallaaus,
813 1331 863 1350 non
879 1324 966 1351 minus

177 1366 299 1394 mirabile
314 1368 387 1394 docet
406 1367 567 1403 Eutychius,
583 1377 679 1404 nempe
697 1370 773 1395 annis
797 1377 812 1396 a
825 1369 917 1396 Marco
932 1371 966 1397 ad

177 1411 340 1439 Demetrium
354 1418 558 1448 preterpropter
573 1414 643 1447 1‘20,
656 1414 760 1441 nullum
780 1419 864 1442 totum
881 1414 966 1451 Αἰθυ-

177 1459 260 1485 utinm
275 1458 420 1486 Ecrlcsiam
434 1460 582 1495 episcopum
597 1466 692 1496 prteter
711 1469 791 1488 unum
804 1461 966 1489 Alexandri-

177 1512 240 1530 num
256 1504 385 1532 habuisse.
415 1504 492 1532 Unde
509 1506 549 1534 sic
571 1505 707 1541 disputat:
736 1506 860 1543 Ignatius
879 1516 967 1535 neces-

175 1552 278 1579 sarium
293 1560 348 1578 esse
359 1552 462 1586 definit,
479 1553 545 1580 nihil
558 1553 655 1588 absque
665 1554 785 1589 episcopo
800 1555 914 1589 operari.
930 1556 965 1582 At

177 1606 253 1625 omne
271 1598 447 1625 ministerium
473 1594 682 1626 ecclesiasticum
694 1603 791 1635 absque
803 1601 925 1636 episcopo
939 1602 967 1628 in

176 1643 298 1670 omnibus
316 1643 448 1679 Egypti,
473 1651 582 1679 excepta
606 1645 771 1672 Alexandria
785 1666 793 1678 ,
816 1647 966 1674 civitatibus

176 1690 212 1716 ad
227 1690 259 1716 A.
276 1689 305 1716 D.
318 1690 370 1717 190
379 1697 516 1725 peractum
528 1695 577 1718 est.
588 1691 752 1726 'At‘gyptiacu
775 1693 859 1727 igitur
872 1692 967 1721 Eccle-

178 1736 218 1762 sia
232 1735 368 1771 lgnatium
378 1736 546 1771 epistolicum
561 1746 613 1764 non
628 1738 710 1765 novit.

214 1781 378 1816 Respondeo
394 1783 494 1818 primo,
509 1783 634 1811 mirabile
646 1784 756 1819 quidem
779 1789 821 1812 est
833 1785 907 1820 quod
917 1785 967 1813 do~

176 1833 221 1855 cet
231 1826 393 1862 Eutychius,
412 1828 459 1856 sed
474 1828 497 1856 si
515 1836 611 1856 verum
628 1829 710 1856 etiam
725 1834 808 1861 esset,
826 1838 880 1857 non
905 1831 967 1858 inde

177 1878 349 1908 sequeretur,
376 1878 461 1902 totam
483 1873 672 1910 Egyptiacam
696 1874 847 1903 Ecclesiam
869 1877 967 1911 lgnatii

177 1919 309 1954 epistolas
331 1920 481 1954 ignorasse.
506 1920 608 1948 Omnes
627 1922 701 1948 enim
727 1921 856 1950 Ecclesia:
881 1922 966 1959 Egy-

178 1967 284 2001 ptiacze.
298 1967 355 1993 sive
365 1967 484 2002 aliquem
500 1968 657 2004 episcopum
669 1968 823 2002 habuerint,
837 1969 894 1996 sive
907 1970 968 1996 nnl-

176 2012 246 2044 lum,
259 2012 389 2046 subjecta:
409 2018 488 2040 erant
503 2013 634 2048 episcopo
660 2013 863 2047 Alexandrino;
880 2023 967 2050 neque

176 2057 232 2083 hoc
247 2061 328 2091 negat
345 2056 505 2092 Eutychius.
519 2057 640 2093 lguatins
651 2057 762 2093 quidem
775 2059 884 2090 asserit,
901 2059 966 2086 illud

177 2103 288 2130 demum
312 2104 494 2130 ministerium
514 2104 733 2132 ecclesiasticum
760 2109 836 2132 recte
862 2104 967 2139 peragi,

176 2148 252 2183 quod
267 2148 308 2175 vel
320 2149 372 2175 sub
386 2148 444 2183 ipso
461 2148 588 2184 episcopo
607 2149 647 2182 ιιι,
661 2149 704 2176 vel
725 2149 799 2184 quod
816 2149 876 2184 ipse
899 2157 967 2178 con-

178 2194 302 2222 cesserit.
321 2194 356 2221 At
384 2194 437 2222 hoc
451 2194 509 2222 lieri
525 2195 613 2230 potuit
636 2195 663 2222 in
682 2195 854 2231 Egyptiacis
878 2196 968 2223 eccle-

1026 266 1151 292 magnam
1165 263 1190 284 et
1206 257 1369 292 opulentam.
1384 278 1392 285 .
1405 278 1412 285 .
1427 277 1433 284 .
1448 277 1456 284 .
1480 257 1558 285 Vetus
1575 264 1666 285 autem
1683 258 1744 285 illic
1762 267 1834 285 con—

1023 306 1135 333 suetudo
1144 306 1290 333 etiamnum
1305 311 1412 339 manet,
1433 311 1462 334 ut
1478 307 1559 334 latius
1579 307 1666 342 gentis
1695 307 1834 334 ecclesias

1023 361 1091 380 unus
1107 358 1212 379 tantum
1224 357 1296 388 regat
1307 353 1454 387 episcopus.
1469 352 1532 379 Haec
1547 352 1722 379 Sozomemts
1739 351 1835 378 refert

1023 398 1057 425 ad
1077 406 1110 425 ea
1134 403 1266 433 tempora,
1280 399 1381 434 quibus
1395 398 1524 426 Vetranio
1539 398 1693 425 Tomorum
1709 399 1834 432 episco—

1021 448 1073 475 pus
1088 441 1150 473 l'uit.
1164 443 1212 477 qui
1226 441 1342 470 Nicaeum
1357 443 1454 478 synodi
1467 443 1619 470 doctrinam
1630 442 1833 477 amplecteba-

1022 493 1076 516 tur.
1100 488 1198 517 Plures
1223 494 1315 517 autem
1339 490 1462 518 ecclesim
1475 490 1501 516 in
1518 489 1630 525 Scythia
1646 495 1712 517 tunc
1731 489 1833 516 [uisse

1021 534 1159 567 videntur,
1173 542 1257 569 quam
1271 534 1383 562 fuerunt
1394 535 1421 562 in
1431 535 1548 570 [Egypto
1559 540 1622 562 ante
1635 534 1830 563 Demetrium.

1020 579 1088 607 Nam
1103 581 1263 616 quicunque
1275 582 1458 616 cogitaverit,
1474 589 1557 616 quam
1570 581 1830 616 superstitionibus

1020 627 1170 661 gentilibus
1184 635 1216 654 ea
1237 635 1304 662 gens
1318 627 1407 655 dedita
1439 627 1530 658 fuerit,
1555 633 1624 662 quot
1652 627 1827 655 Judteorum

1020 671 1105 698 millia
1114 671 1278 699 Christianae
1290 672 1414 707 religioni
1424 671 1529 699 infensa
1543 672 1599 699 illic
1615 671 1826 703 habitaverint,

1003 739 1005 741 .
1019 722 1149 752 quantam
1164 718 1325 746 seditionem
1339 719 1378 746 illi
1388 719 1439 746 sub
1451 718 1570 752 Trajano
1583 719 1609 745 in
1623 718 1720 753 Libya,
1730 717 1827 752 Egy-

1018 768 1065 797 pto
1083 767 1111 790 et
1128 763 1309 797 Alexandria,
1327 763 1432 800 Cyrene
1445 769 1474 791 et
1484 764 1633 797 Thebaide,
1651 768 1718 791 teste
1731 763 1825 790 Ense-

1019 809 1075 841 hio,
1092 809 1285 842 cxcitaverint,
1297 818 1436 845 quamque
1451 815 1507 837 tota
1523 809 1607 844 Libya
1632 815 1694 836 tunc
1706 830 1714 843 ,
1730 810 1823 837 inter-

1019 856 1096 890 fectis
1111 855 1270 888 cultoribus,
1281 856 1403 883 desolata
1414 857 1459 888 sit,
1473 862 1501 883 ut
1510 857 1561 883 nisi
1573 861 1664 891 postea
1677 857 1821 884 Adrianus

1021 901 1167 936 imperator
1180 901 1305 929 collectas
1318 902 1383 928 illuc
1397 902 1504 929 aliunde
1516 902 1634 929 colonias
1648 901 1819 933 deduxisset,

1018 955 1102 974 vacua
1115 948 1221 982 penitus
1237 953 1322 982 terra,
1334 949 1432 976 abroso
1447 949 1598 976 habitatore
1613 953 1768 981 manasset,
1787 953 1820 975 ut

1019 992 1104 1020 refert
1114 993 1241 1026 Orosius,
1255 993 1335 1022 facile
1347 995 1512 1027 consentiet,
1521 994 1615 1029 plures
1629 995 1656 1022 in
1668 995 1819 1030 provincia

1020 1039 1139 1076 Scythiae
1153 1040 1327 1068 Christianos
1342 1040 1427 1069 fuisse
1439 1042 1491 1069 sub
1507 1041 1630 1074 Valente,
1652 1049 1736 1076 quam
1753 1041 1818 1068 fue-

1019 1090 1081 1113 rant
1093 1091 1157 1113 ante
1177 1090 1300 1121 tempora
1316 1086 1447 1114 Demetrii
1465 1088 1492 1114 in
1508 1087 1672 1123 Egyptiaca
1684 1087 1815 1116 dioecesi.

1017 1131 1087 1159 Cum
1103 1131 1176 1159 enim
1190 1131 1292 1160 Valens
1305 1132 1500 1160 Vetranionem
1518 1134 1678 1168 episcopum
1694 1133 1722 1161 in
1736 1134 1816 1161 exsi-

1018 1177 1085 1204 lium
1099 1177 1199 1204 abduci
1217 1177 1356 1212 jussisset,
1380 1179 1415 1206 ab
1433 1179 1560 1206 instituto
1575 1179 1690 1211 destitit,
1705 1186 1741 1206 ne
1756 1183 1817 1206 bota

1018 1223 1062 1250 illa
1077 1223 1219 1258 provincia
1235 1224 1365 1258 episcopo
1386 1224 1508 1259 subjecta
1531 1225 1713 1253 defectionem
1729 1225 1815 1252 moli-

1019 1274 1103 1297 retur.
1130 1269 1199 1297 Huic
1215 1269 1386 1303 Vetranioni,
1408 1271 1517 1306 opinor,
1537 1272 1671 1299 successit
1697 1270 1813 1298 Theoti—

1018 1323 1096 1348 mns,
1114 1315 1231 1350 Scythia:
1257 1316 1279 1343 Τ
1281 1325 1400 1343 amorum
1414 1313 1566 1352 episcopus,
1588 1318 1635 1352 qui
1656 1319 1684 1345 in
1712 1326 1813 1344 morem

1018 1363 1184 1398 dialogorum
1195 1370 1219 1390 et
1236 1365 1329 1390 veteris
1342 1363 1498 1399 eloquentia
1514 1363 1601 1390 breues
1624 1364 1813 1390 catum/uicos-

1017 1416 1066 1444 que
1095 1413 1224 1436 tractatus
1242 1409 1325 1436 edidit
1340 1429 1347 1440 .
1377 1410 1484 1445 aliaque
1500 1410 1622 1444 scripsit,
1640 1413 1671 1436 ut
1689 1410 1813 1444 loquitur

1018 1453 1201 1490 Hieronymus
1212 1455 1239 1482 in
1252 1455 1394 1490 Catalogo.
1406 1454 1455 1482 Hic
1467 1460 1556 1482 autem
1569 1454 1597 1482 S.
1611 1455 1812 1490 Chrysostotno

1018 1502 1137 1529 maxime
1155 1501 1232 1533 favit,
1256 1506 1283 1529 et
1309 1503 1461 1536 Epiphanio
1479 1502 1641 1530 adversatus
1656 1506 1719 1535 est,
1738 1501 1811 1536 quod

1017 1547 1144 1583 Origenis
1152 1549 1254 1584 scripta
1264 1549 1470 1580 condemnaret,
1482 1549 1562 1583 cujus
1574 1549 1661 1576 libros
1679 1549 1741 1583 ipse
1754 1553 1811 1575 stn-

1018 1593 1096 1621 diose
1111 1593 1245 1626 defendit;
1265 1594 1346 1622 unde
1360 1594 1515 1628 colligimus
1531 1602 1606 1625 eum,
1633 1594 1679 1620 illa
1696 1601 1811 1628 praaser-

1019 1640 1067 1667 tim
1093 1645 1193 1673 astate,
1222 1640 1356 1676 lguatium
1374 1641 1480 1668 nescire
1508 1649 1562 1668 non
1585 1641 1723 1676 potuisse,
1750 1640 1811 1667 licet

1018 1690 1102 1714 tantas
1116 1686 1265 1721 provinciae
1278 1687 1376 1714 unicus
1387 1687 1535 1721 episcopus
1549 1691 1690 1721 przcesset.

1053 1732 1214 1768 Respondeo
1228 1735 1360 1767 secumlo,
1383 1735 1554 1762 historiolam
1570 1735 1644 1761 illam
1668 1734 1704 1761 de
1723 1733 1809 1761 tribus

1017 1779 1155 1814 episcopis
1170 1787 1185 1806 a
1197 1779 1334 1807 Demetrio
1347 1781 1466 1815 primum
1481 1780 1508 1808 in
1522 1780 1640 1816 Egypto
1657 1779 1742 1807 factis
1756 1778 1806 1805 rui-

1018 1826 1092 1853 nime
1111 1826 1164 1853 [ide
1177 1826 1288 1861 dignam
1316 1835 1388 1859 esse,
1409 1827 1468 1855 sive
1492 1830 1647 1859 auctorem,
1673 1826 1734 1853 sive
1752 1832 1806 1852 rem

1018 1872 1105 1907 ipsam
1121 1877 1238 1907 spectes.
1261 1872 1371 1900 Primus
1387 1873 1522 1900 mirabilis
1542 1872 1625 1907 hujus
1639 1870 1807 1898 narrationis

1017 1924 1115 1946 auctor
1129 1923 1173 1946 est
1184 1918 1347 1956 Eutychius,
1373 1919 1529 1954 patriarcha
1557 1918 1670 1953 quidem
1688 1917 1806 1944 Alexan-

1017 1964 1125 1997 drinus,
1139 1964 1186 1992 sed
1202 1965 1284 1992 nimis
1307 1965 1341 1992 ab
1355 1965 1510 2000 originibus
1527 1965 1600 1991 illius
1613 1963 1747 1990 Ecclesia!
1765 1970 1807 1990 reo

1018 2015 1118 2044 motus,
1130 2015 1224 2046 utpote
1238 2011 1337 2039 decimi
1349 2011 1442 2038 saeculi
1457 2011 1574 2046 scriptor
1590 2018 1596 2037 :
1617 2009 1805 2037 Melchitarum

1016 2059 1127 2093 quidem
1147 2058 1304 2093 episcopus,
1321 2058 1368 2085 sed
1390 2065 1447 2093 quo
1474 2058 1561 2085 multo
1575 2057 1666 2091 major
1680 2055 1732 2084 fuit
1743 2055 1804 2083 Ale-

1016 2104 1139 2132 xandriai
1162 2103 1259 2131 eodem
1290 2107 1412 2138 tempore
1438 2103 1625 2131 Jacobitarum
1660 2103 1805 2137 episcopus

1017 2150 1164 2182 Macarius,
1177 2154 1204 2176 et
1216 2149 1261 2177 cui
1275 2150 1358 2176 etiam
1371 2157 1434 2177 cum
1449 2149 1551 2184 populo
1570 2157 1631 2181 suo,
1662 2148 1803 2180 Melchitis,

1017 2196 1142 2231 inquam,
1157 2195 1259 2230 quibus
1277 2195 1396 2230 prefuit,
1411 2196 1530 2222 maxima
1550 2196 1679 2222 simultas
1691 2195 1751 2223 fuit.
1770 2196 1803 2222 Ita

178 2241 228 2269 siis
245 2241 375 2276 episcopo
386 2240 571 2268 Alexandrino
586 2240 727 2275 subjectis,
748 2248 809 2275 qua
825 2240 900 2268 nullo
913 2241 967 2268 alio
984 2249 1006 2277 υ
1019 2242 1092 2270 enim
1111 2242 1145 2269 de
1163 2241 1215 2269 hoc
1238 2241 1372 2277 Eutycbio
1390 2242 1514 2276 loquitur
1530 2241 1702 2270 Elmacinns.
1720 2241 1803 2275 Hujus

177 2289 308 2323 episcopo
323 2287 485 2322 gauderent.
501 2286 571 2314 Hinc
585 2287 667 2321 igitur
690 2286 826 2322 ignoratio
851 2287 968 2322 lgnatia-

179 2342 276 2361 norum
306 2342 361 2360 non
386 2332 521 2367 sequitur.
547 2331 710 2367 Scytharum
724 2332 871 2367 episcopus
886 2334 967 2360 inter-

179 2379 230 2406 fnit
244 2379 361 2406 concilio
372 2377 414 2404 Ni:
423 2385 493 2410 aeno,
510 2377 612 2404 Euseb.
622 2377 660 2404 De
671 2377 725 2403 vita
733 2376 902 2404 Constantini
918 2377 964 2404 lib.

179 2433 222 2458 In,
237 2432 261 2452 c.
277 2424 306 2457 'l,
323 2432 384 2450 cum
402 2423 542 2458 lgnaliana
553 2428 646 2450 essent
657 2423 814 2450 notissima.
829 2422 906 2451 Unus
917 2431 966 2450 an-

180 2476 234 2499 tem
248 2471 275 2498 in
290 2475 347 2497 tota
359 2469 472 2505 Scythia
486 2469 635 2504 episcopus
651 2468 713 2496 fuit.
732 2469 902 2496 Sozomcnus
916 2470 965 2496 lib.

178 2525 227 2550 VII,
239 2525 264 2545 c.
280 2517 329 2544 i9:
352 2516 461 2551 ’Δμέλει
475 2515 577 2542 Σκύθαι
591 2515 686 2541 πολλαὶ
704 2515 795 2546 πόλεις
821 2515 897 2546 ὄντες
919 2516 968 2543 ἕνα

179 2564 280 2595 πάντες
296 2562 445 2590 ἐπίσκοπον
462 2562 564 2598 ἔχουσι.
584 2562 661 2590 Certe
689 2563 716 2589 in
740 2563 876 2596 provincia
901 2562 967 2597 Scy-

178 2610 253 2643 thite,
262 2610 379 2645 quamvis
395 2609 485 2636 multa:
498 2608 572 2635 urbes
581 2609 645 2640 sint,
655 2617 721 2635 unus
732 2613 770 2634 est
786 2609 901 2634 (Initium
910 2609 967 2642 epi-

179 2665 284 2691 scopus.
301 2656 332 2683 Et
347 2657 394 2683 lib.
414 2664 452 2689 vt,
468 2663 528 2691 cap.
547 2656 578 2683 21
592 2665 598 2682 :
620 2655 706 2682 Τοῦτο
720 2654 750 2682 τὺ
775 2655 850 2686 ἔθνος
867 2654 967 2686 πολλὰς

179 2703 230 2738 μὲν
243 2702 299 2737 ἔχει
316 2702 362 2729 καὶ
378 2702 468 2734 πόλεις
478 2702 525 2730 καὶ
542 2701 638 2737 κώμας
649 2702 695 2729 καὶ
712 2701 829 2738 φρούρια.
840 2710 846 2716 ⁸
867 2702 968 2737 μητρό-

179 2745 257 2777 πολις
273 2746 300 2772 δέ
319 2748 375 2773 ἐστι
393 2747 487 2782 Τόμις,
505 2746 582 2778 πόλις
599 2746 703 2782 μεγάλη
721 2748 768 2773 καὶ
785 2746 965 2782 εὐδαίμων....

180 2791 272 2818 Εἰσέτι
289 2791 316 2818 δὲ
333 2792 380 2818 καὶ
397 2792 443 2818 νῦν
469 2791 528 2823 ἕοος
546 2792 660 2817 παλαιὸν
686 2791 778 2818 ἐνθάδε
798 2793 895 2827 κρατεῖ
919 2791 966 2817 τοῦ

180 2839 279 2869 παντὸς
302 2839 392 2870 ἔθνους
409 2839 457 2865 ἕνα
472 2838 521 2870 τὰς
539 2838 686 2874 ἐκκλησίας
703 2839 873 2865 ἐπισκοπεῖν.
904 2837 967 2864 Ila'c

177 2883 315 2912 nrorincta
326 2885 487 2917 Scytharum
504 2883 602 2910 multa;
620 2884 696 2910 urbes
711 2889 735 2910 ct
759 2884 827 2910 virm
852 2884 965 2909 rnntinet

1019 2294 1133 2322 tempore
1148 2287 1232 2314 multa
1249 2287 1356 2322 fuerunt
1368 2288 1496 2320 dissidia,
1511 2292 1535 2314 et
1548 2288 1704 2314 continuum
1719 2289 1803 2314 odium

1018 2335 1088 2361 inter
1101 2335 1188 2368 ipsum
1206 2338 1231 2360 et
1251 2334 1375 2369 populum
1397 2334 1466 2368 ejus.
1490 2334 1569 2367 Quod
1592 2334 1675 2360 etiam
1694 2339 1804 2361 testatur

1017 2378 1076 2405 Ebn
1089 2379 1140 2406 Abi
1159 2378 1300 2406 Osaibeaae
1315 2379 1342 2405 in
1359 2378 1419 2406 Vita
1443 2379 1578 2414 Eutychii.
1592 2378 1627 2406 Ut
1641 2384 1733 2406 autem
1749 2388 1804 2406 ma-

1016 2423 1105 2458 jorem
1123 2425 1186 2451 huic
1210 2424 1330 2451 Arabico
1353 2425 1481 2458 scriptori
1502 2425 1582 2452 lldem
1597 2425 1728 2452 conciliet
1751 2425 1804 2452 Sl'l‘

1018 2471 1120 2502 denos,
1133 2470 1201 2496 Mihi
1216 2478 1288 2501 sane.
1303 2471 1401 2504 inquit,
1416 2470 1563 2506 Eutychius
1577 2471 1605 2497 in
1614 2471 1686 2498 hisce
1704 2477 1742 2498 est
1757 2471 1804 2498 rel-

1018 2517 1058 2543 uti
1071 2516 1144 2544 Beda
1165 2516 1243 2550 plane
1258 2515 1412 2551 Egyptian,
1431 2521 1458 2543 et
1480 2524 1594 2544 rursus:
1612 2517 1731 2543 Annales
1752 2517 1803 2551 ejus

1018 2564 1083 2598 ipsis
1097 2563 1224 2590 Ecclesiw
1239 2563 1425 2590 Alexandrina:
1446 2563 1561 2590 archivis
1584 2563 1703 2597 plurima
1720 2563 1804 2590 debere

1018 2610 1108 2636 nullus
1124 2611 1227 2637 dubito.
1257 2609 1330 2637 Satis
1345 2610 1455 2644 quidem
1474 2608 1616 2642 magniﬁce
1628 2609 1662 2636 de
1676 2608 1804 2645 Entychio

1017 2661 1045 2683 et
1055 2656 1207 2684 Annalibus
1221 2656 1281 2690 ejus
1300 2656 1357 2682 haec
1371 2655 1443 2682 dicta
1457 2659 1522 2682 sunt
1535 2664 1541 2687 ;
1557 2654 1604 2681 sed
1620 2655 1681 2682 sine
1696 2655 1749 2682 ulla
1764 2664 1804 2682 ve-

1018 2702 1108 2729 ritatis
1120 2703 1220 2736 specie.
1232 2702 1320 2729 Arabs
1333 2702 1406 2728 enim
1423 2701 1468 2727 ille
1485 2708 1538 2727 non
1552 2705 1658 2728 tantum
1675 2700 1747 2727 Beda
1762 2710 1804 2727 no-

1019 2753 1077 2774 stro
1103 2748 1185 2783 longe
1210 2747 1304 2782 jnnior
1332 2747 1394 2779 fuit,
1413 2747 1490 2774 etab
1506 2747 1659 2781 originibus
1683 2746 1802 2774 Ecclesiae

1018 2793 1149 2819 remotior
1176 2796 1281 2827 (utpote
1296 2793 1342 2828 qni
1359 2797 1439 2819 natus
1453 2792 1489 2819 sit
1513 2791 1546 2818 A.
1564 2791 1594 2818 D.
1609 2791 1674 2824 876,
1687 2800 1749 2820 cum
1761 2801 1802 2820 na-

1019 2838 1082 2865 talis
1103 2837 1180 2864 Bedn:
1202 2839 1262 2866 dies
1283 2839 1316 2865 ad
1342 2838 1374 2864 A.
1392 2837 1424 2864 D.
1437 2838 1490 2864 673
1509 2837 1656 2868 referatur,
1675 2843 1706 2865 ut
1731 2839 1799 2866 annis

1020 2884 1143 2911 nlnribns
1154 2892 1236 2918 (piam
1252 2885 1306 2911 Ἅῖο
1321 2889 1416 2911 (Mler
1432 2884 1557 2917 superior
1571 2885 1734 2916 aooatvatl;
1759 2881 1798 2909 sal
