1866 3073
63 146 102 174 93⁸5
436 154 462 182 J.
482 155 661 183 PEARSONII
683 155 841 184 ViNDlCl/E
861 156 1070 187 IGNATIANE.
1087 177 1121 181 —-
1139 160 1227 189 PARS
1243 162 1263 189 l.

1650 168 1702 195 2M

68 208 178 237 etiamad
193 211 400 247 antiquitates
422 215 551 243 Ecclesia:
567 224 624 244 suae
644 217 779 245 eruendas
790 223 870 252 atque
884 218 907 246 A
921 226 1034 254 scopum
1050 219 1215 253 Rohensem.
1243 221 1410 250 Thaddaeum
1432 224 1589 261 episcopum
1605 226 1701 255 lassi~

71 255 238 290 explicandas
260 259 363 285 multo
387 260 548 295 imparatior
562 265 589 288 et
611 262 728 296 ineptior
741 265 810 288 erat.
830 260 868 288 De

73 302 181 330 ambitis
204 308 325 331 autem’
343 305 532 338 Alexandriae,
561 307 661 341 quibus
679 307 800 334 Annales
828 311 868 335 tot

76 350 162 377 debere
174 355 274 385 putat,
291 359 415 386 prorsus
438 353 596 381 incredibile
614 357 666 381 est.
681 354 756 381 Libri
771 362 867 381 omnes

78 396 249 424 bibliothecae
275 397 485 431 Alexandrinae,
499 407 578 434 capta
592 407 606 427 a
621 400 768 428 Meslemiis
788 401 865 434 urbe,

77 445 164 472 statim
177 446 344 480 perierunt.
374 446 576 474 JussitAmrus
593 447 686 475 Ebno‘t
699 448 736 474 As
751 448 866 483 dispergi

76 499 114 518 eos
128 499 175 526 per
191 492 293 519 balnea
310 493 483 520 Alexandria:
498 498 573 528 atque
598 493 653 520 illis
668 494 865 529 calefaciendis,

74 538 194 564 comburi
210 546 219 564 :
231 539 273 565 ita
288 539 377 573 spatio
394 540 512 566 semestri
522 541 668 574 consumpti
683 545 753 574 sunt,
771 546 867 568 ultra-

73 584 112 611 dit
123 584 280 620 Gregorius
297 585 485 614 Abulfaraius.
501 587 571 614 Audi
585 587 649 622 quid
661 587 760 622 factum
775 588 866 622 fuerit,

72 629 166 664 inquit
184 630 244 663 ille,
263 635 290 657 et
303 630 412 658 mirare.
427 630 484 659 lmo
508 632 593 667 magis
613 632 706 660 tttirari
718 638 865 668 oporteret,

69 675 94 702 si
116 680 185 711 post
206 684 296 704 annos
319 677 405 705 ferme
430 677 484 705 200
509 686 658 713 paucorttm
677 678 865 707 Melcbitarum

69 723 226 757 cpiscopus
245 723 366 758 origines
389 723 516 752 Ecclesia:
531 724 721 753 Alexandrinae
735 725 770 752 ibi
792 726 868 754 inve-

69 767 161 794 niret.‘
172 767 256 794 Certe
272 771 328 794 tam
349 768 516 802 negligenter
531 767 723 796 Alexandrinae
738 768 867 797 Ecclesia:

69 811 226 840 historiam
242 813 392 847 pertexuit,
407 817 439 841 ut
458 821 512 841 non
524 815 613 849 magis
628 814 710 850 hujus
733 822 814 850 quam
830 815 868 843 al-

67 858 164 886 terius
188 858 345 893 cujuspiam
372 864 549 887 monumenta
575 860 627 895 ipsi
654 861 762 896 cognita
781 860 866 888 fuisse

67 909 219 939 appareat.
237 905 357 932 Marcum
370 905 563 941 evangelistam
580 907 664 934 tradit
674 914 748 934 nono
758 906 864 934 Claudii
880 897 901 924 Β

67 957 150 978 anno
170 951 366 980 Alexandriam
394 953 512 985 venisse,
535 953 624 988 primo
637 953 753 981 Neronis
766 953 865 981 ibidem

67 998 210 1032 martyrio
224 1003 386 1026 coronatum
409 1006 486 1032 esse;
510 1005 537 1027 et
561 1004 650 1026 tamen
675 999 747 1027 idem
771 999 864 1032 refert,

66 1046 199 1077 tempore
225 1043 343 1072 Neronis
379 1044 489 1077 Petrum
526 1045 670 1079 scripsisse
689 1045 865 1080 Evangelium

66 1087 171 1121 Marci,
187 1089 310 1117 dictante
327 1089 430 1123 Marco,
450 1090 478 1118 in
496 1091 562 1119 urbe
576 1091 674 1119 Roma.
689 1090 751 1119 Haec
765 1100 818 1119 non
831 1099 863 1118 ex

67 1134 250 1163 Aiexandriaa
273 1136 407 1170 archivis,
421 1137 468 1165 sed
480 1137 595 1166 diversis
617 1139 805 1174 scriptoribus,
818 1139 865 1175 qui

67 1181 217 1207 contraria
241 1181 425 1215 tradiderunt,
450 1182 508 1210 sine
521 1183 624 1218 judicio
641 1184 742 1211 hausit.
765 1184 865 1212 Conci-

69 1225 142 1252 liare
156 1226 218 1253 haec
231 1227 343 1261 quidem
355 1227 443 1255 voluit
456 1227 598 1262 Seldenus,
615 1229 661 1256 sed
676 1229 788 1258 frustra.
802 1230 864 1257 Non

70 1272 162 1299 solum
187 1276 280 1299 autem
306 1277 430 1308 tempore
455 1273 580 1309 Neronis,
600 1276 644 1302 sed
662 1284 731 1303 anno
747 1276 864 1310 ejusdem

72 1318 172 1352 primo,
200 1326 307 1346 necesse
326 1325 366 1346 est
391 1326 420 1347 ut
436 1320 511 1348 vellet
534 1327 622 1349 noster
633 1321 804 1357 Euongelium
815 1322 864 1349 hoc

74 1363 218 1397 scriptum,
234 1364 306 1399 quod
322 1365 412 1398 palam
426 1371 465 1393 est
477 1374 508 1393 ex
520 1367 554 1394 iis
579 1375 637 1402 quo:
651 1368 724 1403 infra
745 1368 821 1396 habet
832 1369 864 1396 de

75 1409 150 1436 erit:
170 1416 229 1437 tum
243 1409 320 1438 Petri
335 1416 391 1438 tum
405 1412 490 1439 Marci
508 1413 596 1440 eodem
611 1414 638 1441 in
651 1423 731 1442 anno.
746 1414 774 1442 Si
790 1416 863 1443 enim

77 1459 249 1489 supponatur
267 1454 445 1491 Evangelium
462 1457 543 1486 Marci
559 1460 690 1494 scriptum
710 1459 796 1489 fuisse
808 1462 864 1496 pri-

77 1504 122 1524 mo
146 1496 266 1526 Neronis
292 1507 375 1533 anno,
394 1501 498 1537 reliqua
524 1507 613 1531 tamen
640 1507 793 1534 consistere
808 1514 863 1534 non

77 1547 203 1576 possunt.
221 1544 262 1571 Eo
278 1546 351 1572 enim
379 1554 452 1574 anno
466 1556 521 1583 quo
544 1554 670 1578 mortuus
691 1557 732 1579 est
754 1551 863 1580 Marcus

77 1587 250 1618 Alexandriae
266 1599 320 1618 non
337 1593 427 1627 potuit
439 1593 533 1622 Romae
553 1596 656 1624 dictare
666 1597 837 1633 Evangelium
851 1608 859 1633 ;

78 1640 164 1669 neque
180 1636 257 1664 enim
279 1637 442 1673 Eutychius,
461 1648 547 1675 neque
564 1643 709 1678 quisquam
724 1644 795 1672 alius
812 1645 862 1672 do-

77 1683 116 1706 cet
130 1679 258 1709 Marcum
275 1681 394 1718 Egypto
423 1685 456 1711 ad
476 1685 586 1714 Petrum
601 1688 795 1724 commigrasse
807 1690 863 1717 Ro-

77 1735 166 1754 mam:
184 1735 277 1763 neque
302 1729 329 1756 id
352 1728 454 1757 factum
480 1731 578 1759 docere
597 1733 686 1768 potuit
709 1733 863 1770 Eutychius

77 1774 164 1808 primo
177 1773 299 1802 Neronis
318 1782 401 1808 anno,
426 1784 488 1804 cum
505 1777 561 1812 ipse
578 1778 667 1806 tradat
687 1778 800 1807 Petrum
817 1788 864 1808 oc-

77 1818 163 1846 cisum
178 1827 244 1847 esse
262 1827 335 1847 anno
349 1821 396 1854 22,
415 1826 476 1855 post
489 1823 642 1856 passionem
668 1824 786 1859 Domini,
813 1827 864 1855 ltoc

75 1870 126 1896 est.
149 1870 217 1893 ante
241 1865 386 1900 imperium
411 1866 536 1895 Neronis.
561 1867 625 1896 Haec
649 1875 739 1898 autem
771 1872 863 1900 omnia

76 1916 141 1938 sunt
165 1911 321 1939 ἀσύστατα.
348 1911 571 1940 Patriarcbarum
595 1915 718 1948 nomina,
744 1921 773 1943 et
793 1917 862 1944 mira

77 1956 188 1990 quidem
210 1964 292 1992 saepe,
307 1957 398 1992 prodit
412 1957 560 1993 Eutychius
574 1968 581 1986 :
597 1966 685 1987 annos
697 1961 779 1988 etiam
795 1969 863 1989 enu-

77 2006 178 2034 merat,
201 2009 247 2029 res
261 2007 352 2037 gestas
375 2003 488 2030 minime
513 2011 720 2033 commemorat.
735 2005 802 2033 Cum
828 2007 862 2034 ad

77 2045 247 2074 Demetrium
271 2048 405 2082 perVenit,
428 2048 502 2083 quod
523 2054 586 2077 ante
602 2050 718 2084 dixerat,
748 2052 861 2086 repetit:

77 2092 186 2120 Primus
198 2093 244 2120 ille
262 2094 476 2127 patriarcharum
501 2096 633 2130 episcopos
649 2097 676 2123 in
692 2096 801 2132 Ai'gypti
818 2098 862 2124 di-

76 2137 145 2164 tione
166 2139 328 2171 ordinavit;
355 2143 386 2167 ut
405 2144 432 2167 et
454 2140 487 2167 de
513 2140 644 2169 lleracla:
661 2142 726 2176 Ejus
749 2148 862 2177 tempore

76 2183 225 2218 appellatus
236 2188 276 2211 est
294 2186 449 2220 patriarcha
463 2186 660 2215 Alexandrinus
673 2189 758 2222 Baba,
776 2190 804 2217 id
823 2195 861 2217 est

920 272 1031 292 nensem
1060 271 1088 293 et
1103 266 1304 295 Theodoretum
1321 268 1479 304 episcopum
1503 271 1699 308 Ancyrensettt,

919 319 988 345 quos
1005 319 1097 339 corant
1114 313 1279 348 imperatore
1299 319 1382 351 atque
1407 316 1565 351 patriarcha
1589 326 1701 355 compa-

917 357 1007 385 ruisse
1019 358 1113 392 docet;
1130 367 1178 394 per
1205 359 1371 389 Thaddaeum
1396 362 1590 391 Massinensem
1610 364 1700 393 Theo—

918 403 1015 431 dorum
1037 403 1260 440 Mopsuestenum
1277 407 1441 443 intelligens,
1453 413 1480 436 et
1495 409 1698 438 Theodoretum

918 455 968 482 pro
989 449 1102 484 Cyrensi
1122 450 1306 486 Ancyrensem
1331 453 1479 487 appellans.
1507 454 1601 483 Solum
1625 456 1698 484 enim

918 493 991 521 Ibam
1004 500 1076 523 recte
1089 496 1211 524 nominat
1220 496 1384 532 Rohenscm,
1396 499 1448 526 hoc
1456 505 1496 528 est
1517 500 1697 530 Edessenum.

918 537 994 566 Roha
1015 540 1087 567 enim
1109 545 1136 568 et
1152 541 1269 568 Ἔδεσσα
1287 542 1380 570 eadem
1402 543 1508 572 civitas.
1524 544 1602 574 Unde
1614 547 1699 574 Abul-

916 585 1030 620 pharaio
1052 585 1142 621 Abgar
1153 595 1199 614 rex
1211 587 1301 620 Rohce,
1325 589 1371 622 qui
1384 590 1453 624 apud
1469 589 1614 619 Eusebium
1629 592 1699 620 dici-

918 635 962 657 tur
978 630 1114 667 ’Δὸγαρος
1128 633 1267 668 τοπάρχης
1287 633 1420 669 Ἐδέσσης.
1433 635 1498 662 Erat
1509 641 1600 665 autem
1610 638 1699 674 Αὐρα-

917 684 973 709 rus,
989 677 1046 704 sive
1061 677 1183 713 Abgarus
1201 687 1347 707 commune
1373 689 1471 709 nomen
1494 681 1641 712 Osdroenae
1655 693 1699 713 re-

916 723 1053 757 gulorum,
1070 732 1188 759 quorum
1211 726 1285 762 regia
1314 726 1422 756 Edessze
1440 729 1501 763 fuit,
1527 735 1558 758 ut
1583 736 1698 760 testatur

916 767 1076 805 Procopius.
1090 770 1162 798 ldem
1181 773 1264 800 tradit
1288 772 1435 802 Antonium
1458 775 1529 803 inter
1549 776 1654 805 Rohant
1669 782 1698 805 et

916 812 1053 842 Haranum
1068 817 1188 845 occisum
1204 825 1275 853 esse,
1293 824 1323 847 ut
1337 820 1364 847 in
1381 820 1489 849 Eusebii
1504 822 1642 851 Chronico
1658 824 1697 852 le-

915 860 1022 896 gimus:
1039 862 1170 890 Antonius
1186 864 1346 900 interﬁcitur
1366 867 1434 894 inter
1448 867 1578 896 Edessam
1592 876 1617 897 et
1627 870 1696 898 Car-

916 914 971 934 ras.
989 906 1027 933 lta
1040 906 1133 940 Rohae,
1153 909 1204 935 hoc
1226 913 1268 937 est
1290 909 1400 939 Edessa:
1414 911 1605 942 Constantium
1619 915 1697 944 llele-

916 958 978 977 nam
994 952 1131 981 invenisse
1156 954 1239 982 refert
1252 955 1412 991 Eutycbius.
1428 958 1506 991 Quod
1521 961 1544 987 si
1555 961 1697 990 observas-

915 1002 956 1023 set
970 996 1113 1031 Seldenus,
1134 1006 1274 1034 nunquam
1287 1001 1314 1028 in
1327 1001 1504 1038 Eutychianis
1528 1006 1586 1033 suis
1611 1006 1697 1035 dixis-

916 1046 971 1070 set:
989 1043 1102 1070 Ubinam
1116 1045 1170 1071 ha'c
1185 1045 1272 1079 Rhoa,
1287 1055 1334 1083 ego
1345 1057 1386 1075 me
1404 1051 1502 1078 nescire
1513 1051 1609 1087 fateor,
1626 1061 1697 1081 nun-

915 1095 997 1123 quam
1026 1089 1059 1117 ad
1079 1090 1192 1126 Ῥαφιαν
1216 1092 1362 1121 Phoenicia:
1387 1095 1482 1123 urbem
1510 1097 1697 1133 confugisset.

915 1142 1056 1170 nunquam
1073 1136 1135 1165 inde
1151 1137 1304 1173 Drepanum
1325 1140 1351 1167 in
1375 1140 1501 1177 Bithynia
1528 1143 1696 1178 deduxisset.

915 1187 1054 1216 nunquam
1065 1183 1145 1210 verba
1155 1183 1269 1212 Cedreni
1283 1186 1346 1222 περὶ
1353 1186 1401 1222 τὴν
1411 1187 1461 1222 τῆς
1470 1189 1571 1221 Δακίας
1581 1191 1657 1217 πόλιν
1668 1192 1697 1219 in

915 1227 980 1262 περὶ
988 1227 1038 1263 τὴν
1048 1228 1097 1264 τῆς
1113 1229 1225 1264 Ῥαφιας
1240 1230 1316 1258 πόλιν
1334 1238 1541 1267 commutasset,
1557 1240 1697 1272 totamque

915 1270 1024 1300 Helena!
1051 1275 1191 1302 historiam
1212 1284 1260 1310 per
1278 1285 1308 1305 se
1318 1278 1386 1306 satis
1402 1279 1534 1308 incertam
1552 1286 1589 1310 tot
1604 1283 1696 1319 conje—

914 1320 1000 1346 cturis
1015 1321 1304 1358 emcndationibusque
1328 1324 1499 1353 incertiorem
1523 1327 1694 1357 reddidisset.

914 1363 1038 1398 Quatuor
1063 1366 1155 1401 itaque
1174 1368 1248 1396 viros
1263 1369 1290 1396 in
1305 1369 1419 1398 historia
1435 1372 1619 1401 ecclesiastica
1647 1383 1696 1402 no-

914 1410 1038 1439 tissimos
1059 1419 1151 1440 coram
1166 1412 1321 1442 Iustiniano
1336 1418 1521 1452 comparuisse
1545 1419 1628 1447 tradit
1642 1420 1696 1448 Eu-

915 1457 1033 1492 tychius,
1050 1458 1096 1492 qui
1112 1467 1208 1486 omnes
1225 1459 1271 1487 ditt
1285 1467 1347 1488 ante
1359 1463 1457 1489 mortui
1475 1463 1584 1492 fuerant
1600 1475 1606 1493 :
1625 1474 1695 1501 quo~

915 1511 976 1530 rum
992 1504 1114 1531 ontnium
1129 1506 1339 1540 antiquissimus
1352 1507 1561 1544 eratOrigcnes,
1573 1518 1626 1538 non
1639 1512 1696 1546 epi-

916 1557 1017 1584 scopus
1043 1550 1244 1587 Mattbagensis,
1262 1552 1309 1580 sed
1332 1553 1473 1589 presbyter
1498 1560 1525 1582 et
1547 1557 1695 1585 catechista

912 1595 1123 1630 Alexandrinus,
1151 1597 1210 1632 ipse
1232 1597 1422 1633 Adamantius,
1439 1609 1519 1635 quem
1543 1601 1696 1632 Demetrius

913 1641 1030 1678 Βαγρῑο
1055 1643 1168 1679 fugavit,
1187 1645 1268 1680 idque
1281 1653 1332 1678 ope
1355 1646 1436 1674 trium
1462 1647 1695 1683 Eutychianorutu

912 1689 1117 1724 episcoporum,
1145 1695 1174 1717 ut
1199 1691 1332 1719 Seldenus
1360 1692 1519 1721 hariolatur.
1538 1694 1590 1722 Sed
1605 1695 1695 1730 qualis

914 1733 952 1760 illi
964 1734 998 1762 de
1010 1734 1147 1763 Demetrio
1165 1737 1230 1764 fides
1244 1738 1397 1766 adhibenda
1418 1744 1469 1773 est,
1482 1740 1528 1775 qui
1550 1740 1695 1777 Origenem

914 1780 1048 1808 nescivit?
1061 1781 1111 1809 Hic
1123 1787 1212 1810 autem
1229 1783 1382 1813 Demetrius
1398 1790 1428 1813 ut
1442 1790 1497 1814 tres
1510 1788 1655 1823 episcopos
1666 1789 1694 1816 in

915 1826 1025 1862 .Egypti
1049 1828 1152 1856 ditione
1165 1829 1310 1862 ordinavit,
1326 1831 1361 1858 ita
1378 1832 1412 1859 ad
1426 1836 1480 1859 tres
1493 1834 1635 1869 episcopos
1648 1843 1696 1863 ex.

914 1876 955 1899 tra
971 1873 1118 1909 Egyptum
1131 1875 1252 1910 scripsit.
1271 1875 1311 1902 Eo
1333 1881 1455 1912 tempore,
1475 1878 1573 1913 inquit,
1590 1881 1696 1916 scripsit

913 1917 1062 1946 Demetrius
1077 1921 1231 1954 patriarcha
1256 1921 1452 1951 Alexandrinus
1469 1925 1504 1952 ad
1518 1925 1630 1953 Gabium
1640 1929 1695 1963 epi-

913 1973 1020 1999 scopatu
1041 1966 1322 2002 Hierosolymitanum,
1341 1970 1488 1997 Maximum
1513 1973 1695 2006 patriam/tant

913 2010 1103 2037 Antiochenam
1117 2017 1142 2038 et
1174 2011 1303 2040 Victorem
1332 2016 1514 2049 patriarc/tam
1537 2017 1694 2052 Romanum,

912 2056 944 2082 de
960 2057 1061 2083 ratione
1084 2060 1198 2092 computi
1220 2058 1359 2086 Paschalis
1377 2066 1402 2087 et
1410 2061 1507 2096 jejunii
1527 2062 1695 2092 Christiano-

913 2110 982 2133 rum,
997 2107 1022 2129 et
1036 2105 1165 2138 quomodo
1182 2113 1197 2130 a
1212 2104 1341 2132 Paschate
1364 2106 1520 2135 Judworum
1537 2109 1693 2138 deducatur.

912 2148 946 2176 At
963 2149 1080 2176 Gabium
1096 2151 1152 2185 ipse
1175 2151 1255 2178 tradit
1278 2153 1310 2179 17
1324 2152 1428 2181 Aurelii
1450 2162 1521 2182 anno
1538 2155 1692 2193 liicrosoly'

912 2195 965 2222 mis
978 2195 1136 2231 episcopum
1155 2202 1276 2224 creatum
1291 2203 1345 2226 tres
1360 2203 1463 2227 tantum
1477 2208 1563 2229 annos
1578 2202 1693 2230 sedisse:

75 2237 150 2256 auus.
160 2228 233 2262 Quid
248 2235 339 2258 autem
355 2232 383 2259 in
397 2231 518 2261 Ecclesia
534 2239 599 2262 tunc
613 2235 745 2270 temporis
760 2236 860 2264 factum
877 2247 900 2274 Ῑ)
915 2244 961 2267 aut
981 2228 1063 2275 igitur
1073 2228 1129 2268 'sub
1152 2243 1206 2270 line
1230 2243 1335 2278 imperii
1363 2245 1476 2279 Aurelii,
1493 2252 1540 2274 aut
1550 2249 1601 2275 sub
1616 2249 1694 2277 initio

73 2279 127 2308 est,
138 2275 282 2310 quomodo
302 2274 433 2311 Origenes
456 2278 511 2307 illic
531 2280 659 2315 agitatus,
679 2289 733 2308 non
750 2283 863 2310 omnino

74 2321 173 2348 docet:
190 2326 223 2348 ot
235 2321 361 2349 rideatur
382 2322 575 2352 Adamantium
600 2326 676 2353 illutn
693 2327 772 2361 plane
785 2328 862 2363 igno-

74 2373 163 2394 rasse.
180 2364 275 2401 Nequa
289 2366 348 2395 haec
361 2369 519 2403 conjectura
542 2378 619 2399 mera
637 2376 699 2404 est;
717 2373 775 2408 ipse
788 2374 861 2402 enim

74 2411 108 2439 de
121 2412 220 2447 quinto
238 2413 355 2440 concilio
371 2421 466 2449 agens,
491 2416 549 2444 hac
567 2418 680 2446 scribit:
694 2418 759 2447 Fuit
781 2420 862 2447 etiam

74 2460 190 2491 tempore
207 2457 359 2486 Justiniani
373 2459 498 2496 Origenes
513 2463 648 2498 episcopus
663 2463 859 2500 Manbagensis,

74 2504 118 2537 qui
130 2505 365 2540 nutenapsychosin
381 2508 507 2540 asseruit,
526 2510 743 2538 resurrectionem
752 2519 859 2547 negans.

74 2548 108 2574 At
122 2548 168 2576 hic
183 2549 251 2584 ipse,
266 2558 349 2585 quem
362 2552 522 2588 episcopum
544 2553 757 2590 Manbagensem
769 2561 860 2592 vocat,

75 2593 144 2621 alius
162 2602 216 2621 non
227 2600 287 2623 erat
298 2604 381 2631 quam
398 2597 531 2634 Origenes
543 2600 733 2637 Adamantius,
749 2603 862 2631 notissi-

74 2645 135 2666 mus
147 2639 193 2666 ille
207 2639 308 2668 scholas
329 2642 521 2672 Alexandrinae
535 2646 681 2680 praefectus
692 2652 719 2674 et
731 2647 860 2675 Demetrii

74 2684 256 2718 syncbronus.
275 2685 346 2713 Eum
362 2692 467 2722 tamen,
491 2690 514 2717 si
527 2690 660 2727 Eutycbio
682 2692 747 2721 ltttic
773 2694 862 2722 credi-

74 2737 144 2762 mus.
158 2729 331 2759 Justinianus
349 2732 499 2767 imperator
524 2736 789 2774 Constantinopolim
815 2748 861 2768 ac-

75 2776 191 2809 cersivit,
204 2782 232 2805 et
252 2777 406 2815 Eutychius
431 2781 587 2815 patriarcha
610 2784 862 2823 Constantinopoli-

79 2825 153 2850 lanus
173 2826 439 2853 excomtnunicartt.
463 2827 574 2857 Addidit
594 2836 685 2859 autem
699 2833 737 2860 illi
761 2838 814 2862 tres
833 2835 860 2863 itt

78 2866 166 2897 itinere
183 2875 210 2898 et
233 2872 523 2902 excommunicatione
552 2876 678 2915 comites,
704 2879 778 2907 Ibam
799 2881 858 2916 epi-

209 2917 345 2948 PnnOL.
364 2917 424 2948 Gn.
451 2917 487 2948 ν.

913 2282 1006 2313 statim
1037 2285 1179 2314 Commodi
1211 2289 1311 2323 scripta
1335 2294 1376 2316 est
1402 2290 1459 2318 ha-c
1483 2292 1606 2326 epistola.
1633 2294 1694 2328 Quo

913 2336 1044 2366 tempore,
1069 2340 1119 2360 nec
1133 2332 1286 2362 Demetrius
1311 2334 1482 2363 Alexandriae
1509 2338 1627 2372 praefuit,
1646 2340 1693 2367 sed

912 2375 1046 2411 Julianus,
1065 2386 1115 2406 nec
1128 2379 1221 2406 Victor
1244 2378 1347 2407 Romae.
1364 2381 1411 2408 sed
1428 2381 1599 2411 Eleutherus.
1613 2384 1694 2414 Certe

912 2429 974 2449 cum
985 2423 1106 2457 epistolae
1121 2432 1154 2451 ex
1169 2424 1273 2452 oriettte
1286 2426 1319 2453 ad
1336 2425 1471 2455 Victorem
1483 2427 1516 2455 de
1529 2429 1693 2458 celebrando

911 2468 1045 2497 Paschate
1059 2470 1149 2498 missa’:
1172 2476 1247 2505 sunt,
1271 2471 1415 2501 Narcissus
1441 2473 1692 2511 Hierosolymorum

911 2515 1055 2550 episcopus
1070 2516 1139 2550 fuit;
1164 2517 1235 2545 inter
1252 2517 1386 2546 Gaianum
1409 2525 1510 2554 autem,
1534 2529 1614 2556 quem
1637 2522 1692 2550 Ga-

911 2561 986 2588 bium
1000 2562 1117 2597 appellat
1128 2562 1288 2599 Etttycbius,
1303 2569 1329 2591 et
1345 2564 1514 2600 Narcissum,
1533 2575 1630 2595 novem
1641 2577 1691 2604 pa-

913 2606 1037 2634 triarcha:
1060 2607 1256 2644 Hierosolymis
1284 2611 1422 2638 sederunt.
1447 2611 1539 2647 Neque
1553 2621 1618 2640 vero
1637 2614 1692 2642 ulla

911 2656 999 2680 exstat
1021 2654 1154 2680 memoria
1177 2656 1285 2690 scripta:
1306 2656 1338 2683 ad
1363 2656 1500 2684 Victorem
1523 2666 1539 2686 a
1555 2658 1692 2687 Demetrio

910 2699 1047 2732 epistolae;
1062 2699 1183 2734 episcopi
1197 2705 1302 2728 tantttm
1326 2702 1470 2730 Palestina:
1492 2703 1613 2731 indicant
1627 2704 1692 2732 Ale-

911 2744 1060 2771 xandrinos
1073 2752 1166 2772 secum
1182 2745 1209 2772 in
1221 2746 1265 2773 die
1283 2746 1424 2776 Paschalis
1440 2749 1611 2777 observando
1625 2758 1690 2778 cott-

912 2790 1021 2823 sentire,
1035 2790 1116 2825 idque
1127 2795 1219 2826 patere
1235 2800 1269 2819 ex
1283 2793 1381 2822 litteris
1395 2795 1428 2822 ad
1443 2803 1473 2823 se
1487 2796 1601 2823 invicem
1623 2797 1690 2824 tnis-

911 2836 960 2869 sis,
974 2837 1049 2864 nttlla
1060 2836 1188 2865 Demetrii
1214 2839 1353 2867 mentione
1377 2840 1459 2868 facta.
1474 2841 1540 2874 Quae
1555 2841 1624 2869 dixit
1641 2842 1689 2877 igi-

910 2885 956 2908 tur
967 2882 1000 2910 de
1014 2881 1153 2911 Dentetrio
1182 2883 1342 2919 Etttychius,
1367 2894 1400 2913 ex
1417 2887 1536 2916 archivis
1562 2887 1688 2915 Ecclesia

1533 2933 1553 2964 8
