1866 3073
188 145 238 169 :15

188 203 360 240 “eundi-ite
373 211 425 240 fuit
437 213 509 248 quod
526 212 646 249 Ignatius
661 214 822 246 Antiochia;
835 216 908 250 quod
923 215 976 242 Po—
990 217 1014 245 Α

186 251 245 286 ίΥαι
252 266 316 293 rpus
324 259 456 294 Smyrnae.
465 259 628 287 Potostalem
636 260 662 287 in
672 260 842 295 presbyteros
852 261 979 289 habuisse

186 303 283 339 "egari
303 313 356 332 non
380 310 480 340 potest,
493 313 555 333 cum
574 307 613 333 vel
630 306 729 341 ipsum,
744 307 786 333 vel
804 306 978 334 successores

185 342 209 377 ei
218 358 249 378 us
261 351 343 378 etiam
357 351 375 378 ii
387 351 433 386 qui
447 359 494 379 eos
505 352 602 379 volunt
617 360 632 379 a
645 353 811 388 presbyteris
823 353 977 384 ordinatos,

189 405 252 423 Cllln
268 404 299 424 ea
315 397 478 424 auctoritate
500 397 665 426 describant.
689 398 777 426 Etiam
797 399 826 426 S.
846 399 979 435 Hierony-

191 450 252 469 mus
274 443 388 477 epistola
406 443 440 470 ad
463 443 608 479 Evagrium
629 453 635 471 :
657 443 728 471 Nam
748 450 773 472 et
798 445 976 477 Alexandria},

190 488 288 523 inquit,
306 497 322 515 a
344 489 434 516 Marco
453 489 612 525 evangelista
634 499 715 526 usque
736 490 770 517 ad
797 490 938 517 Heraclam
953 496 978 517 et

190 533 346 568 Dionysium
363 534 496 569 episcopos
517 535 663 570 presbyteri
679 544 781 570 semper
802 544 883 562 unum
903 544 935 563 ea:
951 545 978 563 se

189 580 298 606 electum
316 580 342 606 in
368 580 507 608 excelsiori
535 581 620 616 gradu
647 581 806 608 collocatum
827 582 976 616 episcopum

189 625 372 659 nominabant,
384 626 514 661 quomodo
535 627 558 653 si
577 627 708 653 exercitus
732 627 917 661 imperatorem
936 627 978 661 [a-

189 671 253 698 ciat.
269 671 379 699 Ananiae
389 671 482 706 itaque
495 679 680 703 successores.
693 672 846 707 singulares
860 671 978 698 Alexan-

188 717 255 744 dritc
272 718 405 752 episcopi,
430 725 518 753 usque
539 718 572 744 ad
591 717 732 745 Heraclam
750 717 793 744 vel
811 717 976 744 Demetrium

188 763 216 790 itt
232 764 376 791 excdsiori
393 764 489 799 gradu,
505 771 588 798 quant
604 763 756 799 presbyteri
774 764 828 796 sui,
847 763 977 790 fuerunt:

188 807 336 844 etquidem
353 817 416 837 cum
440 811 603 837 auctoritate
625 815 651 836 et
671 814 804 845 potestate
821 810 847 836 in
866 809 979 844 presby-

187 859 272 887 teros,
286 859 316 882 ut
331 855 479 889 imperator
494 855 520 882 in
535 855 645 882 milites.
664 855 701 882 lla
718 855 829 889 agnovit
842 855 868 881 in
887 854 977 881 Theo-

188 900 263 935 philo
280 901 466 928 Alexandrino
490 901 619 936 episcopo
631 901 680 936 τὴν
699 900 842 928 αὑϐεντίαν
863 901 914 936 τῆς
931 901 978 927 εὑ-

188 946 339 982 αγγελικῆς
355 946 481 982 διαδοχῆς
503 946 635 983 Synesius
652 947 709 982 ipse
726 948 882 982 episcopus,
895 948 921 974 id
938 953 980 975 est

188 1000 320 1020 summam
346 993 535 1019 auctoritatem
558 997 582 1019 et
604 997 747 1026 exsortem,
765 1001 818 1019 non
842 999 874 1019 ea
900 997 980 1020 :etate

188 1039 363 1074 acquisitam,
381 1039 427 1066 sed
446 1039 479 1066 ab
497 1039 557 1074 ipsa
573 1039 737 1066 successione
759 1039 846 1066 Marci
870 1048 980 1074 evange-

189 1086 258 1113 lista:
284 1085 433 1112 derivatum
445 1106 452 1118 ,
470 1086 550 1119 epist.
577 1084 628 1117 66;
647 1085 762 1120 ideoque
779 1093 840 1112 eum
859 1085 895 1112 ita
913 1085 980 1112 allo-

189 1134 283 1168 quitur
295 1141 302 1160 :
312 1131 385 1167 Ἐγὼ
397 1132 426 1159 δὲ
444 1132 585 1167 βούλομαι,
603 1132 650 1159 καὶ
656 1132 762 1167 ἀνάγκη
771 1140 815 1167 μοι
821 1132 891 1164 θεία,
898 1133 981 1168 νόμον

189 1178 314 1214 ἡγεῖσθαι
321 1178 394 1205 πᾶνό
400 1187 426 1204 τι
433 1178 466 1205 ἂν
472 1179 574 1210 ἐκεῖνος
582 1179 595 1204 ὁ
601 1177 695 1214 θρόνος
701 1177 886 1214 θεσπίσῃῈρο
892 1183 981 1205 autem

192 1225 263 1257 volo,
276 1229 301 1250 et
313 1225 455 1251 necessitas
466 1223 530 1250 mihi
541 1223 631 1251 divitia
647 1223 785 1257 incumbit,
793 1224 876 1259 legem
887 1225 981 1251 existi-

190 1280 263 1298 mare
290 1271 355 1297 mihi
373 1271 559 1305 prtescriplam
585 1270 713 1306 quidquid
729 1271 761 1297 ab
786 1270 835 1297 illa
852 1271 979 1297 cathedra

190 1324 315 1352 tanquam
323 1317 449 1344 divinitus
462 1317 612 1344 indicatum
624 1317 804 1352 fuerit,cpist.
813 1316 857 1344 67.
866 1316 981 1350 Quando

189 1365 272 1399 igitur
278 1364 398 1400 lgnatius
405 1364 535 1399 epistolas
542 1364 663 1398 scripsit,
671 1364 765 1391 eadem
773 1363 861 1390 forma
871 1364 926 1399 regi
932 1372 955 1390 m
961 1364 981 1390 i-

189 1409 231 1437 nis
237 1409 415 1437 ecclesiastici
422 1409 594 1437 Alexandria:
602 1408 662 1442 fuit,
669 1408 959 1444 quaeerat'Antioehize
969 1429 979 1444 .

188 1459 304 1490 etquam
313 1455 340 1481 in
354 1454 417 1482 aliis
427 1454 584 1482 civitatibus
601 1454 686 1483 fuisse
698 1459 832 1483 testantur
848 1455 978 1490 epistolae.

230 1499 288 1527 lino
317 1507 380 1527 vero
405 1505 468 1527 ante
502 1499 661 1533 lleraclam,
679 1501 773 1528 eadem
787 1501 910 1528 dootrina
919 1509 980 1536 quas

188 1545 222 1572 ab
238 1545 340 1581 lgnatio
357 1545 464 1580 prodita
478 1551 520 1574 est
534 1547 562 1573 in
578 1546 701 1574 Ecclesia
717 1546 905 1586 Alexandrina
919 1551 980 1574 tan—
991 1556 1015 1586 ε

188 1599 269 1624 quam
285 1591 318 1618 ab
332 1591 412 1618 initio
425 1591 524 1619 tradita
537 1592 760 1619 conservabalur.
780 1592 839 1620 lloc
848 1597 890 1620 est
903 1593 977 1620 illius

189 1637 316 1672 martyris
324 1637 527 1670 etiatum,unde
543 1637 647 1672 reliqua
665 1639 802 1673 pendent:
817 1640 848 1666 οι
864 1639 977 1666 ἐπίσκο-

188 1692 233 1710 ποι
249 1684 272 1710 οἱ
290 1683 360 1710 κατὰ
373 1683 408 1710 τὰ
424 1684 530 1720 πέρατα
545 1684 699 1721 ὁρισθὲντες
713 1687 742 1713 ὲν
752 1686 841 1722 Ἰησοῦ
858 1686 977 1723 Χριστοῦ

187 1728 284 1764 γνώμῃ
299 1729 377 1756 εἰσιν.
396 1729 521 1765 Episcopi
537 1737 583 1764 per
602 1735 735 1758 terrarum
755 1740 816 1759 oras
837 1734 976 1762 constituti

187 1782 220 1800 ex
237 1773 337 1802 Christi
353 1779 414 1802 sunt
431 1777 571 1809 sententia,
591 1777 618 1804 id
635 1782 677 1805 est
693 1785 726 1805 ex
743 1778 883 1807 voluntate
897 1779 978 1807 Chri-

189 1820 223 1846 sli
252 1821 383 1854 apostolis
414 1822 522 1859 cognita
545 1826 574 1850 et
597 1822 631 1850 ab
661 1823 696 1851 iis
722 1825 820 1852 tradita
846 1825 975 1854 ordinati.

189 1866 295 1898 Quibus
312 1867 381 1893 nihil
397 1866 472 1895 aliud
487 1867 601 1903 intelligi
620 1873 710 1903 potest
732 1877 816 1904 quam
835 1871 978 1906 episcopa-

189 1916 246 1938 tum
263 1911 347 1939 fuisse
363 1914 398 1939 ab
414 1914 546 1948 apostolis
565 1922 599 1941 ex
616 1915 754 1942 Voluntate
775 1915 878 1943 Christi
894 1917 976 1944 insti-

188 1961 289 1984 tutum.
305 1957 333 1984 ld
345 1963 436 1985 autem
451 1958 578 1987 Clemens
593 1960 804 1994 Alexandrinus,
816 1969 832 1989 a
847 1961 977 1990 Pantaeuo

189 2003 249 2030 sine
264 2004 450 2031 controversia
466 2005 589 2039 edoctus,
606 2006 754 2041 populares
771 2015 838 2035 suos
851 2007 897 2034 diu
914 2013 978 2035 ante

188 2048 312 2076 lleraclze
326 2049 514 2084 episcopatum
533 2050 626 2078 docuit
639 2059 646 2078 :
660 2051 737 2078 Ἐπεὶ
754 2052 800 2079 καὶ
816 2053 844 2079 αἱ
861 2052 977 2079 ἐνταῦθα

189 2095 260 2122 κατὰ
275 2095 324 2132 τὴν
343 2096 507 2132 Ἐκκλησίαν
523 2098 661 2134 προκοπαὶ
677 2099 844 2131 ἐπισκόπων,
861 2099 978 2135 πρεσϐυ-

187 2142 435 2178 τέρων,διακόνων,
455 2144 610 2180 μιμήματα,
627 2143 713 2180 οἶμαι,
724 2145 872 2181 ἁγγελικῆς
887 2145 976 2181 δόξης,

189 2189 318 2225 κάκείνης
328 2189 378 2225 τῆς
389 2190 543 2226 οἰκονομίας
559 2190 732 2226 τυγχάνουσί.
749 2191 882 2224 Quoniam
898 2198 922 2219 ct
935 2193 977 2220 hic

187 2233 217 2260 in
240 2232 362 2260 Ecclesia
387 2235 580 2268 progressiones
601 2236 792 2269 episcoporum,
812 2237 977 2272 presbytero-
993 2234 1015 2258 υ

189 2287 248 2306 rum
270 2284 293 2306 et
318 2279 502 2314 diaconorum,
521 2280 699 2314 imitationes,
716 2287 744 2309 ut
762 2283 879 2308 arbitror
891 2304 898 2316 ,
915 2288 977 2309 sunt

188 2325 282 2360 gloria
305 2326 430 2361 angelica:
454 2331 480 2353 et
502 2326 577 2354 illius
603 2327 826 2362 dispensationis,
845 2328 975 2356 Stromat.

188 2371 207 2398 Ι.
226 2379 262 2398 vt.
278 2371 321 2398 Ex
338 2380 398 2405 usu,
413 2372 501 2407 inquit
514 2371 683 2406 Blondellus,
701 2379 793 2400 natam
812 2374 978 2401 distributio.

188 2426 246 2444 nem
258 2418 427 2445 admittebat.
438 2418 612 2454 Accipiamus
624 2411 695 2454 quod
710 2419 756 2447 dat
770 2429 777 2447 :
789 2427 821 2447 ex
834 2429 885 2448 usu
899 2426 978 2449 erant

188 2464 217 2491 hi
235 2469 291 2492 tres
312 2465 414 2500 gradus
437 2465 495 2492 sive
511 2465 720 2500 progressiones
737 2473 880 2493 sacrorum
900 2467 975 2494 ordi-

188 2517 254 2537 num
272 2510 300 2537 in
319 2510 440 2538 Ecclesia
456 2510 512 2542 illa.
529 2511 634 2538 scilicet
652 2511 678 2538 in
695 2519 749 2545 qua
763 2511 889 2539 Clemens
906 2513 977 2540 scri-

187 2555 243 2590 psit
256 2561 283 2583 et
299 2557 440 2592 presbyter
453 2556 515 2584 luit.
533 2557 656 2584 Fuerunt
671 2558 754 2592 igitur
769 2558 796 2584 in
812 2558 929 2594 Egypto
943 2567 977 2587 ex

189 2609 242 2628 usu
267 2602 398 2637 episcopi,
425 2604 586 2639 presbyteri,
613 2604 733 2638 diaconi,
762 2613 824 2632 cum
849 2605 976 2634 Clemens

187 2647 309 2681 scripsit,
332 2649 404 2684 quod
422 2649 512 2677 Dallazi
537 2656 729 2685 argumentum
754 2659 868 2686 prorsus
889 2652 974 2685 elidit,

187 2698 218 2721 ut
240 2700 333 2729 postea
350 2696 536 2724 ostendemus.
562 2696 612 2724 Sed
633 2698 752 2725 eamdem
770 2702 868 2730 tamen,
888 2698 977 2733 inquit

186 2738 496 2775 Blondellus,divinitus
510 2751 556 2777 per
571 2743 720 2778 apostolum
734 2744 885 2770 institutam
899 2744 976 2779 pleno

187 2795 232 2813 ore
245 2787 356 2822 negabat
386 2787 443 2816 Hoc
457 2796 507 2824 ego
524 2789 634 2816 ctfatum
657 2794 711 2816 tam
736 2789 836 2817 falsum
854 2798 917 2818 esse
936 2790 976 2817 al—

188 2833 269 2859 tirtno
290 2841 372 2868 quam
397 2835 470 2868 quod
488 2834 666 2863 falsissimum
681 2841 733 2863 est.
751 2835 818 2863 Nam
837 2836 895 2870 ipse
909 2835 974 2862 alibi

187 2879 289 2908 diserte
305 2881 411 2915 scrib.t,
430 2881 537 2910 diversa
555 2887 687 2917 praecepta
701 2882 846 2917 episcopis,
866 2882 976 2917 presby-

994 888 1015 915 B

721 153 749 181 S.
771 153 946 182 IGNATIUS.
968 171 1003 174 —
1022 154 1288 183 PROLEGOMENA.

1780 154 1852 182 2N!

1030 215 1095 242 teris
1110 220 1138 242 ct
1153 215 1277 244 diaconis
1293 215 1320 242 in
1339 223 1417 243 sacra
1435 215 1575 250 Scriptura
1593 216 1658 243 data
1676 224 1761 244 esse:
1775 216 1852 242 Μυ-

1031 261 1087 298 ρίαι
1103 262 1130 288 δὲ
1147 263 1207 289 ὅσαι
1224 262 1360 298 ὑποθῆκαι
1376 264 1417 294 εἰς
1434 263 1567 299 πρόσωπα
1584 262 1703 290 ὲκλεκτὰ
1728 261 1853 289 διατεί-

1030 316 1123 334 νουσαι
1148 307 1354 344 ὲγγεγράφαται
1381 310 1442 340 ταῖς
1468 308 1569 343 βίϐλοις
1593 311 1655 340 ταῖς
1675 308 1797 343 ἁγίαις·
1818 308 1853 333 αἱ

1031 355 1079 389 μὲν
1093 355 1296 391 πρεσϐυτέροις,
1315 356 1342 381 αἱ
1358 355 1386 381 δὲ
1402 355 1571 387 ἐπισκόποις,
1588 357 1614 382 αἱ
1631 356 1660 382 δὲ
1676 355 1851 385 διακόνοις,

1029 400 1106 427 ἄλλαι
1133 402 1240 438 χήραις.
1267 401 1471 436 Quamplurima
1495 407 1583 428 mrtem
1607 406 1747 436 pra’cepta
1778 408 1853 434 qua

1029 447 1064 474 ad
1079 447 1175 474 electas
1187 456 1311 483 personas
1325 448 1468 482 pertinent,
1482 449 1509 474 in
1520 449 1620 475 sanctis
1632 448 1710 475 libris
1725 448 1851 478 scripta

1030 499 1109 520 sunt:
1126 494 1181 520 lucc
1208 494 1313 528 quidem
1332 494 1500 528 presbyteris,
1519 494 1574 520 alia
1596 502 1654 520 vero
1679 494 1850 528 episcopis,

1029 539 1084 565 alia
1108 539 1243 571 diaconis,
1267 539 1322 566 alia
1345 545 1432 566 autem
1456 540 1553 570 viduis.
1575 539 1724 574 Paadagog.
1746 539 1771 566 I.
1798 547 1849 572 ut,

1029 592 1054 611 c.
1071 583 1114 610 l2.
1132 584 1263 618 Agnoscit
1278 585 1360 618 igitur
1372 584 1509 618 Clemens,
1524 585 1718 612 Alexandriam
1734 585 1851 611 Eccle-

1030 630 1077 656 sia:
1093 628 1237 663 presbyter,
1255 628 1380 656 Panaetii
1392 629 1509 662 auditor,
1523 630 1569 665 qni
1590 634 1648 664 post
1669 630 1733 664 ejus
1760 638 1851 656 mor-

1030 681 1081 702 tem
1097 675 1268 703 Alexandria:
1278 676 1484 703 ecclesiasticam
1493 676 1609 703 scholam
1618 677 1714 709 tenuit,
1729 681 1762 704 et
1772 685 1851 703 κειτ-

1030 722 1153 757 ηχήσεων
1173 722 1299 756 magister
1314 722 1383 757 fuit,
1408 727 1477 749 teste
1493 722 1668 757 Hieronymo,
1684 730 1748 750 non
1774 727 1849 749 tan-

1031 771 1086 793 tum
1118 771 1175 794 tres
1207 766 1328 801 gradus,
1354 766 1412 794 sive
1439 766 1581 804 προκοπὰς
1608 767 1846 802 episcoporum,

1030 812 1253 848 presbyterorum
1271 817 1298 840 et
1314 812 1493 840 diaconorutn
1515 813 1542 839 in
1571 812 1697 840 Ecclesia
1712 821 1750 840 ex
1783 821 1845 840 usu

1031 863 1164 892 receptos,
1183 858 1230 885 Sed
1248 862 1274 885 et
1299 866 1379 885 usum
1399 858 1476 885 illum
1490 866 1522 885 ex
1539 858 1691 892 apostolica
1711 859 1845 886 institu-

1033 904 1106 930 tione
1118 904 1282 931 dcrivatum.
1299 903 1424 936 Quatuor
1440 904 1512 931 enim
1525 912 1624 939 genera
1639 912 1843 939 personarum

1032 949 1058 976 in
1073 948 1224 984 Scripturis
1239 950 1324 977 electa
1339 949 1480 985 agnoscit;
1499 957 1554 977 non
1571 949 1664 976 minus
1679 949 1843 985 distinguit

1031 1000 1165 1030 praecepta
1182 1003 1244 1030 qua:
1260 995 1361 1023 dantur
1377 995 1529 1030 episcopis,
1546 996 1580 1022 ab
1602 995 1636 1022 iis
1649 1003 1715 1030 quae
1732 995 1843 1030 injun-

1032 1046 1131 1077 guntur
1149 1041 1331 1077 presbyteris,
1345 1049 1428 1077 quam
1445 1049 1477 1068 ea
1496 1049 1557 1076 quae
1576 1041 1721 1073 diaconis,
1741 1041 1782 1068 ab
1803 1041 1843 1068 iis

1031 1095 1093 1122 quas
1115 1087 1206 1114 viduis
1231 1087 1438 1122 praecipiuntur.
1461 1086 1497 1114 At
1521 1086 1657 1114 distinctas
1681 1091 1748 1113 sunt
1770 1094 1842 1121 per—

1032 1139 1116 1165 sonae,
1133 1136 1180 1159 aut
1195 1131 1292 1165 ollicia,
1308 1132 1408 1166 quibus
1425 1131 1533 1159 diversa
1551 1135 1686 1165 praecepta
1711 1131 1841 1158 deman-

1031 1178 1142 1205 dantur.
1160 1177 1279 1213 Agnovit
1300 1178 1382 1213 igitur
1398 1177 1525 1204 Clemens
1539 1176 1750 1204 Alexandrinus
1768 1184 1839 1203 eam

1031 1232 1172 1252 sacrorum
1206 1223 1336 1251 ordinum
1365 1223 1606 1255 distributionem,
1633 1223 1715 1257 cujus
1745 1230 1839 1250 usum

1032 1270 1156 1305 agnoscit
1172 1268 1342 1302 Blondellus,
1357 1269 1490 1296 divinitus
1512 1276 1560 1302 per
1577 1269 1721 1302 apostolos
1739 1267 1838 1295 fuisse

1032 1314 1197 1342 institutam.
1223 1313 1286 1342 llaec
1312 1313 1441 1340 Clemens
1464 1321 1497 1340 ex
1515 1311 1636 1340 Pantzrni
1663 1311 1777 1344 schola,
1798 1320 1837 1338 cx

1032 1359 1181 1387 Clementis
1203 1359 1298 1386 eadem
1316 1358 1459 1393 Origenes.
1487 1358 1533 1385 Sic
1551 1358 1625 1385 enim
1645 1357 1691 1384 ille
1713 1358 1837 1393 juvenis

1032 1407 1122 1434 adhuc
1136 1406 1232 1433 homil.
1250 1406 1284 1433 15
1297 1406 1325 1433 in
1343 1405 1372 1433 S.
1391 1405 1493 1433 Lucam
1506 1415 1512 1432 :
1525 1404 1556 1432 Si
1573 1404 1701 1431 audacter
1717 1405 1834 1439 expedit

1031 1453 1104 1488 loqui
1128 1452 1330 1487 Scripturarum
1352 1460 1457 1478 sensum
1479 1452 1604 1486 sequenti,
1625 1459 1672 1485 per
1700 1451 1834 1486 singulas

1032 1499 1168 1526 Ecclesias
1185 1498 1239 1524 bini
1253 1502 1314 1525 sunt
1329 1498 1455 1533 episcopi,
1469 1498 1540 1524 alius
1555 1497 1679 1530 visibilis,
1695 1497 1771 1525 alius
1787 1498 1834 1524 in-

1031 1545 1153 1577 visibilis,
1170 1544 1215 1571 ille
1229 1545 1297 1572 visui
1314 1545 1412 1578 carnis,
1423 1545 1466 1571 hic
1483 1545 1571 1571 sensui
1588 1549 1694 1579 patens.
1708 1543 1744 1571 Et
1760 1553 1827 1572 rur-

1028 1601 1076 1620 sus
1092 1602 1098 1618 :
1118 1590 1175 1627 Ego
1193 1594 1256 1626 puta
1279 1591 1391 1618 inveniri
1411 1590 1494 1617 simul
1509 1598 1585 1624 posse
1605 1596 1630 1617 et
1649 1590 1778 1625 angelum
1802 1595 1831 1617 et

1027 1638 1160 1666 hominem
1175 1637 1255 1664 bonos
1276 1636 1406 1663 Ecclesiw
1418 1637 1564 1671 episcopos,
1583 1641 1608 1662 et
1624 1636 1829 1671 quodammodo

1028 1686 1107 1712 unius
1127 1685 1212 1719 operis
1226 1692 1282 1710 esse
1298 1684 1452 1718 participes.
1470 1683 1546 1716 Quod
1559 1691 1619 1709 cum
1637 1683 1677 1709 ita
1689 1683 1736 1714 sit,
1748 1689 1829 1717 peta-

1028 1739 1085 1758 mus
1102 1733 1306 1764 omnipotentem
1330 1729 1426 1763 Deum,
1442 1735 1469 1757 ut
1487 1729 1574 1765 angeli
1588 1735 1613 1756 et
1628 1730 1750 1756 homines
1768 1729 1827 1756 Ec-

1027 1777 1167 1804 clesiarum
1181 1777 1296 1811 episcopi
1315 1776 1469 1811 adjuntento
1485 1777 1538 1804 sint
1555 1776 1642 1809 nobis,
1656 1781 1683 1803 et
1704 1777 1829 1804 sciamus

1027 1823 1153 1857 quoniam
1167 1824 1270 1858 utrique
1289 1831 1337 1856 pro
1355 1823 1429 1849 nobis
1443 1831 1459 1848 a
1472 1821 1586 1849 Domino
1597 1822 1767 1857 judicentur.

1062 1869 1129 1903 Quae
1139 1875 1210 1897 certe
1228 1877 1294 1904 pura
1310 1874 1375 1904 puta
1390 1874 1454 1896 sunt
1473 1868 1626 1904 Origeoiva,
1644 1874 1675 1896 ut
1704 1870 1739 1897 de
1753 1878 1823 1898 auc-

1028 1921 1086 1944 tore
1101 1916 1197 1943 harum
1219 1915 1392 1942 homiliarutn
1416 1915 1532 1942 dubitari
1557 1923 1611 1942 non
1634 1916 1734 1950 possit.
1758 1915 1827 1944 [huc

1027 1966 1119 1988 autem
1133 1969 1165 1988 ea:
1189 1969 1266 1988 sensu
1283 1959 1483 1995 Scripturarum
1508 1960 1603 1987 habuit
1627 1960 1778 1996 Origenes,
1797 1966 1827 1987 ut

1028 2007 1085 2041 ipse
1099 2007 1241 2042 proﬁtetur
1255 2014 1262 2032 :
1279 2013 1312 2034 ex
1333 2007 1438 2033 illarum
1459 2006 1542 2041 igitur
1553 2006 1679 2034 doctrina
1693 2007 1827 2042 agnoscit

1028 2052 1054 2079 in
1073 2052 1188 2087 singulis
1205 2052 1328 2079 ecclesiis
1345 2060 1428 2078 unutn
1444 2051 1582 2078 hominem
1605 2052 1742 2079 visibilem
1763 2053 1828 2087 epi-

1026 2106 1152 2133 scopum.
1173 2097 1245 2125 ldetn
1268 2097 1378 2124 hmnilia
1393 2096 1444 2123 l7:
1460 2095 1536 2124 Sicut
1551 2097 1619 2123 enim
1644 2101 1677 2124 ab
1694 2097 1826 2124 ecclesia-

1027 2146 1101 2172 sticis
1125 2144 1300 2180 dignitatibus
1317 2152 1367 2170 non
1383 2143 1469 2171 solum
1484 2144 1641 2178 fornicatio,
1657 2145 1704 2170 sed
1723 2149 1749 2171 et
1772 2152 1827 2170 nu-

1027 2193 1092 2226 pticc
1114 2191 1258 2225 repellunt;
1274 2199 1354 2226 neque
1367 2191 1435 2218 enim
1446 2191 1594 2226 episcopus,
1609 2198 1656 2217 nec
1670 2193 1824 2225 presbyter,

1030 2246 1075 2265 nec
1086 2237 1224 2270 tlu‘aconns,
1239 2245 1284 2264 nec
1300 2237 1378 2264 vidua
1390 2241 1498 2272 possunt
1512 2245 1566 2264 esse
1579 2237 1698 2271 digami;
1709 2237 1748 2264 sic
1763 2237 1824 2272 [or-

1028 2284 1099 2310 sitan
1121 2288 1145 2310 et
1167 2284 1198 2310 de
1221 2288 1287 2310 coetu
1309 2284 1506 2318 primitivoram
1535 2283 1825 2319 immaculatorumquc

1029 2328 1166 2361 Ecclesiar,
1181 2337 1239 2363 qua:
1262 2337 1314 2355 non
1338 2329 1415 2355 habet
1442 2328 1576 2355 maculam
1602 2337 1685 2363 neque
1713 2337 1822 2364 rugam,

1027 2375 1149 2408 ejiciatur
1162 2375 1302 2410 digamus;
1317 2383 1427 2410 nonquo
1448 2375 1475 2401 in
1489 2381 1616 2402 (uernum
1639 2375 1767 2401 mittatur
1780 2376 1824 2402 in-

1028 2420 1158 2451 cendium,
1174 2420 1218 2446 sed
1240 2428 1290 2454 quo
1315 2425 1417 2454 partem
1429 2428 1481 2446 nott
1507 2420 1601 2446 habeat
1624 2420 1651 2446 in
1668 2428 1748 2455 regno
1760 2419 1821 2448 Dei.

1029 2463 1096 2497 Quis
1110 2470 1200 2492 autent
1224 2473 1277 2492 non
1297 2466 1390 2492 statim
1406 2465 1481 2493 videt
1506 2465 1564 2493 haec
1579 2466 1663 2492 etiam
1677 2474 1741 2494 esse
1758 2475 1821 2494 vere

1028 2510 1195 2546 Origenira?
1216 2512 1264 2539 llis
1283 2516 1373 2539 autem
1386 2511 1528 2547 Origenes,
1547 2513 1618 2547 quod
1642 2513 1675 2540 ad
1689 2513 1820 2540 ecclesia-

1028 2558 1110 2585 sticas
1131 2557 1276 2592 dignitates
1298 2558 1408 2590 attinet,
1431 2558 1598 2586 Clementem
1623 2565 1819 2594 praeceptorem

1027 2613 1107 2632 suum
1132 2605 1273 2640 sequitur,
1286 2611 1313 2633 et
1328 2610 1456 2640 tanquam
1472 2610 1590 2640 quatuor
1614 2605 1738 2634 diversas
1752 2614 1819 2633 euu-

1028 2653 1115 2676 tnerat
1133 2650 1179 2676 uoi
1203 2650 1312 2682 quidem
1336 2650 1363 2677 in
1392 2650 1443 2677 hac
1461 2658 1490 2677 re
1506 2655 1643 2685 praecepto
1656 2652 1819 2686 apostolico,

1029 2695 1076 2722 sed
1092 2696 1239 2730 separatim
1255 2696 1355 2723 tradito
1372 2717 1380 2729 ,
1403 2697 1551 2731 subjectus.
1578 2695 1616 2724 Ita
1635 2698 1733 2732 ipsein
1745 2705 1818 2725 com-

1029 2742 1171 2769 tnentariis
1184 2742 1218 2769 ad
1236 2742 1393 2770 llattlneum
1409 2742 1592 2770 diﬂicultatem
1618 2744 1725 2778 qnzesiti
1750 2743 1819 2771 κατὰ

1027 2790 1077 2826 τὴν
1089 2790 1136 2817 τοῦ
1158 2790 1318 2817 Ἀποστόλου
1335 2789 1399 2826 περὶ
1414 2789 1468 2815 τῶν
1481 2789 1718 2824 ὲκκλησιαστικῶν
1733 2798 1818 2825 πραγ-

1030 2837 1123 2871 μάτων
1134 2837 1294 2872 νομοθεσίαν
1311 2837 1418 2864 solvere
1429 2841 1553 2864 conatur.
1564 2835 1652 2869 Quam
1669 2836 1724 2864 hoc
1739 2837 1818 2864 modo

1029 2888 1172 2918 proponit:
1189 2883 1290 2911 Οὐδένα
1307 2883 1360 2918 γὰρ
1372 2883 1424 2910 τῶν
1445 2882 1728 2916 ἀπὸτῆςῈκκλησίεις
1742 2884 1809 2917 iam
