1866 3073
65 129 107 157 21¹1
442 130 467 158 J.
489 129 673 158 PEARSONII
693 129 853 156 \‘lNDltllAS

871 129 1081 158 IGNATIANE.
1102 146 1136 153 —
1154 129 1243 156 PARS
1262 129 1281 156 Ι.
1635 128 1687 156 218

65 188 120 223 ortv
131 196 190 215 τινα
199 188 282 224 παρὰ
292 189 364 220 τοὺς
381 189 490 220 πολλοὺς
498 188 536 220 ὼς
545 189 574 215 ὲν
589 187 730 223 συμϐόλοις
745 188 801 214 ἀνει

944 188 1076 223 :sbyteros
1097 188 1235 214 ordinatus
1257 191 1306 219 est,
1321 187 1375 215 hoc
1392 191 1434 214 est
1453 187 1598 221 cpiscopus
1609 207 1615 217 ,
1630 194 1681 212 ma-

66 234 123 267 ςάτα
133 233 259 268 βούλεται
272 234 287 260 ό
298 234 542 270 Παῦλοςδευτέρου
551 233 734 269 πεπειρᾶσθαι
751 233 850 268 γάμου.

66 279 139 305 Esiis
149 279 220 305 enim
231 279 282 313 qui
297 278 429 306 Ecclesia:
454 287 546 306 nomen
568 279 706 310 dederunt,
725 279 853 305 neminem

64 326 101 358 qui
120 324 282 359 dignitatem
297 325 422 360 aliquam
434 333 489 360 prce
508 325 598 352 multis
618 334 693 360 quasi
708 325 735 351 in
748 324 853 359 symbo-

65 371 92 396 lis
103 370 178 404 fuerit
190 376 369 403 consecutus,
381 370 485 398 Paulus
500 371 627 397 secundas
641 371 746 404 nuptias
758 378 852 404 mper-

65 420 111 441 tum
123 415 204 449 [lisse
217 415 286 442 uult.
305 414 379 442 Tum
394 422 459 442 vero
471 414 748 442 utostendatomnem
760 413 853 440 Eecle-

65 461 106 487 δῆξις
117 460 280 495 dignitatem
300 459 369 488 huic
380 460 432 495 legi
449 460 598 494 subjectam
611 467 681 490 esse,
690 459 724 486 de
738 458 852 492 singulis

65 505 182 533 distincte
189 505 258 541 agit,
272 506 431 541 probatque
441 506 530 540 primo
537 505 570 532 de
577 505 723 539 episcopis,
733 504 852 531 secundo

64 552 92 578 de
102 552 231 584 diaconis,
250 552 340 579 tertio
351 551 383 579 de
395 551 494 584 \‘iduis,
508 556 607 585 quarto
621 550 654 577 de
675 550 850 585 presbyteris,

64 597 168 631 singulis
182 606 197 624 e
212 596 241 624 S.
258 598 354 625 Paulo
368 598 434 625 locis
449 598 598 632 productis.
614 596 680 623 Dein
694 596 721 622 in
737 596 793 630 ipsa
809 604 852 622 so-

65 643 156 670 lutione
168 653 175 670 :
186 644 307 678 Μήποτε
321 644 385 670 ὲπεὶ
398 642 528 678 οηᾶμῦολόν
549 643 606 668 ἐστι
629 642 675 668 καὶ
686 641 852 671 οὲπίσκοπος

64 689 104 716 καὶ
122 690 136 715 ό
157 689 364 725 πρεσϐύτερος,
387 690 435 716 καὶ
456 689 470 715 ὁ
494 689 615 720 διάκονος
634 687 766 722 ἀληθινῶν
783 686 852 714 κατὰ

63 732 93 759 τὰ
111 733 226 769 ὀνόματα
256 733 352 760 ταῦτα
382 734 568 769 πραγμάτων,
595 732 728 768 ἐϐουλήθη
755 731 852 763 αὐτοὺς

67 779 227 814 συμϐολικῶς
247 780 428 815 μονογάμους
445 779 621 814 καταστῆσαι.
644 779 738 804 Annon
767 785 852 812 quan-

67 824 194 858 doquidem
210 824 369 858 symbolum
395 828 434 850 est
451 829 476 850 et
493 824 646 858 episcopus,
668 828 692 849 et
707 822 850 857 presbyter,

899 233 955 267 jori
969 234 1054 260 adhuc
1069 233 1156 260 debito
1164 233 1303 259 obstrictus
1322 238 1370 260 est.
1385 232 1451 266 Quae
1469 233 1551 259 verba
1568 232 1688 266 pessimo

904 280 1020 307 consilio
1042 278 1224 306 dissimulavit
1247 277 1402 306 Blondellus
1426 279 1452 304 in
1469 278 1604 312 almlogia,
1624 285 1686 303 cum

903 327 962 361 ipse
976 326 1082 353 noverit
1094 325 1185 352 omnia
1200 333 1248 352 sua
1263 325 1432 351 consectaria
1450 332 1465 350 e
1479 324 1616 358 prioribus
1627 331 1687 349 ver-

904 374 946 400 bis
969 372 1041 399 male
1067 371 1200 404 deducta,
1224 371 1265 398 his
1282 371 1347 405 ipsis
1373 369 1542 404 apeltissinze
1563 369 1685 396 refutari.

904 419 976 445 Idem
993 418 1039 444 lib.
1062 426 1091 445 :tt
1109 421 1202 445 contra
1218 417 1325 444 Celsum
1335 415 1455 450 episcopi
1477 422 1689 450 χαρακτηριστι-

904 464 950 491 κὺν
971 464 1061 495 tradit,
1086 463 1205 498 illudque
1232 471 1285 490 non
1305 470 1338 489 es
1362 462 1480 488 humana
1506 461 1686 492 institutione,

903 517 951 540 aut
965 520 997 538 ex
1013 511 1142 538 Ecclesiae
1161 510 1370 542 consuetudine,
1396 509 1443 536 sed
1470 517 1502 534 ex
1529 508 1687 542 apostolicis

904 558 1044 592 praeceptis
1059 557 1232 590 destribit,et
1249 559 1410 590 argumento
1423 562 1437 582 e
1450 554 1587 588 Scriptura
1601 554 1686 580 dedu—

903 609 947 631 cto
961 602 1072 637 opponit
1089 611 1095 629 :
1111 602 1165 628 Καὶ
1186 602 1263 637 δῆλον
1285 601 1327 632 63L
1345 601 1373 627 ὲν
1389 600 1428 635 τῷ
1449 598 1688 635 χαρακτηριστικῷ

903 649 958 675 τῶν
980 647 1154 683 καλουμένων
1177 647 1333 674 ἐπισκόπων
1361 645 1517 680 διαγράφων
1543 646 1556 670 ὁ
1584 644 1688 675 Παῦλος

903 696 992 721 ὁποῖον
1008 691 1077 720 εἶναι
1103 692 1154 729 χρὴ
1169 693 1215 719 τὸν
1229 692 1387 722 ἐπίσκοπον.
1402 691 1479 723 ἔταξε
1495 691 1541 717 καὶ
1557 690 1601 716 τὸν
1618 689 1688 716 διδά-

904 740 1012 771 σκαλον,
1024 739 1110 774 λέγων
1126 739 1181 765 δεῖν
1195 738 1276 765 αὑτὸν
1291 736 1360 765 εῖναι
1374 737 1486 764 δυνατὸν
1505 738 1551 763 καὶ
1563 737 1626 768 τοὺς
1641 736 1688 762 ἀν-

902 784 1057 818 τιλέγοντας
1071 784 1200 819 ἐλέγχειν,
1215 783 1258 810 ἵνα
1273 783 1336 814 τοὺς
1352 782 1546 818 ματαιολόγους
1555 782 1600 808 καὶ
1609 789 1690 816 φρεν-

902 831 1009 862 απάτας
1031 830 1194 866 ὲπιπομίζῃ
1218 830 1262 856 διὰ
1288 829 1336 865 τῆς
1348 830 1377 855 ὲν
1397 828 1472 863 αὐτῷ
1500 830 1611 862 sacpiu-
1643 827 1689 853 καὶ

64 873 84 894 et
95 870 218 896 diaconus
244 878 373 897 cerarum
388 870 529 898 secundum
551 870 605 896 lucc
632 870 738 896 nomina
753 877 801 895 reri

951 885 996 912 περ
1013 876 1164 912 μονόγαμον
1189 875 1288 911 μᾶλλον
1311 874 1425 910 διγάμου
1440 875 1557 910 αἱρεῖται
1573 874 1612 905 εις
1629 874 1688 899 ἑπι-

65 915 164 942 τυιυετὶι
176 915 238 942 illos
250 916 401 951 symbolice
417 924 584 951 monogamos
595 915 774 943 constituere?
796 913 850 941 llos

66 959 136 994 igitur
144 966 196 988 tres
211 961 365 989 distinctos
376 961 488 996 gradus,
502 961 559 989 sive
575 959 711 996 ὑπεροχὰς
721 964 747 987 et
760 960 849 994 digni-

67 1006 337 1033 tatesecclcsiusticas
348 1004 480 1041 Origenes
488 1014 519 1033 ex
537 1006 595 1040 ipso
610 1013 689 1032 sacro
700 1005 793 1032 codice
800 1005 849 1031 de-

66 1051 167 1084 rivat,et
183 1059 247 1079 cum
261 1051 409 1079 Clemente
423 1056 462 1078 tot
474 1051 601 1079 distincta
614 1051 702 1078 ofﬁcia
711 1051 850 1077 distinctis

65 1097 136 1123 etiam
165 1098 333 1132 apostolicis
360 1097 502 1132 praeceptis
519 1096 640 1132 regulata
666 1095 798 1131 agnoscit.
817 1095 851 1122 Ut

65 1143 87 1168 in
101 1143 198 1177 optimo
210 1143 244 1171 de
261 1144 395 1171 oratione
419 1144 488 1170 libro
505 1142 627 1170 nondum
648 1142 731 1174 edito,
745 1142 791 1168 sed
816 1141 851 1168 ab

69 1188 154 1216 Huetio
173 1190 342 1225 propediem
358 1189 474 1220 edendo.
489 1189 556 1226 Περὶ
581 1189 635 1216 τῶν
651 1187 784 1223 ὀφειλῶν,
802 1196 849 1214 seu

68 1235 99 1261 lle
110 1236 199 1262 debitis
220 1237 248 1264 in
265 1235 403 1264 Oratione
424 1235 563 1262 Dominica
582 1243 683 1270 agens,
706 1239 849 1268 postquam

68 1281 95 1308 de
110 1283 280 1317 generalibus
309 1283 432 1310 omnium
459 1281 678 1309 Christianorum
694 1280 808 1311 (illiciis,
822 1285 850 1306 nt

68 1327 240 1356 Clementinus
257 1329 310 1356 ille
324 1329 487 1363 p:edagogns
499 1327 683 1360 disseruisset,
697 1327 754 1354 hace
765 1326 848 1353 addit:

68 1373 146 1409 Χωρὶς
176 1374 204 1401 δὲ
234 1375 345 1402 τούτων
369 1374 591 1408 καθολικωτέρων
619 1373 713 1403 ὄντων,
731 1372 788 1398 ἔστι
809 1380 850 1403 τις

69 1421 142 1455 χήρας
158 1421 365 1457 προνοουμένης
384 1420 436 1447 ὑπὸ
447 1421 496 1456 τῆς
517 1420 680 1455 Ἐκκλησίας
691 1419 796 1454 bestii},
805 1420 850 1445 καὶ

71 1465 139 1501 ἑτέρα
153 1467 294 1500 διακόνου,
311 1467 357 1494 καὶ
371 1467 437 1503 ἄλλη
460 1466 656 1502 πρεσϐυτέρου,
673 1466 719 1492 καὶ
740 1465 850 1491 ἐπισκό-

71 1519 112 1536 που
126 1511 151 1537 δὲ
164 1512 257 1548 ὀφειλὴ
277 1512 420 1548 βαρυτάτη
441 1511 513 1538 ἐστὶν
529 1510 716 1546 ἀπαιτουμένη
735 1509 788 1535 ὑπὸ
803 1509 849 1535 τοῦ

903 921 1022 956 σκοπήν·
1045 920 1092 946 καὶ
1116 919 1296 955 ἀνεπίληπτον
1316 919 1464 954 ὲπιλήπτου
1477 939 1484 950 ,
1502 919 1548 944 καὶ
1561 917 1690 953 νηφάλιον

901 966 948 992 τοῦ
966 966 1004 1001 μὴ
1019 965 1149 997 τοιούτου,
1161 966 1207 992 καὶ
1224 965 1351 1000 σώφρονα
1366 963 1413 990 τοῦ
1429 963 1466 1001 μὴ
1480 962 1615 999 σώφρονος
1624 983 1631 994 ,
1644 963 1691 989 καὶ

901 1011 1012 1046 κόσμιον
1020 1010 1093 1046 παρὰ
1105 1011 1150 1037 τὸν
1161 1010 1212 1037 κᾶν
1222 1011 1265 1036 ἐπ’
1275 1010 1363 1044 ὀλίγον
1374 1008 1514 1042 ἀκόσμιον·
1531 1007 1602 1034 οὕτω
1619 1007 1690 1034 θέλει

901 1057 947 1083 τὸν
963 1057 1174 1092 προηγουμένως
1196 1057 1235 1087 εις
1254 1054 1406 1090 ἐπισκοπὴν
1421 1053 1690 1088 κατασταθησόμενον

901 1101 1129 1130 εἷναιδιδακτικὺν
1141 1103 1187 1129 καὶ
1198 1102 1308 1128 δυνατὸν
1319 1101 1386 1136 πρὸς
1393 1101 1423 1127 τὺ
1430 1101 1492 1131 τοὺς
1504 1098 1691 1133 ἀντιλέγοντας

902 1150 1097 1186 ἐπιστομίζειν.
1106 1149 1139 1176 Et
1153 1150 1322 1184 manifestum
1332 1149 1445 1184 estquod
1453 1149 1479 1175 in
1493 1149 1548 1183 ipso
1556 1149 1691 1174 characte-

902 1197 993 1223 ristico
1005 1204 1094 1223 eorum
1107 1196 1152 1231 qui
1167 1196 1281 1230 episcopi
1295 1197 1376 1231 (apud
1389 1196 1450 1229 nos)
1467 1199 1602 1225 uocantur,
1618 1193 1692 1220 Pan-

901 1242 944 1269 lus
952 1241 1099 1268 describens
1109 1241 1212 1276 qualem
1224 1242 1308 1267 uirum
1323 1247 1440 1275 oporteat
1463 1250 1517 1268 esse
1529 1242 1690 1274 episcopum,

901 1292 988 1322 posuit
1009 1292 1033 1314 et
1050 1287 1200 1318 doctorem,
1217 1286 1336 1320 inquiens
1353 1295 1412 1313 eum
1437 1291 1554 1320 oportere
1574 1294 1630 1322 esse
1641 1293 1690 1319 po-

903 1338 998 1360 tentem
1020 1333 1226 1359 contradicentes
1247 1333 1422 1368 redarguere,
1438 1337 1465 1358 ut
1492 1320 1637 1366 ranildquis
1666 1335 1692 1357 et

901 1380 1084 1406 seductoribus
1110 1380 1212 1406 obturet
1237 1387 1265 1405 os
1291 1387 1336 1414 per
1357 1379 1492 1412 propriam
1521 1379 1688 1412 sapientiam.

903 1426 937 1453 Et
953 1425 1172 1461 quemadmodum
1189 1425 1267 1452 unius
1283 1425 1374 1451 uxoris
1396 1425 1480 1450 virum
1503 1424 1610 1450 iteranti
1634 1432 1692 1450 nia-

903 1472 1058 1499 trimonium
1073 1472 1181 1507 praefert
1196 1472 1223 1497 in
1233 1470 1356 1497 electione
1371 1470 1405 1496 ad
1421 1471 1609 1504 episcopatum.
1626 1470 1691 1495 irre-

902 1516 1103 1552 prehensibilem
1119 1516 1325 1551 reprehensibili,
1340 1516 1454 1542 sobrium
1469 1515 1544 1549 longe
1555 1514 1690 1546 dissimili,

69 1557 110 1590 τῆς
131 1556 191 1592 ὅλης
213 1558 385 1593 Ἐκκλησίας
396 1558 530 1592 Σωτῆρος,
548 1557 598 1583 καὶ
623 1555 800 1591 ὲκδιχουμένη

950 1568 1091 1598 iperantem
1105 1562 1303 1594 intemperanti,
1319 1561 1470 1595 compositis
1486 1560 1601 1586 moribus
1613 1569 1687 1586 ornu-

72 1602 102 1638 pi}
114 1604 266 1639 ἁποὸιδῴτο.
292 1604 396 1630 Ρινωιεν
417 1609 503 1630 autem
524 1604 579 1629 lucc
596 1602 788 1629 universaliora
811 1606 850 1628 est

71 1649 186 1682 quoddam
200 1651 302 1682 vidum,
317 1650 394 1685 cujus
405 1658 496 1677 curam
504 1650 569 1684 gerit
582 1648 712 1680 Ecclesia,
723 1647 850 1680 debitum,

72 1700 92 1720 et
105 1695 172 1722 aliud
187 1697 310 1729 diaconi,
327 1702 352 1724 et
370 1697 445 1724 aliud
468 1698 623 1732 presbyteri,
635 1696 748 1730 episcopi
763 1700 852 1722 autem

72 1747 183 1774 partem:
196 1745 320 1770 debitum
332 1748 371 1770 est
384 1752 400 1770 a
420 1744 500 1770 totius
516 1743 642 1769 Ecclesia:
656 1741 793 1769 Saluatore
806 1749 853 1768 ex-

73 1791 163 1820 actum,
179 1794 202 1815 et
228 1790 251 1816 si
285 1796 338 1815 non
364 1788 510 1821 reddatur,
540 1788 714 1814 vindicatum.
739 1786 774 1814 Ut
795 1787 852 1820 ipse

73 1832 143 1860 etiam
167 1834 283 1862 homilia
308 1834 402 1869 quinta
428 1834 454 1860 in
479 1833 672 1861 Ezechielem:
694 1832 747 1858 Pro
769 1831 850 1858 modo

74 1878 190 1912 graduum
208 1880 389 1915 unusquisque
408 1880 580 1914 torquebitur.
607 1878 735 1912 Majorem
748 1885 851 1913 plrnam

75 1923 139 1951 habet
152 1927 195 1960 qui
208 1925 340 1953 Ecclesia
356 1926 480 1960 prwsidet
494 1930 518 1952 et
538 1925 668 1959 delinquit
684 1925 720 1960 (id
736 1932 778 1952 est
792 1925 851 1959 epi-

77 1972 183 2006 scopus).
201 1972 300 1998 Annon
320 1971 403 2006 magis
419 1971 627 1997 miscricordiam
641 1975 803 2004 promeretur
817 1970 851 1996 ad

78 2019 287 2050 comparationem
302 2017 389 2052 ﬁdelis
403 2018 624 2044 caterlminenus?
637 2016 695 2043 Non
711 2017 796 2051 magis
811 2025 853 2042 ve-

78 2062 115 2088 nia
126 2062 213 2098 dignus
239 2068 281 2090 est
304 2063 401 2096 laicus,
422 2063 444 2090 si
465 2063 499 2089 ad
515 2063 657 2089 diaconum
680 2063 853 2096 conferatur?

80 2106 107 2134 Et
118 2117 202 2136 rursus
217 2110 420 2144 comparatione
441 2109 586 2144 presbyteri
601 2109 727 2136 diaconus
751 2109 853 2136 veniam

80 2154 130 2187 plus
144 2157 276 2183 meretur?
289 2156 373 2183 Plane
393 2161 422 2183 ut
446 2155 528 2188 idetn,
544 2155 654 2182 homilia
678 2155 707 2181 11
726 2155 751 2181 in
776 2154 852 2181 Jure-

81 2200 149 2226 tniam
166 2210 173 2228 ε
190 2201 287 2228 Πλεῖον
303 2200 360 2235 ἐγὼ
376 2200 544 2236 ἀπαιτοῦμαι
569 2199 645 2236 παρὰ
660 2199 705 2226 τὸν
720 2200 852 2230 διάκονον,

82 2244 157 2272 πλεῖον
171 2247 184 2272 ὁ
197 2247 322 2278 διάκονος
346 2246 422 2282 παρὰ
450 2245 496 2272 τὸν
520 2246 629 2277 λαῖκὸν,
647 2246 660 2271 ὁ
678 2245 706 2271 δὲ
722 2245 771 2280 τὴν
788 2244 855 2271 πάν-

81 2297 125 2316 των
147 2293 218 2327 ἡμῶν
245 2292 484 2328 ἐγκεχειρισμένος
501 2292 587 2328 ἀρχὴν
614 2290 698 2326 αὐτὴν
722 2291 771 2326 τὴν
793 2291 855 2316 Ἐκ-

83 2335 259 2375 lincuntqu
292 2340 338 2365 ἐπὶ
370 2338 461 2365 πλεῖον
484 2338 545 2369 (vel
574 2338 614 2364 ἔτι
642 2336 754 2370 πλεῖον)
773 2337 855 2362 ἀπαι-

82 2381 165 2409 τεῖται.
180 2383 235 2411 Hoc
247 2388 302 2416 est,
318 2383 514 2417 interpretante
529 2381 702 2416 Hieronymo,
715 2380 774 2415 plus
787 2390 802 2407 a
815 2389 855 2408 me

84 2426 180 2461 exigitur
196 2437 277 2465 quam
296 2437 313 2455 a
333 2429 461 2461 diacono;
483 2428 542 2463 plus
558 2437 574 2455 a
597 2428 708 2455 diacono
733 2436 812 2462 quam
840 2435 856 2454 a

85 2471 152 2501 laico.
165 2476 213 2508 Qui
229 2484 290 2503 vero
307 2475 388 2502 totius
416 2474 540 2501 Ecclesia:
565 2482 651 2501 arcem
672 2473 781 2504 obtinet,
806 2481 855 2508 pro

85 2520 142 2545 omni
154 2519 268 2548 Ecclesia
284 2521 375 2547 reddet
396 2521 534 2547 rationem.
554 2518 685 2554 Origenes
715 2518 856 2553 presbyter

86 2561 136 2596 luit,
151 2566 260 2602 ideollue
275 2567 333 2594 ait:
347 2565 413 2593 Ptus
429 2574 445 2592 a
461 2574 501 2592 me
520 2566 636 2600 exigitur
646 2573 725 2599 quam
739 2573 754 2590 a
765 2563 857 2590 diaco-

87 2617 122 2644 πο,
129 2613 191 2646 quod
203 2613 408 2649 presbyteratus
419 2611 520 2646 gradus
535 2615 606 2638 esset
618 2611 762 2638 diaconatu
775 2618 857 2645 supe-

87 2655 146 2689 rior;
157 2659 209 2692 plus
225 2668 242 2685 a
254 2659 368 2685 diacono
383 2665 462 2693 quam
477 2666 493 2682 a
510 2657 588 2690 laico,
607 2657 670 2691 quia
697 2656 794 2688 laicus,
814 2663 856 2682 se-

87 2703 186 2731 cundum
198 2705 273 2732 illius
285 2704 462 2736 sententiam,
478 2703 579 2729 nullam
593 2703 618 2729 in
631 2702 751 2730 Ecclesia
764 2701 855 2736 digni-

88 2750 153 2775 tatem
164 2751 280 2783 obtinet;
291 2756 331 2782 at,
338 2750 436 2785 inquit,
445 2749 491 2776 ille
500 2749 544 2784 qui
552 2749 586 2775 ad
593 2749 770 2783 principatum
776 2755 857 2781 supra

88 2798 229 2830 aesomnes,
249 2802 306 2823 tum
324 2795 424 2827 laicos,
444 2800 501 2821 tum
524 2794 655 2822 diaconos
668 2815 674 2827 ,
689 2799 746 2822 tum
773 2793 856 2822 etiam

118 2861 135 2876 “
147 2861 156 2888 Ι
168 2863 234 2892 Tim.
251 2863 334 2898 111,2.
376 2865 396 2880 ιθ
415 2863 481 2891 Luc.
499 2871 548 2896 xu,
562 2863 605 2890 i2.

903 1614 959 1636 tum
974 1609 1012 1636 uel
1024 1617 1119 1644 parum
1139 1608 1330 1641 incomposito;
1348 1609 1388 1634 ita
1403 1606 1457 1633 vult
1468 1607 1690 1640 eumquiantcce.

903 1654 996 1681 denter
1021 1653 1056 1680 ad
1071 1654 1250 1688 episcopatum
1263 1651 1453 1687 promovendus
1469 1657 1520 1684 est,
1537 1651 1630 1677 habere
1645 1651 1678 1677 do

903 1701 978 1728 cendi
992 1700 1159 1735 facultatem,
1170 1704 1195 1726 et
1208 1703 1337 1734 potentem
1351 1705 1406 1724 esse
1416 1698 1450 1724 ad
1462 1697 1649 1724 obstruendunt
1663 1704 1688 1724 ot

903 1746 1154 1774 contradictoribus.
1165 1746 1198 1773 Et
1216 1745 1327 1780 quidem
1349 1744 1469 1779 episcopi
1487 1744 1689 1771 characteristi~

903 1800 965 1819 cum
985 1792 1050 1819 alibi
1066 1797 1143 1819 notat
1158 1791 1288 1826 Origenes
1302 1811 1310 1823 ,
1327 1794 1357 1817 ut
1378 1790 1406 1817 in
1435 1789 1639 1817 commentariis
1658 1790 1690 1816 ad

905 1837 1061 1864 Malthmum
1077 1845 1084 1863 :
1103 1837 1237 1863 Γενναίων
1247 1836 1279 1868 δ’,
1293 1834 1381 1872 οἶμαι,
1398 1836 1443 1862 καὶ
1458 1835 1573 1870 ἐχόντων
1592 1834 1625 1860 τὰ
1641 1841 1690 1866 χα-

904 1882 1100 1920 ρακτηρίζοντα
1115 1882 1160 1909 τὸν
1171 1882 1318 1909 ἐπίσκοπον
1335 1883 1422 1908 πάντα
1445 1881 1523 1917 ἔργον
1533 1878 1566 1916 ἦν
1581 1881 1693 1915 προτρέσ

902 1928 1069 1963 ψασθαιτοὺς
1077 1928 1122 1955 καὶ
1130 1928 1291 1963 δυναμένους
1300 1927 1345 1954 καὶ
1357 1926 1531 1962 πειθομένους
1539 1926 1571 1961 τῇ
1581 1933 1692 1961 προτρο-

903 1975 952 2009 πῇ,
961 1975 1006 2000 καὶ
1013 1973 1057 2000 διὰ
1065 1973 1111 2000 τοῦ
1121 1973 1249 2010 παρέχειν
1256 1974 1287 1999 ὲκ
1293 1972 1339 1999 τοῦ
1349 1971 1436 1999 κοινοῦ
1448 1972 1538 2003 αὐτοῖς
1545 1971 1591 1997 καὶ
1598 1970 1693 2002 ἄλλους

903 2020 948 2046 ἐπὶ
963 2019 1042 2046 τοῦτο
1058 2019 1234 2055 παρακαλεῖν.
1254 2018 1391 2046 Nobilium
1412 2022 1500 2044 autem
1514 2038 1520 2049 ,
1535 2017 1643 2052 opinor,
1668 2023 1695 2044 et

903 2074 994 2092 earum
1008 2066 1054 2101 qui
1068 2066 1156 2092 omnia
1172 2065 1321 2099 episcopum
1337 2064 1427 2090 intime
1443 2063 1631 2090 constituentia
1651 2066 1693 2088 at-

902 2119 951 2146 que
966 2111 1141 2138 describenda
1166 2109 1299 2144 possident
1321 2116 1385 2143 opus
1398 2113 1475 2141 esset,
1488 2116 1531 2134 eos
1553 2107 1693 2134 adhortari

904 2158 998 2193 quibus
1017 2157 1132 2192 facultas
1148 2156 1273 2190 suppetit,
1290 2155 1385 2190 quique
1403 2154 1584 2180 adliortationi
1599 2153 1695 2180 obterit-

872 2223 891 2248 υ
905 2209 1008 2239 perant,
1023 2204 1136 2238 ipsisque
1148 2210 1188 2229 res
1204 2203 1264 2229 vita:
1279 2200 1440 2227 necessarias
1453 2207 1467 2226 e
1482 2199 1613 2225 communi
1630 2199 1676 2225 sub
1687 2213 1693 2219 -

907 2250 1084 2277 ministrando
1105 2249 1173 2276 alios
1189 2248 1224 2275 ad
1240 2249 1308 2276 idem
1322 2257 1422 2284 quoque
1450 2247 1593 2282 impellere.
1619 2246 1652 2273 Et
1667 2247 1697 2273 in

907 2296 1003 2323 iisdem
1026 2294 1234 2322 commentariis
1259 2303 1266 2321 :
1287 2293 1401 2328 Propter
1423 2293 1492 2328 quod
1518 2297 1543 2318 et
1569 2291 1697 2326 deﬁniens

906 2343 996 2377 quales
1008 2343 1118 2368 debeant
1138 2349 1192 2368 esse
1204 2340 1330 2375 episcopi,
1343 2340 1381 2367 sic
1394 2339 1460 2366 dicit
1477 2348 1483 2354 ·
1500 2346 1554 2366 non
1571 2338 1694 2373 litigiosi,

907 2395 960 2414 non
976 2394 1162 2422 percussores,
1178 2386 1223 2413 sed
1238 2385 1385 2418 mansueti,
1395 2386 1482 2412 ornati
1497 2384 1519 2400 ”
1528 2388 1552 2410 et
1572 2391 1695 2418 quacun-

906 2442 954 2469 que
970 2434 1037 2460 inter
1054 2433 1144 2468 ﬁdeles
1169 2437 1194 2460 et
1217 2432 1346 2467 sapientes
1369 2440 1455 2458 servos
1475 2430 1642 2457 inveniuntur
1670 2434 1698 2456 ct

906 2482 1109 2516 dispensatores
1140 2488 1210 2516 quos
1235 2478 1521 2508 constituitDominus
1550 2485 1632 2512 super
1654 2477 1695 2503 l'a-

907 2527 1009 2553 miliam
1044 2533 1133 2558 suam,
1149 2527 1218 2552 sicut
1244 2525 1309 2552 dicit
1327 2524 1412 2551 Lucas
1429 2523 1546 2550 ".Erant
1568 2523 1650 2557 igitur
1663 2522 1697 2548 τὰ

907 2571 1141 2608 χαρακτηρίζοντα
1157 2572 1202 2598 τὸν
1218 2571 1365 2598 ἐπίσκοπον
1374 2570 1523 2598 secundant
1539 2569 1694 2604 Origenem,

907 2618 986 2653 plane
1002 2616 1231 2652 quemadmodum
1255 2616 1290 2643 τὰ
1309 2615 1543 2652 χαρακτηρίςοντα
1553 2615 1601 2651 τὴν
1614 2614 1696 2648 ἁγίαν

908 2665 1004 2700 χήραν,
1026 2667 1056 2690 ut
1075 2663 1132 2697 ipse
1151 2663 1273 2697 loquitur
1289 2663 1316 2689 in
1344 2662 1373 2689 S.
1386 2661 1528 2693 Joannem,
1553 2661 1644 2688 omnia
1662 2669 1691 2686 ex

907 2708 1050 2744 przeceptis
1072 2707 1221 2735 Dominicis
1245 2707 1288 2735 vel
1313 2707 1469 2743 apostolicis
1492 2707 1637 2734 delineata.
1663 2705 1696 2733 Et

907 2754 1093 2783 memorabilis
1118 2755 1230 2781 omnino
1254 2754 1332 2782 locus
1349 2759 1391 2781 est
1417 2754 1513 2782 eodem
1542 2753 1623 2785 libro,
1640 2761 1697 2787 quo

907 2801 1044 2832 Wlesias
1063 2800 1283 2829 Christianorum
1300 2808 1334 2829 ex
1346 2800 1462 2830 adverso
1481 2808 1544 2829 cum
1566 2798 1699 2828 Ecclesiis
