1866 3073
153 153 212 180 .219
242 137 246 141 ’

683 156 712 184 S.
730 157 905 186 lGNATlUS.
924 175 959 181 —-
983 158 1250 188 PROLEGOMENA.

1753 156 1822 184 220

159 220 207 240 seu
238 215 418 243 concionibus
441 216 581 251 gentilium
611 218 777 252 componit:
809 219 896 246 Ἐκκλι

1088 219 1157 255 ισμῷ
1166 220 1237 255 μέγα
1250 219 1424 255 φρονοῦντας·
1436 228 1442 235 ’
1455 219 1501 246 καὶ
1515 219 1635 255 μάλιστα
1649 219 1721 246 ἐπὰν
1737 218 1825 255 τύχῃ

160 259 210 293 μὲν
227 259 279 296 γὰρ
294 261 341 287 τοῦ
353 261 419 288 θεοῦ
437 262 592 298 φέρέἰπεῖν
608 264 625 298 ἡ
649 263 776 300 Ἀθήνῃσι
786 285 793 296 ,
806 266 906 301 πραεῖὰ
917 275 959 298 τις

160 304 208 330 καὶ
230 306 364 342 εὐσταθὴς
381 308 421 338 (ut
437 307 471 334 de
487 307 637 344 Polycarpo
649 308 679 336 S.
692 309 822 344 lgnatius)
840 310 885 338 ἅτε
900 311 960 347 Θεῷ

159 349 293 385 ἀρέσκειν
309 352 347 387 τῷ
366 353 412 380 ἐπὶ
440 355 506 380 πᾶσι
534 354 680 391 βουλομένη
694 364 700 370 ”
728 357 743 391 ἡ
768 357 790 382 δ’
812 357 960 393 Ἀθηναίων

154 395 306 433 Ἐκκλησία
324 398 475 434 στασιώδης
499 400 546 426 καὶ
575 401 701 437 οὐδαμῶς
732 403 958 440 παραῦαλλομὲνη

164 445 197 480 τῇ
222 446 280 472 ἐκεῖ
305 445 455 482 Ἐκκλησία
476 447 524 474 τοῦ
540 447 607 475 Θεοῦ
622 457 628 464 ι
657 448 687 475 τὸ
703 449 725 476 δ’
738 451 804 477 αὐτὸ
829 452 900 486 ἐρεῖς
912 460 960 478 πε-

167 492 195 527 ρὶ
225 491 371 527 ἐκκλησίας
405 493 452 520 τοῦ
484 493 551 520 Θεοῦ
580 494 631 529 τῆς
666 495 696 521 ὲν
733 496 877 532 Κορίνθῳ,
912 497 960 524 καὶ

164 537 214 572 τῆς
234 537 381 573 ἐκκλησίας
404 537 451 564 τοῦ
473 539 560 574 δήμου
594 540 754 576 Κορινθίων·
773 542 819 568 καὶ
842 542 902 578 φέρ’
926 544 961 570 εζ-

165 584 226 609 πεῖν
255 583 319 620 περὶ
343 584 505 619 Ἐκκλησίας
538 584 585 611 τοῦ
610 585 677 612 Θεοῦ
708 587 759 622 τῆς
782 588 811 613 ὲν
834 588 959 621 Ἀλεξαν-

164 629 251 664 δρείᾳ,
288 630 336 656 καὶ
368 630 517 666 ἐκκλησίας
553 631 601 657 τοῦ
634 631 829 668 Ἀλεξανδρέων
861 634 955 669 δήμου.

166 673 238 700 Nam
251 673 369 702 Ecclesia
393 674 452 707 Dei,
472 675 543 702 verbi
572 677 679 711 gratia,
704 685 763 712 qute
780 678 889 705 Athenis
909 684 958 712 est,

165 725 302 747 mansueta
314 727 351 747 est
366 726 390 747 et
404 721 482 755 probe
491 723 646 757 composita,
662 724 756 758 quippe
768 733 826 759 qua:
841 724 904 757 Deo,
915 726 959 760 qui

164 771 203 793 cst
218 775 295 799 super
309 768 406 797 omnia.
424 776 451 795 se
467 771 612 804 approbare
626 771 735 804 cupiat;
759 771 960 798 Atheniensium

165 818 254 839 autent
266 815 357 840 concio
372 815 507 848 seditiosa,
520 824 567 843 nec
591 816 646 843 ullo
661 817 738 844 modo
756 826 815 844 cum
842 817 961 845 Ecclesia

166 857 215 884 Dci
229 867 287 892 qua:
300 859 397 886 ibidem
420 864 476 891 est,
492 861 660 895 conferenda.
687 861 763 889 Idem
789 863 869 890 etiam
885 864 960 890 dicas

165 903 198 930 de
218 903 336 931 Ecclesia
362 905 411 932 Dei
425 914 483 941 quea
498 911 537 933 est
562 906 683 934 Corinthi
694 927 701 939 ,
717 913 741 935 et
764 909 884 942 ecclesia,
901 910 959 936 sive

166 949 299 982 concione,
314 950 405 984 populi
433 950 649 984 Corinthiorum;
669 957 704 986 cl,
719 953 789 980 uerbi
809 955 907 989 gratia,
927 954 958 981 de

166 994 286 1022 Ecclesia
304 995 354 1022 Dei
375 1005 434 1031 qute
458 1001 496 1023 est
519 997 711 1032 Alexandria,
730 1004 755 1026 et
773 1001 897 1027 concione
912 1009 959 1035 po-

165 1040 223 1076 puli
238 1041 424 1070 Alexandrini.
443 1043 577 1071 Memorat
590 1045 683 1080 itaque
695 1044 827 1080 Origenes
843 1047 958 1081 exempli

167 1088 254 1122 gratia
271 1092 325 1116 tres
349 1088 485 1118 Ecclesias
503 1090 605 1119 Graecis
625 1092 795 1125 notissimas,
810 1093 959 1121 Athenien-

166 1141 235 1167 sem,
251 1134 466 1170 Coﬂnthiacam,
481 1137 704 1165 Alexandrinam.
730 1138 857 1167 Ostendit
870 1140 897 1167 in
915 1140 958 1168 his

166 1179 324 1208 civitatibus
336 1181 465 1216 populum
480 1183 621 1218 gentilium
639 1184 712 1211 nullo
732 1185 813 1211 modo
833 1193 895 1212 cum
912 1194 961 1220 po-

166 1226 232 1260 pulo
251 1226 410 1255 Christiano
424 1236 485 1256 esse
501 1229 707 1257 conferendum.
731 1230 794 1258 inde
818 1232 959 1267 progredi-

166 1276 212 1298 tttr
233 1272 267 1300 ad
290 1273 439 1308 dignitates
463 1276 675 1306 ecclesiasticas.
693 1285 796 1312 easque
820 1279 960 1313 componit

168 1325 230 1345 cum
251 1319 415 1354 magistratu
439 1326 590 1356 senatuque
610 1323 762 1356 gentilium,
781 1323 877 1359 βουλὴν
899 1323 961 1351 Ἑκ-

167 1365 281 1400 κλησίας
292 1366 359 1392 Θεοῦ
373 1367 453 1403 βουλῇ
467 1369 498 1403 τῇ
517 1369 578 1395 καθ’
593 1369 711 1406 ἑκάστην
723 1370 800 1397 πόλιν
818 1371 960 1403 συνεξετά-

168 1410 232 1443 ζων,
251 1417 371 1438 senatum
388 1413 511 1441 Ecclesiae
524 1414 571 1442 Dei
588 1417 690 1443 senatui
712 1417 739 1444 in
763 1417 881 1452 qualibet
893 1419 959 1445 civi-

168 1462 222 1484 tate
239 1459 382 1485 constituto
397 1467 564 1495 comparans,
584 1465 611 1488 et
625 1461 771 1497 βουλευτὰς
786 1463 960 1492 Chrislianos

168 1503 325 1539 βουλευταῖς
341 1506 481 1541 gentilium
505 1515 656 1542 opponens.
679 1508 710 1535 lii
729 1514 821 1536 autem
849 1509 959 1545 βουλευ-

165 1550 211 1576 ταὶ
232 1549 380 1578 Christiani
397 1559 463 1579 sane
486 1552 596 1580 t‘uerunt
620 1554 780 1590 presbyteri.
816 1555 882 1583 Post
907 1556 958 1584 hos

167 1595 251 1630 igitur
269 1597 392 1624 ascendit
409 1597 443 1624 ad
461 1598 611 1633 principem
629 1607 676 1626 seu
695 1607 834 1627 sumntum
851 1601 878 1628 in
894 1609 962 1628 una-

166 1649 274 1677 quaque
296 1642 405 1670 civitate
421 1644 628 1679 magistratum:
641 1644 719 1672 Οὕτω
734 1645 762 1672 δὲ
783 1647 830 1673 καὶ
845 1647 963 1683 ἄρχονται

167 1687 329 1724 Ἐκκλησιας
345 1689 463 1725 ἑκάστης
488 1690 592 1722 πόλεως
612 1690 722 1727 ἄρχοντι
733 1691 787 1718 τῶν
802 1693 830 1719 ὲν
838 1694 870 1728 τῇ
886 1693 962 1721 πόλει

167 1735 337 1770 συγκριτέον.
356 1735 456 1763 Eodem
472 1737 550 1763 modo
567 1745 687 1772 princeps
697 1737 823 1765 Ere/esito
838 1739 964 1766 uniuscu—

166 1781 258 1814 iusque
272 1781 388 1808 civitatis
402 1790 462 1809 cum
474 1791 577 1809 summo
592 1791 681 1810 eorunt
688 1785 734 1818 qui
745 1785 772 1811 in
782 1785 889 1812 civitate
901 1791 962 1813 sunt

167 1827 326 1862 magistratu
340 1829 512 1863 conferendas
525 1829 614 1858 est.Ut
625 1836 715 1858 autem
729 1833 882 1868 presbyteri
895 1833 958 1868 βου-

168 1873 263 1900 λευταὶ
280 1879 344 1901 sunt.
356 1895 363 1905 .
380 1875 416 1902 ita
434 1875 525 1912 ἄρχων
547 1877 711 1913 Ἐκκλησίας
735 1879 881 1914 episcopus
909 1885 961 1914 est,

166 1924 198 1947 ut
214 1919 271 1954 ipse
285 1920 312 1947 in
325 1922 529 1950 commentariis
546 1923 579 1951 ad
592 1923 747 1951 Matllneum
760 1935 766 1952 :
780 1925 817 1952 Οὐ
828 1926 961 1962 μιμητέον

166 1964 205 1999 τῷ
221 1965 329 2001 ἄρχοντι
347 1967 396 2003 τῆς
416 1967 578 2004 Ἐκκλησίας
599 1970 644 1997 τὸν
661 1971 779 2006 ἄρχοντα
800 1971 853 2000 τῶν
865 1972 959 1999 ἔονῶν.

168 2009 251 2045 quue
264 2019 326 2038 cum
341 2012 467 2048 Athenis,
481 2014 605 2042 Corinthi
630 2020 657 2043 et
671 2017 917 2051 Alexandrizedum
933 2019 961 2046 in

168 2065 333 2093 unaquaque
356 2058 477 2094 civitate,
494 2065 562 2089 teste
589 2061 718 2098 Origene,
736 2064 864 2091 obtinuit.
886 2064 959 2093 Idem

167 2105 250 2131 etiam
262 2105 385 2133 -ltomilia
413 2107 448 2134 20
475 2107 501 2134 in
515 2107 617 2135 Lucam
633 2118 639 2135 :
654 2108 684 2136 Si
704 2108 782 2137 Iesus
808 2109 896 2137 Filius
912 2110 961 2138 Dei

167 2151 310 2186 subjicitur
333 2151 431 2187 Ioseph
453 2158 477 2180 et
496 2153 602 2185 Μανίας,
626 2163 672 2190 ego
685 2163 737 2181 non
761 2155 891 2190 subjiciar
905 2158 961 2191 epi-

167 2205 257 2232 scopo,
275 2198 320 2232 qui
336 2198 402 2224 mihi
414 2206 431 2224 a
446 2199 499 2224 Deo
512 2199 651 2227 ordinatus
665 2205 704 2227 est
724 2205 799 2236 pater
812 2202 884 2228 ?non
898 2202 959 2229 sub-

1011 267 1144 302 πατράσιν
1161 267 1299 301 ἐπαυχεῖν,
1309 265 1355 292 καὶ
1372 266 1513 301 προγόνοις
1529 266 1674 302 προεδρίας
1685 265 1827 301 ἠξιωμέο

1011 322 1066 344 νοις
1083 313 1112 339 ὲν
1128 314 1161 348 τῇ
1181 312 1329 348 Ἐκκλησία
1343 312 1522 339 ἐπισκοπικοῦ
1534 312 1639 348 θρόνου,
1649 312 1666 347 ἢ
1685 312 1829 348 πρεσϐυ-

1011 359 1198 395 τερίουτιμῆς,
1215 358 1231 394 ἢ
1249 359 1385 390 διακονίας
1395 359 1435 390 εἰς
1449 359 1495 385 τὸν
1507 359 1570 385 λαὸν
1586 358 1634 385 τοῦ
1651 357 1831 385 Θεοῦ.σοιι-

1011 405 1125 433 lentione
1140 409 1228 431 autent
1242 412 1306 439 opus
1317 409 1355 431 est
1371 404 1405 430 ad
1416 404 1611 439 deprimendum
1626 413 1720 431 eorum
1733 412 1831 431 arro—

1011 451 1208 485 gantiam,qui
1231 450 1300 485 quod
1319 459 1335 477 a
1359 450 1512 485 parentibus
1542 451 1568 477 in
1595 450 1831 478 Cltristianisma

1010 496 1115 523 educati
1130 501 1203 530 sunt,
1217 497 1248 523 de
1260 505 1287 524 se
1300 497 1438 531 magniﬁce
1451 497 1577 529 sentiunt,
1589 497 1787 532 etprtesertim
1798 496 1830 522 si

1010 544 1164 578 parentibus
1184 549 1208 571 et
1224 544 1328 578 proavis
1344 543 1504 581 efferantur,
1530 543 1576 578 qui
1597 543 1768 578 episcopalis
1794 543 1829 569 in

1011 589 1132 616 Ecclesia
1147 590 1215 616 sedis
1229 591 1433 625 praerogativam
1454 589 1511 624 jus,
1529 589 1568 616 vel
1585 589 1750 624 presbyterii
1773 589 1829 615 di—

1011 637 1138 672 gnitatem
1157 635 1303 667 tenuerint,
1319 635 1358 662 vel
1375 635 1481 666 diaconi
1494 635 1584 670 ofﬁcio
1597 644 1659 670 erga
1677 635 1831 670 populum

1014 683 1062 709 Dei
1079 681 1164 716 functi
1181 681 1244 707 sint.
1261 680 1309 708 His
1325 681 1396 708 cnim
1416 689 1465 708 sua
1480 686 1558 708 aetate
1571 681 1708 716 plurimos
1723 680 1831 708 fuisse

1011 729 1111 761 inmtit,
1128 736 1245 762 quorum
1276 727 1368 762 proavi
1389 727 1424 754 ab
1439 727 1575 761 episcopis
1598 727 1708 754 educati
1724 731 1803 753 sunt
1817 736 1827 760 ;

1011 773 1131 809 episcopi
1148 777 1238 800 autem
1257 772 1294 799 illi
1318 779 1384 799 sane
1400 771 1508 799 fuerant
1520 772 1662 807 S.|gnatio
1675 772 1787 803 coaevi,
1800 772 1829 799 si

1012 828 1066 846 non
1089 824 1115 846 et
1139 818 1281 853 apostolis.
1303 817 1394 851 Quare
1417 818 1444 844 in
1474 818 1569 845 iisdem
1597 818 1829 845 commentariis

1012 866 1077 893 illud
1094 865 1123 893 S.
1136 865 1218 892 Lucae
1233 872 1373 900 exponens
1388 873 1395 890 :
1411 864 1466 890 Καὶ
1479 865 1493 890 ὁ
1505 863 1719 899 ἡγούμενος,ὼς
1734 863 1828 890 68m.—

1010 911 1107 944 κονῶν,
1120 916 1250 946 tanquam
1263 914 1429 946 praeceptum
1443 909 1545 937 Christi
1557 909 1644 944 ipsius
1661 910 1696 937 de
1715 909 1827 937 ofﬁcio

1014 958 1136 993 episcopi
1150 958 1344 992 interpretatur
1359 966 1366 984 :
1382 957 1410 984 '0
1420 956 1448 982 δὲ
1462 956 1627 992 ἡγούμενος,
1642 955 1718 982 οὕτω
1732 955 1766 982 δὲ
1781 954 1828 982 οἴ·

1012 1014 1060 1041 μαι
1071 1004 1214 1040 ὀνομάζειν
1222 1004 1268 1030 τὸν
1276 1003 1442 1039 καλούμενον
1452 1004 1481 1030 ὲν
1488 1004 1548 1034 ταῖς
1561 1002 1742 1037 Ἐκκλησίαις
1751 1002 1827 1028 ἐπὶ·

1012 1058 1122 1082 σκοπον,
1146 1050 1184 1082 ὡς
1208 1049 1223 1076 ὁ
1244 1050 1301 1081 τοῖς
1328 1048 1560 1086 ὑπηρετουμένοις
1588 1047 1825 1083 διακονούμενος.

1011 1096 1138 1131 Princeps
1155 1105 1214 1123 vero
1231 1096 1239 1131 (
1256 1096 1294 1122 sic
1309 1100 1398 1122 autent
1414 1094 1549 1129 appellare
1563 1095 1688 1121 existima
1715 1095 1768 1129 qui
1795 1094 1825 1120 iu

1012 1142 1140 1170 Ecclesiis
1154 1142 1290 1177 episcopus
1303 1140 1422 1176 vocatur)
1436 1145 1564 1175 tanquam
1586 1139 1630 1174 qui
1652 1139 1826 1166 ministran-

1012 1186 1082 1214 tibus
1099 1187 1245 1219 ministrat,
1274 1185 1320 1213 καὶ
1336 1185 1423 1212 ταῦτα
1441 1185 1490 1221 μὲν
1505 1185 1519 1210 ὁ
1535 1183 1581 1210 τοῦ
1595 1183 1665 1210 Θεοῦ
1688 1184 1826 1210 διδάσκει

1011 1233 1084 1268 ἡμᾶς
1098 1233 1188 1268 λόγος,
1202 1238 1280 1268 atque
1295 1232 1350 1259 Ita'c
1366 1231 1470 1267 quidem
1482 1231 1555 1257 docet
1567 1238 1613 1257 nos
1626 1230 1676 1257 Dei
1688 1231 1822 1257 uerbum.

1010 1278 1078 1306 Nam
1095 1283 1124 1305 ιιι
1137 1283 1230 1314 postea
1245 1278 1373 1306 observat
1387 1287 1393 1304 :
1408 1277 1504 1304 Peccat
1515 1277 1542 1304 in
1559 1277 1644 1303 Deum
1659 1277 1825 1312 quicunque

1011 1326 1147 1360 episcopus
1161 1326 1205 1360 qui
1230 1333 1282 1352 non
1304 1325 1380 1359 quasi
1402 1324 1532 1350 conservis
1552 1331 1640 1350 servus
1659 1324 1823 1353 ministrat.

1011 1372 1056 1398 sed
1076 1372 1153 1407 quasi
1169 1372 1301 1399 dominus.
1318 1371 1389 1399 Idem
1406 1373 1434 1399 in
1446 1371 1615 1400 Ezechielem
1629 1372 1745 1399 humilia
1760 1371 1800 1399 16
1812 1380 1821 1398 :

1012 1417 1065 1449 Qui
1079 1425 1138 1444 vero
1150 1417 1303 1452 religionem
1315 1418 1418 1452 penitus
1442 1423 1608 1451 aversantur,
1617 1418 1645 1444 in
1663 1422 1775 1444 tantum
1789 1422 1823 1443 ut

1011 1471 1063 1490 non
1080 1468 1170 1489 curent
1180 1463 1212 1490 de
1220 1463 1351 1498 episcopo,
1364 1464 1395 1490 de
1407 1463 1576 1498 presbyteris,
1591 1463 1623 1490 de
1638 1463 1820 1496 diaconibus,

1012 1509 1044 1535 de
1051 1508 1181 1542 fratribus
1191 1509 1250 1542 ,sed
1269 1517 1327 1535 cum
1340 1511 1410 1535 omni
1418 1510 1579 1544 procacitate
1591 1509 1765 1544 delinquunt,
1774 1510 1820 1535 si-

1012 1551 1089 1578 miles
1105 1551 1172 1586 ﬁuut
1199 1553 1332 1580 meretrici
1359 1562 1419 1580 cum
1433 1553 1533 1588 ﬁducia
1558 1555 1720 1589 prastitutaa.
1735 1553 1772 1581 Et.
1785 1554 1820 1582 in

1016 1596 1114 1624 Isaiam
1134 1598 1247 1625 humilia
1265 1598 1281 1625 6
1296 1608 1303 1626 :
1322 1598 1392 1634 Ergo
1404 1599 1451 1626 hoc
1465 1600 1539 1632 dicit,
1554 1605 1583 1626 ut
1596 1601 1735 1634 episcopus
1746 1601 1820 1628 mil-

1016 1647 1070 1670 tens
1089 1652 1184 1679 aquam
1200 1644 1227 1670 in
1239 1644 1332 1679 pelvim
1345 1650 1369 1672 et
1386 1650 1481 1672 exutus
1495 1645 1606 1672 vestibus
1622 1646 1690 1677 suis,
1707 1651 1733 1672 et
1744 1654 1821 1680 prtz-

1014 1689 1114 1716 cinctus
1135 1689 1216 1716 linteo
1238 1698 1277 1717 me
1295 1691 1450 1717 extendente
1465 1691 1533 1717 lavet
1547 1691 1623 1725 pedes
1645 1691 1740 1718 meos?
1766 1690 1818 1718 Si-

1014 1735 1117 1770 quidem
1132 1738 1192 1769 vos,
1221 1736 1322 1771 inquit,
1338 1736 1444 1764 debetis
1472 1737 1588 1764 invicem
1607 1737 1700 1764 lavare
1728 1737 1818 1771 pedes

1013 1785 1119 1809 vestros
1137 1781 1169 1809 “.
1190 1781 1220 1809 Si
1229 1783 1276 1809 hoc
1304 1788 1341 1810 est
1360 1782 1428 1817 quod
1446 1783 1564 1815 dicitur,
1592 1791 1668 1809 nemo
1693 1788 1818 1810 uestrum

1013 1827 1169 1854 mandatum
1183 1829 1307 1855 servabit.
1319 1828 1405 1855 Nemo
1419 1829 1486 1855 enim
1497 1829 1692 1864 quibuscunque
1702 1831 1819 1856 ueniam.

1014 1873 1083 1900 tibus
1097 1882 1232 1902 assumens
1259 1875 1369 1902 linteum
1387 1876 1515 1902 diaconus
1542 1875 1581 1901 uel
1592 1875 1738 1911 presbyter,
1756 1876 1817 1903 sine

1012 1919 1148 1953 epismpus
1162 1919 1233 1946 lavat
1247 1920 1334 1954 pedes.
1357 1919 1409 1947 Sed
1426 1920 1450 1946 si
1464 1919 1598 1954 intelligas
1609 1929 1641 1947 ea
1658 1929 1717 1955 quw
1742 1921 1817 1947 scri-

1012 1970 1059 1999 pta
1076 1969 1148 1996 sunt,
1163 1965 1208 2001 qui
1227 1973 1284 1992 rere
1302 1965 1372 1992 beati
1388 1970 1448 1992 sunt
1462 1966 1577 2000 episcopi
1591 1966 1732 1992 servientes
1756 1965 1817 1992 Ec-

1012 2010 1100 2038 clesia:
1114 2012 1221 2038 mittunt
1241 2020 1337 2047 aquam
1348 2012 1380 2038 de
1396 2011 1543 2046 Scripturis
1554 2012 1581 2038 in
1592 2012 1686 2046 pelvim
1698 2012 1814 2043 animae.

1012 2061 1037 2083 et
1055 2061 1155 2083 tentant
1167 2057 1261 2091 pedum
1272 2057 1463 2091 discipulorum
1483 2057 1571 2084 sordes
1585 2057 1684 2090 lavare,
1699 2062 1722 2083 et
1738 2057 1816 2085 elue-

1012 2111 1050 2136 re,
1067 2109 1090 2130 et
1104 2103 1241 2138 projicere.
1254 2103 1288 2130 Et
1302 2104 1340 2130 sic
1354 2104 1506 2131 custodiunt
1518 2104 1634 2138 episcopi
1650 2104 1814 2132 mandatum

1012 2156 1146 2185 sequentes
1161 2149 1264 2177 Iesum.
1279 2149 1324 2177 Sic
1338 2155 1362 2177 et
1383 2150 1538 2185 presbyteri.
1563 2149 1669 2183 Quibus
1687 2157 1814 2177 consen-

1011 2196 1084 2223 tiunt
1097 2204 1129 2224 ea
1147 2204 1207 2231 qua:
1219 2197 1246 2223 in
1263 2197 1469 2224 commentariis
1485 2197 1511 2223 in
1527 2196 1661 2224 Joannem
1678 2196 1811 2231 legimus,

163 2242 246 2279 jiciar
259 2242 420 2278 presbytero,
432 2243 477 2278 qui
493 2245 556 2271 milii
569 2245 677 2272 Domini
690 2246 842 2282 dignatione
859 2255 961 2282 ρι-ωρο-
977 2242 1040 2274 Din
1057 2250 1110 2270 ms.
1127 2247 1222 2270 nostro
1236 2242 1342 2270 ﬁdelius
1359 2250 1441 2277 quam
1457 2242 1484 2270 in
1512 2242 1594 2270 editis
1610 2247 1812 2277 repraesentata

166 2288 234 2316 situs
253 2289 318 2316 est?‘
329 2289 366 2316 Ita
384 2289 430 2316 ille
446 2289 537 2317 adhuc
548 2290 669 2325 juvenis,
685 2293 805 2320 nondum
820 2293 962 2329 presbyter

166 2333 266 2362 factus.
281 2335 414 2370 Agnoscit
426 2342 514 2366 autem
524 2337 552 2364 in
567 2336 687 2365 Ecclesia
704 2339 889 2366 Alexandrina
905 2340 962 2374 epi-

165 2388 277 2415 scopum
295 2389 310 2409 a
324 2381 379 2409 Deo
393 2383 453 2417 ipso
468 2387 599 2417 tanquam
610 2387 713 2418 patrem
725 2384 893 2416 ordinatum,
906 2393 961 2412 non

165 2426 258 2454 minus
273 2435 356 2463 quam
372 2427 562 2463 presbyterum
581 2427 689 2455 Domini
709 2429 867 2465 dignatione
891 2438 962 2466 prte-

163 2471 294 2506 positum.
305 2472 384 2500 Unde
409 2474 437 2500 in
451 2474 658 2502 commentariis
680 2474 712 2501 ad
735 2475 891 2503 Mattheeum
907 2477 959 2503 ait:

164 2519 244 2546 Οὕτω
255 2519 284 2547 δὲ
301 2521 348 2548 καὶ
364 2522 453 2556 γονεῖς
470 2521 576 2553 πάντας
591 2522 655 2555 τοὺς
677 2522 877 2558 ἀνεπιλήπτους
901 2523 962 2549 ἐπι-

165 2566 282 2598 σκόπους
291 2567 409 2599 καὶτοὺς
416 2567 599 2603 ἀνεγκλήτους
615 2568 815 2605 πρεσϐυτέρους
829 2569 861 2595 λα
865 2569 961 2605 μὸάνει

162 2620 206 2644 τις
221 2609 333 2645 ἀνθ’,ὧν
355 2613 534 2641 καταλέλοιπε
564 2613 622 2641 δύο.
652 2613 698 2642 Ita
724 2615 961 2650 irrepreltensibiles

163 2659 300 2694 episcopos
311 2667 399 2686 omnes
412 2664 438 2686 et
457 2659 621 2695 presbyteros
637 2660 786 2695 iuculpatos
801 2661 827 2687 in
841 2666 961 2696 parentes

164 2706 278 2734 assumit
305 2706 436 2741 quispiam
459 2715 506 2741 pro
531 2707 634 2733 duobus
659 2706 714 2734 illis
742 2715 807 2742 quos
834 2707 959 2734 deseruit.

167 2752 241 2785 Quin
257 2752 338 2780 etiam
367 2757 528 2780 vetustatem
558 2753 773 2788 dignitatemque
797 2753 961 2788 episcopalis

163 2799 271 2826 ordinis
284 2799 365 2834 paulo
376 2804 438 2835 post
452 2800 574 2835 depingit
590 2809 596 2826 :
621 2799 707 2834 Ἀγὼν
719 2799 747 2826 δέ
763 2801 820 2826 ὲστι
830 2799 876 2826 καὶ
893 2798 961 2825 καϐ-

163 2844 234 2874 ιλείν
251 2844 334 2880 οἴημα
343 2845 388 2872 διὰ
400 2845 430 2872 τὸ
443 2846 475 2872 ὲκ
493 2846 619 2882 πατέρων
632 2844 829 2880 διατετράφοαι
847 2845 875 2870 ἐν
900 2844 962 2879 Χρι.

204 2901 226 2918 ¹“
239 2901 318 2930 Joan.
334 2911 395 2937 xui,
416 2903 458 2930 li.

1012 2297 1039 2324 ι).
1059 2289 1112 2316 590
1130 2298 1136 2316 :
1153 2289 1207 2315 Kal.
1226 2289 1263 2325 μὴ
1279 2289 1422 2325 θαυμάσῃς
1445 2290 1469 2315 εἰ
1484 2289 1594 2323 ἀνάγειν
1618 2297 1648 2315 σε
1663 2289 1705 2315 δεῖ
1727 2289 1771 2321 τὸ,
1786 2290 1814 2316 ει

1012 2334 1106 2369 ἁγίων
1123 2333 1219 2368 πόδας
1236 2334 1360 2369 ἔνιψεν,
1375 2335 1443 2361 ὅπου
1466 2334 1622 2362 κελεύονται
1638 2335 1666 2360 αἱ
1681 2334 1812 2368 ἀνάλογοι

1011 2380 1069 2411 τοῖς
1086 2379 1283 2416 πρεσϐυτέροις
1300 2380 1476 2416 πρεσϐύτιδες
1490 2377 1559 2407 εἶναι
1580 2379 1628 2407 καὶ
1650 2379 1813 2407 καλοδιδάσ-

1012 2425 1101 2452 καλοι.
1112 2426 1184 2462 Ὅρα
1194 2425 1222 2452 δὲ
1235 2427 1259 2452 εἰ
1273 2425 1310 2461 μὴ
1323 2426 1370 2454 καὶ
1382 2425 1501 2462 ἐργῶδές
1511 2426 1570 2452 ἐστι
1583 2425 1614 2451 τὸ
1629 2425 1709 2452 πάνθ’
1720 2426 1812 2451 ὁντιν-

1012 2471 1060 2499 οῦν
1076 2472 1296 2507 μαθητευὸμενον
1321 2472 1361 2508 τῷ
1377 2471 1489 2509 Χριστῷ
1505 2472 1615 2499 Θέλοντα
1644 2471 1695 2507 τὴν
1712 2471 1812 2505 λέγου-

1017 2528 1066 2546 σαν
1080 2519 1201 2556 ἐντολὴν,
1217 2519 1266 2546 καὶ
1282 2520 1369 2554 ὑμεῖς
1386 2520 1522 2555 ὀφείλετε
1530 2519 1676 2552 ἀλλήλων
1691 2519 1813 2545 νίπτειν

1011 2567 1084 2599 τοὺς
1100 2566 1205 2600 πόδας,
1222 2566 1261 2598 ὡς
1277 2566 1450 2602 ὀφειλόμενον
1466 2565 1546 2603 ἔργον
1562 2565 1663 2592 ἐθέλειν
1675 2566 1767 2592 ποιεῖν
1779 2565 1811 2592 ἰὴ

1012 2611 1088 2646 νίψαι
1112 2613 1176 2644 τοὺς
1203 2613 1376 2648 σωματικοίις
1401 2612 1448 2639 καὶ
1471 2611 1618 2646 αἰσθητοὺς
1644 2611 1731 2642 πόδας
1754 2611 1811 2637 τῶν

1012 2659 1145 2694 ἀδελφῶν,
1174 2658 1244 2686 ὥστε
1269 2660 1332 2691 τοὺς
1353 2660 1382 2686 ὲν
1399 2658 1580 2694 ὁποιᾳποτοῦν
1602 2658 1732 2685 ὑποθέσει
1750 2658 1809 2693 βίου

1011 2705 1194 2740 τυγχάνοντας
1210 2705 1322 2737 πιστοὺς
1348 2704 1427 2731 τοῦτο
1450 2706 1546 2735 ποιεῖν,
1567 2704 1621 2730 εἴτε
1647 2704 1676 2730 ἐν
1707 2703 1809 2738 ἐκκλη-

1013 2753 1139 2788 σιαστικῇ
1167 2752 1312 2784 δοκοῦντας
1339 2750 1408 2778 εἶναι
1425 2752 1544 2787 ὑπεροχῇ
1569 2751 1738 2782 ἐπισκόπους
1762 2751 1809 2777 καὶ

1012 2798 1227 2837 πρεσϐυτέρους,
1245 2798 1300 2824 εἴτε
1324 2798 1371 2824 καὶ
1394 2798 1422 2824 ὲν
1449 2797 1539 2828 ἄλλοις
1566 2798 1711 2831 κοσμικοῖς
1737 2804 1809 2823 τισιν

1013 2845 1164 2881 ἀξιώμασιν
1177 2853 1183 2860 ·
1202 2844 1272 2874 ὥστε
1292 2844 1361 2881 μετὰ
1368 2843 1447 2871 τοῦτο
1458 2843 1504 2870 καὶ
1518 2842 1563 2869 τὸν
1571 2842 1712 2879 Δεσπότην
1728 2843 1810 2879 ipse”
