1866 3073
204 144 255 170 223

715 143 744 171 S.
765 142 937 171 lGNATIUS.
956 157 991 162 —
1018 137 1283 168 PROLEGOMENA.

1810 127 1854 156 ξε

240 203 292 230 Sed
303 204 455 233 Salmasius
466 204 492 232 id
506 204 656 240 inOrigene
667 204 824 239 vidit,quod
835 204 926 231 videre
938 210 992 230 non
1008 208 1031 236 Α
1045 200 1106 235 ipso
1122 199 1245 234 apostolo
1268 197 1424 229 derivaﬁse;
1450 194 1596 230 Origene“!
1621 191 1769 240 Πειιὶεξιξίί
1794 197 1855 224 SY"

204 251 294 286 potuit
307 250 480 285 Blondellus,
505 259 560 286 quo
578 253 676 287 probet
699 260 784 278 unum
809 256 913 278 tantum
931 251 990 285 epi-

204 297 280 331 scopi
301 303 328 325 et
351 298 503 334 presbyteri
526 299 640 333 gradum
662 299 696 327 ab
714 299 778 332 illo,
795 303 824 325 ut
842 302 867 325 et
893 306 909 324 a
928 297 992 324 Cle-

204 350 312 377 mente,
335 345 474 380 proditum
489 355 496 373 :
514 345 600 372 Unum
624 346 696 373 enim
707 367 715 376 ,
731 346 838 380 inquit,
866 346 992 380 σύστημα

205 391 339 424 agnoscit,
357 391 404 418 Itoc
427 396 481 425 est,
498 392 637 427 collegium
657 393 794 419 hominum
813 393 866 419 vita
889 397 992 426 specta-

205 441 292 463 torum
310 441 334 463 et
354 436 488 469 doctrina,
504 447 520 465 a
537 447 587 473 quo
603 438 715 473 singqu
732 438 847 465 ecclesia.-
863 437 992 473 guberna-

206 482 313 510 bantur.
323 482 359 510 Ut
371 484 534 511 sententiam
544 483 670 520 Origenis
681 485 715 512 de
724 485 774 512 hoc
782 493 837 512 uno
846 488 992 519 systemate

205 529 399 563 gubernatorio
427 531 570 563 ostendat,
595 531 685 558 locum
716 532 789 558 hunc
811 539 844 557 ex
866 531 913 558 lib.
943 538 992 557 rut

205 573 305 601 Contra
329 574 434 602 Celsum
451 575 638 604 infelicis-sime
661 577 788 604 adducit:
808 577 903 612 Ἡμεῖς
919 577 947 603 δὲ
963 578 992 603 ὲν

204 621 308 658 ἑκάστῃ
322 621 396 648 πόλει
410 622 474 649 ἄλλο
491 622 616 658 σύστημα
633 623 771 659 πατρίδος,
788 623 897 650 κτισθὲν
920 623 992 659 λόγῳ

203 667 271 693 Θεοῦ
285 668 471 703 ἐπιστάμενοι,
487 670 550 701 τοὺς
561 670 692 702 δυνατοὺς
705 670 776 706 λόγῳ
791 672 838 697 καὶ
859 671 908 706 βίῳ
923 671 994 705 ὑγιεῖ

204 712 362 748 χρωμένους
376 716 472 750 ἄρχειν
486 714 532 741 ἐπὶ
547 715 577 741 τὸ
587 714 681 751 ἄρχειν
698 715 852 751 ἐκκλησιῶν
868 724 995 752 παρακα-

204 757 314 794 λοῦμεν.
325 758 411 793 Quem
429 759 467 788 ita
482 761 515 788 ad
529 768 609 788 suum
622 762 792 796 propositum
805 762 894 797 primo
909 762 994 789 inter-

204 808 346 838 pretatur:
364 804 421 832 Nos
432 815 491 833 vero
504 807 531 833 in
547 807 660 841 singulis
671 808 824 834 civitatibus
843 808 918 834 aliud
934 815 993 834 cor-

204 857 265 884 pus,
283 850 340 877 sive
358 851 496 886 collegium
513 853 608 887 patria
620 853 696 880 verba
709 853 758 880 Dei
778 854 928 881 institutum
943 862 992 881 no-

205 897 289 924 uimus
303 897 424 925 doctrina
437 903 462 925 et
486 899 539 926 vita
549 907 616 926 sana
636 900 766 927 utentium
789 905 867 935 atque
892 900 927 927 ad
952 908 994 927 re-
1009 889 1030 919 Β

204 943 317 978 gendum
330 944 495 979 idoneorum,
511 954 576 981 quos
600 947 743 974 invitamus
760 947 796 974 ad
808 947 994 981 prazfcctnram

205 991 376 1018 ecclesiarum
393 993 595 1027 capessendam.
623 993 690 1021 Dein
706 994 851 1026 observat,
867 1001 916 1029 per
928 993 994 1022 illud

207 1036 334 1072 σύστημα
349 1038 378 1065 ὲν
396 1039 500 1075 ἑκάστῃ
516 1039 592 1066 πόλει
608 1039 717 1067 κτισθὲν
734 1039 805 1076 λόγῳ
820 1040 888 1067 Θεοῦ
905 1040 993 1076 palam

205 1090 266 1110 esse
289 1090 352 1111 eum
377 1085 528 1121 intelligere
548 1087 747 1123 presbyterium
771 1087 905 1122 cujusque
924 1087 992 1114 civi-

207 1129 270 1156 tatis
294 1138 309 1157 a
336 1130 392 1158 Deo
413 1139 462 1166 per
486 1133 626 1166 apostolos
649 1133 816 1160 institutum.
843 1134 902 1160 lmo
927 1141 993 1161 vero

205 1173 295 1208 palam
313 1179 356 1202 est
370 1175 428 1203 haec
443 1177 535 1204 omnia
552 1184 612 1205 esse
627 1183 762 1211 contorta,
774 1183 802 1205 et
816 1179 915 1206 misere
931 1186 995 1206 coa-

205 1223 248 1245 cta
262 1228 268 1246 :
291 1227 345 1246 non
361 1221 434 1248 enim
451 1221 612 1256 simpliciter
628 1223 753 1258 σύστημα
765 1224 834 1251 dixit
851 1223 994 1259 Origenes,

206 1272 260 1290 non
271 1264 410 1300 collegium
423 1265 557 1294 hominum
570 1268 623 1294 vita
636 1273 812 1303 spectatorum
827 1274 852 1296 et
861 1269 993 1303 doctrina,

205 1317 221 1335 a
238 1317 290 1344 quo
302 1311 416 1345 singultu
434 1312 551 1339 ecclesia:
566 1313 792 1348 gubernabantur,
809 1320 839 1342 ut
853 1315 915 1342 inde
930 1323 995 1350 pte-

158 1357 160 1362 '
205 1355 356 1390 sbyterium
374 1362 503 1391 eruatur;
522 1359 569 1386 sed
586 1359 710 1395 σύστημα
728 1361 865 1396 πατρίδος,
888 1366 916 1389 et.
931 1362 995 1396 qui-

205 1401 266 1428 dem
282 1402 356 1436 ἄλλο,
372 1403 399 1430 id
414 1408 456 1431 est
476 1406 629 1441 συστήματι
646 1407 776 1442 πατρίδος
792 1408 863 1442 apud
881 1408 995 1442 gentiles

206 1447 234 1473 in
249 1448 344 1475 eadem
368 1449 479 1476 civitate
504 1451 674 1485 oppositum.
697 1452 850 1488 Προτρέπει
872 1453 895 1480 δ’
911 1454 986 1489 ἡμᾶς

205 1493 310 1525 Κέλσος
332 1495 379 1521 καὶ
403 1495 450 1521 ἐπὶ
465 1495 495 1521 τὸ
519 1495 613 1532 ἄρχειν
637 1497 688 1532 τῆς
713 1498 853 1534 πατρίδος.
869 1498 939 1531 Quin
960 1499 995 1526 ad

206 1537 379 1571 magistratus
395 1539 422 1565 in
439 1541 530 1574 patria
542 1542 669 1576 gerendas
683 1542 806 1569 ltortatur
822 1552 870 1570 nos
884 1543 994 1571 Celsus:

205 1584 354 1618 respondet
380 1584 532 1620 Origenes,
566 1587 740 1616 Christianos
769 1590 844 1616 aliud
879 1595 994 1625 systema

205 1631 302 1664 patrita
316 1638 476 1666 agnoscere,
492 1638 519 1660 et
535 1633 563 1660 in
589 1633 636 1661 illo
658 1639 804 1670 systemate
818 1637 994 1672 magistratus

205 1683 316 1710 creare;
344 1677 424 1712 plane
448 1683 479 1706 ut
509 1679 574 1706 alibi
591 1680 716 1715 loquitur
734 1681 768 1708 de
789 1681 918 1710 Ecclesiis
935 1683 993 1717 Dei,

205 1726 234 1749 et
248 1722 375 1752 ecclesiis
395 1725 490 1759 populi
510 1726 539 1752 in
567 1727 662 1754 eadem
677 1722 786 1756 civitate
799 1748 807 1760 ,
833 1729 867 1756 de
885 1737 940 1764 qua
965 1738 995 1757 re

207 1775 302 1803 supra.
319 1768 473 1798 Salmasius
499 1771 604 1799 nullam
621 1773 787 1801 mentionem
805 1773 869 1802 l'acit
883 1775 994 1809 patriae,

207 1815 255 1842 sed
270 1816 406 1844 convertit
421 1817 449 1844 in
464 1823 584 1853 systema
600 1819 795 1848 virorum'vita
809 1826 993 1855 spectatorum

207 1864 235 1888 et
250 1860 385 1895 doctrina,
404 1862 484 1897 plane
499 1868 594 1891 contra
612 1869 730 1893 mentem
741 1865 878 1901 Origenis,
894 1871 921 1894 et
935 1875 996 1894 ver-

208 1907 307 1934 borqu
326 1910 572 1938 constructionem.
595 1911 635 1939 Tu
666 1912 704 1940 ita
729 1917 819 1941 vertas
836 1923 842 1940 :
861 1913 918 1941 Nos
935 1922 995 1941 vero

207 1953 236 1979 in
247 1961 404 1989 unaquaque
419 1956 524 1984 civitate
538 1958 612 1985 aliud
629 1964 744 1994 systema
765 1959 822 1987 sive
836 1966 931 1987 coetum
945 1968 995 1994 pa-

208 1999 269 2025 triae
285 2000 361 2027 verba
376 2001 425 2028 Πινὲ
439 2003 590 2030 institutam
605 2010 797 2039 cognoscentes,
811 2011 926 2040 potentes
940 2015 997 2033 ser-

209 2053 284 2072 mone
296 2050 320 2072 et
346 2047 401 2074 vita
428 2057 496 2075 sana
511 2054 614 2077 utentes
638 2051 673 2077 ad
699 2052 886 2086 prwfecturam
911 2053 996 2079 eccle-

208 2091 312 2118 siarum
327 2092 512 2121 adltortamur.
531 2095 611 2123 Prius
627 2097 736 2130 quidem
749 2098 843 2133 ἄρχειν
858 2106 920 2126 cum
935 2106 995 2126 ma-

209 2136 307 2165 nifeste
336 2139 485 2174 παρέλκοι,
515 2141 542 2167 in
570 2141 795 2176 interpretatione
829 2144 920 2172 omisi.
950 2145 996 2171 Sic

208 2189 301 2211 autem
319 2185 412 2211 omnia
429 2185 502 2212 clara
520 2191 595 2219 sunt,
612 2192 639 2214 et
651 2196 697 2222 per
713 2189 779 2216 illud
794 2189 858 2216 ἄλλο
871 2190 996 2226 σύστημα

208 2230 338 2265 πατρίδος
359 2231 428 2257 nihil
444 2232 516 2259 aliud
538 2233 650 2268 intelligi
677 2239 782 2269 potest,
805 2243 887 2270 quam
905 2241 996 2263 coetus
1011 2234 1033 2261 D

209 2276 339 2304 Ecclesiae
371 2278 514 2312 gentilium
542 2280 660 2306 castibus
686 2282 838 2315 oppositus.
865 2278 944 2315 Quod
970 2287 998 2310 et

209 2323 292 2350 verba
308 2331 370 2357 qua:
385 2331 450 2350 mox
465 2331 618 2359 sequuntur
632 2325 775 2353 manifeste
790 2328 909 2361 probant
922 2337 928 2355 :
943 2329 998 2355 Kal

209 2369 236 2396 εί
249 2369 378 2404 ἄρχουσιν
393 2370 418 2396 οἱ
432 2369 523 2401 καλῶς
539 2370 667 2405 ἄρχοντες
684 2373 712 2398 ὲν
724 2373 757 2407 τῇ
777 2373 923 2409 Ἐκκλησία
945 2373 999 2400 ὑπὸ

210 2415 262 2450 τῆς
278 2414 348 2441 κατὰ
369 2415 435 2442 Θεὸν
458 2415 597 2451 πατρίδος,
619 2416 690 2450 λέγω
706 2417 734 2443 δὲ
746 2437 753 2449 ,
768 2418 818 2453 τῆς
840 2419 999 2454 Ἑκκλησίας

211 2459 399 2495 ἐκλεγόμενοι·
412 2460 527 2495 ἄρχουσι
551 2459 622 2486 κατὰ
636 2461 670 2487 τὰ
692 2462 744 2488 ύπὺ
757 2461 804 2488 τοῦ
822 2462 889 2489 Θεοῦ
902 2471 999 2499 προτε-

210 2503 346 2538 ταγμένα.
360 2503 398 2530 At:
413 2504 446 2537 si,
456 2504 501 2539 qui
513 2504 576 2531 bene
590 2510 708 2532 armant
731 2505 867 2539 Ecclesiae,
882 2516 898 2534 a
910 2509 1000 2542 patria

210 2549 355 2576 secundant
372 2549 474 2584 Deum,
494 2551 542 2578 hoc
556 2556 595 2579 est
620 2551 752 2586 Ecclesia,
774 2553 849 2580 electi
871 2555 997 2589 praesint,

207 2595 287 2630 juxta
299 2598 456 2632 prtescripta
464 2598 634 2634 Dei‘regunt.
650 2599 777 2635 Idemque
794 2601 913 2628 maxime
931 2609 999 2628 con-

212 2642 323 2669 ﬁrmant
344 2652 405 2678 qua:
430 2652 463 2672 ex
490 2645 586 2673 eodem
604 2645 690 2681 Opere
720 2645 820 2674 Contra
843 2647 949 2675 Celsum
966 2648 1000 2675 de

204 2688 329 2716 Ecclesia
349 2690 412 2723 Dei,
431 2695 458 2718 et
476 2691 593 2720 ecclesia
617 2692 707 2728 populi
729 2693 760 2724 ,in
777 2693 872 2720 eadem
892 2693 1000 2720 civitate

212 2737 277 2760 ante
292 2734 467 2764 adduximus.

249 2778 288 2807 Ex
306 2781 349 2809 his
363 2784 537 2819 perspicuum
553 2789 596 2813 est
605 2785 773 2814 Clementem
784 2785 1000 2814 Alexandrinum

213 2831 247 2851 ex
265 2824 365 2855 Schola
393 2828 531 2864 Pantaeni,
547 2835 611 2858 ante
635 2831 804 2859 Demetrium
830 2832 1000 2866 episcopum,

215 2871 388 2907 episcopatus
414 2876 528 2910 gradum
553 2877 742 2912 prcshytcratu
771 2878 941 2912 superiorem
966 2878 1000 2906 ab

1043 246 1189 277 chronum,
1207 244 1334 272 eumdem
1352 243 1476 270 ordinem
1498 250 1531 269 ex
1545 241 1618 276 typis
1639 238 1814 274 legalibus,
1835 244 1851 261 (ξ

1043 292 1124 318 dictis
1151 289 1313 322 Salvatoris,
1340 297 1373 316 ex
1398 288 1541 323 prmceptis
1566 286 1734 322 apostolicis
1766 283 1855 310 dedit

1043 339 1118 366 xisse
1131 359 1139 372 ,
1156 346 1206 365 nec
1221 344 1343 371 unquam
1368 344 1429 364 cum
1448 336 1638 370 presbyteratu
1663 329 1855 360 confudiSsr

1043 386 1091 413 sed
1107 385 1262 420 episcopos,
1279 383 1454 419 presbyteros
1467 402 1474 413 ,
1489 382 1624 408 diaconos
1642 386 1768 413 semper
1798 384 1855 403 cur

1043 431 1147 467 lguatio
1170 438 1341 458 numerasse.
1362 428 1397 456 Ut
1419 433 1512 464 postea
1530 427 1652 455 Isidorus
1679 424 1852 452 Pelusium

1042 478 1184 513 presbyter
1210 476 1374 512 Egyptius,
1402 476 1558 510 episcopum
1588 473 1676 500 τύπον
1702 470 1762 497 τοῦ
1794 470 1855 522 Χρε

1044 523 1108 550 στού
1127 523 1245 558 appellat
1268 523 1316 550 lib.
1335 530 1358 554 ι,
1376 522 1457 556 epist.
1480 521 1530 548 156
1542 540 1549 553 ,
1567 520 1778 554 episropatum
1815 520 1855 550 τῇ

1042 570 1089 596 τοῦ
1106 569 1234 596 τοσούτου
1252 569 1337 604 ὕψους
1353 568 1502 599 ἀνάϐασιν,
1518 567 1566 594 lib.
1581 575 1600 599 ι,
1616 565 1700 600 epist.
1725 563 1796 590 104
1814 572 1823 593 ;
1846 572 1855 588 t

1042 615 1073 642 τὸ
1097 616 1146 651 τῆς
1170 615 1322 651 ἐπισκοπῆς
1335 616 1381 641 καὶ
1402 614 1487 649 ὄνομα
1508 613 1555 640 καὶ
1576 613 1695 647 πρᾶγμα
1723 610 1821 636 θεῖον
1842 610 1855 636 Ξ

1043 661 1090 688 καὶ
1106 663 1229 697 κρεῖττον
1247 661 1337 695 πάσης
1354 659 1491 694 πολιτείας
1506 667 1536 684 τε
1553 658 1600 684 καὶ
1619 657 1716 690 ἀξίας,
1742 655 1808 682 lib.
1831 662 1852 680 tt

1043 707 1124 742 epist.
1143 707 1212 739 125,
1223 712 1250 734 et
1265 714 1363 733 nomen
1377 710 1405 732 et
1428 713 1484 733 rem
1506 705 1592 739 ipsam
1609 703 1739 730 divinam
1765 708 1855 734 agno

1043 754 1111 786 scit,
1127 758 1210 789 prout
1233 762 1247 780 a
1265 753 1453 788 presbyteratu
1476 750 1674 786 distinguitur:
1692 748 1762 784 agit
1781 747 1855 774 enim

1043 801 1078 828 de
1099 801 1276 835 episcopatu,
1292 807 1375 835 quem
1395 798 1494 825 Hierax
1517 797 1661 832 presbyter
1690 794 1855 822 recusavit

1045 846 1109 875 llaec
1125 847 1209 882 igitur
1221 846 1346 873 doctrina
1369 845 1404 872 de
1423 844 1595 872 institutione
1613 841 1782 877 apostolica
1802 840 1851 874 epi

1044 900 1190 928 scoporunt
1202 900 1237 919 ex
1251 896 1343 919 mente
1352 890 1507 923 Cbristi,de
1519 890 1604 925 gradu
1615 896 1630 916 a
1648 887 1855 923 presbyterau

1044 940 1189 972 distincto,
1214 939 1316 974 illoque
1341 938 1543 970 eminentiore,
1567 936 1657 970 deque
1682 933 1855 961 obedienti:

1044 985 1112 1020 ipsis
1139 990 1270 1020 tanquam
1296 983 1425 1011 Patribus
1453 991 1467 1010 a
1489 983 1600 1010 Christo
1623 979 1804 1008 constitutis
1828 979 1855 1005 al

1045 1031 1172 1058 omnibus
1194 1031 1366 1066 prmstanda,
1382 1039 1396 1058 a
1413 1030 1442 1058 S.
1471 1030 1574 1065 lgnatio
1595 1028 1631 1055 ad
1652 1027 1855 1063 quorumdaz:

1045 1076 1186 1110 bon-tinum
1209 1077 1349 1112 fastidium
1366 1085 1447 1111 usque
1463 1077 1574 1111 repetita
1595 1080 1620 1102 et
1642 1073 1810 1104 inculcata,
1834 1072 1855 1097 ir

1044 1122 1229 1150 Alexandrina
1256 1122 1376 1149 Ecclesia
1407 1122 1457 1149 fuit
1474 1121 1681 1156 receptissima,
1699 1120 1728 1146 in
1752 1118 1855 1146 schol:

1045 1168 1212 1196 catechetica
1227 1168 1332 1195 eximia
1345 1167 1455 1202 quidem
1479 1168 1523 1194 illa
1540 1172 1568 1194 et
1591 1166 1718 1193 maxime
1738 1172 1855 1191 memo-

1045 1214 1125 1240 rabili
1139 1214 1174 1241 ab
1190 1213 1268 1241 initio
1284 1215 1440 1249 proposita,
1465 1222 1480 1241 a
1496 1213 1777 1246 Clemcttlcparcius
1788 1233 1797 1245 ,
1823 1212 1855 1238 ah

1045 1260 1164 1296 Origene
1181 1261 1213 1289 ad
1229 1262 1389 1289 eorumdem
1405 1262 1546 1288 hominum
1568 1261 1687 1287 lortassc
1700 1259 1855 1287 fastidiunt

1046 1308 1161 1342 repetita
1187 1312 1215 1335 et
1241 1308 1393 1341 inculcata;
1421 1307 1509 1334 forma
1530 1307 1612 1334 etiam
1639 1307 1794 1341 regimiuis
1822 1306 1855 1331 ah

1046 1353 1150 1388 lgnatio
1175 1354 1201 1380 in
1226 1353 1356 1381 Asiaticis
1375 1353 1500 1381 ecclesiis
1524 1354 1605 1380 toties
1623 1353 1780 1380 decantata
1802 1352 1855 1377 fuit

1045 1399 1175 1426 omnibus
1203 1401 1328 1428 numeris
1352 1400 1524 1427 Alexandria:
1546 1403 1749 1434 repraesentata
1793 1398 1855 1424 lum

1045 1451 1100 1471 non
1123 1449 1229 1473 tantum
1251 1445 1390 1482 lgnatiana
1408 1445 1538 1473 Ecclesia:
1554 1445 1643 1472 forma
1660 1445 1697 1472 ab
1714 1443 1853 1477 Origene,

1045 1490 1226 1518 celeberrimo
1255 1492 1504 1519 Alexandrinorum
1544 1491 1703 1526 magistro.
1742 1491 1855 1523 ubique

1050 1539 1179 1571 linquam
1191 1539 1375 1567 vetustissima
1388 1542 1414 1565 et
1426 1545 1441 1565 a
1455 1538 1564 1572 proavis
1589 1537 1709 1565 deducta
1722 1537 1855 1563 celebra-

1047 1585 1109 1615 tur;
1133 1583 1179 1609 scd
1195 1588 1222 1610 et
1240 1583 1337 1618 lguatit
1353 1583 1477 1618 epistolae
1493 1583 1529 1610 ab
1549 1582 1610 1617 ipso
1623 1589 1758 1616 expresse
1779 1585 1851 1607 sunt

1044 1628 1144 1661 citatze,
1157 1621 1188 1655 ut
1201 1629 1254 1656 late
1266 1629 1448 1656 ostendimus.
1463 1628 1535 1656 Fieri
1554 1629 1650 1663 itaque
1666 1635 1722 1654 non
1740 1631 1847 1661 potest,

1045 1678 1075 1700 ut
1091 1679 1283 1709 argumentum
1302 1675 1414 1710 aliquod
1435 1675 1584 1707 formetur,
1602 1674 1678 1708 quod
1705 1672 1847 1708 lgnatium

1044 1721 1217 1755 epistolicum
1241 1721 1435 1749 Alexandrinis
1455 1720 1626 1756 incognitum
1650 1719 1741 1747 fuisse
1757 1725 1847 1752 usque

1045 1766 1079 1793 ad
1090 1766 1202 1795 Eusebii
1215 1772 1338 1802 tempora
1354 1767 1534 1794 demonstret.

1084 1827 1137 1854 Sed
1153 1827 1180 1853 id
1199 1827 1265 1853 satis
1281 1831 1404 1859 constat,
1427 1826 1517 1861 inquit
1532 1825 1575 1852 vir
1591 1825 1779 1852 doctissimus
1792 1843 1799 1853 .
1815 1830 1845 1848 ex

1045 1873 1162 1910 quadam
1186 1872 1319 1908 singulari
1341 1872 1415 1899 illius
1443 1871 1572 1899 Ecclesia:
1595 1870 1746 1896 traditione
1767 1868 1847 1903 plane

1045 1920 1202 1955 penitusque
1219 1919 1396 1951 adversante;
1415 1925 1531 1952 eamque
1549 1917 1731 1944 traditionem
1750 1919 1846 1950 postea

1046 1973 1126 1993 usum
1139 1969 1228 1992 vocat.
1251 1964 1352 1992 Mirum
1365 1965 1475 1999 quidem
1492 1964 1516 1990 si
1538 1963 1641 1998 aliquis
1659 1970 1730 1989 usus
1742 1982 1750 1994 ,
1769 1961 1847 1994 isque

1046 2011 1212 2047 peculiaris,
1242 2011 1446 2038 demonstraret
1467 2010 1562 2037 omnia
1585 2017 1648 2043 quae
1676 2009 1713 2036 ab
1739 2007 1846 2043 lgnatio

1047 2058 1148 2092 scripta
1170 2057 1374 2092 perhibentur.-
1395 2056 1480 2083 fuisse
1502 2056 1555 2083 illis
1570 2055 1704 2083 omnibus
1732 2061 1847 2089 prorsus

1046 2103 1199 2138 incognita,
1216 2103 1287 2138 apud
1302 2111 1372 2137 quos
1389 2111 1456 2130 usus
1472 2103 1517 2129 ille
1535 2101 1604 2129 forte
1619 2102 1757 2128 ohtinuit.
1773 2098 1842 2133 Quid

1046 2150 1112 2176 mihi
1121 2150 1222 2184 profers
1238 2150 1316 2176 unius
1328 2149 1402 2175 urbis
1416 2147 1633 2175 consuetudinem
1644 2148 1658 2174 2
1670 2148 1767 2175 aiebat
1783 2147 1843 2173 olim

1047 2194 1230 2230 Hieronymus
1248 2203 1254 2221 :
1270 2195 1419 2229 praesertim
1438 2194 1461 2221 si
1485 2194 1640 2229 cogitemus
1662 2192 1843 2220 consuetudi-

1048 2248 1125 2273 nem,
1145 2239 1203 2268 sive
1226 2240 1433 2267 usunnllumex
1447 2245 1541 2266 eorum
1553 2239 1693 2266 sententia
1711 2239 1760 2273 qui
1785 2245 1844 2265 eum

1049 2285 1230 2316 tradiderunt,
1253 2284 1298 2312 diu
1323 2289 1388 2311 ante
1410 2284 1562 2320 lgnatium,
1583 2283 1618 2310 ab
1643 2284 1705 2319 ipsa
1730 2284 1843 2310 Alexan-

1049 2331 1135 2358 drinae.
1155 2330 1283 2358 Ecclesia:
1309 2330 1471 2357 fundatione
1496 2335 1661 2365 usurpatum
1676 2350 1684 2362 ,
1705 2338 1792 2365 quam
1816 2328 1843 2355 ad

1048 2376 1241 2411 evangelistam
1267 2376 1496 2409 celeberrimum,
1517 2380 1545 2403 et
1616 2375 1694 2402 Petri
1717 2376 1842 2402 comitem

1049 2421 1214 2449 referebant.
1244 2421 1375 2450 Poterant
1404 2430 1470 2450 sane
1493 2422 1677 2449 Alexandrini
1701 2427 1731 2449 et
1753 2420 1843 2457 lgnatii

1049 2467 1150 2502 scripta
1167 2467 1297 2502 recipere.
1309 2472 1337 2495 et
1353 2469 1519 2502 peculiarem
1535 2468 1659 2503 aliquem
1677 2476 1762 2496 usum
1778 2466 1841 2502 apud

1050 2514 1125 2548 ipsos
1142 2514 1176 2541 ab
1202 2514 1280 2541 initio
1296 2515 1477 2548 obtinentem,
1490 2515 1555 2542 licet
1578 2515 1634 2542 illis
1658 2514 1734 2543 forte
1755 2515 1843 2542 adrer-

1050 2565 1168 2592 santem.
1185 2561 1312 2588 retinere.
1326 2560 1409 2596 ldque
1421 2561 1513 2588 facere
1524 2568 1572 2588 eos
1586 2561 1716 2589 voluisse
1731 2561 1775 2588 vel
1791 2560 1843 2587 inde

1050 2606 1180 2633 credibile
1203 2611 1256 2639 est,
1281 2607 1355 2641 quod
1387 2615 1455 2634 usus
1479 2607 1524 2633 ille
1547 2606 1701 2641 peculiaris
1728 2607 1840 2635 dicitur.

1051 2651 1173 2687 adeoque
1189 2653 1303 2680 aliarum
1315 2653 1438 2680 omnium
1455 2653 1638 2681 ecclesiarum
1651 2652 1840 2681 consuetudini

1052 2697 1211 2724 adversans.
1231 2697 1322 2730 Quare
1347 2698 1420 2726 enim
1447 2706 1481 2725 ex
1509 2699 1569 2726 sola
1583 2698 1688 2734 lgnatii
1715 2699 1841 2727 sententia

1052 2742 1103 2769 sibi
1122 2743 1270 2777 patefacta,
1292 2751 1355 2771 eum
1380 2744 1589 2779 relinquerent,
1611 2753 1700 2780 quem
1720 2746 1841 2774 adversus

1051 2787 1225 2816 traditionem
1255 2790 1378 2817 omnium
1401 2790 1582 2818 ecclesiarum
1610 2791 1756 2819 hactenus
1786 2789 1838 2819 reti-

1053 2835 1187 2861 nuerant?
1198 2835 1252 2862 Aut
1269 2836 1291 2863 si
1308 2837 1348 2863 vis
1367 2840 1442 2863 tanta
1458 2836 1616 2864 auctoritati
1629 2837 1784 2871 lgnatiazne
1802 2834 1839 2862 tri-

1053 2879 1159 2907 buenda
1176 2889 1236 2908 esse
1249 2881 1383 2915 \idcalur,
1402 2882 1488 2909 multo
1506 2881 1611 2910 rectius
1627 2889 1663 2910 ex
1682 2889 1738 2911 usu
1753 2881 1807 2910 tali.
1822 2879 1838 2907 si
