  <div class='ocr_page' id='page_1' title='image "/cluster/home/n/w/nwhite01/storage/ocr_20150623/5/njp.32101077772372/150.png"; bbox 0 0 1866 3073; ppageno 0'>
   <div class='ocr_carea' id='block_1_1' title="bbox 42 183 80 208">
    <p class='ocr_par' dir='ltr' id='par_1_1' title="bbox 42 183 80 208">
     <span class='ocr_line' id='line_1_1' title="bbox 42 183 80 208; baseline 0 0"><span class='ocrx_word' id='word_1_1' title='bbox 42 183 80 208; x_wconf 64' lang='lat'><strong>915</strong></span> 
     </span>
    </p>
   </div>
   <div class='ocr_carea' id='block_1_2' title="bbox 42 235 847 275">
    <p class='ocr_par' dir='ltr' id='par_1_2' title="bbox 42 235 847 275">
     <span class='ocr_line' id='line_1_2' title="bbox 42 235 847 275; baseline -0.009 -8"><span class='ocrx_word' id='word_1_2' title='bbox 42 242 89 275; x_wconf 81' lang='lat' dir='ltr'><strong>quis</strong></span> <span class='ocrx_word' id='word_1_3' title='bbox 105 246 221 274; x_wconf 79' lang='lat' dir='ltr'><strong>unquam</strong></span> <span class='ocrx_word' id='word_1_4' title='bbox 235 237 303 270; x_wconf 79' lang='lat' dir='ltr'><strong>fuit,</strong></span> <span class='ocrx_word' id='word_1_5' title='bbox 316 237 440 266; x_wconf 78' lang='lat' dir='ltr'><strong>concludi</strong></span> <span class='ocrx_word' id='word_1_6' title='bbox 458 236 567 271; x_wconf 84' lang='lat' dir='ltr'><strong>poterit,</strong></span> <span class='ocrx_word' id='word_1_7' title='bbox 583 235 716 270; x_wconf 83' lang='lat' dir='ltr'><strong>lgnatium</strong></span> <span class='ocrx_word' id='word_1_8' title='bbox 733 235 808 261; x_wconf 92' lang='lat' dir='ltr'><strong>illum</strong></span> <span class='ocrx_word' id='word_1_9' title='bbox 824 237 847 265; x_wconf 79' lang='grc' dir='ltr'>Α</span> 
     </span>
    </p>
   </div>
   <div class='ocr_carea' id='block_1_3' title="bbox 44 281 813 321">
    <p class='ocr_par' dir='ltr' id='par_1_3' title="bbox 44 281 813 321">
     <span class='ocr_line' id='line_1_3' title="bbox 44 281 813 321; baseline -0.009 -7"><span class='ocrx_word' id='word_1_10' title='bbox 44 287 190 321; x_wconf 83' lang='lat' dir='ltr'><strong>epistolicqu</strong></span> <span class='ocrx_word' id='word_1_11' title='bbox 204 283 404 312; x_wconf 82' lang='lat' dir='ltr'><strong>Alexandrinis</strong></span> <span class='ocrx_word' id='word_1_12' title='bbox 417 282 501 310; x_wconf 84' lang='lat' dir='ltr'><strong>fuisse</strong></span> <span class='ocrx_word' id='word_1_13' title='bbox 517 282 667 316; x_wconf 82' lang='lat' dir='ltr'><strong>cognitum,</strong></span> <span class='ocrx_word' id='word_1_14' title='bbox 683 281 746 315; x_wconf 85' lang='lat' dir='ltr'><strong>quia</strong></span> <span class='ocrx_word' id='word_1_15' title='bbox 758 288 813 307; x_wconf 91' lang='lat' dir='ltr'><strong>non</strong></span> 
     </span>
    </p>
   </div>
   <div class='ocr_carea' id='block_1_4' title="bbox 44 327 814 367">
    <p class='ocr_par' dir='ltr' id='par_1_4' title="bbox 44 327 814 367">
     <span class='ocr_line' id='line_1_4' title="bbox 44 327 814 367; baseline -0.009 -8"><span class='ocrx_word' id='word_1_16' title='bbox 44 333 78 360; x_wconf 90' lang='lat' dir='ltr'><strong>diu</strong></span> <span class='ocrx_word' id='word_1_17' title='bbox 93 337 234 367; x_wconf 73' lang='lat' dir='ltr'><strong>postquam</strong></span> <span class='ocrx_word' id='word_1_18' title='bbox 250 330 378 365; x_wconf 71' lang='lat' dir='ltr'><strong>epistola:</strong></span> <span class='ocrx_word' id='word_1_19' title='bbox 394 329 427 356; x_wconf 91' lang='lat' dir='ltr'><strong>iis</strong></span> <span class='ocrx_word' id='word_1_20' title='bbox 444 328 571 355; x_wconf 85' lang='lat' dir='ltr'><strong>videntur</strong></span> <span class='ocrx_word' id='word_1_21' title='bbox 590 327 734 361; x_wconf 69' lang='lat' dir='ltr'><strong>evulgata&#39;,</strong></span> <span class='ocrx_word' id='word_1_22' title='bbox 748 334 814 353; x_wconf 85' lang='lat' dir='ltr'><strong>usus</strong></span> 
     </span>
    </p>
   </div>
   <div class='ocr_carea' id='block_1_5' title="bbox 45 371 814 408">
    <p class='ocr_par' dir='ltr' id='par_1_5' title="bbox 45 371 814 408">
     <span class='ocr_line' id='line_1_5' title="bbox 45 371 814 408; baseline -0.01 -3"><span class='ocrx_word' id='word_1_23' title='bbox 45 379 78 405; x_wconf 88' lang='lat' dir='ltr'><strong>ille</strong></span> <span class='ocrx_word' id='word_1_24' title='bbox 90 378 192 408; x_wconf 76' lang='lat' dir='ltr'><strong>eviluit,</strong></span> <span class='ocrx_word' id='word_1_25' title='bbox 217 377 278 403; x_wconf 86' lang='lat' dir='ltr'><strong>imo</strong></span> <span class='ocrx_word' id='word_1_26' title='bbox 303 375 428 407; x_wconf 86' lang='lat' dir='ltr'><strong>evanuit;</strong></span> <span class='ocrx_word' id='word_1_27' title='bbox 446 382 508 401; x_wconf 83' lang='lat' dir='ltr'><strong>nam</strong></span> <span class='ocrx_word' id='word_1_28' title='bbox 521 394 529 406; x_wconf 90' lang='lat'><strong>,</strong></span> <span class='ocrx_word' id='word_1_29' title='bbox 546 376 615 400; x_wconf 85' lang='lat' dir='ltr'><strong>teste</strong></span> <span class='ocrx_word' id='word_1_30' title='bbox 636 371 814 407; x_wconf 83' lang='lat' dir='ltr'><strong>Hieronymo,</strong></span> 
     </span>
    </p>
   </div>
   <div class='ocr_carea' id='block_1_6' title="bbox 44 417 814 453">
    <p class='ocr_par' dir='ltr' id='par_1_6' title="bbox 44 417 814 453">
     <span class='ocr_line' id='line_1_6' title="bbox 44 417 814 453; baseline -0.008 -3"><span class='ocrx_word' id='word_1_31' title='bbox 44 424 132 451; x_wconf 76' lang='lat' dir='ltr'><strong>duravit</strong></span> <span class='ocrx_word' id='word_1_32' title='bbox 156 421 352 449; x_wconf 90' lang='lat' dir='ltr'><strong>tantummodo</strong></span> <span class='ocrx_word' id='word_1_33' title='bbox 370 420 403 447; x_wconf 83' lang='lat' dir='ltr'><strong>ad</strong></span> <span class='ocrx_word' id='word_1_34' title='bbox 425 419 578 447; x_wconf 84' lang='lat' dir='ltr'><strong>Heraclam.</strong></span> <span class='ocrx_word' id='word_1_35' title='bbox 596 419 655 453; x_wconf 85' lang='lat' dir='ltr'><strong>qui,</strong></span> <span class='ocrx_word' id='word_1_36' title='bbox 672 418 733 445; x_wconf 80' lang='lat' dir='ltr'><strong>vivo</strong></span> <span class='ocrx_word' id='word_1_37' title='bbox 751 417 814 444; x_wconf 89' lang='lat' dir='ltr'><strong>Ori-</strong></span> 
     </span>
    </p>
   </div>
   <div class='ocr_carea' id='block_1_7' title="bbox 45 463 816 504">
    <p class='ocr_par' dir='ltr' id='par_1_7' title="bbox 45 463 816 504">
     <span class='ocr_line' id='line_1_7' title="bbox 45 463 816 504; baseline -0.008 -8"><span class='ocrx_word' id='word_1_38' title='bbox 45 478 98 504; x_wconf 78' lang='lat' dir='ltr'><strong>gene</strong></span> <span class='ocrx_word' id='word_1_39' title='bbox 109 474 132 496; x_wconf 91' lang='lat' dir='ltr'><strong>et</strong></span> <span class='ocrx_word' id='word_1_40' title='bbox 146 469 286 496; x_wconf 81' lang='lat' dir='ltr'><strong>scribente</strong></span> <span class='ocrx_word' id='word_1_41' title='bbox 297 488 305 499; x_wconf 89' lang='lat'><strong>,</strong></span> <span class='ocrx_word' id='word_1_42' title='bbox 331 467 419 502; x_wconf 87' lang='lat' dir='ltr'><strong>primo</strong></span> <span class='ocrx_word' id='word_1_43' title='bbox 434 468 505 500; x_wconf 79' lang='lat' dir='ltr'><strong>apud</strong></span> <span class='ocrx_word' id='word_1_44' title='bbox 522 465 723 492; x_wconf 82' lang='lat' dir='ltr'><strong>Alexandrinos</strong></span> <span class='ocrx_word' id='word_1_45' title='bbox 739 463 816 498; x_wconf 78' lang='lat' dir='ltr'><strong>lgna-</strong></span> 
     </span>
    </p>
   </div>
   <div class='ocr_carea' id='block_1_8' title="bbox 45 509 814 546">
    <p class='ocr_par' dir='ltr' id='par_1_8' title="bbox 45 509 814 546">
     <span class='ocr_line' id='line_1_8' title="bbox 45 509 814 546; baseline -0.007 -6"><span class='ocrx_word' id='word_1_46' title='bbox 45 516 160 541; x_wconf 81' lang='lat' dir='ltr'><strong>tianorum</strong></span> <span class='ocrx_word' id='word_1_47' title='bbox 173 518 256 545; x_wconf 76' lang='lat' dir='ltr'><strong>teste,</strong></span> <span class='ocrx_word' id='word_1_48' title='bbox 267 513 359 540; x_wconf 84' lang='lat' dir='ltr'><strong>factus</strong></span> <span class='ocrx_word' id='word_1_49' title='bbox 372 517 414 540; x_wconf 86' lang='lat' dir='ltr'><strong>est</strong></span> <span class='ocrx_word' id='word_1_50' title='bbox 428 511 585 546; x_wconf 84' lang='lat' dir='ltr'><strong>episcopus,</strong></span> <span class='ocrx_word' id='word_1_51' title='bbox 601 515 627 537; x_wconf 91' lang='lat' dir='ltr'><strong>et</strong></span> <span class='ocrx_word' id='word_1_52' title='bbox 640 509 814 545; x_wconf 84' lang='lat' dir='ltr'><strong>Dionysium,</strong></span> 
     </span>
    </p>
   </div>
   <div class='ocr_carea' id='block_1_9' title="bbox 45 558 472 596">
    <p class='ocr_par' dir='ltr' id='par_1_9' title="bbox 45 558 472 596">
     <span class='ocr_line' id='line_1_9' title="bbox 45 558 472 596; baseline -0.009 -8"><span class='ocrx_word' id='word_1_53' title='bbox 45 562 82 596; x_wconf 86' lang='lat' dir='ltr'><strong>qui</strong></span> <span class='ocrx_word' id='word_1_54' title='bbox 94 560 193 595; x_wconf 79' lang='lat' dir='ltr'><strong>Origeni</strong></span> <span class='ocrx_word' id='word_1_55' title='bbox 208 560 336 587; x_wconf 81' lang='lat' dir='ltr'><strong>maxime</strong></span> <span class='ocrx_word' id='word_1_56' title='bbox 354 558 472 586; x_wconf 73' lang='lat' dir='ltr'><strong>favebat.</strong></span> 
     </span>
    </p>
   </div>
   <div class='ocr_carea' id='block_1_10' title="bbox 75 601 818 639">
    <p class='ocr_par' dir='ltr' id='par_1_10' title="bbox 75 601 818 639">
     <span class='ocr_line' id='line_1_10' title="bbox 75 601 818 639; baseline -0.009 -5"><span class='ocrx_word' id='word_1_57' title='bbox 75 607 119 634; x_wconf 76' lang='lat' dir='ltr'><strong>Sed</strong></span> <span class='ocrx_word' id='word_1_58' title='bbox 131 607 271 633; x_wconf 79' lang='lat' dir='ltr'><strong>videamus</strong></span> <span class='ocrx_word' id='word_1_59' title='bbox 284 606 394 632; x_wconf 86' lang='lat' dir='ltr'><strong>tandem</strong></span> <span class='ocrx_word' id='word_1_60' title='bbox 407 604 496 639; x_wconf 90' lang='lat' dir='ltr'><strong>qualis</strong></span> <span class='ocrx_word' id='word_1_61' title='bbox 506 603 551 630; x_wconf 87' lang='lat' dir='ltr'><strong>ille</strong></span> <span class='ocrx_word' id='word_1_62' title='bbox 566 611 632 630; x_wconf 90' lang='lat' dir='ltr'><strong>usus</strong></span> <span class='ocrx_word' id='word_1_63' title='bbox 645 601 737 632; x_wconf 80' lang='lat' dir='ltr'><strong>fuerit.</strong></span> <span class='ocrx_word' id='word_1_64' title='bbox 750 609 818 636; x_wconf 91' lang='lat' dir='ltr'><strong>quo-</strong></span> 
     </span>
    </p>
   </div>
   <div class='ocr_carea' id='block_1_11' title="bbox 47 649 817 689">
    <p class='ocr_par' dir='ltr' id='par_1_11' title="bbox 47 649 817 689">
     <span class='ocr_line' id='line_1_11' title="bbox 47 649 817 689; baseline -0.008 -10"><span class='ocrx_word' id='word_1_65' title='bbox 47 655 114 680; x_wconf 84' lang='lat' dir='ltr'><strong>modo</strong></span> <span class='ocrx_word' id='word_1_66' title='bbox 129 653 228 689; x_wconf 78' lang='lat' dir='ltr'><strong>lgnatio</strong></span> <span class='ocrx_word' id='word_1_67' title='bbox 245 653 403 679; x_wconf 82' lang='lat' dir='ltr'><strong>adrersans</strong></span> <span class='ocrx_word' id='word_1_68' title='bbox 414 660 421 685; x_wconf 87' lang='lat'><strong>;</strong></span> <span class='ocrx_word' id='word_1_69' title='bbox 433 651 507 686; x_wconf 81' lang='lat' dir='ltr'><strong>quali</strong></span> <span class='ocrx_word' id='word_1_70' title='bbox 525 649 720 684; x_wconf 69' lang='lat' dir='ltr'><strong>consequentia</strong></span> <span class='ocrx_word' id='word_1_71' title='bbox 737 649 817 683; x_wconf 80' lang='lat' dir='ltr'><strong>lgna-</strong></span> 
     </span>
    </p>
   </div>
   <div class='ocr_carea' id='block_1_12' title="bbox 48 693 819 732">
    <p class='ocr_par' dir='ltr' id='par_1_12' title="bbox 48 693 819 732">
     <span class='ocr_line' id='line_1_12' title="bbox 48 693 819 732; baseline -0.006 -7"><span class='ocrx_word' id='word_1_72' title='bbox 48 701 164 726; x_wconf 79' lang='lat' dir='ltr'><strong>tianornm</strong></span> <span class='ocrx_word' id='word_1_73' title='bbox 187 698 330 732; x_wconf 79' lang='lat' dir='ltr'><strong>ignoratio</strong></span> <span class='ocrx_word' id='word_1_74' title='bbox 345 697 407 724; x_wconf 87' lang='lat' dir='ltr'><strong>inde</strong></span> <span class='ocrx_word' id='word_1_75' title='bbox 424 701 569 731; x_wconf 87' lang='lat' dir='ltr'><strong>sequatur,</strong></span> <span class='ocrx_word' id='word_1_76' title='bbox 583 699 610 722; x_wconf 88' lang='lat' dir='ltr'><strong>et</strong></span> <span class='ocrx_word' id='word_1_77' title='bbox 625 694 689 728; x_wconf 90' lang='lat' dir='ltr'><strong>quid</strong></span> <span class='ocrx_word' id='word_1_78' title='bbox 713 694 758 720; x_wconf 80' lang='lat' dir='ltr'><strong>illa</strong></span> <span class='ocrx_word' id='word_1_79' title='bbox 785 693 819 720; x_wconf 86' lang='lat' dir='ltr'><strong>ad</strong></span> 
     </span>
    </p>
   </div>
   <div class='ocr_carea' id='block_1_13' title="bbox 48 740 820 780">
    <p class='ocr_par' dir='ltr' id='par_1_13' title="bbox 48 740 820 780">
     <span class='ocr_line' id='line_1_13' title="bbox 48 740 820 780; baseline -0.008 -9"><span class='ocrx_word' id='word_1_80' title='bbox 48 746 153 780; x_wconf 61' lang='lat' dir='ltr'><strong>generale</strong></span> <span class='ocrx_word' id='word_1_81' title='bbox 162 745 303 772; x_wconf 88' lang='lat' dir='ltr'><strong>silentium</strong></span> <span class='ocrx_word' id='word_1_82' title='bbox 316 749 378 771; x_wconf 77' lang='lat' dir='ltr'><strong>ante</strong></span> <span class='ocrx_word' id='word_1_83' title='bbox 385 742 531 770; x_wconf 88' lang='lat' dir='ltr'><strong>Eusebium</strong></span> <span class='ocrx_word' id='word_1_84' title='bbox 541 742 632 773; x_wconf 77' lang='lat' dir='ltr'><strong>faciat,</strong></span> <span class='ocrx_word' id='word_1_85' title='bbox 641 741 683 768; x_wconf 90' lang='lat' dir='ltr'><strong>cui</strong></span> <span class='ocrx_word' id='word_1_86' title='bbox 694 740 820 766; x_wconf 77' lang='lat' dir='ltr'><strong>innititur</strong></span> 
     </span>
    </p>
   </div>
   <div class='ocr_carea' id='block_1_14' title="bbox 50 786 818 825">
    <p class='ocr_par' dir='ltr' id='par_1_14' title="bbox 50 786 818 825">
     <span class='ocr_line' id='line_1_14' title="bbox 50 786 818 825; baseline -0.009 -8"><span class='ocrx_word' id='word_1_87' title='bbox 50 799 134 824; x_wconf 70' lang='lat' dir='ltr'><strong>negans</strong></span> <span class='ocrx_word' id='word_1_88' title='bbox 144 795 349 825; x_wconf 74' lang='lat' dir='ltr'><strong>argumentum.</strong></span> <span class='ocrx_word' id='word_1_89' title='bbox 363 788 436 816; x_wconf 85' lang='lat' dir='ltr'><strong>Usus</strong></span> <span class='ocrx_word' id='word_1_90' title='bbox 448 788 493 815; x_wconf 88' lang='lat' dir='ltr'><strong>ille</strong></span> <span class='ocrx_word' id='word_1_91' title='bbox 509 787 655 822; x_wconf 85' lang='lat' dir='ltr'><strong>peculiaris</strong></span> <span class='ocrx_word' id='word_1_92' title='bbox 667 786 818 813; x_wconf 80' lang='lat' dir='ltr'><strong>secundum</strong></span> 
     </span>
    </p>
   </div>
   <div class='ocr_carea' id='block_1_15' title="bbox 50 832 819 871">
    <p class='ocr_par' dir='ltr' id='par_1_15' title="bbox 50 832 819 871">
     <span class='ocr_line' id='line_1_15' title="bbox 50 832 819 871; baseline -0.007 -8"><span class='ocrx_word' id='word_1_93' title='bbox 50 837 223 871; x_wconf 82' lang='lat' dir='ltr'><strong>Hieronymum</strong></span> <span class='ocrx_word' id='word_1_94' title='bbox 246 836 332 870; x_wconf 80' lang='lat' dir='ltr'><strong>epist.</strong></span> <span class='ocrx_word' id='word_1_95' title='bbox 358 835 408 867; x_wconf 80' lang='lat'><strong>85,</strong></span> <span class='ocrx_word' id='word_1_96' title='bbox 435 834 480 861; x_wconf 90' lang='lat' dir='ltr'><strong>ubi</strong></span> <span class='ocrx_word' id='word_1_97' title='bbox 496 838 590 861; x_wconf 86' lang='lat' dir='ltr'><strong>contra</strong></span> <span class='ocrx_word' id='word_1_98' title='bbox 611 841 658 860; x_wconf 89' lang='lat' dir='ltr'><strong>eos</strong></span> <span class='ocrx_word' id='word_1_99' title='bbox 683 832 819 866; x_wconf 84' lang='lat' dir='ltr'><strong>disputat,</strong></span> 
     </span>
    </p>
   </div>
   <div class='ocr_carea' id='block_1_16' title="bbox 49 877 818 917">
    <p class='ocr_par' dir='ltr' id='par_1_16' title="bbox 49 877 818 917">
     <span class='ocr_line' id='line_1_16' title="bbox 49 877 818 917; baseline -0.008 -8"><span class='ocrx_word' id='word_1_100' title='bbox 49 883 86 917; x_wconf 85' lang='lat' dir='ltr'><strong>qui</strong></span> <span class='ocrx_word' id='word_1_101' title='bbox 107 882 230 909; x_wconf 86' lang='lat' dir='ltr'><strong>diaconos</strong></span> <span class='ocrx_word' id='word_1_102' title='bbox 256 880 427 917; x_wconf 85' lang='lat' dir='ltr'><strong>presbyteris</strong></span> <span class='ocrx_word' id='word_1_103' title='bbox 454 878 660 911; x_wconf 77' lang='lat' dir='ltr'><strong>alitel‘crebant,</strong></span> <span class='ocrx_word' id='word_1_104' title='bbox 685 877 730 904; x_wconf 90' lang='lat' dir='ltr'><strong>hic</strong></span> <span class='ocrx_word' id='word_1_105' title='bbox 753 881 818 904; x_wconf 85' lang='lat' dir='ltr'><strong>est:</strong></span> 
     </span>
    </p>
   </div>
   <div class='ocr_carea' id='block_1_17' title="bbox 52 911 858 960">
    <p class='ocr_par' dir='ltr' id='par_1_17' title="bbox 52 911 858 960">
     <span class='ocr_line' id='line_1_17' title="bbox 52 911 858 960; baseline -0.007 -5"><span class='ocrx_word' id='word_1_106' title='bbox 52 911 109 955; x_wconf 60' lang='lat' dir='ltr'><strong>liam</strong></span> <span class='ocrx_word' id='word_1_107' title='bbox 131 933 152 955; x_wconf 86' lang='lat' dir='ltr'><strong>et</strong></span> <span class='ocrx_word' id='word_1_108' title='bbox 167 911 372 955; x_wconf 51' lang='lat' dir='ltr'><strong>Alexandriam</strong></span> <span class='ocrx_word' id='word_1_109' title='bbox 395 926 487 953; x_wconf 82' lang='lat' dir='ltr'><strong>Marco</strong></span> <span class='ocrx_word' id='word_1_110' title='bbox 500 925 676 960; x_wconf 84' lang='lat' dir='ltr'><strong>evangelista,</strong></span> <span class='ocrx_word' id='word_1_111' title='bbox 689 931 769 958; x_wconf 84' lang='lat' dir='ltr'><strong>usque</strong></span> <span class='ocrx_word' id='word_1_112' title='bbox 786 923 820 949; x_wconf 85' lang='lat' dir='ltr'><strong>ad</strong></span> <span class='ocrx_word' id='word_1_113' title='bbox 837 911 858 937; x_wconf 68' lang='grc' dir='ltr'><strong>Β</strong></span> 
     </span>
    </p>
   </div>
   <div class='ocr_carea' id='block_1_18' title="bbox 52 970 822 1008">
    <p class='ocr_par' dir='ltr' id='par_1_18' title="bbox 52 970 822 1008">
     <span class='ocr_line' id='line_1_18' title="bbox 52 970 822 1008; baseline -0.009 -7"><span class='ocrx_word' id='word_1_114' title='bbox 52 974 173 1001; x_wconf 73' lang='lat' dir='ltr'><strong>Heruclam</strong></span> <span class='ocrx_word' id='word_1_115' title='bbox 186 980 210 1001; x_wconf 86' lang='lat' dir='ltr'><strong>et</strong></span> <span class='ocrx_word' id='word_1_116' title='bbox 227 974 393 1008; x_wconf 76' lang='lat' dir='ltr'><strong>Dionysium</strong></span> <span class='ocrx_word' id='word_1_117' title='bbox 408 973 552 1006; x_wconf 75' lang='lat' dir='ltr'><strong>episcopos,</strong></span> <span class='ocrx_word' id='word_1_118' title='bbox 567 970 711 1005; x_wconf 77' lang='lat' dir='ltr'><strong>presbyteri</strong></span> <span class='ocrx_word' id='word_1_119' title='bbox 724 976 822 1002; x_wconf 81' lang='lat' dir='ltr'><strong>semper</strong></span> 
     </span>
    </p>
   </div>
   <div class='ocr_carea' id='block_1_19' title="bbox 52 1015 821 1052">
    <p class='ocr_par' dir='ltr' id='par_1_19' title="bbox 52 1015 821 1052">
     <span class='ocr_line' id='line_1_19' title="bbox 52 1015 821 1052; baseline -0.008 -6"><span class='ocrx_word' id='word_1_120' title='bbox 52 1029 115 1047; x_wconf 83' lang='lat' dir='ltr'><strong>unum</strong></span> <span class='ocrx_word' id='word_1_121' title='bbox 128 1028 157 1048; x_wconf 77' lang='lat' dir='ltr'><strong>cI</strong></span> <span class='ocrx_word' id='word_1_122' title='bbox 177 1029 204 1047; x_wconf 81' lang='lat' dir='ltr'><strong>se</strong></span> <span class='ocrx_word' id='word_1_123' title='bbox 223 1020 342 1047; x_wconf 80' lang='lat' dir='ltr'><strong>electum</strong></span> <span class='ocrx_word' id='word_1_124' title='bbox 359 1020 385 1046; x_wconf 88' lang='lat' dir='ltr'><strong>in</strong></span> <span class='ocrx_word' id='word_1_125' title='bbox 400 1018 539 1046; x_wconf 70' lang='lat' dir='ltr'><strong>excelsiori</strong></span> <span class='ocrx_word' id='word_1_126' title='bbox 559 1017 645 1052; x_wconf 82' lang='lat' dir='ltr'><strong>gradu</strong></span> <span class='ocrx_word' id='word_1_127' title='bbox 664 1015 821 1042; x_wconf 85' lang='lat' dir='ltr'><strong>collocatum</strong></span> 
     </span>
    </p>
   </div>
   <div class='ocr_carea' id='block_1_20' title="bbox 51 1061 824 1100">
    <p class='ocr_par' dir='ltr' id='par_1_20' title="bbox 51 1061 824 1100">
     <span class='ocr_line' id='line_1_20' title="bbox 51 1061 824 1100; baseline -0.008 -7"><span class='ocrx_word' id='word_1_128' title='bbox 51 1068 177 1100; x_wconf 67' lang='lat' dir='ltr'><strong>episcopum</strong></span> <span class='ocrx_word' id='word_1_129' title='bbox 198 1065 377 1093; x_wconf 81' lang='lat' dir='ltr'><strong>nominabant</strong></span> <span class='ocrx_word' id='word_1_130' title='bbox 390 1073 398 1098; x_wconf 88' lang='lat'><em>;</em></span> <span class='ocrx_word' id='word_1_131' title='bbox 411 1064 540 1100; x_wconf 84' lang='lat' dir='ltr'><strong>quomodo</strong></span> <span class='ocrx_word' id='word_1_132' title='bbox 553 1063 576 1089; x_wconf 85' lang='lat' dir='ltr'><strong>si</strong></span> <span class='ocrx_word' id='word_1_133' title='bbox 593 1062 724 1089; x_wconf 67' lang='lat' dir='ltr'><strong>exercitus</strong></span> <span class='ocrx_word' id='word_1_134' title='bbox 740 1061 824 1095; x_wconf 86' lang='lat' dir='ltr'><strong>impe—</strong></span> 
     </span>
    </p>
   </div>
   <div class='ocr_carea' id='block_1_21' title="bbox 52 1107 824 1148">
    <p class='ocr_par' dir='ltr' id='par_1_21' title="bbox 52 1107 824 1148">
     <span class='ocr_line' id='line_1_21' title="bbox 52 1107 824 1148; baseline -0.006 -10"><span class='ocrx_word' id='word_1_135' title='bbox 52 1118 146 1140; x_wconf 79' lang='lat' dir='ltr'><strong>ratorem</strong></span> <span class='ocrx_word' id='word_1_136' title='bbox 159 1113 251 1148; x_wconf 77' lang='lat' dir='ltr'><strong>faciat,</strong></span> <span class='ocrx_word' id='word_1_137' title='bbox 269 1117 319 1138; x_wconf 87' lang='lat' dir='ltr'><strong>aut</strong></span> <span class='ocrx_word' id='word_1_138' title='bbox 335 1111 441 1138; x_wconf 81' lang='lat' dir='ltr'><strong>diaconi</strong></span> <span class='ocrx_word' id='word_1_139' title='bbox 457 1111 556 1146; x_wconf 78' lang='lat' dir='ltr'><strong>eligam</strong></span> <span class='ocrx_word' id='word_1_140' title='bbox 566 1109 598 1136; x_wconf 87' lang='lat' dir='ltr'><strong>de</strong></span> <span class='ocrx_word' id='word_1_141' title='bbox 614 1117 650 1141; x_wconf 79' lang='lat' dir='ltr'><strong>se,</strong></span> <span class='ocrx_word' id='word_1_142' title='bbox 659 1115 733 1143; x_wconf 84' lang='lat' dir='ltr'><strong>quem</strong></span> <span class='ocrx_word' id='word_1_143' title='bbox 744 1107 824 1134; x_wconf 86' lang='lat' dir='ltr'><strong>indu-</strong></span> 
     </span>
    </p>
   </div>
   <div class='ocr_carea' id='block_1_22' title="bbox 52 1153 822 1190">
    <p class='ocr_par' dir='ltr' id='par_1_22' title="bbox 52 1153 822 1190">
     <span class='ocr_line' id='line_1_22' title="bbox 52 1153 822 1190; baseline -0.005 -6"><span class='ocrx_word' id='word_1_144' title='bbox 52 1159 129 1185; x_wconf 83' lang='lat' dir='ltr'><strong>strinnt</strong></span> <span class='ocrx_word' id='word_1_145' title='bbox 143 1159 271 1190; x_wconf 75' lang='lat' dir='ltr'><strong>noverint,</strong></span> <span class='ocrx_word' id='word_1_146' title='bbox 282 1163 308 1185; x_wconf 84' lang='lat' dir='ltr'><strong>et</strong></span> <span class='ocrx_word' id='word_1_147' title='bbox 328 1166 370 1184; x_wconf 73' lang='lat' dir='ltr'><strong>ari</strong></span> <span class='ocrx_word' id='word_1_148' title='bbox 378 1158 546 1184; x_wconf 85' lang='lat' dir='ltr'><strong>Iiidiaconum</strong></span> <span class='ocrx_word' id='word_1_149' title='bbox 557 1160 656 1182; x_wconf 79' lang='lat' dir='ltr'><strong>vocent.</strong></span> <span class='ocrx_word' id='word_1_150' title='bbox 667 1153 822 1182; x_wconf 85' lang='lat' dir='ltr'><strong>Secundum</strong></span> 
     </span>
    </p>
   </div>
   <div class='ocr_carea' id='block_1_23' title="bbox 53 1200 824 1240">
    <p class='ocr_par' dir='ltr' id='par_1_23' title="bbox 53 1200 824 1240">
     <span class='ocr_line' id='line_1_23' title="bbox 53 1200 824 1240; baseline -0.008 -9"><span class='ocrx_word' id='word_1_151' title='bbox 53 1209 124 1231; x_wconf 78' lang='lat' dir='ltr'><strong>autem</strong></span> <span class='ocrx_word' id='word_1_152' title='bbox 138 1204 301 1240; x_wconf 80' lang='lat' dir='ltr'><strong>Entychium</strong></span> <span class='ocrx_word' id='word_1_153' title='bbox 324 1202 484 1238; x_wconf 85' lang='lat' dir='ltr'><strong>hujusmodi</strong></span> <span class='ocrx_word' id='word_1_154' title='bbox 505 1206 565 1229; x_wconf 84' lang='lat' dir='ltr'><strong>est:</strong></span> <span class='ocrx_word' id='word_1_155' title='bbox 583 1200 729 1228; x_wconf 82' lang='lat' dir='ltr'><strong>Constituit</strong></span> <span class='ocrx_word' id='word_1_156' title='bbox 745 1207 824 1226; x_wconf 85' lang='lat' dir='ltr'><strong>evan—</strong></span> 
     </span>
    </p>
   </div>
   <div class='ocr_carea' id='block_1_24' title="bbox 54 1245 824 1284">
    <p class='ocr_par' dir='ltr' id='par_1_24' title="bbox 54 1245 824 1284">
     <span class='ocr_line' id='line_1_24' title="bbox 54 1245 824 1284; baseline -0.006 -8"><span class='ocrx_word' id='word_1_157' title='bbox 54 1251 129 1284; x_wconf 74' lang='lat' dir='ltr'><strong>gelista</strong></span> <span class='ocrx_word' id='word_1_158' title='bbox 143 1250 247 1277; x_wconf 76' lang='lat' dir='ltr'><strong>Marcus</strong></span> <span class='ocrx_word' id='word_1_159' title='bbox 264 1258 322 1276; x_wconf 87' lang='lat' dir='ltr'><strong>una</strong></span> <span class='ocrx_word' id='word_1_160' title='bbox 343 1257 404 1275; x_wconf 88' lang='lat' dir='ltr'><strong>cum</strong></span> <span class='ocrx_word' id='word_1_161' title='bbox 418 1249 524 1275; x_wconf 84' lang='lat' dir='ltr'><strong>Anania</strong></span> <span class='ocrx_word' id='word_1_162' title='bbox 548 1247 703 1282; x_wconf 79' lang='lat' dir='ltr'><strong>patriarcha</strong></span> <span class='ocrx_word' id='word_1_163' title='bbox 725 1245 824 1272; x_wconf 86' lang='lat' dir='ltr'><strong>duode-</strong></span> 
     </span>
    </p>
   </div>
   <div class='ocr_carea' id='block_1_25' title="bbox 55 1294 823 1332">
    <p class='ocr_par' dir='ltr' id='par_1_25' title="bbox 55 1294 823 1332">
     <span class='ocr_line' id='line_1_25' title="bbox 55 1294 823 1332; baseline -0.004 -11"><span class='ocrx_word' id='word_1_164' title='bbox 55 1297 93 1321; x_wconf 81' lang='lat' dir='ltr'><strong>cim</strong></span> <span class='ocrx_word' id='word_1_165' title='bbox 105 1297 269 1332; x_wconf 73' lang='lat' dir='ltr'><strong>presbyteros,</strong></span> <span class='ocrx_word' id='word_1_166' title='bbox 280 1296 328 1331; x_wconf 83' lang='lat' dir='ltr'><strong>qui</strong></span> <span class='ocrx_word' id='word_1_167' title='bbox 344 1303 435 1329; x_wconf 82' lang='lat' dir='ltr'><strong>nempe</strong></span> <span class='ocrx_word' id='word_1_168' title='bbox 447 1303 505 1321; x_wconf 88' lang='lat' dir='ltr'><strong>cum</strong></span> <span class='ocrx_word' id='word_1_169' title='bbox 513 1294 666 1329; x_wconf 82' lang='lat' dir='ltr'><strong>patriarcha</strong></span> <span class='ocrx_word' id='word_1_170' title='bbox 678 1296 823 1324; x_wconf 76' lang='lat' dir='ltr'><strong>manerent,</strong></span> 
     </span>
    </p>
   </div>
   <div class='ocr_carea' id='block_1_26' title="bbox 55 1339 825 1376">
    <p class='ocr_par' dir='ltr' id='par_1_26' title="bbox 55 1339 825 1376">
     <span class='ocr_line' id='line_1_26' title="bbox 55 1339 825 1376; baseline -0.005 -9"><span class='ocrx_word' id='word_1_171' title='bbox 55 1343 105 1368; x_wconf 66' lang='lat' dir='ltr'><strong>adeo</strong></span> <span class='ocrx_word' id='word_1_172' title='bbox 121 1348 146 1369; x_wconf 78' lang='lat' dir='ltr'><strong>ut</strong></span> <span class='ocrx_word' id='word_1_173' title='bbox 162 1351 218 1369; x_wconf 85' lang='lat' dir='ltr'><strong>cum</strong></span> <span class='ocrx_word' id='word_1_174' title='bbox 234 1347 345 1369; x_wconf 80' lang='lat' dir='ltr'><strong>vacaret</strong></span> <span class='ocrx_word' id='word_1_175' title='bbox 360 1341 569 1376; x_wconf 86' lang='lat' dir='ltr'><strong>patriarchatus,</strong></span> <span class='ocrx_word' id='word_1_176' title='bbox 582 1347 664 1366; x_wconf 85' lang='lat' dir='ltr'><strong>unum</strong></span> <span class='ocrx_word' id='word_1_177' title='bbox 679 1347 692 1366; x_wconf 91' lang='lat' dir='ltr'><strong>e</strong></span> <span class='ocrx_word' id='word_1_178' title='bbox 707 1339 741 1365; x_wconf 69' lang='grc'>12</span> <span class='ocrx_word' id='word_1_179' title='bbox 767 1347 825 1371; x_wconf 84' lang='lat' dir='ltr'><strong>pre—</strong></span> 
     </span>
    </p>
   </div>
   <div class='ocr_carea' id='block_1_27' title="bbox 55 1385 824 1423">
    <p class='ocr_par' dir='ltr' id='par_1_27' title="bbox 55 1385 824 1423">
     <span class='ocr_line' id='line_1_27' title="bbox 55 1385 824 1423; baseline -0.003 -11"><span class='ocrx_word' id='word_1_180' title='bbox 55 1387 144 1422; x_wconf 64' lang='lat' dir='ltr'><strong>sbyteris</strong></span> <span class='ocrx_word' id='word_1_181' title='bbox 154 1389 289 1423; x_wconf 81' lang='lat' dir='ltr'><strong>eligerent,</strong></span> <span class='ocrx_word' id='word_1_182' title='bbox 304 1388 381 1422; x_wconf 82' lang='lat' dir='ltr'><strong>cujus</strong></span> <span class='ocrx_word' id='word_1_183' title='bbox 397 1387 476 1420; x_wconf 84' lang='lat' dir='ltr'><strong>capiti</strong></span> <span class='ocrx_word' id='word_1_184' title='bbox 493 1386 586 1420; x_wconf 76' lang='lat' dir='ltr'><strong>reliqui</strong></span> <span class='ocrx_word' id='word_1_185' title='bbox 598 1385 717 1411; x_wconf 82' lang='lat' dir='ltr'><strong>undecim</strong></span> <span class='ocrx_word' id='word_1_186' title='bbox 731 1392 824 1410; x_wconf 79' lang='lat' dir='ltr'><strong>manus</strong></span> 
     </span>
    </p>
   </div>
   <div class='ocr_carea' id='block_1_28' title="bbox 57 1432 823 1468">
    <p class='ocr_par' dir='ltr' id='par_1_28' title="bbox 57 1432 823 1468">
     <span class='ocr_line' id='line_1_28' title="bbox 57 1432 823 1468; baseline -0.003 -10"><span class='ocrx_word' id='word_1_187' title='bbox 57 1434 191 1466; x_wconf 72' lang='lat' dir='ltr'><strong>imponentes</strong></span> <span class='ocrx_word' id='word_1_188' title='bbox 214 1435 266 1468; x_wconf 89' lang='lat' dir='ltr'><strong>ipsi</strong></span> <span class='ocrx_word' id='word_1_189' title='bbox 285 1433 486 1464; x_wconf 74' lang='lat' dir='ltr'><strong>bent-dicerent,</strong></span> <span class='ocrx_word' id='word_1_190' title='bbox 507 1437 531 1458; x_wconf 83' lang='lat' dir='ltr'><strong>et</strong></span> <span class='ocrx_word' id='word_1_191' title='bbox 551 1432 731 1466; x_wconf 82' lang='lat' dir='ltr'><strong>patriarcham</strong></span> <span class='ocrx_word' id='word_1_192' title='bbox 751 1439 823 1457; x_wconf 60' lang='lat' dir='ltr'><strong>crea&lt;</strong></span> 
     </span>
    </p>
   </div>
   <div class='ocr_carea' id='block_1_29' title="bbox 57 1477 826 1513">
    <p class='ocr_par' dir='ltr' id='par_1_29' title="bbox 57 1477 826 1513">
     <span class='ocr_line' id='line_1_29' title="bbox 57 1477 826 1513; baseline -0.001 -10"><span class='ocrx_word' id='word_1_193' title='bbox 57 1484 110 1509; x_wconf 68' lang='lat' dir='ltr'><strong>rent,</strong></span> <span class='ocrx_word' id='word_1_194' title='bbox 124 1480 211 1506; x_wconf 80' lang='lat' dir='ltr'><strong>deinde</strong></span> <span class='ocrx_word' id='word_1_195' title='bbox 225 1481 317 1506; x_wconf 86' lang='lat' dir='ltr'><strong>virum</strong></span> <span class='ocrx_word' id='word_1_196' title='bbox 332 1479 445 1513; x_wconf 79' lang='lat' dir='ltr'><strong>aliquem</strong></span> <span class='ocrx_word' id='word_1_197' title='bbox 461 1479 588 1512; x_wconf 72' lang='lat' dir='ltr'><strong>insignem</strong></span> <span class='ocrx_word' id='word_1_198' title='bbox 602 1477 737 1512; x_wconf 81' lang='lat' dir='ltr'><strong>eligerent,</strong></span> <span class='ocrx_word' id='word_1_199' title='bbox 751 1479 826 1511; x_wconf 66' lang='lat' dir='ltr'><strong>quem</strong></span> 
     </span>
    </p>
   </div>
   <div class='ocr_carea' id='block_1_30' title="bbox 57 1523 826 1561">
    <p class='ocr_par' dir='ltr' id='par_1_30' title="bbox 57 1523 826 1561">
     <span class='ocr_line' id='line_1_30' title="bbox 57 1523 826 1561; baseline -0.003 -11"><span class='ocrx_word' id='word_1_200' title='bbox 57 1534 124 1551; x_wconf 72' lang='lat' dir='ltr'><strong>secum</strong></span> <span class='ocrx_word' id='word_1_201' title='bbox 140 1527 322 1561; x_wconf 78' lang='lat' dir='ltr'><strong>presbyterum</strong></span> <span class='ocrx_word' id='word_1_202' title='bbox 337 1526 534 1555; x_wconf 86' lang='lat' dir='ltr'><strong>constituerent,</strong></span> <span class='ocrx_word' id='word_1_203' title='bbox 544 1523 600 1550; x_wconf 85' lang='lat' dir='ltr'><strong>loco</strong></span> <span class='ocrx_word' id='word_1_204' title='bbox 615 1524 671 1557; x_wconf 78' lang='lat' dir='ltr'><strong>ejus</strong></span> <span class='ocrx_word' id='word_1_205' title='bbox 685 1523 729 1557; x_wconf 87' lang='lat' dir='ltr'><strong>qui</strong></span> <span class='ocrx_word' id='word_1_206' title='bbox 741 1523 826 1557; x_wconf 81' lang='lat' dir='ltr'><strong>factus</strong></span> 
     </span>
    </p>
   </div>
   <div class='ocr_carea' id='block_1_31' title="bbox 56 1569 862 1613">
    <p class='ocr_par' dir='ltr' id='par_1_31' title="bbox 56 1569 862 1613">
     <span class='ocr_line' id='line_1_31' title="bbox 56 1569 862 1613; baseline -0.002 -17"><span class='ocrx_word' id='word_1_207' title='bbox 56 1577 84 1596; x_wconf 68' lang='lat' dir='ltr'><strong>est</strong></span> <span class='ocrx_word' id='word_1_208' title='bbox 102 1573 260 1605; x_wconf 76' lang='lat' dir='ltr'><strong>patriarcha,</strong></span> <span class='ocrx_word' id='word_1_209' title='bbox 284 1577 318 1599; x_wconf 81' lang='lat' dir='ltr'><strong>ut</strong></span> <span class='ocrx_word' id='word_1_210' title='bbox 336 1572 377 1598; x_wconf 91' lang='lat' dir='ltr'><strong>ita</strong></span> <span class='ocrx_word' id='word_1_211' title='bbox 402 1579 501 1606; x_wconf 88' lang='lat' dir='ltr'><strong>semper</strong></span> <span class='ocrx_word' id='word_1_212' title='bbox 522 1574 656 1597; x_wconf 72' lang='lat' dir='ltr'><strong>exstarent</strong></span> <span class='ocrx_word' id='word_1_213' title='bbox 677 1569 824 1596; x_wconf 73' lang='lat' dir='ltr'><strong>duodecim</strong></span> <span class='ocrx_word' id='word_1_214' title='bbox 840 1584 862 1613; x_wconf 64' lang='grc' dir='ltr'><strong>ο</strong></span> 
     </span>
    </p>
   </div>
   <div class='ocr_carea' id='block_1_32' title="bbox 58 1615 827 1652">
    <p class='ocr_par' dir='ltr' id='par_1_32' title="bbox 58 1615 827 1652">
     <span class='ocr_line' id='line_1_32' title="bbox 58 1615 827 1652; baseline -0.001 -10"><span class='ocrx_word' id='word_1_215' title='bbox 58 1616 131 1652; x_wconf 74' lang='lat' dir='ltr'><strong>Neque</strong></span> <span class='ocrx_word' id='word_1_216' title='bbox 139 1618 212 1645; x_wconf 84' lang='lat' dir='ltr'><strong>desiit</strong></span> <span class='ocrx_word' id='word_1_217' title='bbox 228 1618 405 1645; x_wconf 65' lang='lat' dir='ltr'><strong>Alexandria:</strong></span> <span class='ocrx_word' id='word_1_218' title='bbox 418 1618 569 1644; x_wconf 87' lang='lat' dir='ltr'><strong>institutum</strong></span> <span class='ocrx_word' id='word_1_219' title='bbox 583 1618 631 1642; x_wconf 87' lang='lat' dir='ltr'><strong>hoc</strong></span> <span class='ocrx_word' id='word_1_220' title='bbox 642 1616 673 1642; x_wconf 82' lang='lat' dir='ltr'><strong>tle</strong></span> <span class='ocrx_word' id='word_1_221' title='bbox 692 1615 827 1650; x_wconf 85' lang='lat' dir='ltr'><strong>presbyte-</strong></span> 
     </span>
    </p>
   </div>
   <div class='ocr_carea' id='block_1_33' title="bbox 57 1661 827 1698">
    <p class='ocr_par' dir='ltr' id='par_1_33' title="bbox 57 1661 827 1698">
     <span class='ocr_line' id='line_1_33' title="bbox 57 1661 827 1698; baseline -0.001 -11"><span class='ocrx_word' id='word_1_222' title='bbox 57 1663 94 1693; x_wconf 79' lang='lat' dir='ltr'><strong>ris,</strong></span> <span class='ocrx_word' id='word_1_223' title='bbox 114 1668 139 1689; x_wconf 88' lang='lat' dir='ltr'><strong>ut</strong></span> <span class='ocrx_word' id='word_1_224' title='bbox 162 1664 259 1690; x_wconf 87' lang='lat' dir='ltr'><strong>scilicet</strong></span> <span class='ocrx_word' id='word_1_225' title='bbox 282 1663 455 1698; x_wconf 72' lang='lat' dir='ltr'><strong>patriarchas</strong></span> <span class='ocrx_word' id='word_1_226' title='bbox 479 1666 597 1689; x_wconf 81' lang='lat' dir='ltr'><strong>crearent</strong></span> <span class='ocrx_word' id='word_1_227' title='bbox 617 1669 649 1687; x_wconf 75' lang='lat' dir='ltr'><strong>ex</strong></span> <span class='ocrx_word' id='word_1_228' title='bbox 669 1661 827 1695; x_wconf 76' lang='lat' dir='ltr'><strong>presbyteris</strong></span> 
     </span>
    </p>
   </div>
   <div class='ocr_carea' id='block_1_34' title="bbox 58 1707 827 1744">
    <p class='ocr_par' dir='ltr' id='par_1_34' title="bbox 58 1707 827 1744">
     <span class='ocr_line' id='line_1_34' title="bbox 58 1707 827 1744; baseline -0.004 -9"><span class='ocrx_word' id='word_1_229' title='bbox 58 1707 95 1740; x_wconf 68' lang='grc' dir='ltr'><strong>ΙΞ,</strong></span> <span class='ocrx_word' id='word_1_230' title='bbox 105 1717 177 1744; x_wconf 85' lang='lat' dir='ltr'><strong>usque</strong></span> <span class='ocrx_word' id='word_1_231' title='bbox 192 1710 225 1736; x_wconf 87' lang='lat' dir='ltr'><strong>ad</strong></span> <span class='ocrx_word' id='word_1_232' title='bbox 242 1715 366 1744; x_wconf 84' lang='lat' dir='ltr'><strong>tempora</strong></span> <span class='ocrx_word' id='word_1_233' title='bbox 378 1708 524 1736; x_wconf 67' lang='lat' dir='ltr'><strong>Alexandri</strong></span> <span class='ocrx_word' id='word_1_234' title='bbox 537 1707 696 1743; x_wconf 67' lang='lat' dir='ltr'><strong>patriarcha:</strong></span> <span class='ocrx_word' id='word_1_235' title='bbox 710 1707 811 1734; x_wconf 72' lang='lat' dir='ltr'><strong>Alexan</strong></span> <span class='ocrx_word' id='word_1_236' title='bbox 820 1721 827 1726; x_wconf 93' lang='lat'><strong><em>-</em></strong></span> 
     </span>
    </p>
   </div>
   <div class='ocr_carea' id='block_1_35' title="bbox 55 1752 829 1790">
    <p class='ocr_par' dir='ltr' id='par_1_35' title="bbox 55 1752 829 1790">
     <span class='ocr_line' id='line_1_35' title="bbox 55 1752 829 1790; baseline 0 -11"><span class='ocrx_word' id='word_1_237' title='bbox 55 1753 128 1786; x_wconf 82' lang='lat' dir='ltr'><strong>drini,</strong></span> <span class='ocrx_word' id='word_1_238' title='bbox 143 1756 184 1790; x_wconf 82' lang='lat' dir='ltr'><strong>qui</strong></span> <span class='ocrx_word' id='word_1_239' title='bbox 199 1756 250 1790; x_wconf 83' lang='lat' dir='ltr'><strong>fuit</strong></span> <span class='ocrx_word' id='word_1_240' title='bbox 279 1763 317 1782; x_wconf 77' lang='lat' dir='ltr'><strong>ea:</strong></span> <span class='ocrx_word' id='word_1_241' title='bbox 339 1763 447 1782; x_wconf 86' lang='lat' dir='ltr'><strong>numero</strong></span> <span class='ocrx_word' id='word_1_242' title='bbox 468 1755 515 1781; x_wconf 87' lang='lat' dir='ltr'><strong>illo</strong></span> <span class='ocrx_word' id='word_1_243' title='bbox 536 1761 663 1781; x_wconf 78' lang='lat' dir='ltr'><strong>cccxvm.</strong></span> <span class='ocrx_word' id='word_1_244' title='bbox 689 1752 746 1780; x_wconf 88' lang='lat' dir='ltr'><strong>Hos</strong></span> <span class='ocrx_word' id='word_1_245' title='bbox 771 1754 829 1779; x_wconf 88' lang='lat' dir='ltr'><strong>vult</strong></span> 
     </span>
    </p>
   </div>
   <div class='ocr_carea' id='block_1_36' title="bbox 59 1798 827 1834">
    <p class='ocr_par' dir='ltr' id='par_1_36' title="bbox 59 1798 827 1834">
     <span class='ocr_line' id='line_1_36' title="bbox 59 1798 827 1834; baseline -0.003 -8"><span class='ocrx_word' id='word_1_246' title='bbox 59 1798 154 1828; x_wconf 68' lang='lat' dir='ltr'><strong>Datianus</strong></span> <span class='ocrx_word' id='word_1_247' title='bbox 174 1803 200 1829; x_wconf 91' lang='lat' dir='ltr'><strong>in</strong></span> <span class='ocrx_word' id='word_1_248' title='bbox 214 1810 326 1829; x_wconf 78' lang='lat' dir='ltr'><strong>summa</strong></span> <span class='ocrx_word' id='word_1_249' title='bbox 341 1802 380 1828; x_wconf 89' lang='lat' dir='ltr'><strong>rei</strong></span> <span class='ocrx_word' id='word_1_250' title='bbox 397 1801 562 1832; x_wconf 84' lang='lat' dir='ltr'><strong>consentire,</strong></span> <span class='ocrx_word' id='word_1_251' title='bbox 578 1801 611 1828; x_wconf 88' lang='lat' dir='ltr'><strong>de</strong></span> <span class='ocrx_word' id='word_1_252' title='bbox 624 1805 744 1834; x_wconf 88' lang='lat' dir='ltr'><strong>tempore</strong></span> <span class='ocrx_word' id='word_1_253' title='bbox 762 1798 827 1825; x_wconf 64' lang='lat' dir='ltr'><strong>levi-</strong></span> 
     </span>
    </p>
   </div>
   <div class='ocr_carea' id='block_1_37' title="bbox 59 1845 829 1884">
    <p class='ocr_par' dir='ltr' id='par_1_37' title="bbox 59 1845 829 1884">
     <span class='ocr_line' id='line_1_37' title="bbox 59 1845 829 1884; baseline 0 -13"><span class='ocrx_word' id='word_1_254' title='bbox 59 1850 92 1872; x_wconf 82' lang='lat' dir='ltr'><strong>Icr</strong></span> <span class='ocrx_word' id='word_1_255' title='bbox 102 1847 255 1884; x_wconf 81' lang='lat' dir='ltr'><strong>discrepare.</strong></span> <span class='ocrx_word' id='word_1_256' title='bbox 279 1849 361 1882; x_wconf 83' lang='lat' dir='ltr'><strong>Quod</strong></span> <span class='ocrx_word' id='word_1_257' title='bbox 383 1857 452 1875; x_wconf 86' lang='lat' dir='ltr'><strong>enim</strong></span> <span class='ocrx_word' id='word_1_258' title='bbox 467 1849 630 1878; x_wconf 85' lang='lat' dir='ltr'><strong>institutum,</strong></span> <span class='ocrx_word' id='word_1_259' title='bbox 650 1847 747 1881; x_wconf 81' lang='lat' dir='ltr'><strong>inquit,</strong></span> <span class='ocrx_word' id='word_1_260' title='bbox 767 1845 829 1872; x_wconf 82' lang='lat' dir='ltr'><strong>Ilie-</strong></span> 
     </span>
    </p>
   </div>
   <div class='ocr_carea' id='block_1_38' title="bbox 60 1893 829 1930">
    <p class='ocr_par' dir='ltr' id='par_1_38' title="bbox 60 1893 829 1930">
     <span class='ocr_line' id='line_1_38' title="bbox 60 1893 829 1930; baseline -0.003 -9"><span class='ocrx_word' id='word_1_261' title='bbox 60 1899 163 1928; x_wconf 79' lang='lat' dir='ltr'><strong>ronymus</strong></span> <span class='ocrx_word' id='word_1_262' title='bbox 182 1896 215 1922; x_wconf 84' lang='lat' dir='ltr'><strong>ad</strong></span> <span class='ocrx_word' id='word_1_263' title='bbox 227 1896 406 1930; x_wconf 79' lang='lat' dir='ltr'><strong>Dionysium,</strong></span> <span class='ocrx_word' id='word_1_264' title='bbox 418 1896 436 1922; x_wconf 91' lang='lat' dir='ltr'><strong>i.</strong></span> <span class='ocrx_word' id='word_1_265' title='bbox 452 1903 476 1922; x_wconf 87' lang='lat' dir='ltr'><strong>e.</strong></span> <span class='ocrx_word' id='word_1_266' title='bbox 491 1896 524 1922; x_wconf 88' lang='lat' dir='ltr'><strong>ad</strong></span> <span class='ocrx_word' id='word_1_267' title='bbox 554 1900 581 1921; x_wconf 87' lang='lat' dir='ltr'><strong>a.</strong></span> <span class='ocrx_word' id='word_1_268' title='bbox 597 1893 628 1920; x_wconf 88' lang='lat' dir='ltr'><strong>D.</strong></span> <span class='ocrx_word' id='word_1_269' title='bbox 640 1893 703 1926; x_wconf 74' lang='grc'><strong>264,</strong></span> <span class='ocrx_word' id='word_1_270' title='bbox 719 1893 829 1920; x_wconf 74' lang='lat' dir='ltr'><strong>durasse</strong></span> 
     </span>
    </p>
   </div>
   <div class='ocr_carea' id='block_1_39' title="bbox 58 1938 827 1977">
    <p class='ocr_par' dir='ltr' id='par_1_39' title="bbox 58 1938 827 1977">
     <span class='ocr_line' id='line_1_39' title="bbox 58 1938 827 1977; baseline 0.004 -13"><span class='ocrx_word' id='word_1_271' title='bbox 58 1938 119 1971; x_wconf 79' lang='lat' dir='ltr'><strong>dicit,</strong></span> <span class='ocrx_word' id='word_1_272' title='bbox 137 1942 162 1968; x_wconf 86' lang='lat' dir='ltr'><strong>id</strong></span> <span class='ocrx_word' id='word_1_273' title='bbox 178 1941 328 1977; x_wconf 83' lang='lat' dir='ltr'><strong>Eutychius</strong></span> <span class='ocrx_word' id='word_1_274' title='bbox 351 1941 386 1968; x_wconf 87' lang='lat' dir='ltr'><strong>ad</strong></span> <span class='ocrx_word' id='word_1_275' title='bbox 400 1941 590 1972; x_wconf 72' lang='lat' dir='ltr'><strong>Alexandrum,</strong></span> <span class='ocrx_word' id='word_1_276' title='bbox 607 1941 626 1968; x_wconf 96' lang='lat' dir='ltr'><strong>i.</strong></span> <span class='ocrx_word' id='word_1_277' title='bbox 644 1948 669 1966; x_wconf 77' lang='grc' dir='ltr'><strong>ε.</strong></span> <span class='ocrx_word' id='word_1_278' title='bbox 685 1939 719 1966; x_wconf 84' lang='lat' dir='ltr'><strong>ad</strong></span> <span class='ocrx_word' id='word_1_279' title='bbox 751 1946 779 1966; x_wconf 88' lang='lat' dir='ltr'><strong>a.</strong></span> <span class='ocrx_word' id='word_1_280' title='bbox 796 1939 827 1967; x_wconf 91' lang='lat' dir='ltr'><strong>D.</strong></span> 
     </span>
    </p>
   </div>
   <div class='ocr_carea' id='block_1_40' title="bbox 59 1985 504 2023">
    <p class='ocr_par' dir='ltr' id='par_1_40' title="bbox 59 1985 504 2023">
     <span class='ocr_line' id='line_1_40' title="bbox 59 1985 504 2023; baseline 0.007 -13"><span class='ocrx_word' id='word_1_281' title='bbox 59 1985 148 2014; x_wconf 79' lang='lat' dir='ltr'><strong>circiter</strong></span> <span class='ocrx_word' id='word_1_282' title='bbox 162 1988 228 2020; x_wconf 77' lang='lat'><strong>308,</strong></span> <span class='ocrx_word' id='word_1_283' title='bbox 244 1996 427 2023; x_wconf 72' lang='lat' dir='ltr'><strong>perseverasse</strong></span> <span class='ocrx_word' id='word_1_284' title='bbox 439 1987 504 2014; x_wconf 78' lang='lat' dir='ltr'><strong>rult.</strong></span> 
     </span>
    </p>
   </div>
   <div class='ocr_carea' id='block_1_41' title="bbox 89 2031 830 2067">
    <p class='ocr_par' dir='ltr' id='par_1_41' title="bbox 89 2031 830 2067">
     <span class='ocr_line' id='line_1_41' title="bbox 89 2031 830 2067; baseline -0.001 -8"><span class='ocrx_word' id='word_1_285' title='bbox 89 2032 174 2061; x_wconf 78' lang='lat' dir='ltr'><strong>Verum</strong></span> <span class='ocrx_word' id='word_1_286' title='bbox 198 2035 265 2062; x_wconf 89' lang='lat' dir='ltr'><strong>mihi</strong></span> <span class='ocrx_word' id='word_1_287' title='bbox 290 2043 348 2062; x_wconf 83' lang='lat' dir='ltr'><strong>non</strong></span> <span class='ocrx_word' id='word_1_288' title='bbox 370 2035 438 2062; x_wconf 81' lang='lat' dir='ltr'><strong>adeo</strong></span> <span class='ocrx_word' id='word_1_289' title='bbox 461 2035 528 2062; x_wconf 81' lang='lat' dir='ltr'><strong>levis</strong></span> <span class='ocrx_word' id='word_1_290' title='bbox 549 2033 730 2067; x_wconf 85' lang='lat' dir='ltr'><strong>discrepantia</strong></span> <span class='ocrx_word' id='word_1_291' title='bbox 755 2031 830 2059; x_wconf 87' lang='lat' dir='ltr'><strong>vide-</strong></span> 
     </span>
    </p>
   </div>
   <div class='ocr_carea' id='block_1_42' title="bbox 61 2077 827 2115">
    <p class='ocr_par' dir='ltr' id='par_1_42' title="bbox 61 2077 827 2115">
     <span class='ocr_line' id='line_1_42' title="bbox 61 2077 827 2115; baseline 0.001 -12"><span class='ocrx_word' id='word_1_292' title='bbox 61 2082 95 2103; x_wconf 84' lang='lat' dir='ltr'><strong>tur</strong></span> <span class='ocrx_word' id='word_1_293' title='bbox 106 2087 112 2105; x_wconf 87' lang='lat'><strong>:</strong></span> <span class='ocrx_word' id='word_1_294' title='bbox 123 2087 178 2106; x_wconf 83' lang='lat' dir='ltr'><strong>cum</strong></span> <span class='ocrx_word' id='word_1_295' title='bbox 193 2081 266 2108; x_wconf 87' lang='lat' dir='ltr'><strong>enim</strong></span> <span class='ocrx_word' id='word_1_296' title='bbox 283 2080 469 2115; x_wconf 83' lang='lat' dir='ltr'><strong>Hieronymus</strong></span> <span class='ocrx_word' id='word_1_297' title='bbox 486 2087 591 2107; x_wconf 90' lang='lat' dir='ltr'><strong>tnorem</strong></span> <span class='ocrx_word' id='word_1_298' title='bbox 607 2087 670 2106; x_wconf 86' lang='lat' dir='ltr'><strong>eum</strong></span> <span class='ocrx_word' id='word_1_299' title='bbox 687 2085 774 2113; x_wconf 86' lang='lat' dir='ltr'><strong>usque</strong></span> <span class='ocrx_word' id='word_1_300' title='bbox 793 2077 827 2104; x_wconf 88' lang='lat' dir='ltr'><strong>ad</strong></span> 
     </span>
    </p>
   </div>
   <div class='ocr_carea' id='block_1_43' title="bbox 62 2122 829 2162">
    <p class='ocr_par' dir='ltr' id='par_1_43' title="bbox 62 2122 829 2162">
     <span class='ocr_line' id='line_1_43' title="bbox 62 2122 829 2162; baseline 0.003 -14"><span class='ocrx_word' id='word_1_301' title='bbox 62 2122 180 2152; x_wconf 86' lang='lat' dir='ltr'><strong>lleraclam</strong></span> <span class='ocrx_word' id='word_1_302' title='bbox 194 2132 220 2153; x_wconf 88' lang='lat' dir='ltr'><strong>et</strong></span> <span class='ocrx_word' id='word_1_303' title='bbox 245 2126 410 2162; x_wconf 82' lang='lat' dir='ltr'><strong>Dionysium</strong></span> <span class='ocrx_word' id='word_1_304' title='bbox 431 2126 546 2153; x_wconf 86' lang='lat' dir='ltr'><strong>durasse</strong></span> <span class='ocrx_word' id='word_1_305' title='bbox 567 2125 653 2157; x_wconf 87' lang='lat' dir='ltr'><strong>dicit,</strong></span> <span class='ocrx_word' id='word_1_306' title='bbox 678 2129 724 2152; x_wconf 87' lang='lat' dir='ltr'><strong>aut</strong></span> <span class='ocrx_word' id='word_1_307' title='bbox 746 2124 829 2151; x_wconf 88' lang='lat' dir='ltr'><strong>dura-</strong></span> 
     </span>
    </p>
   </div>
   <div class='ocr_carea' id='block_1_44' title="bbox 63 2169 830 2207">
    <p class='ocr_par' dir='ltr' id='par_1_44' title="bbox 63 2169 830 2207">
     <span class='ocr_line' id='line_1_44' title="bbox 63 2169 830 2207; baseline 0.003 -13"><span class='ocrx_word' id='word_1_308' title='bbox 63 2169 144 2197; x_wconf 86' lang='lat' dir='ltr'><strong>tionem</strong></span> <span class='ocrx_word' id='word_1_309' title='bbox 158 2176 284 2207; x_wconf 80' lang='lat' dir='ltr'><strong>tanquam</strong></span> <span class='ocrx_word' id='word_1_310' title='bbox 303 2173 434 2199; x_wconf 80' lang='lat' dir='ltr'><strong>incertam</strong></span> <span class='ocrx_word' id='word_1_311' title='bbox 459 2171 552 2203; x_wconf 86' lang='lat' dir='ltr'><strong>tradit.</strong></span> <span class='ocrx_word' id='word_1_312' title='bbox 571 2175 619 2198; x_wconf 91' lang='lat' dir='ltr'><strong>aut</strong></span> <span class='ocrx_word' id='word_1_313' title='bbox 638 2175 710 2198; x_wconf 82' lang='lat' dir='ltr'><strong>certe</strong></span> <span class='ocrx_word' id='word_1_314' title='bbox 727 2171 830 2198; x_wconf 75' lang='lat' dir='ltr'><strong>indicat</strong></span> 
     </span>
    </p>
   </div>
   <div class='ocr_carea' id='block_1_45' title="bbox 63 2211 827 2250">
    <p class='ocr_par' dir='ltr' id='par_1_45' title="bbox 63 2211 827 2250">
     <span class='ocr_line' id='line_1_45' title="bbox 63 2211 827 2250; baseline 0 -10"><span class='ocrx_word' id='word_1_315' title='bbox 63 2211 181 2243; x_wconf 76' lang='lat' dir='ltr'><strong>lleraclam</strong></span> <span class='ocrx_word' id='word_1_316' title='bbox 204 2217 293 2245; x_wconf 79' lang='lat' dir='ltr'><strong>fuisse</strong></span> <span class='ocrx_word' id='word_1_317' title='bbox 315 2217 442 2244; x_wconf 91' lang='lat' dir='ltr'><strong>ultimum</strong></span> <span class='ocrx_word' id='word_1_318' title='bbox 460 2217 506 2250; x_wconf 89' lang='lat' dir='ltr'><strong>qui</strong></span> <span class='ocrx_word' id='word_1_319' title='bbox 534 2215 643 2250; x_wconf 86' lang='lat' dir='ltr'><strong>priori,</strong></span> <span class='ocrx_word' id='word_1_320' title='bbox 670 2214 827 2248; x_wconf 87' lang='lat' dir='ltr'><strong>Dionysium</strong></span> 
     </span>
    </p>
   </div>
   <div class='ocr_carea' id='block_1_46' title="bbox 64 2260 866 2298">
    <p class='ocr_par' dir='ltr' id='par_1_46' title="bbox 64 2260 866 2298">
     <span class='ocr_line' id='line_1_46' title="bbox 64 2260 866 2298; baseline -0.002 -11"><span class='ocrx_word' id='word_1_321' title='bbox 64 2266 137 2288; x_wconf 79' lang='lat' dir='ltr'><strong>autem</strong></span> <span class='ocrx_word' id='word_1_322' title='bbox 151 2264 264 2297; x_wconf 85' lang='lat' dir='ltr'><strong>primum</strong></span> <span class='ocrx_word' id='word_1_323' title='bbox 278 2263 328 2298; x_wconf 86' lang='lat' dir='ltr'><strong>qui</strong></span> <span class='ocrx_word' id='word_1_324' title='bbox 347 2263 402 2289; x_wconf 88' lang='lat' dir='ltr'><strong>alio</strong></span> <span class='ocrx_word' id='word_1_325' title='bbox 415 2269 492 2289; x_wconf 85' lang='lat' dir='ltr'><strong>more</strong></span> <span class='ocrx_word' id='word_1_326' title='bbox 513 2261 601 2288; x_wconf 83' lang='lat' dir='ltr'><strong>factus</strong></span> <span class='ocrx_word' id='word_1_327' title='bbox 616 2264 659 2287; x_wconf 80' lang='lat' dir='ltr'><strong>est</strong></span> <span class='ocrx_word' id='word_1_328' title='bbox 670 2260 826 2294; x_wconf 88' lang='lat' dir='ltr'><strong>episcopus.</strong></span> <span class='ocrx_word' id='word_1_329' title='bbox 846 2261 866 2288; x_wconf 86' lang='lat' dir='ltr'><strong>l)</strong></span> 
     </span>
    </p>
   </div>
   <div class='ocr_carea' id='block_1_47' title="bbox 64 2298 828 2340">
    <p class='ocr_par' dir='ltr' id='par_1_47' title="bbox 64 2298 828 2340">
     <span class='ocr_line' id='line_1_47' title="bbox 64 2298 828 2340; baseline -0.001 -9"><span class='ocrx_word' id='word_1_330' title='bbox 64 2303 181 2340; x_wconf 86' lang='lat' dir='ltr'><strong>lleraclas,</strong></span> <span class='ocrx_word' id='word_1_331' title='bbox 192 2309 342 2336; x_wconf 84' lang='lat' dir='ltr'><strong>secundum</strong></span> <span class='ocrx_word' id='word_1_332' title='bbox 354 2308 513 2340; x_wconf 82' lang='lat' dir='ltr'><strong>Eusebium,</strong></span> <span class='ocrx_word' id='word_1_333' title='bbox 525 2298 671 2334; x_wconf 81' lang='lat' dir='ltr'><strong>undecimo</strong></span> <span class='ocrx_word' id='word_1_334' title='bbox 682 2305 828 2332; x_wconf 78' lang='lat' dir='ltr'><strong>Alexandri</strong></span> 
     </span>
    </p>
   </div>
   <div class='ocr_carea' id='block_1_48' title="bbox 65 2352 828 2389">
    <p class='ocr_par' dir='ltr' id='par_1_48' title="bbox 65 2352 828 2389">
     <span class='ocr_line' id='line_1_48' title="bbox 65 2352 828 2389; baseline 0 -12"><span class='ocrx_word' id='word_1_335' title='bbox 65 2358 122 2379; x_wconf 82' lang='lat' dir='ltr'><strong>anno</strong></span> <span class='ocrx_word' id='word_1_336' title='bbox 136 2359 235 2382; x_wconf 81' lang='lat' dir='ltr'><strong>creatus</strong></span> <span class='ocrx_word' id='word_1_337' title='bbox 249 2359 294 2383; x_wconf 86' lang='lat' dir='ltr'><strong>est</strong></span> <span class='ocrx_word' id='word_1_338' title='bbox 304 2354 452 2389; x_wconf 77' lang='lat' dir='ltr'><strong>episcopus</strong></span> <span class='ocrx_word' id='word_1_339' title='bbox 473 2353 688 2385; x_wconf 83' lang='lat' dir='ltr'><strong>Alexandrinus,</strong></span> <span class='ocrx_word' id='word_1_340' title='bbox 707 2352 760 2378; x_wconf 89' lang='lat' dir='ltr'><strong>hoc</strong></span> <span class='ocrx_word' id='word_1_341' title='bbox 776 2355 828 2383; x_wconf 85' lang='lat' dir='ltr'><strong>est,</strong></span> 
     </span>
    </p>
   </div>
   <div class='ocr_carea' id='block_1_49' title="bbox 65 2397 828 2436">
    <p class='ocr_par' dir='ltr' id='par_1_49' title="bbox 65 2397 828 2436">
     <span class='ocr_line' id='line_1_49' title="bbox 65 2397 828 2436; baseline 0 -13"><span class='ocrx_word' id='word_1_342' title='bbox 65 2398 90 2424; x_wconf 89' lang='grc' dir='ltr'><strong>Δ.</strong></span> <span class='ocrx_word' id='word_1_343' title='bbox 103 2398 128 2426; x_wconf 82' lang='lat' dir='ltr'><strong>D.</strong></span> <span class='ocrx_word' id='word_1_344' title='bbox 142 2400 201 2428; x_wconf 71' lang='grc'><strong>232.</strong></span> <span class='ocrx_word' id='word_1_345' title='bbox 218 2401 252 2428; x_wconf 87' lang='lat' dir='ltr'><strong>At</strong></span> <span class='ocrx_word' id='word_1_346' title='bbox 268 2401 421 2436; x_wconf 88' lang='lat' dir='ltr'><strong>Eutycbius</strong></span> <span class='ocrx_word' id='word_1_347' title='bbox 438 2399 623 2427; x_wconf 86' lang='lat' dir='ltr'><strong>Alexandrum</strong></span> <span class='ocrx_word' id='word_1_348' title='bbox 640 2397 828 2433; x_wconf 85' lang='lat' dir='ltr'><strong>patriarcham</strong></span> 
     </span>
    </p>
   </div>
   <div class='ocr_carea' id='block_1_50' title="bbox 66 2442 830 2481">
    <p class='ocr_par' dir='ltr' id='par_1_50' title="bbox 66 2442 830 2481">
     <span class='ocr_line' id='line_1_50' title="bbox 66 2442 830 2481; baseline 0 -12"><span class='ocrx_word' id='word_1_349' title='bbox 66 2445 164 2474; x_wconf 74' lang='lat' dir='ltr'><strong>vetuisse</strong></span> <span class='ocrx_word' id='word_1_350' title='bbox 176 2448 266 2481; x_wconf 82' lang='lat' dir='ltr'><strong>tradit,</strong></span> <span class='ocrx_word' id='word_1_351' title='bbox 285 2455 320 2475; x_wconf 89' lang='lat' dir='ltr'><strong>ne</strong></span> <span class='ocrx_word' id='word_1_352' title='bbox 334 2447 463 2481; x_wconf 86' lang='lat' dir='ltr'><strong>deinceps</strong></span> <span class='ocrx_word' id='word_1_353' title='bbox 479 2445 664 2480; x_wconf 86' lang='lat' dir='ltr'><strong>patriarcham</strong></span> <span class='ocrx_word' id='word_1_354' title='bbox 679 2442 830 2479; x_wconf 70' lang='lat' dir='ltr'><strong>presbyteri</strong></span> 
     </span>
    </p>
   </div>
   <div class='ocr_carea' id='block_1_51' title="bbox 67 2489 831 2528">
    <p class='ocr_par' dir='ltr' id='par_1_51' title="bbox 67 2489 831 2528">
     <span class='ocr_line' id='line_1_51' title="bbox 67 2489 831 2528; baseline -0.001 -12"><span class='ocrx_word' id='word_1_355' title='bbox 67 2497 185 2526; x_wconf 79' lang='lat' dir='ltr'><strong>crearent;</strong></span> <span class='ocrx_word' id='word_1_356' title='bbox 200 2495 304 2528; x_wconf 86' lang='lat' dir='ltr'><strong>primus</strong></span> <span class='ocrx_word' id='word_1_357' title='bbox 332 2493 416 2528; x_wconf 74' lang='lat' dir='ltr'><strong>igitur</strong></span> <span class='ocrx_word' id='word_1_358' title='bbox 440 2492 485 2527; x_wconf 91' lang='lat' dir='ltr'><strong>qui</strong></span> <span class='ocrx_word' id='word_1_359' title='bbox 512 2492 566 2518; x_wconf 87' lang='lat' dir='ltr'><strong>alio</strong></span> <span class='ocrx_word' id='word_1_360' title='bbox 582 2498 659 2518; x_wconf 91' lang='lat' dir='ltr'><strong>more</strong></span> <span class='ocrx_word' id='word_1_361' title='bbox 682 2489 770 2517; x_wconf 79' lang='lat' dir='ltr'><strong>factus</strong></span> <span class='ocrx_word' id='word_1_362' title='bbox 789 2492 831 2516; x_wconf 86' lang='lat' dir='ltr'><strong>est</strong></span> 
     </span>
    </p>
   </div>
   <div class='ocr_carea' id='block_1_52' title="bbox 67 2533 831 2574">
    <p class='ocr_par' dir='ltr' id='par_1_52' title="bbox 67 2533 831 2574">
     <span class='ocr_line' id='line_1_52' title="bbox 67 2533 831 2574; baseline -0.003 -12"><span class='ocrx_word' id='word_1_363' title='bbox 67 2534 213 2566; x_wconf 63' lang='lat' dir='ltr'><strong>Alexandriae</strong></span> <span class='ocrx_word' id='word_1_364' title='bbox 228 2540 392 2574; x_wconf 86' lang='lat' dir='ltr'><strong>episcopus,</strong></span> <span class='ocrx_word' id='word_1_365' title='bbox 411 2537 561 2566; x_wconf 88' lang='lat' dir='ltr'><strong>secundum</strong></span> <span class='ocrx_word' id='word_1_366' title='bbox 578 2535 743 2572; x_wconf 85' lang='lat' dir='ltr'><strong>Eutychium</strong></span> <span class='ocrx_word' id='word_1_367' title='bbox 755 2555 762 2567; x_wconf 94' lang='lat'><strong>,</strong></span> <span class='ocrx_word' id='word_1_368' title='bbox 780 2533 831 2561; x_wconf 80' lang='lat' dir='ltr'><strong>fuit</strong></span> 
     </span>
    </p>
   </div>
   <div class='ocr_carea' id='block_1_53' title="bbox 68 2578 831 2616">
    <p class='ocr_par' dir='ltr' id='par_1_53' title="bbox 68 2578 831 2616">
     <span class='ocr_line' id='line_1_53' title="bbox 68 2578 831 2616; baseline -0.001 -10"><span class='ocrx_word' id='word_1_369' title='bbox 68 2578 191 2610; x_wconf 78' lang='lat' dir='ltr'><strong>Alexandri</strong></span> <span class='ocrx_word' id='word_1_370' title='bbox 204 2592 347 2612; x_wconf 77' lang='lat' dir='ltr'><strong>successor</strong></span> <span class='ocrx_word' id='word_1_371' title='bbox 356 2583 536 2613; x_wconf 82' lang='lat' dir='ltr'><strong>Athanasius,</strong></span> <span class='ocrx_word' id='word_1_372' title='bbox 550 2582 598 2616; x_wconf 88' lang='lat' dir='ltr'><strong>qui</strong></span> <span class='ocrx_word' id='word_1_373' title='bbox 609 2581 641 2607; x_wconf 89' lang='lat' dir='ltr'><strong>A.</strong></span> <span class='ocrx_word' id='word_1_374' title='bbox 652 2580 682 2607; x_wconf 74' lang='grc' dir='ltr'><strong>Ι).</strong></span> <span class='ocrx_word' id='word_1_375' title='bbox 695 2579 758 2612; x_wconf 71' lang='grc'><strong>526,</strong></span> <span class='ocrx_word' id='word_1_376' title='bbox 770 2583 831 2614; x_wconf 89' lang='lat' dir='ltr'><strong>post</strong></span> 
     </span>
    </p>
   </div>
   <div class='ocr_carea' id='block_1_54' title="bbox 68 2626 832 2660">
    <p class='ocr_par' dir='ltr' id='par_1_54' title="bbox 68 2626 832 2660">
     <span class='ocr_line' id='line_1_54' title="bbox 68 2626 832 2660; baseline -0.001 -7"><span class='ocrx_word' id='word_1_377' title='bbox 68 2628 190 2656; x_wconf 62' lang='lat' dir='ltr'><strong>conclium</strong></span> <span class='ocrx_word' id='word_1_378' title='bbox 203 2629 341 2658; x_wconf 70' lang='lat' dir='ltr'><strong>Nicaanum</strong></span> <span class='ocrx_word' id='word_1_379' title='bbox 362 2634 472 2657; x_wconf 87' lang='lat' dir='ltr'><strong>creatus</strong></span> <span class='ocrx_word' id='word_1_380' title='bbox 487 2632 537 2656; x_wconf 86' lang='lat' dir='ltr'><strong>est.</strong></span> <span class='ocrx_word' id='word_1_381' title='bbox 556 2627 630 2654; x_wconf 88' lang='lat' dir='ltr'><strong>Inter</strong></span> <span class='ocrx_word' id='word_1_382' title='bbox 656 2626 738 2660; x_wconf 75' lang='lat' dir='ltr'><strong>igitur</strong></span> <span class='ocrx_word' id='word_1_383' title='bbox 753 2633 832 2653; x_wconf 87' lang='lat' dir='ltr'><strong>crea-</strong></span> 
     </span>
    </p>
   </div>
   <div class='ocr_carea' id='block_1_55' title="bbox 70 2671 830 2712">
    <p class='ocr_par' dir='ltr' id='par_1_55' title="bbox 70 2671 830 2712">
     <span class='ocr_line' id='line_1_55' title="bbox 70 2671 830 2712; baseline 0 -14"><span class='ocrx_word' id='word_1_384' title='bbox 70 2672 154 2701; x_wconf 78' lang='lat' dir='ltr'><strong>tionem</strong></span> <span class='ocrx_word' id='word_1_385' title='bbox 166 2675 298 2710; x_wconf 68' lang='lat' dir='ltr'><strong>lleraclaa,</strong></span> <span class='ocrx_word' id='word_1_386' title='bbox 312 2676 361 2712; x_wconf 88' lang='lat' dir='ltr'><strong>qui</strong></span> <span class='ocrx_word' id='word_1_387' title='bbox 385 2675 498 2702; x_wconf 89' lang='lat' dir='ltr'><strong>ultimus</strong></span> <span class='ocrx_word' id='word_1_388' title='bbox 514 2682 529 2701; x_wconf 85' lang='lat' dir='ltr'><strong>a</strong></span> <span class='ocrx_word' id='word_1_389' title='bbox 552 2673 718 2708; x_wconf 85' lang='lat' dir='ltr'><strong>presbyteris</strong></span> <span class='ocrx_word' id='word_1_390' title='bbox 741 2671 830 2699; x_wconf 80' lang='lat' dir='ltr'><strong>factus</strong></span> 
     </span>
    </p>
   </div>
   <div class='ocr_carea' id='block_1_56' title="bbox 71 2716 830 2758">
    <p class='ocr_par' dir='ltr' id='par_1_56' title="bbox 71 2716 830 2758">
     <span class='ocr_line' id='line_1_56' title="bbox 71 2716 830 2758; baseline -0.005 -11"><span class='ocrx_word' id='word_1_391' title='bbox 71 2722 397 2758; x_wconf 69' lang='lat' dir='ltr'><strong>est,auctoreﬂieronymo,</strong></span> <span class='ocrx_word' id='word_1_392' title='bbox 405 2727 432 2748; x_wconf 87' lang='lat' dir='ltr'><strong>et</strong></span> <span class='ocrx_word' id='word_1_393' title='bbox 441 2720 676 2748; x_wconf 85' lang='lat' dir='ltr'><strong>consecrationem</strong></span> <span class='ocrx_word' id='word_1_394' title='bbox 686 2716 830 2745; x_wconf 84' lang='lat' dir='ltr'><strong>Athanasii</strong></span> 
     </span>
    </p>
   </div>
   <div class='ocr_carea' id='block_1_57' title="bbox 73 2763 830 2803">
    <p class='ocr_par' dir='ltr' id='par_1_57' title="bbox 73 2763 830 2803">
     <span class='ocr_line' id='line_1_57' title="bbox 73 2763 830 2803; baseline -0.011 -7"><span class='ocrx_word' id='word_1_395' title='bbox 73 2763 109 2796; x_wconf 70' lang='grc' dir='ltr'><strong>ηυί</strong></span> <span class='ocrx_word' id='word_1_396' title='bbox 127 2767 219 2799; x_wconf 80' lang='lat' dir='ltr'><strong>primus</strong></span> <span class='ocrx_word' id='word_1_397' title='bbox 232 2769 265 2796; x_wconf 89' lang='lat' dir='ltr'><strong>ab</strong></span> <span class='ocrx_word' id='word_1_398' title='bbox 287 2767 426 2803; x_wconf 85' lang='lat' dir='ltr'><strong>episcopis</strong></span> <span class='ocrx_word' id='word_1_399' title='bbox 447 2769 626 2794; x_wconf 85' lang='lat' dir='ltr'><strong>consecratus</strong></span> <span class='ocrx_word' id='word_1_400' title='bbox 645 2769 699 2797; x_wconf 85' lang='lat' dir='ltr'><strong>est,</strong></span> <span class='ocrx_word' id='word_1_401' title='bbox 717 2768 830 2790; x_wconf 90' lang='lat' dir='ltr'><strong>auctore</strong></span> 
     </span>
    </p>
   </div>
   <div class='ocr_carea' id='block_1_58' title="bbox 74 2806 830 2846">
    <p class='ocr_par' dir='ltr' id='par_1_58' title="bbox 74 2806 830 2846">
     <span class='ocr_line' id='line_1_58' title="bbox 74 2806 830 2846; baseline -0.004 -7"><span class='ocrx_word' id='word_1_402' title='bbox 74 2806 194 2846; x_wconf 58' lang='lat' dir='ltr'><strong>l’vulycbio,</strong></span> <span class='ocrx_word' id='word_1_403' title='bbox 210 2815 271 2842; x_wconf 87' lang='lat' dir='ltr'><strong>anni</strong></span> <span class='ocrx_word' id='word_1_404' title='bbox 293 2815 380 2842; x_wconf 79' lang='lat' dir='ltr'><strong>ferme</strong></span> <span class='ocrx_word' id='word_1_405' title='bbox 395 2816 504 2840; x_wconf 84' lang='lat' dir='ltr'><strong>centum</strong></span> <span class='ocrx_word' id='word_1_406' title='bbox 520 2817 594 2840; x_wconf 87' lang='lat' dir='ltr'><strong>sunt.</strong></span> <span class='ocrx_word' id='word_1_407' title='bbox 611 2812 672 2838; x_wconf 88' lang='lat' dir='ltr'><strong>lmo</strong></span> <span class='ocrx_word' id='word_1_408' title='bbox 696 2810 830 2844; x_wconf 80' lang='lat' dir='ltr'><strong>majorem</strong></span> 
     </span>
    </p>
   </div>
   <div class='ocr_carea' id='block_1_59' title="bbox 76 2850 831 2894">
    <p class='ocr_par' dir='ltr' id='par_1_59' title="bbox 76 2850 831 2894">
     <span class='ocr_line' id='line_1_59' title="bbox 76 2850 831 2894; baseline 0.005 -18"><span class='ocrx_word' id='word_1_409' title='bbox 76 2850 256 2891; x_wconf 71' lang='lat' dir='ltr'><strong>discrepantiam</strong></span> <span class='ocrx_word' id='word_1_410' title='bbox 268 2860 313 2887; x_wconf 77' lang='lat' dir='ltr'><strong>hic</strong></span> <span class='ocrx_word' id='word_1_411' title='bbox 328 2858 453 2894; x_wconf 77' lang='lat' dir='ltr'><strong>agnoscit</strong></span> <span class='ocrx_word' id='word_1_412' title='bbox 467 2857 612 2890; x_wconf 87' lang='lat' dir='ltr'><strong>Seldenus,</strong></span> <span class='ocrx_word' id='word_1_413' title='bbox 629 2856 734 2892; x_wconf 89' lang='lat' dir='ltr'><strong>primus</strong></span> <span class='ocrx_word' id='word_1_414' title='bbox 751 2854 831 2889; x_wconf 87' lang='lat' dir='ltr'><strong>lmjus</strong></span> 
     </span>
    </p>
   </div>
   <div class='ocr_carea' id='block_1_60' title="bbox 76 2902 830 2934">
    <p class='ocr_par' dir='ltr' id='par_1_60' title="bbox 76 2902 830 2934">
     <span class='ocr_line' id='line_1_60' title="bbox 76 2902 830 2934; baseline -0.005 -3"><span class='ocrx_word' id='word_1_415' title='bbox 76 2903 202 2931; x_wconf 70' lang='lat' dir='ltr'><strong>&quot;Kunienti</strong></span> <span class='ocrx_word' id='word_1_416' title='bbox 223 2907 412 2934; x_wconf 81' lang='lat' dir='ltr'><strong>architectus;</strong></span> <span class='ocrx_word' id='word_1_417' title='bbox 438 2903 492 2931; x_wconf 76' lang='lat' dir='ltr'><strong>Nec</strong></span> <span class='ocrx_word' id='word_1_418' title='bbox 519 2904 588 2931; x_wconf 84' lang='lat' dir='ltr'><strong>enim</strong></span> <span class='ocrx_word' id='word_1_419' title='bbox 616 2902 759 2930; x_wconf 79' lang='lat' dir='ltr'><strong>Ucrarlam</strong></span> <span class='ocrx_word' id='word_1_420' title='bbox 786 2909 830 2928; x_wconf 85' lang='lat' dir='ltr'><strong>nec</strong></span> 
     </span>
    </p>
   </div>
   <div class='ocr_carea' id='block_1_61' title="bbox 395 172 1223 205">
    <p class='ocr_par' dir='ltr' id='par_1_61' title="bbox 395 172 1223 205">
     <span class='ocr_line' id='line_1_61' title="bbox 395 172 1223 205; baseline -0.006 -1"><span class='ocrx_word' id='word_1_421' title='bbox 395 178 420 205; x_wconf 77' lang='lat' dir='ltr'><strong>J.</strong></span> <span class='ocrx_word' id='word_1_422' title='bbox 436 175 617 203; x_wconf 83' lang='lat' dir='ltr'><strong>PEARSONII</strong></span> <span class='ocrx_word' id='word_1_423' title='bbox 637 173 799 202; x_wconf 61' lang='lat' dir='ltr'><strong>VlNDlCl/E</strong></span> <span class='ocrx_word' id='word_1_424' title='bbox 818 173 1030 202; x_wconf 56' lang='grc' dir='ltr'><strong>ΙΟΝΑΤΙΑῘὯΕ.</strong></span> <span class='ocrx_word' id='word_1_425' title='bbox 1045 189 1079 194; x_wconf 93' lang='grc'><strong>-</strong></span> <span class='ocrx_word' id='word_1_426' title='bbox 1097 172 1186 200; x_wconf 80' lang='lat' dir='ltr'><strong>PARS</strong></span> <span class='ocrx_word' id='word_1_427' title='bbox 1204 172 1223 199; x_wconf 92' lang='lat' dir='ltr'><strong>I.</strong></span> 
     </span>
    </p>
   </div>
   <div class='ocr_carea' id='block_1_62' title="bbox 1596 171 1650 198">
    <p class='ocr_par' dir='ltr' id='par_1_62' title="bbox 1596 171 1650 198">
     <span class='ocr_line' id='line_1_62' title="bbox 1596 171 1650 198; baseline -0.019 0"><span class='ocrx_word' id='word_1_428' title='bbox 1596 171 1650 198; x_wconf 60' lang='lat'><strong>2‘26</strong></span> 
     </span>
    </p>
   </div>
   <div class='ocr_carea' id='block_1_63' title="bbox 862 231 1653 269">
    <p class='ocr_par' dir='ltr' id='par_1_63' title="bbox 862 231 1653 269">
     <span class='ocr_line' id='line_1_63' title="bbox 862 231 1653 269; baseline -0.004 -8"><span class='ocrx_word' id='word_1_429' title='bbox 862 234 1022 269; x_wconf 71' lang='lat' dir='ltr'><strong>Dionysium</strong></span> <span class='ocrx_word' id='word_1_430' title='bbox 1036 234 1064 260; x_wconf 88' lang='lat' dir='ltr'><strong>in</strong></span> <span class='ocrx_word' id='word_1_431' title='bbox 1078 241 1150 260; x_wconf 82' lang='lat' dir='ltr'><strong>more</strong></span> <span class='ocrx_word' id='word_1_432' title='bbox 1164 233 1212 260; x_wconf 87' lang='lat' dir='ltr'><strong>illo</strong></span> <span class='ocrx_word' id='word_1_433' title='bbox 1226 232 1408 267; x_wconf 78' lang='lat' dir='ltr'><strong>comprehendi</strong></span> <span class='ocrx_word' id='word_1_434' title='bbox 1425 232 1507 259; x_wconf 73' lang='lat' dir='ltr'><strong>voluit</strong></span> <span class='ocrx_word' id='word_1_435' title='bbox 1519 231 1653 266; x_wconf 81' lang='lat' dir='ltr'><strong>Hierony-</strong></span> 
     </span>
    </p>
   </div>
   <div class='ocr_carea' id='block_1_64' title="bbox 865 278 1650 314">
    <p class='ocr_par' dir='ltr' id='par_1_64' title="bbox 865 278 1650 314">
     <span class='ocr_line' id='line_1_64' title="bbox 865 278 1650 314; baseline -0.004 -8"><span class='ocrx_word' id='word_1_436' title='bbox 865 288 938 311; x_wconf 80' lang='lat' dir='ltr'><strong>mus,</strong></span> <span class='ocrx_word' id='word_1_437' title='bbox 966 279 1055 314; x_wconf 88' lang='lat' dir='ltr'><strong>inquit</strong></span> <span class='ocrx_word' id='word_1_438' title='bbox 1082 279 1143 312; x_wconf 85' lang='lat' dir='ltr'><strong>ille;</strong></span> <span class='ocrx_word' id='word_1_439' title='bbox 1163 279 1274 306; x_wconf 89' lang='lat' dir='ltr'><strong>ultimus</strong></span> <span class='ocrx_word' id='word_1_440' title='bbox 1300 279 1381 314; x_wconf 72' lang='lat' dir='ltr'><strong>igitur</strong></span> <span class='ocrx_word' id='word_1_441' title='bbox 1407 278 1556 306; x_wconf 89' lang='lat' dir='ltr'><strong>secundum</strong></span> <span class='ocrx_word' id='word_1_442' title='bbox 1587 285 1650 304; x_wconf 89' lang='lat' dir='ltr'><strong>eum</strong></span> 
     </span>
    </p>
   </div>
   <div class='ocr_carea' id='block_1_65' title="bbox 866 323 1653 360">
    <p class='ocr_par' dir='ltr' id='par_1_65' title="bbox 866 323 1653 360">
     <span class='ocr_line' id='line_1_65' title="bbox 866 323 1653 360; baseline -0.004 -8"><span class='ocrx_word' id='word_1_443' title='bbox 866 333 970 352; x_wconf 87' lang='lat' dir='ltr'><strong>morem</strong></span> <span class='ocrx_word' id='word_1_444' title='bbox 988 325 1077 352; x_wconf 83' lang='lat' dir='ltr'><strong>lactus</strong></span> <span class='ocrx_word' id='word_1_445' title='bbox 1093 329 1136 352; x_wconf 90' lang='lat' dir='ltr'><strong>est</strong></span> <span class='ocrx_word' id='word_1_446' title='bbox 1152 325 1297 360; x_wconf 86' lang='lat' dir='ltr'><strong>episcopus</strong></span> <span class='ocrx_word' id='word_1_447' title='bbox 1311 324 1475 355; x_wconf 84' lang='lat' dir='ltr'><strong>Demetrius.</strong></span> <span class='ocrx_word' id='word_1_448' title='bbox 1488 331 1560 351; x_wconf 89' lang='lat' dir='ltr'><strong>anno</strong></span> <span class='ocrx_word' id='word_1_449' title='bbox 1574 323 1653 351; x_wconf 90' lang='lat' dir='ltr'><strong>Com-</strong></span> 
     </span>
    </p>
   </div>
   <div class='ocr_carea' id='block_1_66' title="bbox 867 370 1653 405">
    <p class='ocr_par' dir='ltr' id='par_1_66' title="bbox 867 370 1653 405">
     <span class='ocr_line' id='line_1_66' title="bbox 867 370 1653 405; baseline -0.003 -8"><span class='ocrx_word' id='word_1_450' title='bbox 867 371 940 398; x_wconf 88' lang='lat' dir='ltr'><strong>modi</strong></span> <span class='ocrx_word' id='word_1_451' title='bbox 968 371 1011 402; x_wconf 74' lang='grc' dir='ltr'><strong>ιο,</strong></span> <span class='ocrx_word' id='word_1_452' title='bbox 1037 370 1145 397; x_wconf 87' lang='lat' dir='ltr'><strong>Domini</strong></span> <span class='ocrx_word' id='word_1_453' title='bbox 1169 370 1230 397; x_wconf 72' lang='lat' dir='ltr'><strong>I90.</strong></span> <span class='ocrx_word' id='word_1_454' title='bbox 1260 370 1394 404; x_wconf 85' lang='lat' dir='ltr'><strong>Quocirca</strong></span> <span class='ocrx_word' id='word_1_455' title='bbox 1419 370 1599 405; x_wconf 85' lang='lat' dir='ltr'><strong>Hieronymus</strong></span> <span class='ocrx_word' id='word_1_456' title='bbox 1625 373 1653 396; x_wconf 86' lang='lat' dir='ltr'><strong>et</strong></span> 
     </span>
    </p>
   </div>
   <div class='ocr_carea' id='block_1_67' title="bbox 867 415 1651 453">
    <p class='ocr_par' dir='ltr' id='par_1_67' title="bbox 867 415 1651 453">
     <span class='ocr_line' id='line_1_67' title="bbox 867 415 1651 453; baseline -0.003 -9"><span class='ocrx_word' id='word_1_457' title='bbox 867 417 1017 453; x_wconf 86' lang='lat' dir='ltr'><strong>Eutychius</strong></span> <span class='ocrx_word' id='word_1_458' title='bbox 1040 424 1095 444; x_wconf 91' lang='lat' dir='ltr'><strong>non</strong></span> <span class='ocrx_word' id='word_1_459' title='bbox 1116 417 1210 444; x_wconf 87' lang='lat' dir='ltr'><strong>leviter</strong></span> <span class='ocrx_word' id='word_1_460' title='bbox 1233 417 1266 444; x_wconf 87' lang='lat' dir='ltr'><strong>de</strong></span> <span class='ocrx_word' id='word_1_461' title='bbox 1284 422 1405 451; x_wconf 89' lang='lat' dir='ltr'><strong>tempore</strong></span> <span class='ocrx_word' id='word_1_462' title='bbox 1427 417 1582 450; x_wconf 84' lang='lat' dir='ltr'><strong>discrepare</strong></span> <span class='ocrx_word' id='word_1_463' title='bbox 1607 415 1651 442; x_wconf 89' lang='lat' dir='ltr'><strong>di-</strong></span> 
     </span>
    </p>
   </div>
   <div class='ocr_carea' id='block_1_68' title="bbox 868 462 1652 498">
    <p class='ocr_par' dir='ltr' id='par_1_68' title="bbox 868 462 1652 498">
     <span class='ocr_line' id='line_1_68' title="bbox 868 462 1652 498; baseline -0.004 -7"><span class='ocrx_word' id='word_1_464' title='bbox 868 464 946 491; x_wconf 83' lang='lat' dir='ltr'><strong>cendi</strong></span> <span class='ocrx_word' id='word_1_465' title='bbox 962 467 1035 490; x_wconf 82' lang='lat' dir='ltr'><strong>sunt.</strong></span> <span class='ocrx_word' id='word_1_466' title='bbox 1051 462 1144 498; x_wconf 86' lang='lat' dir='ltr'><strong>Itaque</strong></span> <span class='ocrx_word' id='word_1_467' title='bbox 1161 468 1190 490; x_wconf 90' lang='lat' dir='ltr'><strong>ut</strong></span> <span class='ocrx_word' id='word_1_468' title='bbox 1208 463 1278 490; x_wconf 88' lang='lat' dir='ltr'><strong>hanc</strong></span> <span class='ocrx_word' id='word_1_469' title='bbox 1300 463 1417 490; x_wconf 79' lang='lat' dir='ltr'><strong>duorum</strong></span> <span class='ocrx_word' id='word_1_470' title='bbox 1434 463 1542 490; x_wconf 87' lang='lat' dir='ltr'><strong>testium</strong></span> <span class='ocrx_word' id='word_1_471' title='bbox 1563 462 1652 489; x_wconf 80' lang='lat' dir='ltr'><strong>disso-</strong></span> 
     </span>
    </p>
   </div>
   <div class='ocr_carea' id='block_1_69' title="bbox 868 508 1653 543">
    <p class='ocr_par' dir='ltr' id='par_1_69' title="bbox 868 508 1653 543">
     <span class='ocr_line' id='line_1_69' title="bbox 868 508 1653 543; baseline -0.001 -8"><span class='ocrx_word' id='word_1_472' title='bbox 868 509 991 536; x_wconf 86' lang='lat' dir='ltr'><strong>nantiam</strong></span> <span class='ocrx_word' id='word_1_473' title='bbox 1016 509 1137 541; x_wconf 86' lang='lat' dir='ltr'><strong>tolleret,</strong></span> <span class='ocrx_word' id='word_1_474' title='bbox 1155 509 1252 536; x_wconf 87' lang='lat' dir='ltr'><strong>miram</strong></span> <span class='ocrx_word' id='word_1_475' title='bbox 1270 509 1474 536; x_wconf 87' lang='lat' dir='ltr'><strong>distinctionem</strong></span> <span class='ocrx_word' id='word_1_476' title='bbox 1489 508 1653 543; x_wconf 76' lang='lat' dir='ltr'><strong>excogitavit</strong></span> 
     </span>
    </p>
   </div>
   <div class='ocr_carea' id='block_1_70' title="bbox 870 554 1653 590">
    <p class='ocr_par' dir='ltr' id='par_1_70' title="bbox 870 554 1653 590">
     <span class='ocr_line' id='line_1_70' title="bbox 870 554 1653 590; baseline -0.003 -8"><span class='ocrx_word' id='word_1_477' title='bbox 870 554 1014 587; x_wconf 88' lang='lat' dir='ltr'><strong>Seldcnus,</strong></span> <span class='ocrx_word' id='word_1_478' title='bbox 1031 560 1057 582; x_wconf 89' lang='lat' dir='ltr'><strong>ct</strong></span> <span class='ocrx_word' id='word_1_479' title='bbox 1074 562 1136 582; x_wconf 89' lang='lat' dir='ltr'><strong>cum</strong></span> <span class='ocrx_word' id='word_1_480' title='bbox 1160 560 1274 590; x_wconf 88' lang='lat' dir='ltr'><strong>uterque</strong></span> <span class='ocrx_word' id='word_1_481' title='bbox 1299 555 1333 582; x_wconf 87' lang='lat' dir='ltr'><strong>de</strong></span> <span class='ocrx_word' id='word_1_482' title='bbox 1350 554 1438 586; x_wconf 78' lang='lat' dir='ltr'><strong>iacto,</strong></span> <span class='ocrx_word' id='word_1_483' title='bbox 1465 554 1522 581; x_wconf 80' lang='lat' dir='ltr'><strong>sive</strong></span> <span class='ocrx_word' id='word_1_484' title='bbox 1541 554 1575 581; x_wconf 87' lang='lat' dir='ltr'><strong>de</strong></span> <span class='ocrx_word' id='word_1_485' title='bbox 1601 562 1653 581; x_wconf 90' lang='lat' dir='ltr'><strong>usu</strong></span> 
     </span>
    </p>
   </div>
   <div class='ocr_carea' id='block_1_71' title="bbox 869 600 1653 636">
    <p class='ocr_par' dir='ltr' id='par_1_71' title="bbox 869 600 1653 636">
     <span class='ocr_line' id='line_1_71' title="bbox 869 600 1653 636; baseline -0.003 -8"><span class='ocrx_word' id='word_1_486' title='bbox 869 601 1058 628; x_wconf 86' lang='lat' dir='ltr'><strong>tantummodo</strong></span> <span class='ocrx_word' id='word_1_487' title='bbox 1075 601 1213 636; x_wconf 86' lang='lat' dir='ltr'><strong>loquatur,</strong></span> <span class='ocrx_word' id='word_1_488' title='bbox 1228 606 1255 628; x_wconf 86' lang='lat' dir='ltr'><strong>et</strong></span> <span class='ocrx_word' id='word_1_489' title='bbox 1271 601 1399 628; x_wconf 86' lang='lat' dir='ltr'><strong>historice</strong></span> <span class='ocrx_word' id='word_1_490' title='bbox 1423 608 1480 627; x_wconf 85' lang='lat' dir='ltr'><strong>rem</strong></span> <span class='ocrx_word' id='word_1_491' title='bbox 1497 600 1568 626; x_wconf 84' lang='lat' dir='ltr'><strong>unde</strong></span> <span class='ocrx_word' id='word_1_492' title='bbox 1590 607 1653 626; x_wconf 88' lang='lat' dir='ltr'><strong>nar-</strong></span> 
     </span>
    </p>
   </div>
   <div class='ocr_carea' id='block_1_72' title="bbox 869 645 1655 683">
    <p class='ocr_par' dir='ltr' id='par_1_72' title="bbox 869 645 1655 683">
     <span class='ocr_line' id='line_1_72' title="bbox 869 645 1655 683; baseline -0.005 -8"><span class='ocrx_word' id='word_1_493' title='bbox 869 653 921 681; x_wconf 87' lang='lat' dir='ltr'><strong>rat,</strong></span> <span class='ocrx_word' id='word_1_494' title='bbox 941 649 1014 675; x_wconf 79' lang='lat' dir='ltr'><strong>Alter</strong></span> <span class='ocrx_word' id='word_1_495' title='bbox 1029 648 1061 675; x_wconf 84' lang='lat' dir='ltr'><strong>de</strong></span> <span class='ocrx_word' id='word_1_496' title='bbox 1080 648 1167 683; x_wconf 78' lang='lat' dir='ltr'><strong>facto,</strong></span> <span class='ocrx_word' id='word_1_497' title='bbox 1191 648 1294 682; x_wconf 91' lang='lat' dir='ltr'><strong>inquit,</strong></span> <span class='ocrx_word' id='word_1_498' title='bbox 1315 647 1432 681; x_wconf 84' lang='lat' dir='ltr'><strong>loquitur</strong></span> <span class='ocrx_word' id='word_1_499' title='bbox 1447 647 1525 672; x_wconf 84' lang='lat' dir='ltr'><strong>simul</strong></span> <span class='ocrx_word' id='word_1_500' title='bbox 1544 654 1575 672; x_wconf 87' lang='lat' dir='ltr'><strong>ac</strong></span> <span class='ocrx_word' id='word_1_501' title='bbox 1593 645 1655 680; x_wconf 81' lang='lat' dir='ltr'><strong>jure</strong></span> 
     </span>
    </p>
   </div>
   <div class='ocr_carea' id='block_1_73' title="bbox 870 692 1656 729">
    <p class='ocr_par' dir='ltr' id='par_1_73' title="bbox 870 692 1656 729">
     <span class='ocr_line' id='line_1_73' title="bbox 870 692 1656 729; baseline -0.004 -8"><span class='ocrx_word' id='word_1_502' title='bbox 870 694 920 721; x_wconf 82' lang='lat' dir='ltr'><strong>laci</strong></span> <span class='ocrx_word' id='word_1_503' title='bbox 941 695 1073 729; x_wconf 85' lang='lat' dir='ltr'><strong>simplici,</strong></span> <span class='ocrx_word' id='word_1_504' title='bbox 1101 699 1240 728; x_wconf 86' lang='lat' dir='ltr'><strong>antequam</strong></span> <span class='ocrx_word' id='word_1_505' title='bbox 1251 693 1307 720; x_wconf 89' lang='lat' dir='ltr'><strong>ulla</strong></span> <span class='ocrx_word' id='word_1_506' title='bbox 1324 693 1429 719; x_wconf 84' lang='lat' dir='ltr'><strong>omnino</strong></span> <span class='ocrx_word' id='word_1_507' title='bbox 1446 701 1509 719; x_wconf 81' lang='lat' dir='ltr'><strong>usus</strong></span> <span class='ocrx_word' id='word_1_508' title='bbox 1526 697 1571 718; x_wconf 84' lang='lat' dir='ltr'><strong>aut</strong></span> <span class='ocrx_word' id='word_1_509' title='bbox 1590 692 1656 726; x_wconf 76' lang='lat' dir='ltr'><strong>farti</strong></span> 
     </span>
    </p>
   </div>
   <div class='ocr_carea' id='block_1_74' title="bbox 870 739 1655 773">
    <p class='ocr_par' dir='ltr' id='par_1_74' title="bbox 870 739 1655 773">
     <span class='ocr_line' id='line_1_74' title="bbox 870 739 1655 773; baseline -0.001 -6"><span class='ocrx_word' id='word_1_510' title='bbox 870 741 983 768; x_wconf 85' lang='lat' dir='ltr'><strong>mutatio</strong></span> <span class='ocrx_word' id='word_1_511' title='bbox 996 740 1033 766; x_wconf 87' lang='lat' dir='ltr'><strong>ibi</strong></span> <span class='ocrx_word' id='word_1_512' title='bbox 1055 739 1282 771; x_wconf 81' lang='lat' dir='ltr'><strong>introduceretur;</strong></span> <span class='ocrx_word' id='word_1_513' title='bbox 1296 739 1364 765; x_wconf 83' lang='lat' dir='ltr'><strong>alter</strong></span> <span class='ocrx_word' id='word_1_514' title='bbox 1377 739 1408 765; x_wconf 89' lang='lat' dir='ltr'><strong>de</strong></span> <span class='ocrx_word' id='word_1_515' title='bbox 1418 739 1480 773; x_wconf 86' lang='lat' dir='ltr'><strong>jure</strong></span> <span class='ocrx_word' id='word_1_516' title='bbox 1503 739 1617 772; x_wconf 71' lang='lat' dir='ltr'><strong>simplici</strong></span> <span class='ocrx_word' id='word_1_517' title='bbox 1631 743 1655 766; x_wconf 85' lang='lat' dir='ltr'><strong>et</strong></span> 
     </span>
    </p>
   </div>
   <div class='ocr_carea' id='block_1_75' title="bbox 870 784 1655 819">
    <p class='ocr_par' dir='ltr' id='par_1_75' title="bbox 870 784 1655 819">
     <span class='ocr_line' id='line_1_75' title="bbox 870 784 1655 819; baseline -0.004 -6"><span class='ocrx_word' id='word_1_518' title='bbox 870 787 987 813; x_wconf 86' lang='lat' dir='ltr'><strong>instituti</strong></span> <span class='ocrx_word' id='word_1_519' title='bbox 1008 786 1163 813; x_wconf 84' lang='lat' dir='ltr'><strong>mutatione.</strong></span> <span class='ocrx_word' id='word_1_520' title='bbox 1191 785 1213 812; x_wconf 89' lang='lat'><strong>0</strong></span> <span class='ocrx_word' id='word_1_521' title='bbox 1240 784 1398 819; x_wconf 64' lang='lat' dir='ltr'><strong>praeclaram</strong></span> <span class='ocrx_word' id='word_1_522' title='bbox 1422 788 1505 818; x_wconf 89' lang='lat' dir='ltr'><strong>atque</strong></span> <span class='ocrx_word' id='word_1_523' title='bbox 1529 784 1655 811; x_wconf 81' lang='lat' dir='ltr'><strong>subtilem</strong></span> 
     </span>
    </p>
   </div>
   <div class='ocr_carea' id='block_1_76' title="bbox 871 829 1658 866">
    <p class='ocr_par' dir='ltr' id='par_1_76' title="bbox 871 829 1658 866">
     <span class='ocr_line' id='line_1_76' title="bbox 871 829 1658 866; baseline -0.005 -6"><span class='ocrx_word' id='word_1_524' title='bbox 871 832 1085 865; x_wconf 84' lang='lat' dir='ltr'><strong>distinctionem,</strong></span> <span class='ocrx_word' id='word_1_525' title='bbox 1103 836 1130 859; x_wconf 90' lang='lat' dir='ltr'><strong>et</strong></span> <span class='ocrx_word' id='word_1_526' title='bbox 1153 831 1262 866; x_wconf 85' lang='lat' dir='ltr'><strong>qualem</strong></span> <span class='ocrx_word' id='word_1_527' title='bbox 1289 830 1408 858; x_wconf 79' lang='lat' dir='ltr'><strong>fortasse</strong></span> <span class='ocrx_word' id='word_1_528' title='bbox 1433 830 1549 857; x_wconf 81' lang='lat' dir='ltr'><strong>diversis</strong></span> <span class='ocrx_word' id='word_1_529' title='bbox 1572 829 1658 857; x_wconf 83' lang='lat' dir='ltr'><strong>Justi-</strong></span> 
     </span>
    </p>
   </div>
   <div class='ocr_carea' id='block_1_77' title="bbox 872 876 1657 912">
    <p class='ocr_par' dir='ltr' id='par_1_77' title="bbox 872 876 1657 912">
     <span class='ocr_line' id='line_1_77' title="bbox 872 876 1657 912; baseline -0.004 -7"><span class='ocrx_word' id='word_1_530' title='bbox 872 879 1042 912; x_wconf 83' lang='lat' dir='ltr'><strong>nianeijuris</strong></span> <span class='ocrx_word' id='word_1_531' title='bbox 1058 877 1195 912; x_wconf 88' lang='lat' dir='ltr'><strong>periochis</strong></span> <span class='ocrx_word' id='word_1_532' title='bbox 1213 877 1342 912; x_wconf 86' lang='lat' dir='ltr'><strong>adaptare</strong></span> <span class='ocrx_word' id='word_1_533' title='bbox 1363 876 1485 911; x_wconf 88' lang='lat' dir='ltr'><strong>poteris:</strong></span> <span class='ocrx_word' id='word_1_534' title='bbox 1508 876 1550 903; x_wconf 90' lang='lat' dir='ltr'><strong>his</strong></span> <span class='ocrx_word' id='word_1_535' title='bbox 1565 880 1657 902; x_wconf 81' lang='lat' dir='ltr'><strong>autent</strong></span> 
     </span>
    </p>
   </div>
   <div class='ocr_carea' id='block_1_78' title="bbox 874 922 1658 958">
    <p class='ocr_par' dir='ltr' id='par_1_78' title="bbox 874 922 1658 958">
     <span class='ocr_line' id='line_1_78' title="bbox 874 922 1658 958; baseline -0.003 -7"><span class='ocrx_word' id='word_1_536' title='bbox 874 924 1012 951; x_wconf 87' lang='lat' dir='ltr'><strong>historicis</strong></span> <span class='ocrx_word' id='word_1_537' title='bbox 1026 923 1238 951; x_wconf 84' lang='lat' dir='ltr'><strong>narratiunculis</strong></span> <span class='ocrx_word' id='word_1_538' title='bbox 1255 930 1394 958; x_wconf 80' lang='lat' dir='ltr'><strong>nunquam</strong></span> <span class='ocrx_word' id='word_1_539' title='bbox 1407 922 1543 957; x_wconf 89' lang='lat' dir='ltr'><strong>quadrare</strong></span> <span class='ocrx_word' id='word_1_540' title='bbox 1564 926 1658 949; x_wconf 87' lang='lat' dir='ltr'><strong>osten-</strong></span> 
     </span>
    </p>
   </div>
   <div class='ocr_carea' id='block_1_79' title="bbox 872 968 1658 1004">
    <p class='ocr_par' dir='ltr' id='par_1_79' title="bbox 872 968 1658 1004">
     <span class='ocr_line' id='line_1_79' title="bbox 872 968 1658 1004; baseline -0.004 -6"><span class='ocrx_word' id='word_1_541' title='bbox 872 971 960 998; x_wconf 80' lang='lat' dir='ltr'><strong>deris!</strong></span> <span class='ocrx_word' id='word_1_542' title='bbox 979 969 1100 997; x_wconf 85' lang='lat' dir='ltr'><strong>Priorem</strong></span> <span class='ocrx_word' id='word_1_543' title='bbox 1119 974 1223 1004; x_wconf 82' lang='lat' dir='ltr'><strong>partem</strong></span> <span class='ocrx_word' id='word_1_544' title='bbox 1241 968 1408 1003; x_wconf 88' lang='lat' dir='ltr'><strong>Hieronymo</strong></span> <span class='ocrx_word' id='word_1_545' title='bbox 1431 969 1569 1003; x_wconf 80' lang='lat' dir='ltr'><strong>assignat;</strong></span> <span class='ocrx_word' id='word_1_546' title='bbox 1596 975 1658 995; x_wconf 87' lang='lat' dir='ltr'><strong>eum</strong></span> 
     </span>
    </p>
   </div>
   <div class='ocr_carea' id='block_1_80' title="bbox 873 1014 1660 1049">
    <p class='ocr_par' dir='ltr' id='par_1_80' title="bbox 873 1014 1660 1049">
     <span class='ocr_line' id='line_1_80' title="bbox 873 1014 1660 1049; baseline -0.004 -5"><span class='ocrx_word' id='word_1_547' title='bbox 873 1017 931 1044; x_wconf 77' lang='lat' dir='ltr'><strong>vult</strong></span> <span class='ocrx_word' id='word_1_548' title='bbox 949 1021 1006 1044; x_wconf 89' lang='lat' dir='ltr'><strong>tum</strong></span> <span class='ocrx_word' id='word_1_549' title='bbox 1019 1017 1052 1043; x_wconf 88' lang='lat' dir='ltr'><strong>de</strong></span> <span class='ocrx_word' id='word_1_550' title='bbox 1070 1015 1152 1048; x_wconf 82' lang='lat' dir='ltr'><strong>facto,</strong></span> <span class='ocrx_word' id='word_1_551' title='bbox 1167 1020 1224 1042; x_wconf 91' lang='lat' dir='ltr'><strong>tum</strong></span> <span class='ocrx_word' id='word_1_552' title='bbox 1242 1015 1275 1042; x_wconf 93' lang='lat' dir='ltr'><strong>de</strong></span> <span class='ocrx_word' id='word_1_553' title='bbox 1297 1015 1360 1049; x_wconf 84' lang='lat' dir='ltr'><strong>jure</strong></span> <span class='ocrx_word' id='word_1_554' title='bbox 1375 1014 1427 1042; x_wconf 87' lang='lat' dir='ltr'><strong>loci</strong></span> <span class='ocrx_word' id='word_1_555' title='bbox 1443 1014 1559 1049; x_wconf 86' lang='lat' dir='ltr'><strong>simplici</strong></span> <span class='ocrx_word' id='word_1_556' title='bbox 1572 1014 1660 1041; x_wconf 80' lang='lat' dir='ltr'><strong>disse-</strong></span> 
     </span>
    </p>
   </div>
   <div class='ocr_carea' id='block_1_81' title="bbox 873 1059 1660 1096">
    <p class='ocr_par' dir='ltr' id='par_1_81' title="bbox 873 1059 1660 1096">
     <span class='ocr_line' id='line_1_81' title="bbox 873 1059 1660 1096; baseline -0.005 -6"><span class='ocrx_word' id='word_1_557' title='bbox 873 1070 951 1096; x_wconf 86' lang='lat' dir='ltr'><strong>rere,</strong></span> <span class='ocrx_word' id='word_1_558' title='bbox 965 1070 1026 1090; x_wconf 90' lang='lat' dir='ltr'><strong>cum</strong></span> <span class='ocrx_word' id='word_1_559' title='bbox 1046 1062 1107 1094; x_wconf 82' lang='lat' dir='ltr'><strong>ille,</strong></span> <span class='ocrx_word' id='word_1_560' title='bbox 1124 1061 1197 1088; x_wconf 86' lang='lat' dir='ltr'><strong>nulla</strong></span> <span class='ocrx_word' id='word_1_561' title='bbox 1222 1061 1335 1088; x_wconf 86' lang='lat' dir='ltr'><strong>omnino</strong></span> <span class='ocrx_word' id='word_1_562' title='bbox 1349 1060 1383 1087; x_wconf 85' lang='lat' dir='ltr'><strong>(Ie</strong></span> <span class='ocrx_word' id='word_1_563' title='bbox 1400 1060 1462 1094; x_wconf 86' lang='lat' dir='ltr'><strong>jure</strong></span> <span class='ocrx_word' id='word_1_564' title='bbox 1487 1059 1557 1087; x_wconf 83' lang='lat' dir='ltr'><strong>facta</strong></span> <span class='ocrx_word' id='word_1_565' title='bbox 1581 1067 1660 1087; x_wconf 32' lang='lat' dir='ltr'><strong>men-v</strong></span> 
     </span>
    </p>
   </div>
   <div class='ocr_carea' id='block_1_82' title="bbox 875 1105 1660 1140">
    <p class='ocr_par' dir='ltr' id='par_1_82' title="bbox 875 1105 1660 1140">
     <span class='ocr_line' id='line_1_82' title="bbox 875 1105 1660 1140; baseline -0.005 -5"><span class='ocrx_word' id='word_1_566' title='bbox 875 1109 958 1139; x_wconf 88' lang='lat' dir='ltr'><strong>tione,</strong></span> <span class='ocrx_word' id='word_1_567' title='bbox 973 1108 1006 1135; x_wconf 86' lang='lat' dir='ltr'><strong>de</strong></span> <span class='ocrx_word' id='word_1_568' title='bbox 1025 1107 1097 1135; x_wconf 80' lang='lat' dir='ltr'><strong>facto</strong></span> <span class='ocrx_word' id='word_1_569' title='bbox 1111 1106 1301 1134; x_wconf 86' lang='lat' dir='ltr'><strong>tantummodo</strong></span> <span class='ocrx_word' id='word_1_570' title='bbox 1313 1106 1450 1140; x_wconf 89' lang='lat' dir='ltr'><strong>loquatur,</strong></span> <span class='ocrx_word' id='word_1_571' title='bbox 1467 1105 1588 1140; x_wconf 80' lang='lat' dir='ltr'><strong>illudque</strong></span> <span class='ocrx_word' id='word_1_572' title='bbox 1605 1110 1660 1132; x_wconf 89' lang='lat' dir='ltr'><strong>tam</strong></span> 
     </span>
    </p>
   </div>
   <div class='ocr_carea' id='block_1_83' title="bbox 874 1151 1662 1188">
    <p class='ocr_par' dir='ltr' id='par_1_83' title="bbox 874 1151 1662 1188">
     <span class='ocr_line' id='line_1_83' title="bbox 874 1151 1662 1188; baseline -0.005 -7"><span class='ocrx_word' id='word_1_573' title='bbox 874 1154 994 1182; x_wconf 85' lang='lat' dir='ltr'><strong>breviter</strong></span> <span class='ocrx_word' id='word_1_574' title='bbox 1009 1158 1120 1188; x_wconf 88' lang='lat' dir='ltr'><strong>tamque</strong></span> <span class='ocrx_word' id='word_1_575' title='bbox 1145 1153 1263 1180; x_wconf 82' lang='lat' dir='ltr'><strong>obscure</strong></span> <span class='ocrx_word' id='word_1_576' title='bbox 1291 1151 1396 1182; x_wconf 87' lang='lat' dir='ltr'><strong>tradat.</strong></span> <span class='ocrx_word' id='word_1_577' title='bbox 1413 1156 1442 1178; x_wconf 88' lang='lat' dir='ltr'><strong>ut</strong></span> <span class='ocrx_word' id='word_1_578' title='bbox 1463 1151 1507 1178; x_wconf 78' lang='lat' dir='ltr'><strong>vix</strong></span> <span class='ocrx_word' id='word_1_579' title='bbox 1531 1151 1596 1186; x_wconf 90' lang='lat' dir='ltr'><strong>quid</strong></span> <span class='ocrx_word' id='word_1_580' title='bbox 1614 1159 1662 1177; x_wconf 87' lang='lat' dir='ltr'><strong>vo-</strong></span> 
     </span>
    </p>
   </div>
   <div class='ocr_carea' id='block_1_84' title="bbox 875 1197 1663 1235">
    <p class='ocr_par' dir='ltr' id='par_1_84' title="bbox 875 1197 1663 1235">
     <span class='ocr_line' id='line_1_84' title="bbox 875 1197 1663 1235; baseline -0.005 -8"><span class='ocrx_word' id='word_1_581' title='bbox 875 1201 957 1227; x_wconf 85' lang='lat' dir='ltr'><strong>luerit</strong></span> <span class='ocrx_word' id='word_1_582' title='bbox 973 1201 1116 1235; x_wconf 77' lang='lat' dir='ltr'><strong>intelligas.</strong></span> <span class='ocrx_word' id='word_1_583' title='bbox 1142 1199 1292 1234; x_wconf 81' lang='lat' dir='ltr'><strong>Presbyteri</strong></span> <span class='ocrx_word' id='word_1_584' title='bbox 1308 1206 1387 1225; x_wconf 84' lang='lat' dir='ltr'><strong>unum</strong></span> <span class='ocrx_word' id='word_1_585' title='bbox 1410 1205 1442 1224; x_wconf 74' lang='lat' dir='ltr'><strong>ea:</strong></span> <span class='ocrx_word' id='word_1_586' title='bbox 1460 1205 1487 1224; x_wconf 90' lang='lat' dir='ltr'><strong>se</strong></span> <span class='ocrx_word' id='word_1_587' title='bbox 1507 1197 1617 1224; x_wconf 86' lang='lat' dir='ltr'><strong>electum</strong></span> <span class='ocrx_word' id='word_1_588' title='bbox 1635 1197 1663 1223; x_wconf 85' lang='lat' dir='ltr'><strong>in</strong></span> 
     </span>
    </p>
   </div>
   <div class='ocr_carea' id='block_1_85' title="bbox 874 1242 1662 1282">
    <p class='ocr_par' dir='ltr' id='par_1_85' title="bbox 874 1242 1662 1282">
     <span class='ocr_line' id='line_1_85' title="bbox 874 1242 1662 1282; baseline -0.005 -9"><span class='ocrx_word' id='word_1_589' title='bbox 874 1247 1012 1273; x_wconf 69' lang='lat' dir='ltr'><strong>excelsiori</strong></span> <span class='ocrx_word' id='word_1_590' title='bbox 1033 1246 1117 1282; x_wconf 88' lang='lat' dir='ltr'><strong>gradu</strong></span> <span class='ocrx_word' id='word_1_591' title='bbox 1133 1246 1291 1272; x_wconf 80' lang='lat' dir='ltr'><strong>collocatum</strong></span> <span class='ocrx_word' id='word_1_592' title='bbox 1305 1245 1455 1279; x_wconf 80' lang='lat' dir='ltr'><strong>episcopum</strong></span> <span class='ocrx_word' id='word_1_593' title='bbox 1471 1242 1662 1273; x_wconf 80' lang='lat' dir='ltr'><strong>nominabant;</strong></span> 
     </span>
    </p>
   </div>
   <div class='ocr_carea' id='block_1_86' title="bbox 875 1288 1662 1327">
    <p class='ocr_par' dir='ltr' id='par_1_86' title="bbox 875 1288 1662 1327">
     <span class='ocr_line' id='line_1_86' title="bbox 875 1288 1662 1327; baseline -0.005 -8"><span class='ocrx_word' id='word_1_594' title='bbox 875 1300 930 1327; x_wconf 89' lang='lat' dir='ltr'><strong>quo</strong></span> <span class='ocrx_word' id='word_1_595' title='bbox 941 1293 1012 1327; x_wconf 90' lang='lat' dir='ltr'><strong>jure,</strong></span> <span class='ocrx_word' id='word_1_596' title='bbox 1028 1300 1115 1326; x_wconf 83' lang='lat' dir='ltr'><strong>quave</strong></span> <span class='ocrx_word' id='word_1_597' title='bbox 1128 1291 1226 1325; x_wconf 83' lang='lat' dir='ltr'><strong>injuria</strong></span> <span class='ocrx_word' id='word_1_598' title='bbox 1240 1291 1291 1317; x_wconf 90' lang='lat' dir='ltr'><strong>hoc</strong></span> <span class='ocrx_word' id='word_1_599' title='bbox 1306 1290 1407 1317; x_wconf 82' lang='lat' dir='ltr'><strong>factum</strong></span> <span class='ocrx_word' id='word_1_600' title='bbox 1420 1291 1465 1320; x_wconf 82' lang='lat' dir='ltr'><strong>sit,</strong></span> <span class='ocrx_word' id='word_1_601' title='bbox 1479 1288 1662 1324; x_wconf 87' lang='lat' dir='ltr'><strong>Hieronymus</strong></span> 
     </span>
    </p>
   </div>
   <div class='ocr_carea' id='block_1_87' title="bbox 877 1334 1662 1371">
    <p class='ocr_par' dir='ltr' id='par_1_87' title="bbox 877 1334 1662 1371">
     <span class='ocr_line' id='line_1_87' title="bbox 877 1334 1662 1371; baseline -0.006 -6"><span class='ocrx_word' id='word_1_602' title='bbox 877 1346 930 1365; x_wconf 90' lang='lat' dir='ltr'><strong>non</strong></span> <span class='ocrx_word' id='word_1_603' title='bbox 949 1339 1033 1371; x_wconf 86' lang='lat' dir='ltr'><strong>dicit;</strong></span> <span class='ocrx_word' id='word_1_604' title='bbox 1060 1339 1115 1364; x_wconf 88' lang='lat' dir='ltr'><strong>imo</strong></span> <span class='ocrx_word' id='word_1_605' title='bbox 1141 1337 1206 1371; x_wconf 87' lang='lat' dir='ltr'><strong>quid</strong></span> <span class='ocrx_word' id='word_1_606' title='bbox 1223 1336 1297 1363; x_wconf 86' lang='lat' dir='ltr'><strong>aliud</strong></span> <span class='ocrx_word' id='word_1_607' title='bbox 1327 1335 1457 1367; x_wconf 79' lang='lat' dir='ltr'><strong>iecerint,</strong></span> <span class='ocrx_word' id='word_1_608' title='bbox 1484 1342 1566 1370; x_wconf 88' lang='lat' dir='ltr'><strong>quam</strong></span> <span class='ocrx_word' id='word_1_609' title='bbox 1589 1334 1662 1368; x_wconf 89' lang='lat' dir='ltr'><strong>quod</strong></span> 
     </span>
    </p>
   </div>
   <div class='ocr_carea' id='block_1_88' title="bbox 876 1381 1662 1419">
    <p class='ocr_par' dir='ltr' id='par_1_88' title="bbox 876 1381 1662 1419">
     <span class='ocr_line' id='line_1_88' title="bbox 876 1381 1662 1419; baseline -0.005 -8"><span class='ocrx_word' id='word_1_610' title='bbox 876 1385 1035 1419; x_wconf 88' lang='lat' dir='ltr'><strong>episcopum</strong></span> <span class='ocrx_word' id='word_1_611' title='bbox 1058 1383 1245 1414; x_wconf 85' lang='lat' dir='ltr'><strong>numinarint,</strong></span> <span class='ocrx_word' id='word_1_612' title='bbox 1272 1390 1326 1409; x_wconf 92' lang='lat' dir='ltr'><strong>non</strong></span> <span class='ocrx_word' id='word_1_613' title='bbox 1348 1383 1436 1409; x_wconf 86' lang='lat' dir='ltr'><strong>docet.</strong></span> <span class='ocrx_word' id='word_1_614' title='bbox 1462 1381 1526 1408; x_wconf 91' lang='lat' dir='ltr'><strong>Vult</strong></span> <span class='ocrx_word' id='word_1_615' title='bbox 1552 1381 1662 1415; x_wconf 86' lang='lat' dir='ltr'><strong>quidem</strong></span> 
     </span>
    </p>
   </div>
   <div class='ocr_carea' id='block_1_89' title="bbox 878 1426 1665 1462">
    <p class='ocr_par' dir='ltr' id='par_1_89' title="bbox 878 1426 1665 1462">
     <span class='ocr_line' id='line_1_89' title="bbox 878 1426 1665 1462; baseline -0.005 -6"><span class='ocrx_word' id='word_1_616' title='bbox 878 1428 1012 1456; x_wconf 85' lang='lat' dir='ltr'><strong>Seldenus</strong></span> <span class='ocrx_word' id='word_1_617' title='bbox 1037 1436 1070 1455; x_wconf 80' lang='lat' dir='ltr'><strong>ex</strong></span> <span class='ocrx_word' id='word_1_618' title='bbox 1087 1428 1178 1455; x_wconf 83' lang='lat' dir='ltr'><strong>verbis</strong></span> <span class='ocrx_word' id='word_1_619' title='bbox 1202 1426 1361 1462; x_wconf 82' lang='lat' dir='ltr'><strong>llicronymi</strong></span> <span class='ocrx_word' id='word_1_620' title='bbox 1376 1426 1467 1462; x_wconf 79' lang='lat' dir='ltr'><strong>colligi</strong></span> <span class='ocrx_word' id='word_1_621' title='bbox 1492 1426 1590 1453; x_wconf 83' lang='lat' dir='ltr'><strong>debere</strong></span> <span class='ocrx_word' id='word_1_622' title='bbox 1617 1433 1665 1460; x_wconf 89' lang='lat' dir='ltr'><strong>pa-</strong></span> 
     </span>
    </p>
   </div>
   <div class='ocr_carea' id='block_1_90' title="bbox 877 1471 1665 1508">
    <p class='ocr_par' dir='ltr' id='par_1_90' title="bbox 877 1471 1665 1508">
     <span class='ocr_line' id='line_1_90' title="bbox 877 1471 1665 1508; baseline -0.004 -7"><span class='ocrx_word' id='word_1_623' title='bbox 877 1475 1025 1502; x_wconf 90' lang='lat' dir='ltr'><strong>triarcbam</strong></span> <span class='ocrx_word' id='word_1_624' title='bbox 1039 1482 1052 1500; x_wconf 87' lang='lat' dir='ltr'><strong>a</strong></span> <span class='ocrx_word' id='word_1_625' title='bbox 1066 1473 1232 1508; x_wconf 83' lang='lat' dir='ltr'><strong>presbyteris</strong></span> <span class='ocrx_word' id='word_1_626' title='bbox 1240 1473 1354 1499; x_wconf 84' lang='lat' dir='ltr'><strong>electum</strong></span> <span class='ocrx_word' id='word_1_627' title='bbox 1366 1476 1393 1499; x_wconf 87' lang='lat' dir='ltr'><strong>et</strong></span> <span class='ocrx_word' id='word_1_628' title='bbox 1401 1472 1557 1499; x_wconf 86' lang='lat' dir='ltr'><strong>ordinatum</strong></span> <span class='ocrx_word' id='word_1_629' title='bbox 1568 1471 1665 1504; x_wconf 83' lang='lat' dir='ltr'><strong>fuisse,</strong></span> 
     </span>
    </p>
   </div>
   <div class='ocr_carea' id='block_1_91' title="bbox 878 1517 1664 1555">
    <p class='ocr_par' dir='ltr' id='par_1_91' title="bbox 878 1517 1664 1555">
     <span class='ocr_line' id='line_1_91' title="bbox 878 1517 1664 1555; baseline -0.005 -8"><span class='ocrx_word' id='word_1_630' title='bbox 878 1528 940 1548; x_wconf 91' lang='lat' dir='ltr'><strong>cum</strong></span> <span class='ocrx_word' id='word_1_631' title='bbox 962 1519 1145 1555; x_wconf 86' lang='lat' dir='ltr'><strong>Hieronymus</strong></span> <span class='ocrx_word' id='word_1_632' title='bbox 1170 1523 1298 1546; x_wconf 89' lang='lat' dir='ltr'><strong>neutrum</strong></span> <span class='ocrx_word' id='word_1_633' title='bbox 1323 1518 1430 1545; x_wconf 85' lang='lat' dir='ltr'><strong>doceat.</strong></span> <span class='ocrx_word' id='word_1_634' title='bbox 1462 1517 1532 1545; x_wconf 82' lang='lat' dir='ltr'><strong>Dicit</strong></span> <span class='ocrx_word' id='word_1_635' title='bbox 1553 1518 1664 1552; x_wconf 87' lang='lat' dir='ltr'><strong>quidem</strong></span> 
     </span>
    </p>
   </div>
   <div class='ocr_carea' id='block_1_92' title="bbox 879 1563 1665 1601">
    <p class='ocr_par' dir='ltr' id='par_1_92' title="bbox 879 1563 1665 1601">
     <span class='ocr_line' id='line_1_92' title="bbox 879 1563 1665 1601; baseline -0.006 -7"><span class='ocrx_word' id='word_1_636' title='bbox 879 1567 1038 1601; x_wconf 83' lang='lat' dir='ltr'><strong>episcopum</strong></span> <span class='ocrx_word' id='word_1_637' title='bbox 1055 1573 1087 1593; x_wconf 80' lang='lat' dir='ltr'><strong>ex</strong></span> <span class='ocrx_word' id='word_1_638' title='bbox 1106 1565 1271 1600; x_wconf 84' lang='lat' dir='ltr'><strong>presbyteris</strong></span> <span class='ocrx_word' id='word_1_639' title='bbox 1297 1563 1429 1596; x_wconf 82' lang='lat' dir='ltr'><strong>electum,</strong></span> <span class='ocrx_word' id='word_1_640' title='bbox 1451 1571 1466 1590; x_wconf 93' lang='lat' dir='ltr'><strong>a</strong></span> <span class='ocrx_word' id='word_1_641' title='bbox 1487 1563 1665 1599; x_wconf 84' lang='lat' dir='ltr'><strong>presbyteris,</strong></span> 
     </span>
    </p>
   </div>
   <div class='ocr_carea' id='block_1_93' title="bbox 879 1609 1667 1647">
    <p class='ocr_par' dir='ltr' id='par_1_93' title="bbox 879 1609 1667 1647">
     <span class='ocr_line' id='line_1_93' title="bbox 879 1609 1667 1647; baseline -0.004 -8"><span class='ocrx_word' id='word_1_642' title='bbox 879 1620 933 1640; x_wconf 91' lang='lat' dir='ltr'><strong>non</strong></span> <span class='ocrx_word' id='word_1_643' title='bbox 951 1613 1049 1645; x_wconf 87' lang='lat' dir='ltr'><strong>docet;</strong></span> <span class='ocrx_word' id='word_1_644' title='bbox 1075 1611 1162 1647; x_wconf 90' lang='lat' dir='ltr'><strong>potuit</strong></span> <span class='ocrx_word' id='word_1_645' title='bbox 1188 1616 1278 1638; x_wconf 83' lang='lat' dir='ltr'><strong>autem</strong></span> <span class='ocrx_word' id='word_1_646' title='bbox 1300 1619 1333 1639; x_wconf 86' lang='lat' dir='ltr'><strong>ex</strong></span> <span class='ocrx_word' id='word_1_647' title='bbox 1358 1610 1523 1645; x_wconf 85' lang='lat' dir='ltr'><strong>presbyteris</strong></span> <span class='ocrx_word' id='word_1_648' title='bbox 1547 1609 1582 1636; x_wconf 85' lang='lat' dir='ltr'><strong>ab</strong></span> <span class='ocrx_word' id='word_1_649' title='bbox 1606 1609 1667 1636; x_wconf 87' lang='lat' dir='ltr'><strong>aliis</strong></span> 
     </span>
    </p>
   </div>
   <div class='ocr_carea' id='block_1_94' title="bbox 878 1655 1667 1694">
    <p class='ocr_par' dir='ltr' id='par_1_94' title="bbox 878 1655 1667 1694">
     <span class='ocr_line' id='line_1_94' title="bbox 878 1655 1667 1694; baseline -0.006 -8"><span class='ocrx_word' id='word_1_650' title='bbox 878 1659 952 1694; x_wconf 78' lang='lat' dir='ltr'><strong>eligi,</strong></span> <span class='ocrx_word' id='word_1_651' title='bbox 966 1659 1009 1685; x_wconf 86' lang='lat' dir='ltr'><strong>vel</strong></span> <span class='ocrx_word' id='word_1_652' title='bbox 1024 1665 1040 1685; x_wconf 90' lang='lat' dir='ltr'><strong>a</strong></span> <span class='ocrx_word' id='word_1_653' title='bbox 1064 1658 1174 1693; x_wconf 90' lang='lat' dir='ltr'><strong>populo,</strong></span> <span class='ocrx_word' id='word_1_654' title='bbox 1192 1657 1234 1684; x_wconf 84' lang='lat' dir='ltr'><strong>vel</strong></span> <span class='ocrx_word' id='word_1_655' title='bbox 1252 1657 1286 1684; x_wconf 86' lang='lat' dir='ltr'><strong>ab</strong></span> <span class='ocrx_word' id='word_1_656' title='bbox 1302 1656 1441 1692; x_wconf 83' lang='lat' dir='ltr'><strong>episcopis</strong></span> <span class='ocrx_word' id='word_1_657' title='bbox 1458 1655 1537 1688; x_wconf 90' lang='lat' dir='ltr'><strong>aliis;</strong></span> <span class='ocrx_word' id='word_1_658' title='bbox 1555 1660 1582 1681; x_wconf 87' lang='lat' dir='ltr'><strong>et</strong></span> <span class='ocrx_word' id='word_1_659' title='bbox 1601 1663 1667 1682; x_wconf 82' lang='lat' dir='ltr'><strong>sane</strong></span> 
     </span>
    </p>
   </div>
   <div class='ocr_carea' id='block_1_95' title="bbox 879 1700 1667 1738">
    <p class='ocr_par' dir='ltr' id='par_1_95' title="bbox 879 1700 1667 1738">
     <span class='ocr_line' id='line_1_95' title="bbox 879 1700 1667 1738; baseline -0.006 -6"><span class='ocrx_word' id='word_1_660' title='bbox 879 1705 1005 1732; x_wconf 89' lang='lat' dir='ltr'><strong>videntur</strong></span> <span class='ocrx_word' id='word_1_661' title='bbox 1017 1704 1051 1731; x_wconf 90' lang='lat' dir='ltr'><strong>ab</strong></span> <span class='ocrx_word' id='word_1_662' title='bbox 1064 1703 1264 1738; x_wconf 85' lang='lat' dir='ltr'><strong>antiquissimis</strong></span> <span class='ocrx_word' id='word_1_663' title='bbox 1277 1702 1446 1737; x_wconf 85' lang='lat' dir='ltr'><strong>temporibus</strong></span> <span class='ocrx_word' id='word_1_664' title='bbox 1461 1709 1476 1728; x_wconf 91' lang='lat' dir='ltr'><strong>a</strong></span> <span class='ocrx_word' id='word_1_665' title='bbox 1492 1701 1593 1736; x_wconf 91' lang='lat' dir='ltr'><strong>populo</strong></span> <span class='ocrx_word' id='word_1_666' title='bbox 1603 1700 1667 1736; x_wconf 78' lang='lat' dir='ltr'><strong>eligi</strong></span> 
     </span>
    </p>
   </div>
   <div class='ocr_carea' id='block_1_96' title="bbox 878 1747 1667 1784">
    <p class='ocr_par' dir='ltr' id='par_1_96' title="bbox 878 1747 1667 1784">
     <span class='ocr_line' id='line_1_96' title="bbox 878 1747 1667 1784; baseline -0.005 -7"><span class='ocrx_word' id='word_1_667' title='bbox 878 1750 1050 1778; x_wconf 74' lang='lat' dir='ltr'><strong>Alexandria:</strong></span> <span class='ocrx_word' id='word_1_668' title='bbox 1066 1749 1197 1784; x_wconf 78' lang='lat' dir='ltr'><strong>episcopi.</strong></span> <span class='ocrx_word' id='word_1_669' title='bbox 1218 1749 1302 1783; x_wconf 86' lang='lat' dir='ltr'><strong>quue</strong></span> <span class='ocrx_word' id='word_1_670' title='bbox 1326 1756 1358 1776; x_wconf 85' lang='lat' dir='ltr'><strong>ex</strong></span> <span class='ocrx_word' id='word_1_671' title='bbox 1385 1747 1498 1782; x_wconf 87' lang='lat' dir='ltr'><strong>antiqua</strong></span> <span class='ocrx_word' id='word_1_672' title='bbox 1516 1753 1667 1774; x_wconf 87' lang='lat' dir='ltr'><strong>consuetu-</strong></span> 
     </span>
    </p>
   </div>
   <div class='ocr_carea' id='block_1_97' title="bbox 879 1793 1668 1831">
    <p class='ocr_par' dir='ltr' id='par_1_97' title="bbox 879 1793 1668 1831">
     <span class='ocr_line' id='line_1_97' title="bbox 879 1793 1668 1831; baseline -0.008 -7"><span class='ocrx_word' id='word_1_673' title='bbox 879 1797 942 1824; x_wconf 81' lang='lat' dir='ltr'><strong>dine.</strong></span> <span class='ocrx_word' id='word_1_674' title='bbox 963 1797 998 1824; x_wconf 89' lang='lat' dir='ltr'><strong>ab</strong></span> <span class='ocrx_word' id='word_1_675' title='bbox 1015 1796 1170 1831; x_wconf 75' lang='lat' dir='ltr'><strong>Epiphanio</strong></span> <span class='ocrx_word' id='word_1_676' title='bbox 1198 1795 1341 1822; x_wconf 88' lang='lat' dir='ltr'><strong>observata</strong></span> <span class='ocrx_word' id='word_1_677' title='bbox 1364 1794 1456 1829; x_wconf 77' lang='lat' dir='ltr'><strong>colligi</strong></span> <span class='ocrx_word' id='word_1_678' title='bbox 1477 1793 1590 1821; x_wconf 86' lang='lat' dir='ltr'><strong>meliore</strong></span> <span class='ocrx_word' id='word_1_679' title='bbox 1605 1793 1668 1827; x_wconf 82' lang='lat' dir='ltr'><strong>jure</strong></span> 
     </span>
    </p>
   </div>
   <div class='ocr_carea' id='block_1_98' title="bbox 879 1836 1668 1877">
    <p class='ocr_par' dir='ltr' id='par_1_98' title="bbox 879 1836 1668 1877">
     <span class='ocr_line' id='line_1_98' title="bbox 879 1836 1668 1877; baseline -0.009 -8"><span class='ocrx_word' id='word_1_680' title='bbox 879 1846 969 1877; x_wconf 89' lang='lat' dir='ltr'><strong>potest</strong></span> <span class='ocrx_word' id='word_1_681' title='bbox 982 1850 990 1874; x_wconf 89' lang='lat'><strong>;</strong></span> <span class='ocrx_word' id='word_1_682' title='bbox 1009 1841 1089 1875; x_wconf 91' lang='lat' dir='ltr'><strong>cujus</strong></span> <span class='ocrx_word' id='word_1_683' title='bbox 1104 1841 1162 1868; x_wconf 66' lang='lat' dir='ltr'><strong>haec</strong></span> <span class='ocrx_word' id='word_1_684' title='bbox 1178 1840 1259 1867; x_wconf 88' lang='lat' dir='ltr'><strong>verba</strong></span> <span class='ocrx_word' id='word_1_685' title='bbox 1275 1843 1339 1867; x_wconf 89' lang='lat' dir='ltr'><strong>sunt</strong></span> <span class='ocrx_word' id='word_1_686' title='bbox 1357 1838 1455 1867; x_wconf 67' lang='lat' dir='ltr'><strong>haeresi</strong></span> <span class='ocrx_word' id='word_1_687' title='bbox 1470 1838 1505 1866; x_wconf 86' lang='lat'><strong>69</strong></span> <span class='ocrx_word' id='word_1_688' title='bbox 1520 1845 1527 1863; x_wconf 85' lang='lat'><strong>:</strong></span> <span class='ocrx_word' id='word_1_689' title='bbox 1546 1837 1626 1868; x_wconf 80' lang='grc' dir='ltr'><strong>Ἔθος</strong></span> <span class='ocrx_word' id='word_1_690' title='bbox 1639 1836 1668 1862; x_wconf 73' lang='grc' dir='ltr'><strong>δὲ</strong></span> 
     </span>
    </p>
   </div>
   <div class='ocr_carea' id='block_1_99' title="bbox 879 1883 1668 1923">
    <p class='ocr_par' dir='ltr' id='par_1_99' title="bbox 879 1883 1668 1923">
     <span class='ocr_line' id='line_1_99' title="bbox 879 1883 1668 1923; baseline -0.009 -8"><span class='ocrx_word' id='word_1_691' title='bbox 879 1889 908 1916; x_wconf 80' lang='grc' dir='ltr'>ἐν</span> <span class='ocrx_word' id='word_1_692' title='bbox 925 1887 1112 1923; x_wconf 72' lang='grc' dir='ltr'><strong>Ἀλεξανδρείᾳ</strong></span> <span class='ocrx_word' id='word_1_693' title='bbox 1126 1887 1163 1923; x_wconf 79' lang='grc' dir='ltr'><strong>μὴ</strong></span> <span class='ocrx_word' id='word_1_694' title='bbox 1174 1886 1307 1922; x_wconf 75' lang='grc' dir='ltr'>χρονίζειν</span> <span class='ocrx_word' id='word_1_695' title='bbox 1326 1885 1395 1921; x_wconf 81' lang='grc' dir='ltr'>μετὰ</span> <span class='ocrx_word' id='word_1_696' title='bbox 1409 1884 1538 1919; x_wconf 81' lang='grc' dir='ltr'><strong>τελευτὴν</strong></span> <span class='ocrx_word' id='word_1_697' title='bbox 1555 1883 1668 1909; x_wconf 70' lang='grc' dir='ltr'><strong>ἐπισκό-</strong></span> 
     </span>
    </p>
   </div>
   <div class='ocr_carea' id='block_1_100' title="bbox 879 1929 1668 1968">
    <p class='ocr_par' dir='ltr' id='par_1_100' title="bbox 879 1929 1668 1968">
     <span class='ocr_line' id='line_1_100' title="bbox 879 1929 1668 1968; baseline -0.01 -6"><span class='ocrx_word' id='word_1_698' title='bbox 879 1944 931 1962; x_wconf 81' lang='grc' dir='ltr'><strong>που</strong></span> <span class='ocrx_word' id='word_1_699' title='bbox 945 1935 1009 1966; x_wconf 75' lang='grc' dir='ltr'><strong>τοὺς</strong></span> <span class='ocrx_word' id='word_1_700' title='bbox 1022 1933 1248 1968; x_wconf 77' lang='grc' dir='ltr'><strong>καθισταμένους,</strong></span> <span class='ocrx_word' id='word_1_701' title='bbox 1265 1932 1322 1958; x_wconf 80' lang='grc' dir='ltr'>ἀλλ’</span> <span class='ocrx_word' id='word_1_702' title='bbox 1341 1931 1399 1967; x_wconf 71' lang='grc' dir='ltr'><strong>ἅμα</strong></span> <span class='ocrx_word' id='word_1_703' title='bbox 1420 1930 1540 1965; x_wconf 80' lang='grc' dir='ltr'>γίνεσθαι</span> <span class='ocrx_word' id='word_1_704' title='bbox 1557 1929 1668 1965; x_wconf 77' lang='grc' dir='ltr'><strong>εἰρήνης</strong></span> 
     </span>
    </p>
   </div>
   <div class='ocr_carea' id='block_1_101' title="bbox 879 1972 1668 2014">
    <p class='ocr_par' dir='ltr' id='par_1_101' title="bbox 879 1972 1668 2014">
     <span class='ocr_line' id='line_1_101' title="bbox 879 1972 1668 2014; baseline -0.011 -8"><span class='ocrx_word' id='word_1_705' title='bbox 879 1980 969 2010; x_wconf 74' lang='grc' dir='ltr'><strong>ἕνεκα,</strong></span> <span class='ocrx_word' id='word_1_706' title='bbox 981 1979 1027 2005; x_wconf 84' lang='grc' dir='ltr'><strong>τοῦ</strong></span> <span class='ocrx_word' id='word_1_707' title='bbox 1043 1979 1080 2014; x_wconf 79' lang='grc' dir='ltr'><strong>μὴ</strong></span> <span class='ocrx_word' id='word_1_708' title='bbox 1098 1976 1268 2013; x_wconf 77' lang='grc' dir='ltr'>παρατριϐὰς</span> <span class='ocrx_word' id='word_1_709' title='bbox 1279 1975 1402 2010; x_wconf 82' lang='grc' dir='ltr'><strong>γίνεσθαι</strong></span> <span class='ocrx_word' id='word_1_710' title='bbox 1417 1975 1445 2001; x_wconf 76' lang='grc' dir='ltr'>ὲν</span> <span class='ocrx_word' id='word_1_711' title='bbox 1456 1975 1510 2005; x_wconf 78' lang='grc' dir='ltr'><strong>τοῖς</strong></span> <span class='ocrx_word' id='word_1_712' title='bbox 1519 1973 1602 2004; x_wconf 76' lang='grc' dir='ltr'><strong>λαοῖς,</strong></span> <span class='ocrx_word' id='word_1_713' title='bbox 1614 1972 1668 1998; x_wconf 76' lang='grc' dir='ltr'>τὼν</span> 
     </span>
    </p>
   </div>
   <div class='ocr_carea' id='block_1_102' title="bbox 881 2020 1669 2060">
    <p class='ocr_par' dir='ltr' id='par_1_102' title="bbox 881 2020 1669 2060">
     <span class='ocr_line' id='line_1_102' title="bbox 881 2020 1669 2060; baseline -0.01 -8"><span class='ocrx_word' id='word_1_714' title='bbox 881 2026 930 2060; x_wconf 79' lang='grc' dir='ltr'><strong>μὲν</strong></span> <span class='ocrx_word' id='word_1_715' title='bbox 944 2025 1018 2051; x_wconf 81' lang='grc' dir='ltr'>τόνδε</span> <span class='ocrx_word' id='word_1_716' title='bbox 1033 2024 1174 2055; x_wconf 82' lang='grc' dir='ltr'>θελόντων,</span> <span class='ocrx_word' id='word_1_717' title='bbox 1189 2023 1243 2049; x_wconf 83' lang='grc' dir='ltr'><strong>τῶν</strong></span> <span class='ocrx_word' id='word_1_718' title='bbox 1256 2022 1284 2048; x_wconf 88' lang='grc' dir='ltr'><strong>δὲ</strong></span> <span class='ocrx_word' id='word_1_719' title='bbox 1295 2021 1379 2048; x_wconf 79' lang='grc' dir='ltr'><strong>τόνδε.</strong></span> <span class='ocrx_word' id='word_1_720' title='bbox 1392 2020 1563 2047; x_wconf 66' lang='lat' dir='ltr'><strong>Alexandriae</strong></span> <span class='ocrx_word' id='word_1_721' title='bbox 1580 2023 1669 2045; x_wconf 78' lang='lat' dir='ltr'><strong>anteiit</strong></span> 
     </span>
    </p>
   </div>
   <div class='ocr_carea' id='block_1_103' title="bbox 879 2067 1669 2103">
    <p class='ocr_par' dir='ltr' id='par_1_103' title="bbox 879 2067 1669 2103">
     <span class='ocr_line' id='line_1_103' title="bbox 879 2067 1669 2103; baseline -0.009 -6"><span class='ocrx_word' id='word_1_722' title='bbox 879 2071 1038 2097; x_wconf 86' lang='lat' dir='ltr'><strong>consuetudo</strong></span> <span class='ocrx_word' id='word_1_723' title='bbox 1062 2074 1111 2099; x_wconf 80' lang='lat' dir='ltr'><strong>est.</strong></span> <span class='ocrx_word' id='word_1_724' title='bbox 1131 2073 1158 2095; x_wconf 89' lang='lat' dir='ltr'><strong>ut</strong></span> <span class='ocrx_word' id='word_1_725' title='bbox 1181 2073 1241 2103; x_wconf 85' lang='lat' dir='ltr'><strong>post</strong></span> <span class='ocrx_word' id='word_1_726' title='bbox 1266 2067 1378 2102; x_wconf 71' lang='lat' dir='ltr'><strong>episcopi</strong></span> <span class='ocrx_word' id='word_1_727' title='bbox 1406 2071 1516 2093; x_wconf 87' lang='lat' dir='ltr'><strong>mortem</strong></span> <span class='ocrx_word' id='word_1_728' title='bbox 1532 2071 1669 2091; x_wconf 75' lang='lat' dir='ltr'><strong>successor</strong></span> 
     </span>
    </p>
   </div>
   <div class='ocr_carea' id='block_1_104' title="bbox 880 2111 1668 2149">
    <p class='ocr_par' dir='ltr' id='par_1_104' title="bbox 880 2111 1668 2149">
     <span class='ocr_line' id='line_1_104' title="bbox 880 2111 1668 2149; baseline -0.009 -6"><span class='ocrx_word' id='word_1_729' title='bbox 880 2125 930 2143; x_wconf 89' lang='lat' dir='ltr'><strong>nun</strong></span> <span class='ocrx_word' id='word_1_730' title='bbox 952 2116 1053 2142; x_wconf 85' lang='lat' dir='ltr'><strong>diutius</strong></span> <span class='ocrx_word' id='word_1_731' title='bbox 1076 2115 1233 2149; x_wconf 74' lang='lat' dir='ltr'><strong>differatur,</strong></span> <span class='ocrx_word' id='word_1_732' title='bbox 1257 2113 1302 2140; x_wconf 84' lang='lat' dir='ltr'><strong>sed</strong></span> <span class='ocrx_word' id='word_1_733' title='bbox 1320 2112 1430 2140; x_wconf 83' lang='lat' dir='ltr'><strong>subinde</strong></span> <span class='ocrx_word' id='word_1_734' title='bbox 1443 2131 1450 2144; x_wconf 89' lang='lat'><strong>,</strong></span> <span class='ocrx_word' id='word_1_735' title='bbox 1471 2111 1543 2144; x_wconf 87' lang='lat' dir='ltr'><strong>pacis</strong></span> <span class='ocrx_word' id='word_1_736' title='bbox 1564 2111 1668 2137; x_wconf 81' lang='lat' dir='ltr'><strong>tuenda:</strong></span> 
     </span>
    </p>
   </div>
   <div class='ocr_carea' id='block_1_105' title="bbox 880 2156 1668 2197">
    <p class='ocr_par' dir='ltr' id='par_1_105' title="bbox 880 2156 1668 2197">
     <span class='ocr_line' id='line_1_105' title="bbox 880 2156 1668 2197; baseline -0.01 -8"><span class='ocrx_word' id='word_1_737' title='bbox 880 2162 978 2197; x_wconf 80' lang='lat' dir='ltr'><strong>gratia.</strong></span> <span class='ocrx_word' id='word_1_738' title='bbox 1001 2161 1156 2195; x_wconf 82' lang='lat' dir='ltr'><strong>cubrogetur</strong></span> <span class='ocrx_word' id='word_1_739' title='bbox 1166 2180 1172 2190; x_wconf 84' lang='lat'><em>.</em></span> <span class='ocrx_word' id='word_1_740' title='bbox 1188 2167 1218 2186; x_wconf 85' lang='lat' dir='ltr'><strong>ne</strong></span> <span class='ocrx_word' id='word_1_741' title='bbox 1232 2159 1293 2186; x_wconf 83' lang='lat' dir='ltr'><strong>aliis</strong></span> <span class='ocrx_word' id='word_1_742' title='bbox 1309 2159 1388 2188; x_wconf 86' lang='lat' dir='ltr'><strong>hunc,</strong></span> <span class='ocrx_word' id='word_1_743' title='bbox 1398 2157 1459 2184; x_wconf 83' lang='lat' dir='ltr'><strong>aliis</strong></span> <span class='ocrx_word' id='word_1_744' title='bbox 1474 2156 1550 2184; x_wconf 86' lang='lat' dir='ltr'><strong>illum</strong></span> <span class='ocrx_word' id='word_1_745' title='bbox 1574 2160 1668 2190; x_wconf 84' lang='lat' dir='ltr'><strong>postu-</strong></span> 
     </span>
    </p>
   </div>
   <div class='ocr_carea' id='block_1_106' title="bbox 880 2202 1666 2242">
    <p class='ocr_par' dir='ltr' id='par_1_106' title="bbox 880 2202 1666 2242">
     <span class='ocr_line' id='line_1_106' title="bbox 880 2202 1666 2242; baseline -0.01 -7"><span class='ocrx_word' id='word_1_746' title='bbox 880 2207 1010 2238; x_wconf 83' lang='lat' dir='ltr'><strong>lantibus.</strong></span> <span class='ocrx_word' id='word_1_747' title='bbox 1030 2207 1057 2234; x_wconf 88' lang='lat' dir='ltr'><strong>in</strong></span> <span class='ocrx_word' id='word_1_748' title='bbox 1067 2206 1162 2242; x_wconf 87' lang='lat' dir='ltr'><strong>popula</strong></span> <span class='ocrx_word' id='word_1_749' title='bbox 1171 2205 1263 2240; x_wconf 82' lang='lat' dir='ltr'><strong>jurgia</strong></span> <span class='ocrx_word' id='word_1_750' title='bbox 1279 2211 1302 2231; x_wconf 87' lang='lat' dir='ltr'><strong>et</strong></span> <span class='ocrx_word' id='word_1_751' title='bbox 1311 2204 1490 2230; x_wconf 82' lang='lat' dir='ltr'><strong>contentiones</strong></span> <span class='ocrx_word' id='word_1_752' title='bbox 1498 2202 1666 2230; x_wconf 68' lang='lat' dir='ltr'><strong>exsisterent.</strong></span> 
     </span>
    </p>
   </div>
   <div class='ocr_carea' id='block_1_107' title="bbox 915 2247 1668 2284">
    <p class='ocr_par' dir='ltr' id='par_1_107' title="bbox 915 2247 1668 2284">
     <span class='ocr_line' id='line_1_107' title="bbox 915 2247 1668 2284; baseline -0.012 -3"><span class='ocrx_word' id='word_1_753' title='bbox 915 2254 978 2281; x_wconf 75' lang='lat' dir='ltr'><strong>Haec</strong></span> <span class='ocrx_word' id='word_1_754' title='bbox 1000 2258 1090 2280; x_wconf 87' lang='lat' dir='ltr'><strong>autem</strong></span> <span class='ocrx_word' id='word_1_755' title='bbox 1115 2251 1286 2279; x_wconf 88' lang='lat' dir='ltr'><strong>consuetudo</strong></span> <span class='ocrx_word' id='word_1_756' title='bbox 1307 2249 1436 2284; x_wconf 90' lang='lat' dir='ltr'><strong>supponit</strong></span> <span class='ocrx_word' id='word_1_757' title='bbox 1457 2248 1588 2282; x_wconf 90' lang='lat' dir='ltr'><strong>populum</strong></span> <span class='ocrx_word' id='word_1_758' title='bbox 1604 2247 1668 2273; x_wconf 55' lang='lat' dir='ltr'><strong>Alea</strong></span> 
     </span>
    </p>
   </div>
   <div class='ocr_carea' id='block_1_108' title="bbox 880 2293 1670 2332">
    <p class='ocr_par' dir='ltr' id='par_1_108' title="bbox 880 2293 1670 2332">
     <span class='ocr_line' id='line_1_108' title="bbox 880 2293 1670 2332; baseline -0.013 -4"><span class='ocrx_word' id='word_1_759' title='bbox 880 2301 1011 2332; x_wconf 73' lang='lat' dir='ltr'><strong>xandrize,</strong></span> <span class='ocrx_word' id='word_1_760' title='bbox 1027 2304 1057 2326; x_wconf 87' lang='lat' dir='ltr'><strong>ut</strong></span> <span class='ocrx_word' id='word_1_761' title='bbox 1072 2299 1099 2325; x_wconf 92' lang='lat' dir='ltr'><strong>in</strong></span> <span class='ocrx_word' id='word_1_762' title='bbox 1114 2298 1175 2325; x_wconf 90' lang='lat' dir='ltr'><strong>aliis</strong></span> <span class='ocrx_word' id='word_1_763' title='bbox 1190 2295 1327 2328; x_wconf 85' lang='lat' dir='ltr'><strong>ecclesiis,</strong></span> <span class='ocrx_word' id='word_1_764' title='bbox 1344 2303 1408 2322; x_wconf 87' lang='lat' dir='ltr'><strong>suas</strong></span> <span class='ocrx_word' id='word_1_765' title='bbox 1425 2295 1451 2321; x_wconf 94' lang='lat' dir='ltr'><strong>in</strong></span> <span class='ocrx_word' id='word_1_766' title='bbox 1467 2293 1592 2328; x_wconf 76' lang='lat' dir='ltr'><strong>eligendo</strong></span> <span class='ocrx_word' id='word_1_767' title='bbox 1611 2293 1670 2327; x_wconf 92' lang='lat' dir='ltr'><strong>epi-</strong></span> 
     </span>
    </p>
   </div>
   <div class='ocr_carea' id='block_1_109' title="bbox 880 2339 1668 2382">
    <p class='ocr_par' dir='ltr' id='par_1_109' title="bbox 880 2339 1668 2382">
     <span class='ocr_line' id='line_1_109' title="bbox 880 2339 1668 2382; baseline -0.013 -7"><span class='ocrx_word' id='word_1_768' title='bbox 880 2355 963 2382; x_wconf 86' lang='lat' dir='ltr'><strong>scopo</strong></span> <span class='ocrx_word' id='word_1_769' title='bbox 980 2346 1133 2381; x_wconf 87' lang='lat' dir='ltr'><strong>antiquitus</strong></span> <span class='ocrx_word' id='word_1_770' title='bbox 1147 2349 1238 2379; x_wconf 84' lang='lat' dir='ltr'><strong>partes</strong></span> <span class='ocrx_word' id='word_1_771' title='bbox 1259 2342 1398 2370; x_wconf 89' lang='lat' dir='ltr'><strong>habuisse.</strong></span> <span class='ocrx_word' id='word_1_772' title='bbox 1412 2341 1492 2368; x_wconf 88' lang='lat' dir='ltr'><strong>Certe</strong></span> <span class='ocrx_word' id='word_1_773' title='bbox 1509 2339 1668 2372; x_wconf 86' lang='lat' dir='ltr'><strong>Euscbiani,</strong></span> 
     </span>
    </p>
   </div>
   <div class='ocr_carea' id='block_1_110' title="bbox 879 2386 1668 2428">
    <p class='ocr_par' dir='ltr' id='par_1_110' title="bbox 879 2386 1668 2428">
     <span class='ocr_line' id='line_1_110' title="bbox 879 2386 1668 2428; baseline -0.014 -7"><span class='ocrx_word' id='word_1_774' title='bbox 879 2394 927 2428; x_wconf 92' lang='lat' dir='ltr'><strong>qui</strong></span> <span class='ocrx_word' id='word_1_775' title='bbox 950 2393 1116 2420; x_wconf 76' lang='lat' dir='ltr'><strong>creationem</strong></span> <span class='ocrx_word' id='word_1_776' title='bbox 1142 2391 1172 2417; x_wconf 89' lang='lat' dir='ltr'><strong>S.</strong></span> <span class='ocrx_word' id='word_1_777' title='bbox 1194 2388 1336 2417; x_wconf 86' lang='lat' dir='ltr'><strong>Athanasii</strong></span> <span class='ocrx_word' id='word_1_778' title='bbox 1355 2388 1487 2422; x_wconf 79' lang='lat' dir='ltr'><strong>abrogare</strong></span> <span class='ocrx_word' id='word_1_779' title='bbox 1511 2386 1668 2416; x_wconf 89' lang='lat' dir='ltr'><strong>voluerunt,</strong></span> 
     </span>
    </p>
   </div>
   <div class='ocr_carea' id='block_1_111' title="bbox 879 2431 1670 2472">
    <p class='ocr_par' dir='ltr' id='par_1_111' title="bbox 879 2431 1670 2472">
     <span class='ocr_line' id='line_1_111' title="bbox 879 2431 1670 2472; baseline -0.014 -5"><span class='ocrx_word' id='word_1_780' title='bbox 879 2440 1015 2467; x_wconf 82' lang='lat' dir='ltr'><strong>defectum</strong></span> <span class='ocrx_word' id='word_1_781' title='bbox 1040 2437 1182 2472; x_wconf 73' lang='lat' dir='ltr'><strong>popularis</strong></span> <span class='ocrx_word' id='word_1_782' title='bbox 1208 2434 1351 2463; x_wconf 90' lang='lat' dir='ltr'><strong>electionis</strong></span> <span class='ocrx_word' id='word_1_783' title='bbox 1373 2432 1556 2468; x_wconf 81' lang='lat' dir='ltr'><strong>objiciebant,</strong></span> <span class='ocrx_word' id='word_1_784' title='bbox 1571 2435 1599 2457; x_wconf 89' lang='lat' dir='ltr'><strong>ct</strong></span> <span class='ocrx_word' id='word_1_785' title='bbox 1612 2431 1670 2465; x_wconf 63' lang='lat' dir='ltr'><strong>epi«</strong></span> 
     </span>
    </p>
   </div>
   <div class='ocr_carea' id='block_1_112' title="bbox 881 2476 1669 2520">
    <p class='ocr_par' dir='ltr' id='par_1_112' title="bbox 881 2476 1669 2520">
     <span class='ocr_line' id='line_1_112' title="bbox 881 2476 1669 2520; baseline -0.014 -7"><span class='ocrx_word' id='word_1_786' title='bbox 881 2485 957 2520; x_wconf 81' lang='lat' dir='ltr'><strong>scopi</strong></span> <span class='ocrx_word' id='word_1_787' title='bbox 977 2483 1104 2519; x_wconf 70' lang='lat' dir='ltr'><strong>Egypti,</strong></span> <span class='ocrx_word' id='word_1_788' title='bbox 1127 2483 1154 2509; x_wconf 93' lang='lat' dir='ltr'><strong>in</strong></span> <span class='ocrx_word' id='word_1_789' title='bbox 1179 2481 1283 2517; x_wconf 84' lang='lat' dir='ltr'><strong>synodo</strong></span> <span class='ocrx_word' id='word_1_790' title='bbox 1306 2478 1481 2514; x_wconf 74' lang='lat' dir='ltr'><strong>congregati,</strong></span> <span class='ocrx_word' id='word_1_791' title='bbox 1496 2476 1612 2512; x_wconf 75' lang='lat' dir='ltr'><strong>epistola</strong></span> <span class='ocrx_word' id='word_1_792' title='bbox 1635 2476 1669 2503; x_wconf 83' lang='lat' dir='ltr'><strong>ad</strong></span> 
     </span>
    </p>
   </div>
   <div class='ocr_carea' id='block_1_113' title="bbox 880 2523 1670 2560">
    <p class='ocr_par' dir='ltr' id='par_1_113' title="bbox 880 2523 1670 2560">
     <span class='ocr_line' id='line_1_113' title="bbox 880 2523 1670 2560; baseline -0.014 -1"><span class='ocrx_word' id='word_1_793' title='bbox 880 2538 977 2559; x_wconf 90' lang='lat' dir='ltr'><strong>omnes</strong></span> <span class='ocrx_word' id='word_1_794' title='bbox 1002 2529 1130 2557; x_wconf 70' lang='lat' dir='ltr'><strong>Ecclesiae</strong></span> <span class='ocrx_word' id='word_1_795' title='bbox 1151 2527 1294 2556; x_wconf 67' lang='lat' dir='ltr'><strong>catholicas</strong></span> <span class='ocrx_word' id='word_1_796' title='bbox 1319 2526 1461 2560; x_wconf 86' lang='lat' dir='ltr'><strong>episcopos</strong></span> <span class='ocrx_word' id='word_1_797' title='bbox 1479 2523 1580 2557; x_wconf 82' lang='lat' dir='ltr'><strong>scripta</strong></span> <span class='ocrx_word' id='word_1_798' title='bbox 1604 2529 1670 2549; x_wconf 86' lang='lat' dir='ltr'><strong>con—</strong></span> 
     </span>
    </p>
   </div>
   <div class='ocr_carea' id='block_1_114' title="bbox 882 2571 1670 2611">
    <p class='ocr_par' dir='ltr' id='par_1_114' title="bbox 882 2571 1670 2611">
     <span class='ocr_line' id='line_1_114' title="bbox 882 2571 1670 2611; baseline -0.014 -6"><span class='ocrx_word' id='word_1_799' title='bbox 882 2578 995 2605; x_wconf 85' lang='lat' dir='ltr'><strong>trarium</strong></span> <span class='ocrx_word' id='word_1_800' title='bbox 1020 2583 1118 2611; x_wconf 77' lang='lat' dir='ltr'><strong>magna</strong></span> <span class='ocrx_word' id='word_1_801' title='bbox 1143 2574 1228 2602; x_wconf 84' lang='lat' dir='ltr'><strong>animi</strong></span> <span class='ocrx_word' id='word_1_802' title='bbox 1252 2571 1427 2600; x_wconf 88' lang='lat' dir='ltr'><strong>contentione</strong></span> <span class='ocrx_word' id='word_1_803' title='bbox 1447 2572 1623 2596; x_wconf 85' lang='lat' dir='ltr'><strong>asseruerunt</strong></span> <span class='ocrx_word' id='word_1_804' title='bbox 1643 2571 1670 2594; x_wconf 91' lang='lat' dir='ltr'><strong>et</strong></span> 
     </span>
    </p>
   </div>
   <div class='ocr_carea' id='block_1_115' title="bbox 881 2614 1671 2654">
    <p class='ocr_par' dir='ltr' id='par_1_115' title="bbox 881 2614 1671 2654">
     <span class='ocr_line' id='line_1_115' title="bbox 881 2614 1671 2654; baseline -0.015 -2"><span class='ocrx_word' id='word_1_805' title='bbox 881 2623 971 2652; x_wconf 87' lang='lat' dir='ltr'><strong>testati</strong></span> <span class='ocrx_word' id='word_1_806' title='bbox 993 2627 1072 2654; x_wconf 84' lang='lat' dir='ltr'><strong>sunt,</strong></span> <span class='ocrx_word' id='word_1_807' title='bbox 1086 2622 1127 2648; x_wconf 80' lang='grc' dir='ltr'><strong>ὃτι</strong></span> <span class='ocrx_word' id='word_1_808' title='bbox 1143 2621 1172 2647; x_wconf 83' lang='grc' dir='ltr'><strong>δὲ</strong></span> <span class='ocrx_word' id='word_1_809' title='bbox 1187 2620 1242 2646; x_wconf 77' lang='grc' dir='ltr'>πᾶν</span> <span class='ocrx_word' id='word_1_810' title='bbox 1265 2619 1295 2645; x_wconf 75' lang='grc' dir='ltr'>τὸ</span> <span class='ocrx_word' id='word_1_811' title='bbox 1318 2617 1420 2652; x_wconf 83' lang='grc' dir='ltr'><strong>πλῆθος</strong></span> <span class='ocrx_word' id='word_1_812' title='bbox 1440 2616 1488 2643; x_wconf 77' lang='grc' dir='ltr'><strong>καὶ</strong></span> <span class='ocrx_word' id='word_1_813' title='bbox 1509 2616 1563 2647; x_wconf 82' lang='grc' dir='ltr'><strong>πᾶς</strong></span> <span class='ocrx_word' id='word_1_814' title='bbox 1578 2615 1593 2641; x_wconf 81' lang='grc' dir='ltr'><strong>ὁ</strong></span> <span class='ocrx_word' id='word_1_815' title='bbox 1606 2614 1671 2646; x_wconf 73' lang='grc' dir='ltr'>λαὸς</span> 
     </span>
    </p>
   </div>
   <div class='ocr_carea' id='block_1_116' title="bbox 879 2659 1670 2705">
    <p class='ocr_par' dir='ltr' id='par_1_116' title="bbox 879 2659 1670 2705">
     <span class='ocr_line' id='line_1_116' title="bbox 879 2659 1670 2705; baseline -0.015 -8"><span class='ocrx_word' id='word_1_816' title='bbox 879 2670 930 2705; x_wconf 77' lang='grc' dir='ltr'><strong>τῆς</strong></span> <span class='ocrx_word' id='word_1_817' title='bbox 950 2668 1097 2702; x_wconf 84' lang='grc' dir='ltr'><strong>καθολικῆς</strong></span> <span class='ocrx_word' id='word_1_818' title='bbox 1119 2665 1295 2700; x_wconf 81' lang='grc' dir='ltr'><strong>Ἐκκλησιας,</strong></span> <span class='ocrx_word' id='word_1_819' title='bbox 1319 2663 1414 2697; x_wconf 81' lang='grc' dir='ltr'>ὥσπερ</span> <span class='ocrx_word' id='word_1_820' title='bbox 1438 2662 1469 2688; x_wconf 81' lang='grc' dir='ltr'><strong>ὲκ</strong></span> <span class='ocrx_word' id='word_1_821' title='bbox 1493 2661 1558 2705; x_wconf 55' lang='grc' dir='ltr'><strong>μιᾶς</strong></span> <span class='ocrx_word' id='word_1_822' title='bbox 1580 2659 1670 2705; x_wconf 68' lang='grc' dir='ltr'>ψυχῆς</span> 
     </span>
    </p>
   </div>
   <div class='ocr_carea' id='block_1_117' title="bbox 881 2703 1670 2748">
    <p class='ocr_par' dir='ltr' id='par_1_117' title="bbox 881 2703 1670 2748">
     <span class='ocr_line' id='line_1_117' title="bbox 881 2703 1670 2748; baseline -0.018 -6"><span class='ocrx_word' id='word_1_823' title='bbox 881 2703 928 2742; x_wconf 62' lang='lat' dir='ltr'><strong>xui.</strong></span> <span class='ocrx_word' id='word_1_824' title='bbox 950 2713 1074 2748; x_wconf 81' lang='grc' dir='ltr'><strong>σώματος</strong></span> <span class='ocrx_word' id='word_1_825' title='bbox 1098 2709 1305 2744; x_wconf 82' lang='grc' dir='ltr'><strong>συνεληλυθότες</strong></span> <span class='ocrx_word' id='word_1_826' title='bbox 1327 2706 1456 2737; x_wconf 70' lang='grc' dir='ltr'>ἀνεϐόων,</span> <span class='ocrx_word' id='word_1_827' title='bbox 1480 2703 1611 2740; x_wconf 74' lang='grc' dir='ltr'><strong>ἔκραζον,</strong></span> <span class='ocrx_word' id='word_1_828' title='bbox 1627 2704 1670 2729; x_wconf 75' lang='grc' dir='ltr'><strong>αι-</strong></span> 
     </span>
    </p>
   </div>
   <div class='ocr_carea' id='block_1_118' title="bbox 880 2748 1670 2791">
    <p class='ocr_par' dir='ltr' id='par_1_118' title="bbox 880 2748 1670 2791">
     <span class='ocr_line' id='line_1_118' title="bbox 880 2748 1670 2791; baseline -0.018 -3"><span class='ocrx_word' id='word_1_829' title='bbox 880 2761 989 2791; x_wconf 84' lang='grc' dir='ltr'>τοῦντες</span> <span class='ocrx_word' id='word_1_830' title='bbox 1010 2758 1167 2785; x_wconf 76' lang='grc' dir='ltr'><strong>Ἀθανάσιον</strong></span> <span class='ocrx_word' id='word_1_831' title='bbox 1192 2755 1341 2782; x_wconf 77' lang='grc' dir='ltr'>ἐπίσκοπον</span> <span class='ocrx_word' id='word_1_832' title='bbox 1365 2753 1398 2788; x_wconf 83' lang='grc' dir='ltr'><strong>τῇ</strong></span> <span class='ocrx_word' id='word_1_833' title='bbox 1408 2750 1565 2786; x_wconf 69' lang='grc' dir='ltr'><strong>Ἐκκλησίᾳ.</strong></span> <span class='ocrx_word' id='word_1_834' title='bbox 1593 2748 1670 2781; x_wconf 75' lang='lat' dir='ltr'><strong>Quod</strong></span> 
     </span>
    </p>
   </div>
   <div class='ocr_carea' id='block_1_119' title="bbox 882 2794 1670 2836">
    <p class='ocr_par' dir='ltr' id='par_1_119' title="bbox 882 2794 1670 2836">
     <span class='ocr_line' id='line_1_119' title="bbox 882 2794 1670 2836; baseline -0.019 -2"><span class='ocrx_word' id='word_1_835' title='bbox 882 2807 966 2834; x_wconf 85' lang='lat' dir='ltr'><strong>omnis</strong></span> <span class='ocrx_word' id='word_1_836' title='bbox 988 2804 1149 2834; x_wconf 87' lang='lat' dir='ltr'><strong>multitudo,</strong></span> <span class='ocrx_word' id='word_1_837' title='bbox 1172 2801 1308 2836; x_wconf 83' lang='lat' dir='ltr'><strong>omnisque</strong></span> <span class='ocrx_word' id='word_1_838' title='bbox 1329 2798 1441 2833; x_wconf 86' lang='lat' dir='ltr'><strong>populus</strong></span> <span class='ocrx_word' id='word_1_839' title='bbox 1464 2795 1600 2823; x_wconf 73' lang='lat' dir='ltr'><strong>catholictc</strong></span> <span class='ocrx_word' id='word_1_840' title='bbox 1618 2794 1670 2820; x_wconf 80' lang='lat' dir='ltr'><strong>Ec-</strong></span> 
     </span>
    </p>
   </div>
   <div class='ocr_carea' id='block_1_120' title="bbox 882 2839 1671 2886">
    <p class='ocr_par' dir='ltr' id='par_1_120' title="bbox 882 2839 1671 2886">
     <span class='ocr_line' id='line_1_120' title="bbox 882 2839 1671 2886; baseline -0.018 -6"><span class='ocrx_word' id='word_1_841' title='bbox 882 2853 978 2883; x_wconf 83' lang='lat' dir='ltr'><strong>clesia&#39;,</strong></span> <span class='ocrx_word' id='word_1_842' title='bbox 993 2856 1116 2886; x_wconf 81' lang='lat' dir='ltr'><strong>tanquam</strong></span> <span class='ocrx_word' id='word_1_843' title='bbox 1130 2856 1162 2876; x_wconf 75' lang='lat' dir='ltr'><strong>ea:</strong></span> <span class='ocrx_word' id='word_1_844' title='bbox 1183 2856 1236 2874; x_wconf 88' lang='lat' dir='ltr'><strong>una</strong></span> <span class='ocrx_word' id='word_1_845' title='bbox 1251 2847 1341 2873; x_wconf 86' lang='lat' dir='ltr'><strong>anima</strong></span> <span class='ocrx_word' id='word_1_846' title='bbox 1355 2850 1380 2872; x_wconf 87' lang='lat' dir='ltr'><strong>et</strong></span> <span class='ocrx_word' id='word_1_847' title='bbox 1395 2851 1502 2879; x_wconf 86' lang='lat' dir='ltr'><strong>corpore</strong></span> <span class='ocrx_word' id='word_1_848' title='bbox 1520 2839 1671 2876; x_wconf 79' lang='lat' dir='ltr'><strong>conyregati</strong></span> 
     </span>
    </p>
   </div>
   <div class='ocr_carea' id='block_1_121' title="bbox 884 2887 1669 2930">
    <p class='ocr_par' dir='ltr' id='par_1_121' title="bbox 884 2887 1669 2930">
     <span class='ocr_line' id='line_1_121' title="bbox 884 2887 1669 2930; baseline -0.018 -4"><span class='ocrx_word' id='word_1_849' title='bbox 884 2897 1041 2926; x_wconf 80' lang='lat' dir='ltr'><strong>clamoribus</strong></span> <span class='ocrx_word' id='word_1_850' title='bbox 1059 2894 1342 2930; x_wconf 73' lang='lat' dir='ltr'><strong>vociferationibusquc</strong></span> <span class='ocrx_word' id='word_1_851' title='bbox 1365 2890 1532 2926; x_wconf 87' lang='lat' dir='ltr'><strong>postularunt</strong></span> <span class='ocrx_word' id='word_1_852' title='bbox 1547 2887 1669 2915; x_wconf 66' lang='lat' dir='ltr'><strong>Athana-</strong></span> 
     </span>
    </p>
   </div>
  </div>
