1866 3073
222 175 274 201 227

721 175 750 202 S.
769 174 942 203 IGNATIUS.
961 188 996 194 --
1015 175 1280 204 PROLEGOMLNA.
1806 176 1837 202 ΞΞ

222 235 292 262 sium
313 234 438 262 Ecclesia
462 236 610 270 episcopum
633 236 710 268 dari;
724 235 797 270 quod
815 242 901 271 neque
918 236 946 262 hi
961 243 1009 262 ne-
1023 241 1047 268 Α
1063 236 1233 269 lleracleuni,
1249 242 1285 263 tut
1299 245 1406 264 nurnero
1423 238 1620 269 institutisunt,
1644 237 1710 263 sine
1728 237 1838 270 φίλι-ομ

221 289 277 316 que
295 281 333 308 illi
360 281 506 313 fecissent,
523 281 546 308 si
571 281 662 316 populi
688 281 818 315 suffragia
842 281 868 308 in
884 281 1008 316 eligendo

221 327 350 362 episcopo
366 327 519 361 antiquitus
539 327 629 354 locum
643 327 747 354 nullum
768 327 937 354 habuissent.
951 326 1008 353 lmo

222 371 370 407 Gregorius
392 371 580 399 NazianzenUs
605 377 675 399 orat.
699 372 732 399 ‘21
756 373 826 408 hanc
848 373 1007 400 electionem

223 425 277 445 non
300 418 453 453 prioribus,
469 418 515 445 sed
531 418 730 453 posterioribus
751 419 880 453 opponit,
893 427 1009 453 eamque

222 463 397 497 apostolicam
422 464 548 498 appellat.
567 463 645 490 υῦτω
666 463 715 498 μὲν
731 461 778 490 οὖν
794 465 841 490 καὶ
856 464 900 491 διὰ
910 464 1007 495 ταῦτα,

221 508 303 544 ψήφῳ
325 508 371 534 τοῦ
393 509 456 535 λαοῦ
474 509 574 540 παντὸς
585 528 593 540 ,
610 510 641 535 οὐ
654 509 725 536 κατὰ
743 509 790 535 τὸν
806 509 919 545 ὕστερον
931 511 1010 546 νιιιή⁴

222 563 305 580 σαντα
322 555 472 590 πονηρὸν,
484 555 547 581 οὐδὲ
567 555 738 589 mariscas
763 556 810 582 καὶ
829 557 1006 592 τυραννικῶς,

220 601 278 627 ἀλλ’
288 601 472 633 άπνστολικῶς
490 610 520 627 τε
540 601 587 627 καὶ
603 601 795 637 πνευματικῶς
808 602 854 628 ἐπὶ
871 602 917 628 τὸν
930 603 1008 639 Μάρ-

220 655 270 673 κου
285 646 378 682 θρόνον
402 647 541 680 ἀνάγεται.
561 645 606 673 Sic
621 647 714 682 igitur,
737 655 814 682 atquc
829 647 859 674 ob
878 657 922 674 eas
939 644 1007 674 cau-

219 701 279 725 sas,
297 693 377 719 totius
393 692 483 727 populi
507 692 660 727 suﬂ‘ragiis,
676 701 727 719 non
751 698 839 719 autent
863 695 1006 720 secundant

218 745 329 772 pravum
347 737 495 772 exemplum
507 738 576 772 quod
602 742 693 771 postea
717 737 840 769 inolevit,
860 746 940 773 neque
961 747 1007 773 per

218 784 271 810 vim
287 792 318 810 ac
338 783 435 810 caedent
445 804 453 816 ,
467 782 512 810 sed
527 783 673 818 apostolico
688 788 712 810 et
731 783 866 817 spiritaali
879 784 957 810 modo
971 785 1006 810 ad

220 829 307 856 Marci
322 829 444 855 thronum
457 829 586 856 evehitur.
605 828 674 856 Cum
696 829 779 864 igitur
801 833 876 856 totus
891 830 1006 864 populus

217 875 347 902 electioni
370 875 490 910 episcopi
510 883 539 902 se
563 875 708 906 insereret,
733 880 759 902 et
783 876 879 903 civitas
895 877 1006 911 amplis-

218 922 289 949 sima
311 926 403 954 esset,
432 926 459 949 et
482 922 604 948 maximo
633 920 854 949 Christianorum
891 919 1042 950 numeroB

215 967 380 1000 abundaret,
401 971 429 994 et
444 972 574 1002 praeterea
590 968 739 1003 presbyteri
760 976 825 996 suos
843 969 879 995 ibi
907 969 1005 996 distin-

214 1019 278 1041 ctos
303 1018 393 1041 coitus
415 1013 472 1041 sive
501 1013 639 1041 Ecclesias
666 1014 797 1042 haberent
824 1015 1005 1050 (observante

217 1058 379 1093 Epiphanio,
396 1059 461 1086 liter.
478 1058 532 1086 69:
553 1059 631 1085 Ὅσαι
648 1058 702 1094 γὰρ
717 1059 859 1095 ἐκκλησίαι
869 1061 919 1096 τῆς
937 1061 1005 1088 καθ-

214 1104 310 1138 ολικῆς
333 1104 494 1140 Ἐκκλησιας
521 1105 550 1131 ὲν
579 1104 767 1141 ’Δλεξανδρείᾳ
789 1105 842 1132 ὑπὸ
862 1107 909 1132 ἕνα
928 1108 1006 1142 ἀρχι-

217 1149 369 1176 επίσκοπον
378 1148 466 1182 οὖσαι,
483 1150 530 1176 καὶ
544 1151 603 1176 κατ’
621 1151 688 1177 ἰδίαν
700 1151 811 1183 ταύταις
825 1152 1006 1189 ἐπιτεταγμέ-

214 1202 256 1222 νοι
271 1195 340 1222 εἰσίν
355 1196 544 1232 πρεσϐύτεροι,
555 1196 598 1223 διὰ
612 1196 662 1228 τὰς
673 1198 901 1233 ὲκκλησιαστικὰς
912 1199 1005 1235 χρείας

214 1239 269 1267 τῶν
285 1241 445 1277 οἰκητόρων.
464 1241 569 1268 Etenim
587 1247 712 1278 quotquot
732 1243 901 1271 Alexandria
916 1245 1004 1271 cat/io-

214 1288 276 1314 licte
297 1288 489 1314 communionis
510 1288 636 1315 Ecclesia:
659 1294 735 1322 sunt,
750 1291 795 1316 uni
810 1290 1004 1325 archiepiscopo

216 1334 353 1368 subjectae,
370 1342 433 1361 suus
448 1335 541 1369 cuique
554 1335 710 1369 prwpositus
725 1341 762 1361 est
779 1335 924 1371 presbyter,
942 1345 1004 1372 pro-

215 1385 274 1414 pter
287 1381 480 1408 ecclcsiasticas
499 1381 676 1408 habitantium
691 1382 876 1414 necessitates;
893 1387 1005 1410 notante

213 1427 297 1454 etiam
325 1427 496 1458 Solomeno.
521 1427 569 1454 lib.
595 1435 621 1459 I,
644 1435 704 1462 cap.
733 1428 766 1454 l5
788 1426 887 1454 ιεῖναι
904 1428 959 1465 γὰρ
976 1430 1004 1456 ὲν

221 1472 408 1509 Ἀλεξανδρείᾳ
423 1472 492 1504 ἔθος,
509 1472 633 1508 καθάπερ
647 1473 694 1499 καὶ
713 1472 760 1499 νῦν
770 1493 777 1505 ,
793 1473 851 1505 ἑνὸς
867 1474 942 1506 ὄντος
957 1474 1004 1501 τοῦ

214 1519 286 1546 κατὰ
298 1519 405 1545 πάντων
419 1519 583 1551 ἐπισκόπου,
598 1519 799 1555 πρεσϐυτέρους
818 1519 870 1556 ἰδίᾳ.
889 1520 939 1552 τὰς
958 1521 1005 1547 ὲκ-

214 1565 329 1600 κλησίας
345 1565 480 1600 κατέχειν,
500 1566 547 1592 καὶ
569 1565 614 1592 τὸν
629 1566 657 1592 ὲν
672 1566 766 1597 αὑταῖς
785 1565 848 1593 λαὸν
868 1567 1002 1602 συνάγειν.

215 1611 294 1638 Hunc
308 1612 377 1638 enim
399 1619 499 1638 morem
522 1619 577 1638 esse
601 1610 783 1643 Alexandria},
797 1612 842 1646 qui
857 1613 1003 1640 etiamnum

213 1662 311 1690 manet,
328 1661 367 1690 ut,
382 1665 441 1684 cum
461 1665 528 1683 unus
545 1657 679 1691 episcopus
694 1658 814 1684 omnibus
826 1659 928 1691 pmsit.
943 1667 1004 1693 pre-

211 1703 312 1738 ebyteri
325 1703 469 1738 separatim
485 1702 609 1729 ecclesias
625 1703 771 1736 obtineant,
787 1709 811 1730 et
824 1705 952 1739 populum
967 1705 1002 1731 ad

211 1749 277 1776 illas
294 1749 429 1776 conuenire
443 1748 553 1776 solitum
567 1748 719 1783 colligant);
738 1748 853 1783 ideoque
867 1750 938 1784 apud
953 1758 1002 1784 po-

214 1794 309 1830 pulum
333 1799 413 1822 suum
430 1802 556 1829 magnam
573 1794 691 1828 quisque
715 1795 904 1822 auctoritatem
930 1795 1002 1822 obti-

214 1845 301 1872 neret,
317 1840 462 1868 electiones
486 1840 577 1867 subito
592 1840 677 1867 factas
700 1848 761 1867 esse
784 1841 933 1875 putandum
948 1846 1000 1873 est.

214 1893 249 1912 ne
284 1893 361 1912 mora
394 1886 556 1913 tumultibus
581 1885 802 1921 factionibusque
828 1887 1000 1914 occasionem

214 1932 357 1966 praeberet.
382 1931 499 1966 Indeque
527 1937 619 1958 natum
648 1939 751 1958 morem
778 1932 855 1959 illum
880 1933 1000 1959 Alexan—

213 1977 302 2004 drinis
313 1982 388 2004 certe
403 1977 566 2012 peculiarem
581 1985 630 2012 par
642 1982 684 2004 est
699 1977 821 2010 credere,
839 1986 920 2012 quem
941 1986 1000 2005 me-

213 2027 304 2050 morat
324 2021 467 2050 Liberatus
483 2024 509 2050 in
533 2022 672 2050 Brevia-rio
689 2032 695 2049 :
715 2023 882 2050 Consuetudo
895 2024 1000 2058 quidem

214 2073 254 2095 est
274 2067 456 2100 Alexandrina,
478 2068 555 2095 illum
575 2069 619 2103 qui
640 2069 764 2104 defuncto
778 2069 903 2102 succedit,
920 2078 1001 2096 excu—

214 2114 273 2140 bias
287 2121 366 2148 super
383 2114 500 2148 defuncti
514 2122 609 2148 corpus
624 2110 711 2149 agere,
729 2122 887 2149 manumque
909 2114 1000 2141 dexte-

214 2168 274 2186 ram
293 2160 350 2194 ejus
369 2160 450 2194 capiti
474 2168 522 2186 suo
545 2161 688 2194 imponere,
707 2166 733 2187 et
759 2160 860 2195 sepulto
877 2161 998 2188 manibus

213 2206 269 2232 suis
285 2205 403 2240 accipere
425 2205 492 2231 collo
515 2214 564 2232 suo
585 2205 616 2233 Β.
639 2206 725 2233 Marci
741 2206 870 2240 pallium,
893 2211 917 2232 et
937 2212 998 2233 tunc

212 2250 328 2285 legitime
351 2251 447 2278 sedere.
474 2251 537 2278 Erat
561 2251 644 2286 igitur
658 2251 828 2279 Alexandria:
852 2259 950 2286 magna
969 2252 996 2278 in
1015 2262 1035 2288 ι)

212 2296 338 2331 eligendo
351 2295 493 2330 episcopo,
506 2296 583 2331 pacis
599 2297 696 2331 gratia,
719 2295 868 2329 festinatio,
884 2301 910 2324 et
925 2297 998 2323 inso-

213 2341 261 2369 lita
276 2350 333 2376 prae
347 2341 452 2368 honore
469 2341 498 2368 S.
526 2341 620 2374 Marci,
640 2342 668 2369 in
691 2343 809 2369 creando
824 2342 996 2370 caeremonia.

214 2388 268 2415 Sed
282 2387 465 2423 Hieronymus
488 2395 576 2422 neque
597 2387 707 2414 modum
727 2388 754 2414 in
768 2389 910 2421 electione,
925 2388 998 2423 quod

213 2431 247 2458 ad
262 2432 392 2467 suﬂragia
408 2432 516 2464 attinet,
533 2439 620 2466 neque
633 2433 809 2460 caeremonias
820 2433 847 2460 in
860 2434 1000 2460 creatione

212 2478 359 2511 adhibitas,
380 2486 469 2513 neque
484 2478 530 2513 jus
547 2478 631 2505 ullum
647 2486 702 2512 pra:
713 2479 818 2506 caeteris
832 2479 999 2514 presbyterio

213 2525 308 2552 datum
327 2529 376 2551 aut
395 2532 557 2552 concessum
581 2528 787 2557 commemorat,
805 2525 857 2552 nisi
873 2525 947 2560 quod
965 2533 996 2552 ex

213 2571 282 2605 ipsis
296 2571 330 2598 de
345 2571 417 2598 facto
428 2579 516 2606 usque
531 2571 565 2598 ad
585 2569 728 2598 Heraclam
751 2570 895 2606 episcopus
913 2571 997 2606 elige-

215 2621 301 2648 retur,
316 2617 390 2644 etab
406 2617 472 2652 ipsis
487 2617 717 2652 promulgaretur.

250 2661 318 2689 Nam
339 2663 411 2697 quod
427 2662 559 2690 Seldenus
572 2662 790 2691 comminiscitur
804 2661 997 2698 Hieronymum

213 2716 334 2735 securum
349 2708 382 2735 de
395 2713 506 2743 tempore
520 2708 661 2736 IleracIam
673 2713 855 2742 antevertente,
869 2709 998 2743 quoniatn

214 2754 342 2788 cognovit
360 2755 465 2781 nullum
484 2755 510 2782 in
529 2754 649 2790 Egypto
667 2759 732 2782 ante
754 2759 876 2789 tempora
902 2754 998 2781 Deme-

215 2800 260 2826 trii
275 2800 432 2834 episcopum
457 2800 553 2833 fuisse,
578 2800 613 2826 ad
627 2801 752 2827 citeriora
776 2800 930 2826 descendere
951 2807 998 2825 ηοο

214 2845 295 2872 luisse
306 2851 438 2882 tempora:
453 2848 515 2882 quia
535 2848 577 2873 vix
589 2847 681 2881 forsan
691 2847 762 2873 credi
778 2847 906 2880 potuisset
922 2846 997 2872 ordi-

214 2891 347 2918 nationem
361 2892 563 2919 nutriere/talem
573 2912 581 2926 ,
598 2897 736 2926 postquam
758 2891 881 2925 episcopi,
901 2891 995 2918 saltem

1061 283 1160 317 factum
1171 291 1237 314 esse,
1253 283 1409 317 conjectura
1429 284 1508 318 plane
1519 288 1561 310 est
1570 283 1645 310 omni
1661 282 1838 309 \‘erisimilitu

1060 329 1124 357 dine
1136 330 1277 357 destituta.
1290 329 1370 362 Nam,
1385 330 1492 357 etiamsi
1509 328 1722 357 ordinationem
1739 328 1838 363 patriar

1059 377 1176 409 chalem,
1186 384 1247 403 cum
1265 377 1292 403 in
1301 376 1418 412 (Egypto
1429 377 1520 412 plures
1532 376 1655 412 episcopi
1672 380 1786 407 essent,
1802 375 1838 401 siu

1058 424 1194 458 episcopis
1209 423 1307 451 factam
1315 432 1376 451 esse
1389 424 1479 451 credet
1495 431 1584 455 nemo,
1599 423 1663 458 quis
1681 427 1782 449 tamen
1793 428 1839 455 pra

1059 469 1151 502 stabit,
1165 469 1331 505 Hieronymo
1343 474 1437 496 notum
1450 469 1545 500 fuisse,
1557 474 1620 496 ante
1633 468 1777 495 Demetrii
1793 473 1839 494 teut

1058 524 1126 552 pora
1141 516 1247 543 nullum
1262 516 1290 543 in
1305 515 1422 552 Egypto
1436 522 1535 550 praeter
1550 516 1665 543 unicum
1690 514 1839 541 Alexandri

1058 571 1124 590 num
1139 563 1277 590 exstitisse
1291 563 1447 597 episcopum
1460 562 1471 588 ?
1482 562 1633 597 Eutychius
1649 561 1791 588 omnium
1803 560 1840 595 pri

1058 619 1120 638 mus
1133 611 1185 638 hoc
1204 610 1358 646 prodidisse
1376 609 1605 644 deprehenditur,
1621 616 1638 635 a
1666 616 1732 642 quo
1760 606 1840 634 llicro

1058 665 1157 692 nyutus
1171 658 1241 684 idem
1257 657 1363 684 discere
1391 664 1445 683 non
1472 655 1570 690 putuit.
1594 655 1653 682 lmo
1677 655 1748 689 quis
1767 654 1840 680 crede

1057 703 1265 739 Hieronymum,
1276 703 1299 730 si
1310 703 1360 729 hoc
1372 702 1553 735 novisset,vel
1567 702 1589 729 si
1600 701 1687 728 fando
1705 700 1840 735 aliquand

1057 752 1224 784 audivisset,
1254 750 1280 777 id
1297 751 1330 777 ab
1344 750 1461 784 Evagrio
1482 750 1572 776 celare
1589 750 1722 776 voluisse
1749 749 1777 775 in
1806 748 1841 774 lim

1057 803 1229 833 argumento,
1241 797 1314 832 quod
1331 796 1417 831 magis
1427 795 1460 822 ad
1476 796 1665 823 “ornandam
1683 795 1838 830 presbyteri

1056 845 1215 880 dignitatem
1240 845 1327 871 multo
1354 844 1482 872 fecisset?
1503 842 1596 878 Neque
1611 843 1701 878 igitur
1719 841 1841 874 Hierouy

1057 899 1119 918 mus
1134 891 1168 918 de
1181 890 1219 918 rei
1231 891 1293 925 jure
1310 891 1459 925 quidquam
1474 890 1595 925 scripsit,
1611 896 1708 924 neque
1731 889 1767 915 de
1783 888 1842 914 factu

1057 944 1164 974 tempus
1177 944 1234 966 tam
1248 939 1405 974 scrupulose
1432 938 1569 969 limitavit,
1593 937 1641 964 sed
1651 935 1842 963 tantummodo

1055 987 1176 1014 veterem
1193 985 1340 1020 quamdam
1350 985 1535 1017 traditionem,
1547 991 1631 1019 quam
1648 990 1665 1010 a
1681 982 1784 1010 nescio
1799 988 1842 1015 quu

1055 1037 1208 1068 acceperat,
1226 1032 1293 1059 satis
1306 1032 1423 1060 obscure
1433 1031 1586 1065 descripsit,
1600 1035 1627 1058 et
1642 1030 1678 1057 ad
1698 1029 1842 1057 retunden-

1055 1079 1118 1106 dam
1143 1079 1321 1106 diaconorum
1345 1079 1526 1113 quorumdam
1553 1077 1688 1105 Romana:
1707 1076 1843 1106 _Ec.clesiae

1056 1125 1229 1152 insolentiam
1245 1125 1398 1160 usurpavit.

1089 1170 1182 1205 Neque
1194 1171 1281 1206 magis
1295 1170 1472 1206 Eutychiauaa
1487 1170 1639 1197 narrationi
1667 1169 1790 1197 alterum
1804 1168 1841 1195 di-

1055 1216 1211 1244 stinctionis
1226 1216 1380 1243 membrum
1407 1208 1575 1251 respondet;
1591 1216 1751 1252 Eutycltius
1774 1216 1840 1243 enim

1055 1271 1111 1290 non
1123 1263 1156 1290 de
1168 1261 1231 1298 jure
1243 1263 1374 1298 disputat,
1389 1264 1436 1290 sed
1450 1263 1484 1290 de
1492 1262 1574 1295 facto,
1592 1264 1625 1290 de
1638 1271 1719 1290 more
1732 1263 1842 1293 scilicet,

1055 1315 1137 1344 atque
1155 1309 1299 1337 duratione
1315 1315 1343 1337 et
1363 1310 1548 1345 exspiratione
1559 1309 1619 1344 ejus
1629 1330 1637 1341 ,
1663 1318 1752 1345 quam
1767 1313 1840 1335 attn-

1055 1356 1114 1384 buit
1129 1356 1218 1384 edicto
1232 1356 1380 1384 Alexandri
1399 1356 1571 1391 patriarchae.
1585 1355 1677 1390 Neque
1700 1357 1792 1388 desiit,
1805 1356 1841 1381 in-

1054 1403 1123 1438 quit,
1135 1411 1190 1430 mos
1204 1403 1248 1430 ille
1261 1403 1470 1437 presbyterorum
1480 1402 1651 1429 Alexandria-
1665 1400 1839 1429 constituendi

1054 1448 1236 1483 patriarclmm
1259 1455 1291 1474 ea:
1307 1449 1339 1474 iis
1353 1448 1492 1474 duodecim
1518 1448 1675 1482 presbyteris
1700 1455 1783 1482 usque
1808 1446 1838 1470 ad

1056 1500 1156 1529 tempus
1170 1493 1327 1522 Alexandri.
1338 1493 1407 1520 Male
1419 1499 1508 1520 autem
1520 1494 1599 1521 docet
1614 1493 1751 1520 Scltienus
1767 1491 1838 1525 Euty-

1055 1543 1148 1569 chiutn
1159 1541 1298 1569 decretum
1315 1541 1471 1568 Alexandro
1480 1541 1609 1572 tribuere.
1619 1541 1694 1575 quod
1710 1548 1726 1567 a
1734 1539 1835 1566 Niczcuo

1016 1590 1037 1619 (Ζ
1054 1590 1172 1617 concilio
1200 1588 1303 1616 factum
1331 1592 1384 1621 est,
1414 1595 1519 1616 canone
1544 1593 1660 1622 quarto;
1690 1586 1834 1622 Eutychius

1053 1637 1126 1664 enim
1141 1636 1224 1664 tradit
1242 1635 1439 1669 Alexandrum,
1469 1643 1524 1663 non
1554 1640 1660 1662 tantum
1687 1634 1833 1662 instituisse

1053 1684 1219 1711 creationem
1248 1683 1410 1718 patriarcha:
1434 1689 1482 1717 per
1506 1682 1662 1716 episcopos,
1693 1681 1832 1710 sedetiam

1052 1730 1211 1758 electionem
1225 1737 1259 1756 cx
1270 1729 1333 1756 aliis
1350 1737 1434 1764 quam
1449 1728 1641 1756 Alexandrinis
1661 1727 1830 1763 presbyteris,

1052 1777 1085 1805 de
1096 1784 1149 1811 qua
1172 1784 1201 1804 re
1215 1776 1282 1803 nihil
1306 1776 1389 1803 habet
1401 1784 1490 1803 canon
1516 1776 1560 1802 ille
1584 1774 1732 1802 Nicmuus:
1751 1779 1831 1806 neque

1053 1828 1125 1851 recte
1138 1823 1261 1858 conjicit,
1274 1831 1407 1850 canonem
1437 1823 1512 1849 illum
1541 1830 1575 1850 ex
1589 1827 1652 1849 voto
1679 1818 1828 1849 Alexandri,

1051 1875 1099 1897 aut
1111 1877 1186 1897 more
1201 1869 1247 1896 illo
1256 1870 1440 1896 Alexandrino
1457 1874 1547 1896 ortum
1560 1868 1707 1901 habuisse;
1729 1865 1829 1894 minimc

1051 1917 1123 1944 enim
1144 1917 1322 1944 dubitandum
1334 1920 1376 1943 est
1391 1916 1456 1950 quin
1469 1916 1574 1950 primus
1591 1922 1693 1948 canon,
1708 1915 1755 1949 qui
1768 1913 1828 1940 dici-

1051 1969 1096 1991 tur
1113 1964 1292 1998 apostolicus,
1307 1963 1353 1990 diu
1367 1968 1430 1990 ante
1450 1963 1526 1990 illum
1544 1970 1679 1989 eanonem
1698 1961 1828 1988 Nicatnuln

1050 2012 1177 2040 conditus
1189 2012 1238 2039 sit:
1262 2011 1424 2042 Ἐπίσκοπος
1442 2008 1646 2046 χειρπονείσθω
1661 2009 1716 2036 {me
1727 2006 1828 2034 ἐπισκό-

1051 2068 1110 2085 πων
1119 2058 1166 2085 δύο
1181 2059 1197 2093 ἢ
1215 2057 1308 2093 τριῶν.
1323 2057 1407 2084 Nemo
1416 2058 1500 2090 enim,
1515 2061 1658 2091 postquam
1674 2053 1829 2083 Nlcaznil‘a-

1039 2109 1106 2135 'trcs
1120 2112 1174 2134 tres
1188 2107 1332 2141 episcOpos
1356 2106 1390 2132 ad
1413 2105 1611 2132 ordinationem
1638 2104 1826 2139 postulassent.

1049 2156 1120 2182 duos
1134 2154 1257 2182 sullicere
1273 2154 1397 2181 dixisset.
1424 2153 1494 2186 Quid
1511 2152 1583 2186 quod
1605 2159 1669 2186 pars
1683 2151 1784 2179 decreti
1799 2149 1828 2176 ab

1049 2201 1203 2227 Alexandro
1227 2199 1311 2232 facti,
1338 2207 1388 2226 nec
1413 2199 1447 2226 ad
1462 2205 1594 2226 canonem
1620 2197 1763 2224 Nicamuru
1780 2197 1827 2223 ullo

1050 2247 1131 2274 modo
1141 2247 1290 2282 pertinens,
1304 2246 1426 2272 maxime
1438 2245 1555 2272 notanda
1568 2244 1613 2277 sit,
1626 2243 1702 2278 quod
1713 2244 1827 2270 videatur

1050 2293 1213 2328 restringere
1237 2300 1342 2320 morem
1361 2293 1505 2326 antiquum
1522 2291 1556 2318 de
1573 2291 1700 2326 eligendo
1720 2290 1825 2325 patriar-

1049 2339 1100 2366 cha
1113 2347 1166 2366 non
1177 2339 1210 2366 ad
1223 2339 1381 2366 electionem
1396 2346 1411 2365 a
1423 2337 1599 2373 presbyteris,
1611 2337 1658 2364 sed
1670 2345 1704 2364 ex
1722 2335 1825 2371 presby-

1050 2385 1115 2413 teris
1127 2384 1238 2416 factam,
1252 2385 1286 2412 de
1300 2393 1352 2419 qua
1369 2384 1403 2411 ad
1420 2384 1502 2411 verba
1519 2382 1676 2418 Hieronymi
1702 2383 1823 2420 diximus.

1048 2431 1198 2466 Antiquom
1208 2431 1280 2458 enim
1296 2438 1398 2458 morem
1411 2431 1526 2458 desiisse
1535 2430 1627 2462 tradit,
1639 2437 1672 2457 eo
1684 2430 1760 2464 quod
1773 2428 1825 2454 Ale-

1049 2479 1152 2506 xander
1165 2478 1278 2505 decrevit
1293 2483 1332 2511 ut,
1355 2483 1462 2505 vacante
1486 2477 1682 2511 patriarchatu,
1709 2477 1823 2512 eligerent

1047 2533 1079 2551 e1:
1090 2533 1243 2560 quacunque
1255 2524 1359 2550 tandem
1379 2525 1555 2559 regione,sive
1575 2532 1607 2550 ea:
1625 2524 1766 2550 duodecim
1779 2522 1822 2549 illis

1047 2569 1276 2604 presbyteris,sivc
1283 2568 1344 2595 aliis
1358 2569 1443 2595 virmn
1454 2569 1568 2603 aliquem
1579 2569 1717 2601 eximium,
1731 2576 1822 2603 perspe-

1048 2622 1097 2642 cta:
1108 2616 1259 2650 probitatis,
1271 2624 1379 2651 eumque
1391 2616 1572 2650 patriarcham
1586 2621 1718 2642 crearent.
1731 2615 1822 2642 Electio

1048 2662 1130 2697 igitur
1143 2661 1358 2697 vir-icujuspiam
1379 2661 1490 2694 eximii,
1518 2667 1667 2696 perspecta:
1688 2662 1821 2696 probitatis

1048 2707 1189 2741 antiquum
1206 2714 1310 2734 morem
1325 2708 1481 2739 evacuavit;
1504 2715 1559 2742 quo
1579 2713 1720 2742 spectasse
1736 2709 1820 2736 viden-

1048 2758 1092 2780 tur
1104 2753 1149 2780 illa
1171 2754 1427 2788 pseudo-Ambrosii
1452 2755 1479 2780 in
1494 2762 1554 2789 cap.
1580 2754 1597 2781 4
1616 2755 1650 2781 ad
1679 2754 1818 2790 Ephesios:

1048 2798 1165 2834 Denique
1190 2799 1261 2834 apud
1283 2799 1428 2835 (Egyplum
1451 2800 1594 2835 presbyteri
1620 2800 1821 2836 consigtiant,~'

1047 2853 1160 2879 presens
1184 2853 1237 2872 non
1259 2847 1293 2873 sit
1317 2847 1462 2880 episcopus.
1485 2845 1537 2873 Sed
1562 2847 1624 2881 quia
1637 2853 1818 2882 τωρεηιιιιιε·

1047 2895 1152 2925 quentes
1165 2892 1308 2926 presbyteri
1319 2893 1419 2926 indigni
1433 2893 1457 2920 in
1463 2894 1544 2921 veniri
1553 2893 1588 2920 ad
1598 2894 1727 2922 arimotw
1738 2897 1820 2919 tenus
