1866 3073
69 123 114 152 229

434 125 458 153 J.
478 125 657 153 PEARSONH
675 124 836 153 VlNDICI/E
855 123 1064 152 ΙΟΝΑἸῚΛΝΑΞ.
1080 140 1115 146 -
1134 124 1224 154 PARS
1244 126 1262 153 1.

1653 121 1704 146 23L

69 187 117 218 tos,
131 187 281 213 immutata
293 193 339 214 est
361 187 438 219 ratio,
454 187 626 221 prospiciente
638 188 760 220 concilio,
775 192 864 214 utnon
880 188 903 216 Α
951 186 1022 220 Quid
1057 173 1160 221 praster'
1171 187 1332 214 electionem
1357 186 1506 223 presbyteri
1535 185 1707 214 Alexandriae

69 233 134 264 ordo,
145 233 190 259 sed
204 232 347 259 meritum
358 238 456 260 crearet
467 233 615 267 episcopum
624 233 768 260 multorum
779 241 867 260 sacer-

68 278 264 312 dotumjudicio
283 280 478 311 constitutum,
491 287 522 306 ne
534 279 659 314 indignus
682 284 775 306 temere
789 287 868 306 usur-

68 329 142 356 paret,
158 330 183 351 et
194 329 269 352 esset
283 325 387 352 multis
401 325 568 352 scandalum.

96 371 146 398 Sed
158 379 352 406 quaecunque
368 371 402 399 sit
420 372 491 398 inter
507 371 702 406 Hieronymum
733 376 760 399 et
783 372 867 408 Euty-

68 417 152 446 cbium
177 417 393 452 discrepantia,
416 426 449 445 ex
462 426 568 445 summa
583 418 620 445 rei
635 419 670 445 ita
688 418 809 452 disputat
826 419 867 446 vir

67 463 258 490 doctissimus:
281 463 413 498 Ignatius
424 469 500 499 negat
514 465 570 491 sine
581 465 701 498 episcopo
721 465 866 499 quidquam

69 506 224 541 faciendum.
249 508 339 542 Apud
354 508 543 535 Alexandriam
554 509 709 543 presbyteri,
734 510 789 535 sine
812 509 867 542 epi-

68 561 148 586 scopo,
177 561 230 579 non
253 557 371 580 tantum
394 555 585 590 presbyterum,
608 555 652 581 sed
676 555 767 586 etiam,
796 555 865 590 quod
890 564 892 567 '

70 600 422 633 maximum,pntriarclmm
439 601 552 634 faciunt.
581 600 699 628 Nescit‘it
723 609 784 635 ergo
805 601 866 627 Ale—

70 645 175 671 xandria
203 647 383 672 contrarium
410 655 488 673 usum
524 656 580 674 esse
599 655 656 674 vere
678 647 863 681 apostolicum.

71 689 197 726 Ignatium
211 700 278 726 ergo
292 693 467 727 epistolicum
480 699 571 720 nolunt
588 702 639 720 non
655 694 757 721 habuit.

102 736 262 772 Respondeo
277 738 385 772 primo,
401 739 603 766 Hammondum
624 743 748 766 nostrutn
765 739 862 767 disser.

70 780 94 811 ὅ,
107 789 163 816 cap.
181 782 225 814 l0,
248 783 319 809 huic
340 783 392 818 ipsi
405 789 566 819 argumento
583 792 596 810 a
611 784 752 812 Blondello
767 793 799 811 ex
814 785 865 812 Eu-

71 827 144 860 tychii
160 828 324 856 Annalibus
336 830 482 864 desumplo
498 837 552 856 non
569 830 664 865 paucis
678 830 861 865 respondisse,

73 873 101 899 ad
115 881 172 908 qum
189 875 261 902 nihil
295 875 346 903 hic
371 876 479 910 reponit
496 876 622 904 Dallzeus.
650 876 737 910 Quam
763 877 864 904 silentii

73 926 173 951 causam
186 920 323 948 habuerit
336 942 343 954 ,
364 921 475 952 nescio;
499 922 668 957 diligentiam
695 923 789 950 saltem
805 923 865 957 ejus

71 964 167 990 solitam
182 965 226 992 hic
238 966 455 994 desideramus.
468 967 630 1002 Responch
641 968 774 1000 secundo,
785 977 864 996 nsunt

73 1009 136 1036 hunc
148 1010 374 1039 Alexandrinum
389 1034 396 1046 ,
409 1014 500 1048 qualis
513 1015 602 1049 qualis
631 1014 691 1047 fuit,
724 1023 776 1042 non
803 1024 865 1043 esse

72 1054 211 1090 disciplinae
223 1057 384 1091 lgnatianas
401 1060 470 1086 adeo
486 1061 668 1093 contrarium,
682 1065 708 1087 et
720 1069 751 1088 ex
761 1061 865 1089 diame-

75 1106 111 1127 tro
123 1104 292 1137 oppositum,
315 1110 346 1131 ut
372 1105 436 1132 inde
452 1106 588 1140 ignoratio
608 1106 704 1141 lgnalii
727 1107 863 1142 epistolici

74 1147 153 1182 colligi
169 1150 268 1183 possit.
290 1149 422 1177 Obtinuit
438 1151 510 1178 enim
529 1151 555 1178 in
571 1153 715 1180 vacatione
737 1153 820 1184 sedis,
837 1156 865 1178 et

77 1193 106 1220 ad
119 1194 278 1222 electionem
294 1201 347 1223 aut
363 1197 561 1231 promotionem
578 1203 683 1224 tantum
698 1208 702 1224 ι
716 1203 803 1233 pectat
818 1207 824 1225 :
838 1203 865 1225 at

77 1239 105 1266 de
115 1241 252 1268 vacatione
280 1242 383 1274 sedis,
400 1243 434 1269 de
456 1243 600 1275 electione,
619 1249 666 1270 aut
692 1244 863 1278 promotione

79 1287 183 1322 episcopi
202 1289 272 1316 nihil
287 1289 405 1324 scripsit
418 1289 547 1323 lgnatins.
562 1290 721 1325 Alloqultur
732 1291 861 1326 populum

78 1332 262 1367 Christianum,
271 1343 398 1370 eumque
410 1335 442 1362 ad
459 1336 641 1363 obedientiam
653 1337 789 1371 episcopis
804 1337 862 1364 suis

82 1379 124 1406 sibi
142 1382 293 1416 pnepositis
305 1382 495 1416 praestandam
518 1383 662 1415 hortatur,
687 1388 715 1411 et
737 1384 804 1411 nihil
834 1385 860 1411 in

80 1425 261 1454 ecclesiasticis
280 1427 404 1462 negotiis
423 1428 482 1455 sine
511 1428 565 1455 illis
581 1429 714 1463 agendum
743 1435 836 1457 monet
852 1440 859 1463 ;

84 1471 146 1503 quid,
160 1473 289 1508 episcopo
303 1475 451 1507 defuncto,
466 1474 620 1502 faciendum
630 1477 675 1507 sit,
692 1475 804 1503 minime
812 1477 861 1504 do-

83 1519 124 1541 cet.
139 1517 291 1553 Alloquitur
303 1527 359 1547 eos
373 1520 406 1546 ad
422 1528 491 1554 quos
510 1520 605 1547 scribit
621 1521 655 1548 de
671 1521 806 1556 episcopis
818 1523 860 1548 vi-

84 1563 203 1597 rentibus,
218 1573 272 1595 non
288 1567 329 1593 de
342 1566 468 1598 mortuis,
483 1567 517 1594 de
528 1567 597 1600 suis,
614 1575 668 1593 non
693 1567 727 1594 de
752 1568 860 1597 alienis.

85 1606 194 1642 Seipsum
220 1612 288 1638 satis
305 1612 429 1647 explicat
457 1611 577 1646 Epistola
595 1613 629 1639 ad
657 1612 859 1648 Smyrnenses:

88 1652 171 1681 Nullus
191 1657 244 1684 sine
276 1659 404 1693 episcopo
432 1658 533 1693 aliquid
558 1664 678 1693 operetur
695 1667 786 1686 eorum
801 1669 860 1695 qua:

84 1703 220 1730 conveniunt
234 1705 269 1730 ad
282 1704 445 1735 Ecclesium,
465 1705 538 1731 verbi
554 1705 651 1740 gratia,
663 1705 711 1732 illa
724 1706 803 1740 ﬁrma
815 1707 861 1734 de-

87 1750 146 1770 num
168 1748 333 1776 eucharistia
362 1755 496 1784 repntemr
510 1770 518 1782 ,
537 1758 596 1784 quw
613 1750 660 1776 sub
676 1751 733 1785 ipso
757 1756 805 1783 est,
821 1751 860 1778 vel

88 1797 152 1822 quam
163 1794 248 1828 utique
262 1796 323 1831 ipse
336 1798 500 1823 antecesserit.
531 1796 592 1822 Non
611 1797 714 1823 licitum
742 1802 780 1824 est
804 1798 860 1825 sine

85 1836 190 1869 τρίπορο
198 1848 278 1875 neque
294 1842 446 1875 baptizare,
469 1850 548 1876 neque
561 1851 661 1876 agapen
681 1843 788 1876 facere;
807 1843 859 1871 hoc

88 1885 132 1910 tu.
146 1883 225 1912 ollicia
241 1887 337 1914 divina
349 1895 404 1914 non
419 1895 484 1915 sunt
507 1889 534 1914 in
561 1887 683 1915 Ecclesia
706 1890 858 1924 peragenda

91 1924 273 1966 sineepiseopo,
284 1938 337 1960 aut
351 1933 413 1968 ejus
425 1933 614 1961 concessione.
629 1933 667 1961 lta
678 1933 858 1969 Polycarpum

91 1972 227 2015 §Piscopum
241 1984 349 2012 monet,
367 1984 396 2006 ut
410 1979 477 2006 nihil
489 1980 548 2007 sine
570 1980 705 2008 sententia
726 1981 786 2015 ejus
801 1982 857 2008 liat.

93 2014 120 2044 Ut
131 2025 209 2047 autem
224 2022 280 2051 haec
296 2024 450 2051 admonitio
474 2024 626 2060 Polycarpo
643 2026 706 2053 data
734 2014 859 2060 spectare

95 2070 137 2090 non
149 2069 226 2099 potuit
235 2069 271 2110 ad
285 2077 333 2100 ea,
354 2077 415 2104 quas
440 2071 498 2105 ipso
510 2076 620 2098 mortuo
642 2071 669 2098 in
698 2078 858 2099 successore

94 2111 260 2142 constituendo
272 2116 431 2151 peragenda
447 2121 550 2148 essent,
562 2117 599 2144 ita
610 2124 660 2144 nec
679 2117 800 2151 reliquas.
828 2116 857 2144 Si

95 2157 252 2187 extendantur
272 2161 360 2188 verba
374 2161 471 2196 lgnatii
495 2163 565 2190 ultra
580 2171 661 2190 suum
688 2164 857 2199 propositum

917 232 1047 268 episcopo
1073 233 1250 265 contulerint,
1280 233 1412 260 incertum
1432 237 1488 260 est:
1510 231 1544 259 In
1567 232 1706 259 excelsiorl

916 278 1002 313 gradu
1031 279 1191 305 collocatum
1223 279 1372 313 episcopum
1400 279 1584 309 nominabant,
1615 279 1705 313 inquit

917 323 1110 360 Hieronymus.
1127 324 1165 351 Ex
1186 328 1241 351 tam
1258 324 1432 358 generalibus
1445 324 1537 351 verbis
1549 324 1614 358 quid
1636 331 1706 358 prae»

917 372 960 394 ter
971 368 1131 396 electionem
1145 369 1326 396 determinate
1351 368 1452 396 factum
1468 369 1503 396 sit
1519 369 1631 403 intelligi
1648 376 1703 396 non

916 417 1016 447 potest.
1035 412 1183 448 Eutychius
1198 413 1284 447 addit,
1301 413 1411 440 eosdem
1425 413 1508 448 capiti
1533 414 1593 448 ejus
1606 422 1705 442 manus

917 459 1093 494 imposuisse,
1117 459 1298 492 benedixisse,
1322 464 1350 486 et
1380 459 1563 494 patriarcham
1585 467 1703 488 creasse.

908 504 969 543 ,Scd
996 505 1160 540 Eutycltium
1195 513 1229 533 ex
1260 513 1337 533 more
1372 505 1415 532 sui
1450 507 1542 533 saeculi
1583 507 1704 535 locutum

895 542 902 550 ’
917 551 1016 583 fuisse.
1033 551 1150 579 dubitari
1167 559 1220 579 non
1238 556 1335 586 potest.
1364 551 1530 579 Palriarcha:
1551 554 1625 580 enim
1650 554 1705 588 pri-

916 597 1009 630 nuevis
1029 596 1157 624 Ecclesizr
1171 597 1362 625 Alexandrinae
1377 598 1547 632 temporibus
1570 599 1636 626 nulli
1661 591 1705 626 iii-

916 647 958 670 ter
983 642 1156 670 Christianos
1185 643 1271 671 fuere.
1303 644 1375 670 Idem
1398 649 1454 671 tmn
1480 645 1513 672 de
1532 645 1704 680 impositione

915 697 1056 718 manuum.
1070 694 1127 716 tum
1142 690 1175 716 de
1190 690 1378 716 benedictione
1398 690 1481 716 sentit
1509 689 1660 718 Salmasius
1676 692 1702 717 in

914 735 1073 770 Apparatu:
1098 734 1177 765 Puto,
1193 735 1291 769 inquit,
1306 734 1468 770 Eulycltium
1483 736 1518 762 ad
1532 744 1608 762 suam
1638 741 1704 762 icta-

915 786 967 807 tem
978 780 1130 815 respecisse,
1147 789 1199 815 qua
1213 780 1270 814 jam
1285 781 1316 806 ab
1333 780 1478 806 Alexandri
1492 789 1571 815 usque
1586 781 1704 814 patriar-

915 826 970 852 cqu
998 831 1023 852 et
1051 825 1155 853 Nica'ni
1174 826 1279 852 εοηειιὶἰ
1294 825 1453 859 temporibus
1465 825 1579 859 episcopi
1592 826 1702 860 imposi-

881 870 902 897 Β
917 872 987 898 tione
1003 880 1129 898 manuum
1152 873 1391 903 consecrabantur,
1415 877 1439 898 et
1464 872 1588 898 similiter
1608 872 1703 898 existi—

917 923 1002 941 masse
1021 911 1126 949 quando
1150 916 1294 950 presbyteri
1320 916 1448 951 eligebant
1477 917 1627 951 episcopum
1655 917 1703 943 hoc

915 960 1004 986 eodeni
1019 961 1071 986 ritu
1087 968 1147 986 usos
1161 968 1226 986 esse.
1241 960 1344 986 Diserte
1359 965 1445 986 tamen
1459 959 1634 993 Hieronymus
1646 960 1703 986 sine

916 1006 1120 1037 consecratione,
1137 1005 1184 1031 hoc
1195 1010 1233 1032 est
1245 1004 1299 1030 sine
1313 1011 1437 1030 manuum
1450 1004 1628 1039 impositione,
1644 1006 1702 1039 epi-

915 1059 1021 1085 scopum
1032 1051 1101 1077 dese
1115 1051 1222 1085 elegisse
1237 1056 1338 1077 narrat.
1356 1050 1494 1085 Quidquid
1513 1050 1597 1085 igitur
1623 1050 1701 1077 dixe-

916 1096 951 1122 rit
967 1095 1150 1131 llieronymus
1162 1096 1195 1123 de
1222 1096 1366 1127 electione,
1394 1096 1526 1131 quidquid
1553 1095 1702 1131 Entycbins

915 1150 947 1170 ex
976 1142 1070 1169 eadem
1095 1142 1238 1168 traditione
1253 1163 1260 1174 ,
1281 1148 1310 1168 ut
1337 1143 1452 1174 volunt,
1479 1142 1512 1169 de
1529 1142 1702 1176 imposillonc

915 1194 1046 1213 manuum
1061 1187 1162 1219 addita,
1174 1194 1256 1221 quam
1271 1195 1303 1214 ex
1320 1187 1362 1213 sui
1381 1187 1473 1214 saeculi
1489 1195 1565 1214 more
1581 1192 1702 1214 tantum-

915 1232 998 1260 modo
1013 1233 1187 1267 excogitavit,
1202 1237 1228 1260 et
1247 1233 1414 1269 presbyteris
1433 1241 1574 1268 perperam
1595 1233 1700 1265 allixit;

914 1279 973 1306 ﬁeri
988 1284 1074 1314 potest
1089 1279 1180 1306 utalia
1192 1279 1302 1306 traditio
1313 1280 1394 1306 etiam
1410 1287 1474 1306 vera
1488 1280 1533 1311 sit,
1545 1288 1606 1314 qua:
1618 1281 1700 1307 etiam

914 1330 984 1356 tum,
1003 1333 1065 1352 cum
1079 1333 1112 1352 ex
1131 1326 1297 1360 presbyteris
1311 1326 1413 1354 electos
1427 1327 1512 1353 fuisse
1527 1326 1622 1353 volunt
1636 1325 1700 1353 Ilie-

914 1379 1046 1406 ronymus
1061 1376 1088 1399 et
1112 1370 1273 1406 Eutychius,
1290 1372 1436 1406 episcopos
1451 1371 1651 1399 Alexandrinos
1666 1372 1702 1398 ab

913 1418 975 1444 aliis
990 1418 1131 1445 ordinatos
1145 1418 1230 1445 fuisse
1245 1418 1379 1452 perbibet.
1408 1417 1492 1445 Libro
1505 1419 1578 1445 enim
1593 1418 1700 1445 Consti-

914 1465 1045 1491 tutionum
1064 1463 1270 1498 apostolicarum
1288 1471 1337 1496 vn,
1353 1471 1414 1498 cap.
1431 1463 1476 1496 48,
1493 1464 1623 1498 legimus:
1646 1463 1700 1499 Τῆς

912 1510 941 1537 δὲ
964 1509 1159 1546 Ἀλεξανδρέων
1191 1509 1326 1542 Ἀννιανὸς
1350 1509 1457 1546 πρῶτος
1482 1510 1535 1537 ἀπὸ
1560 1509 1618 1545 (vel
1630 1510 1700 1545 ὑπὸ)

913 1557 1028 1592 Μάρκου
1050 1556 1243 1591 εὐαγγελιστοῦ
1267 1556 1504 1592 κεχειροτόνηται·
1522 1556 1646 1592 δεύτερκς
1673 1556 1700 1582 δὲ

919 1603 1049 1635 ’Δϐιλλιος
1068 1601 1121 1630 ὑπὸ
1137 1603 1229 1630 Λουκᾶ
1245 1603 1292 1629 καὶ
1309 1603 1390 1629 αὑτοῦ
1407 1602 1612 1636 εὐαγγελιστοῦ.
1638 1602 1701 1629 Ale-

911 1649 1052 1676 xandrinw
1064 1647 1190 1675 Ecclesia:
1202 1649 1302 1683 prinms
1320 1648 1439 1675 Arrianus
1450 1656 1466 1675 α
1478 1648 1569 1675 Marco
1588 1656 1699 1683 evange-

911 1695 975 1722 lista
990 1695 1129 1721 ordinatus
1143 1700 1198 1726 est;
1214 1694 1343 1721 secundus
1358 1699 1446 1720 autem
1460 1693 1562 1720 Abilius
1588 1702 1604 1720 a
1626 1693 1698 1720 Luca

911 1740 1003 1766 itidem
1014 1740 1183 1774 evangelista.
1194 1738 1298 1772 Quarto
1306 1739 1452 1765 Domitiani
1469 1746 1541 1765 anno
1550 1759 1558 1772 ,
1574 1739 1601 1765 in
1614 1738 1701 1765 Chro-

911 1786 973 1813 nico
987 1785 1155 1821 Hieronymi,
1174 1785 1291 1818 Abilius,
1308 1790 1338 1812 ut
1355 1785 1412 1820 ipse
1427 1785 1494 1816 vult,
1509 1793 1542 1812 ex
1558 1784 1698 1819 presbyte-

911 1831 950 1858 ris
966 1832 1080 1864 elcctus,
1096 1832 1247 1858 secundum
1262 1831 1419 1858 Graecorum
1441 1830 1617 1858 traditionem
1631 1838 1646 1857 a
1666 1830 1695 1857 S.

910 1877 984 1904 Luca
1000 1878 1144 1905 ordinatus
1156 1882 1207 1905 est.
1226 1877 1316 1904 Abilio
1331 1878 1425 1911 (quem
1440 1877 1549 1904 Mclium
1562 1877 1698 1911 appellare

910 1924 1016 1950 videtur
1031 1929 1126 1951 auctor
1146 1923 1212 1950 Vitae
1234 1923 1262 1949 S.
1282 1923 1368 1949 Marci
1381 1931 1546 1958 anonymus,
1569 1931 1621 1949 non
1635 1925 1696 1949 tan-

910 1974 966 1996 tum
982 1970 1045 2005 quia
1064 1971 1091 1997 in
1103 1978 1183 1996 manu
1197 1970 1314 1996 exaratis
1342 1969 1475 1996 codicibus
1492 1969 1507 2004 β
1521 1972 1547 1996 et
1563 1977 1582 2003 μ
1602 1968 1695 1995 eadem

909 2015 965 2042 fere
981 2017 1067 2050 ligura
1075 2017 1182 2051 pingere
1195 2024 1250 2042 mos
1263 2016 1325 2050 fuit,
1336 2021 1365 2042 ut
1380 2020 1457 2042 notat
1470 2015 1634 2042 lilondeilus.
1649 2014 1696 2041 sed

909 2063 990 2089 etiam
1006 2063 1078 2097 quod
1091 2071 1109 2097 η
1126 2067 1153 2089 et
1167 2071 1174 2088 ι
1186 2070 1220 2089 ex
1236 2062 1366 2088 allinitate
1379 2061 1614 2096 pronuntiationis
1625 2065 1696 2094 saepe

910 2108 936 2135 in
950 2116 1016 2135 mss.
1033 2108 1189 2143 promiscue
1205 2115 1389 2142 usurpentur:
1414 2116 1502 2142 neque
1516 2107 1629 2134 Latinus
1643 2106 1695 2133 Le-

909 2156 1050 2190 gendarius
1067 2163 1100 2182 ex
1113 2155 1205 2182 Abilio
1218 2155 1329 2182 Melium
1352 2154 1426 2187 fecit,
1454 2154 1501 2181 sed
1514 2175 1521 2187 ,
1537 2153 1644 2188 opinor,
1661 2154 1696 2180 ab

96 2199 162 2228 etiam
177 2204 207 2231 ad
218 2212 364 2242 episcopos
383 2208 498 2241 alienos,
522 2217 592 2244 quos
613 2209 658 2237 me
673 2198 764 2237 ιειηεξη
786 2219 857 2238 num
872 2210 895 2238 ι)
910 2201 1110 2236 antiquioribus
1134 2202 1171 2228 ita
1193 2201 1324 2235 scriptum
1354 2200 1474 2233 invenit;
1490 2204 1562 2226 certe
1577 2198 1695 2226 Severus

98 2250 163 2277 quam
172 2253 293 2286 respexit,
309 2253 388 2286 illud,
406 2254 473 2280 nihil
487 2255 543 2282 sine
557 2256 678 2290 episcopo
695 2257 856 2291 faciendum,

99 2297 140 2338 ll?"
150 2301 227 2327 potest
236 2299 368 2334 applicari
385 2299 419 2326 ad
435 2300 596 2328 electionem
618 2301 703 2329 futuri
719 2303 856 2338 episcopi;

101 2334 121 2360 id
129 2339 188 2366 enim
202 2341 225 2369 in
243 2345 442 2372 vetustissimis
454 2346 578 2374 ecclesiis
596 2355 738 2382 nunquam
753 2334 855 2376 factum

100 2385 139 2412 εει·
159 2389 183 2411 ut
205 2395 254 2416 non
268 2390 333 2417 sine
348 2390 477 2425 episcopo
487 2391 647 2426 episcopum
669 2393 768 2428 eligere
782 2398 857 2421 tene-

103 2431 184 2457 rentur.
197 2431 232 2459 An
247 2434 272 2461 id
283 2434 388 2462 dixisse
398 2434 520 2470 lgnatius
539 2435 700 2470 cpistolicus
719 2436 856 2471 putandus

101 2475 147 2516 est:
163 2474 217 2504 Sine
232 2481 360 2515 episcopo
390 2481 528 2508 neminem
558 2481 717 2516 episcopum
744 2481 856 2516 eligite?

105 2514 163 2547 θυοά
176 2522 203 2548 ad
215 2514 370 2554 electionem
384 2526 467 2562 igitur
480 2514 588 2559 attinet,
604 2514 793 2554 ceriissimuni
802 2531 853 2559 est,

104 2567 149 2612 “in
158 2572 197 2599 Per
209 2572 376 2608 presbyteros
391 2572 433 2599 vel
443 2580 476 2599 ex
488 2572 654 2607 presbyteris
677 2572 776 2599 iactam
795 2572 855 2599 sine

107 2612 214 2653 ιξωδεθβο.
223 2623 270 2644 non
286 2617 373 2646 fuisse
387 2618 503 2645 consilio
519 2617 661 2653 lgnatiano
674 2617 852 2645 contrariam.

108 2649 234 2699 ubicunque
247 2663 315 2691 facta
327 2669 370 2692 est
392 2663 450 2691 sive
466 2671 514 2699 per
531 2649 724 2699 presbyteros.
739 2663 782 2691 vel
797 2663 854 2698 ple—

107 2697 162 2733 ὶκω,
175 2705 222 2734 sive
239 2716 269 2736 ex
296 2710 474 2745 presbyteris,
496 2710 554 2737 sive
570 2718 603 2737 ex
619 2710 700 2742 aliis,
715 2709 774 2736 sine
795 2716 839 2744 epi

110 2751 171 2791 ΨοΡο
181 2755 277 2783 omnino
287 2756 344 2784 ﬁeri
360 2755 458 2791 potuit.
477 2755 549 2783 Usus
565 2755 649 2791 igitur
668 2755 712 2783 hic
724 2755 853 2783 Ecclesiae

112 2788 256 2837 ξμιὶῆύιιὶιιω
281 2802 308 2828 ίιι
326 2788 452 2837 eligendo
469 2788 598 2836 episcopo
614 2801 669 2828 dici
695 2808 748 2828 non
763 2804 852 2836 potest

113 2831 224 2872 “15°39an
235 2846 266 2875 ab
280 2831 386 2882 lgnatio
399 2831 505 2875 tradita:
517 2831 685 2875 contrarius.

909 2254 942 2273 ex
955 2246 1141 2281 antiquiorum
1156 2245 1342 2273 monumentis
1366 2253 1428 2272 eum
1444 2243 1590 2271 Melianum
1603 2247 1694 2275 vocat,

908 2300 989 2328 quem
1003 2293 1048 2319 alii
1064 2292 1195 2325 Abilium,
1211 2291 1363 2328 Eutychius
1377 2290 1544 2323 Philetium)
1562 2289 1695 2316 successit

907 2338 1024 2371 Cerdon,
1037 2338 1071 2365 ad
1084 2338 1164 2373 cujus
1179 2338 1384 2365 ordinationem
1407 2340 1436 2363 ut
1454 2340 1480 2362 et
1501 2334 1617 2361 aliorum
1633 2338 1695 2368 post

906 2390 1015 2416 eum,et
1028 2389 1091 2412 ante
1105 2384 1284 2416 Demetrium,
1296 2382 1417 2418 episcopi
1433 2389 1464 2408 ex
1477 2389 1508 2407 ea
1523 2380 1633 2414 regione
1648 2386 1694 2405 ac-

906 2436 1060 2463 cesserunt,
1075 2435 1105 2458 ut
1119 2431 1202 2458 tradit
1220 2429 1349 2460 Severus,
1366 2429 1412 2464 qui
1424 2427 1540 2455 Arabice
1558 2426 1632 2453 Vitas
1646 2433 1694 2460 pn-

907 2477 1089 2505 triarcharum
1097 2476 1347 2503 Alexandrinorum
1362 2474 1483 2508 scripsit,
1501 2472 1571 2507 apud
1586 2470 1694 2498 Eccln-l-

905 2522 1019 2549 lensem.
1036 2521 1162 2548 Nondum
1177 2522 1261 2556 igitur
1275 2525 1358 2556 patet,
1383 2519 1557 2554 presbyteros
1574 2516 1692 2543 Alexan-

906 2567 973 2594 dria:
989 2567 1173 2602 patriarcbam
1199 2567 1309 2599 fecisse,
1324 2565 1393 2601 quod
1419 2565 1566 2591 maa‘imum
1587 2569 1636 2595 est,
1664 2565 1693 2589 ut

905 2614 994 2650 inquit
1019 2613 1156 2641 Dallazus:
1184 2613 1271 2640 multo
1288 2613 1378 2639 minus
1405 2615 1489 2645 patet,
1518 2609 1692 2645 presbyteros

904 2661 1093 2697 presbyterum
1110 2659 1217 2692 fecisse,
1233 2659 1304 2694 quod
1317 2659 1376 2686 sine
1385 2656 1554 2692 Hieronymi,
1567 2656 1626 2683 sine
1637 2655 1692 2681 En-

904 2707 999 2742 tyebii,
1013 2706 1073 2733 sine
1085 2705 1239 2740 cuiuspiam
1256 2704 1418 2731 auctoritate
1436 2702 1528 2730 tradit.
1558 2700 1692 2728 Seldenus

903 2753 1013 2788 quidem
1029 2760 1063 2779 ex
1080 2759 1113 2779 eo
1125 2749 1283 2786 Hieronymi
1297 2750 1356 2777 loco
1368 2749 1458 2784 palam
1469 2755 1529 2775 esse
1542 2746 1609 2777 vult,
1625 2745 1690 2780 legi-

903 2799 998 2825 timam
1012 2797 1076 2825 olim
1091 2795 1257 2832 presbyteris
1272 2793 1466 2822 Alexandrinis
1476 2791 1620 2820 ordinandi
1633 2795 1690 2817 tum

903 2844 1062 2880 episcopum
1077 2841 1304 2875 Alexandrinum,
1316 2845 1374 2869 tum
1393 2838 1567 2875 presbyteros
1595 2835 1689 2864 saltem
