  <div class='ocr_page' id='page_1' title='image "/cluster/home/n/w/nwhite01/storage/ocr_20150623/5/njp.32101077772372/153.png"; bbox 0 0 1866 3073; ppageno 0'>
   <div class='ocr_carea' id='block_1_1' title="bbox 182 121 230 149">
    <p class='ocr_par' dir='ltr' id='par_1_1' title="bbox 182 121 230 149">
     <span class='ocr_line' id='line_1_1' title="bbox 182 121 230 149; baseline -0.021 0"><span class='ocrx_word' id='word_1_1' title='bbox 182 121 230 149; x_wconf 75' lang='lat'><strong>231</strong></span> 
     </span>
    </p>
   </div>
   <div class='ocr_carea' id='block_1_2' title="bbox 696 124 1255 154">
    <p class='ocr_par' dir='ltr' id='par_1_2' title="bbox 696 124 1255 154">
     <span class='ocr_line' id='line_1_2' title="bbox 696 124 1255 154; baseline 0.002 -3"><span class='ocrx_word' id='word_1_2' title='bbox 696 124 723 151; x_wconf 91' lang='lat' dir='ltr'><strong>S.</strong></span> <span class='ocrx_word' id='word_1_3' title='bbox 748 124 922 154; x_wconf 85' lang='lat' dir='ltr'><strong>lCNATIUS.</strong></span> <span class='ocrx_word' id='word_1_4' title='bbox 940 142 974 146; x_wconf 95' lang='lat'><strong>—-</strong></span> <span class='ocrx_word' id='word_1_5' title='bbox 986 125 1255 154; x_wconf 64' lang='lat' dir='ltr'><strong>PROLEGOAIENA.</strong></span> 
     </span>
    </p>
   </div>
   <div class='ocr_carea' id='block_1_3' title="bbox 1777 126 1834 154">
    <p class='ocr_par' dir='ltr' id='par_1_3' title="bbox 1777 126 1834 154">
     <span class='ocr_line' id='line_1_3' title="bbox 1777 126 1834 154; baseline 0.018 -1"><span class='ocrx_word' id='word_1_6' title='bbox 1777 126 1834 154; x_wconf 60' lang='grc' dir='ltr'><strong>πε</strong></span> 
     </span>
    </p>
   </div>
   <div class='ocr_carea' id='block_1_4' title="bbox 184 181 1835 221">
    <p class='ocr_par' dir='ltr' id='par_1_4' title="bbox 184 181 1835 221">
     <span class='ocr_line' id='line_1_4' title="bbox 184 181 1835 221; baseline 0.004 -13"><span class='ocrx_word' id='word_1_7' title='bbox 184 183 210 208; x_wconf 95' lang='lat' dir='ltr'><strong>in</strong></span> <span class='ocrx_word' id='word_1_8' title='bbox 231 181 352 210; x_wconf 82' lang='lat' dir='ltr'><strong>Ecclesia</strong></span> <span class='ocrx_word' id='word_1_9' title='bbox 367 182 551 210; x_wconf 80' lang='lat' dir='ltr'><strong>Alexandrina</strong></span> <span class='ocrx_word' id='word_1_10' title='bbox 566 183 722 212; x_wconf 71' lang='lat' dir='ltr'><strong>fat-ullatem</strong></span> <span class='ocrx_word' id='word_1_11' title='bbox 748 185 870 213; x_wconf 87' lang='lat' dir='ltr'><strong>habitam</strong></span> <span class='ocrx_word' id='word_1_12' title='bbox 893 194 972 219; x_wconf 82' lang='lat' dir='ltr'><strong>esse;</strong></span> <span class='ocrx_word' id='word_1_13' title='bbox 990 194 1011 219; x_wconf 75' lang='grc' dir='ltr'><strong>Α</strong></span> <span class='ocrx_word' id='word_1_14' title='bbox 1026 193 1051 213; x_wconf 83' lang='lat' dir='ltr'><strong>et</strong></span> <span class='ocrx_word' id='word_1_15' title='bbox 1063 187 1189 217; x_wconf 73' lang='lat' dir='ltr'><strong>castella;</strong></span> <span class='ocrx_word' id='word_1_16' title='bbox 1206 186 1371 221; x_wconf 74' lang='lat' dir='ltr'><strong>metropolim</strong></span> <span class='ocrx_word' id='word_1_17' title='bbox 1385 192 1474 213; x_wconf 77' lang='lat' dir='ltr'><strong>autem</strong></span> <span class='ocrx_word' id='word_1_18' title='bbox 1489 186 1566 213; x_wconf 62' lang='lat' dir='ltr'><strong>liabet</strong></span> <span class='ocrx_word' id='word_1_19' title='bbox 1593 186 1690 214; x_wconf 66' lang='lat' dir='ltr'><strong>Tamen</strong></span> <span class='ocrx_word' id='word_1_20' title='bbox 1701 208 1709 217; x_wconf 94' lang='lat'><strong>.</strong></span> <span class='ocrx_word' id='word_1_21' title='bbox 1737 189 1835 214; x_wconf 75' lang='lat' dir='ltr'><strong>urbem</strong></span> 
     </span>
    </p>
   </div>
   <div class='ocr_carea' id='block_1_5' title="bbox 183 229 975 265">
    <p class='ocr_par' dir='ltr' id='par_1_5' title="bbox 183 229 975 265">
     <span class='ocr_line' id='line_1_5' title="bbox 183 229 975 265; baseline 0.009 -11"><span class='ocrx_word' id='word_1_22' title='bbox 183 229 231 255; x_wconf 84' lang='lat' dir='ltr'><strong>sed</strong></span> <span class='ocrx_word' id='word_1_23' title='bbox 244 229 384 263; x_wconf 87' lang='lat' dir='ltr'><strong>quomodo</strong></span> <span class='ocrx_word' id='word_1_24' title='bbox 407 229 470 256; x_wconf 90' lang='lat' dir='ltr'><strong>inde</strong></span> <span class='ocrx_word' id='word_1_25' title='bbox 485 230 576 264; x_wconf 69' lang='lat' dir='ltr'><strong>colligi</strong></span> <span class='ocrx_word' id='word_1_26' title='bbox 596 231 692 265; x_wconf 88' lang='lat' dir='ltr'><strong>possit,</strong></span> <span class='ocrx_word' id='word_1_27' title='bbox 710 239 766 259; x_wconf 91' lang='lat' dir='ltr'><strong>non</strong></span> <span class='ocrx_word' id='word_1_28' title='bbox 781 232 871 260; x_wconf 89' lang='lat' dir='ltr'><strong>docet.</strong></span> <span class='ocrx_word' id='word_1_29' title='bbox 893 233 975 261; x_wconf 87' lang='lat' dir='ltr'><strong>Certe</strong></span> 
     </span>
    </p>
   </div>
   <div class='ocr_carea' id='block_1_6' title="bbox 183 273 973 313">
    <p class='ocr_par' dir='ltr' id='par_1_6' title="bbox 183 273 973 313">
     <span class='ocr_line' id='line_1_6' title="bbox 183 273 973 313; baseline 0.009 -13"><span class='ocrx_word' id='word_1_30' title='bbox 183 273 368 310; x_wconf 83' lang='lat' dir='ltr'><strong>Hieronymus</strong></span> <span class='ocrx_word' id='word_1_31' title='bbox 379 275 414 302; x_wconf 88' lang='lat' dir='ltr'><strong>de</strong></span> <span class='ocrx_word' id='word_1_32' title='bbox 435 276 609 303; x_wconf 86' lang='lat' dir='ltr'><strong>ordinatione</strong></span> <span class='ocrx_word' id='word_1_33' title='bbox 621 277 774 313; x_wconf 88' lang='lat' dir='ltr'><strong>presbyteri</strong></span> <span class='ocrx_word' id='word_1_34' title='bbox 792 286 845 306; x_wconf 90' lang='lat' dir='ltr'><strong>non</strong></span> <span class='ocrx_word' id='word_1_35' title='bbox 859 279 973 306; x_wconf 87' lang='lat' dir='ltr'><strong>omnino</strong></span> 
     </span>
    </p>
   </div>
   <div class='ocr_carea' id='block_1_7' title="bbox 182 320 972 358">
    <p class='ocr_par' dir='ltr' id='par_1_7' title="bbox 182 320 972 358">
     <span class='ocr_line' id='line_1_7' title="bbox 182 320 972 358; baseline 0.008 -12"><span class='ocrx_word' id='word_1_36' title='bbox 182 320 312 352; x_wconf 88' lang='lat' dir='ltr'><strong>loouitur,</strong></span> <span class='ocrx_word' id='word_1_37' title='bbox 329 321 382 348; x_wconf 88' lang='lat' dir='ltr'><strong>hoc</strong></span> <span class='ocrx_word' id='word_1_38' title='bbox 400 325 453 353; x_wconf 84' lang='lat' dir='ltr'><strong>est,</strong></span> <span class='ocrx_word' id='word_1_39' title='bbox 471 322 504 349; x_wconf 92' lang='lat' dir='ltr'><strong>de</strong></span> <span class='ocrx_word' id='word_1_40' title='bbox 521 322 681 358; x_wconf 75' lang='lat' dir='ltr'><strong>presbytero</strong></span> <span class='ocrx_word' id='word_1_41' title='bbox 697 331 745 358; x_wconf 89' lang='lat' dir='ltr'><strong>per</strong></span> <span class='ocrx_word' id='word_1_42' title='bbox 772 324 972 352; x_wconf 73' lang='lat' dir='ltr'><strong>ordinationem</strong></span> 
     </span>
    </p>
   </div>
   <div class='ocr_carea' id='block_1_8' title="bbox 181 367 973 406">
    <p class='ocr_par' dir='ltr' id='par_1_8' title="bbox 181 367 973 406">
     <span class='ocr_line' id='line_1_8' title="bbox 181 367 973 406; baseline 0.009 -14"><span class='ocrx_word' id='word_1_43' title='bbox 181 368 264 399; x_wconf 82' lang='lat' dir='ltr'><strong>facto,</strong></span> <span class='ocrx_word' id='word_1_44' title='bbox 277 367 333 393; x_wconf 90' lang='lat' dir='ltr'><strong>imo</strong></span> <span class='ocrx_word' id='word_1_45' title='bbox 349 374 437 402; x_wconf 88' lang='lat' dir='ltr'><strong>neque</strong></span> <span class='ocrx_word' id='word_1_46' title='bbox 451 368 484 395; x_wconf 86' lang='lat' dir='ltr'><strong>de</strong></span> <span class='ocrx_word' id='word_1_47' title='bbox 497 368 671 396; x_wconf 71' lang='lat' dir='ltr'><strong>ordinatione</strong></span> <span class='ocrx_word' id='word_1_48' title='bbox 680 370 835 405; x_wconf 90' lang='lat' dir='ltr'><strong>cujuspiam</strong></span> <span class='ocrx_word' id='word_1_49' title='bbox 851 379 898 406; x_wconf 88' lang='lat' dir='ltr'><strong>per</strong></span> <span class='ocrx_word' id='word_1_50' title='bbox 911 379 973 406; x_wconf 87' lang='lat' dir='ltr'><strong>pre-</strong></span> 
     </span>
    </p>
   </div>
   <div class='ocr_carea' id='block_1_9' title="bbox 181 412 971 452">
    <p class='ocr_par' dir='ltr' id='par_1_9' title="bbox 181 412 971 452">
     <span class='ocr_line' id='line_1_9' title="bbox 181 412 971 452; baseline 0.006 -12"><span class='ocrx_word' id='word_1_51' title='bbox 181 413 320 448; x_wconf 87' lang='lat' dir='ltr'><strong>sbyterum</strong></span> <span class='ocrx_word' id='word_1_52' title='bbox 334 412 406 440; x_wconf 86' lang='lat' dir='ltr'><strong>facta</strong></span> <span class='ocrx_word' id='word_1_53' title='bbox 415 421 449 440; x_wconf 91' lang='lat' dir='ltr'><strong>eo</strong></span> <span class='ocrx_word' id='word_1_54' title='bbox 463 414 515 441; x_wconf 90' lang='lat' dir='ltr'><strong>loci</strong></span> <span class='ocrx_word' id='word_1_55' title='bbox 532 414 645 450; x_wconf 82' lang='lat' dir='ltr'><strong>intelligi</strong></span> <span class='ocrx_word' id='word_1_56' title='bbox 668 421 776 450; x_wconf 87' lang='lat' dir='ltr'><strong>potest,</strong></span> <span class='ocrx_word' id='word_1_57' title='bbox 803 417 868 452; x_wconf 92' lang='lat' dir='ltr'><strong>quia</strong></span> <span class='ocrx_word' id='word_1_58' title='bbox 889 418 971 445; x_wconf 88' lang='lat' dir='ltr'><strong>verba</strong></span> 
     </span>
    </p>
   </div>
   <div class='ocr_carea' id='block_1_10' title="bbox 180 460 969 497">
    <p class='ocr_par' dir='ltr' id='par_1_10' title="bbox 180 460 969 497">
     <span class='ocr_line' id='line_1_10' title="bbox 180 460 969 497; baseline 0.008 -11"><span class='ocrx_word' id='word_1_59' title='bbox 180 467 242 494; x_wconf 63' lang='lat' dir='ltr'><strong>quas</strong></span> <span class='ocrx_word' id='word_1_60' title='bbox 263 460 387 494; x_wconf 79' lang='lat' dir='ltr'><strong>proxime</strong></span> <span class='ocrx_word' id='word_1_61' title='bbox 407 465 579 495; x_wconf 86' lang='lat' dir='ltr'><strong>sequuntur,</strong></span> <span class='ocrx_word' id='word_1_62' title='bbox 599 466 627 489; x_wconf 89' lang='lat' dir='ltr'><strong>et</strong></span> <span class='ocrx_word' id='word_1_63' title='bbox 642 462 798 497; x_wconf 88' lang='lat' dir='ltr'><strong>periocham</strong></span> <span class='ocrx_word' id='word_1_64' title='bbox 827 464 969 497; x_wconf 84' lang='lat' dir='ltr'><strong>claudunt,</strong></span> 
     </span>
    </p>
   </div>
   <div class='ocr_carea' id='block_1_11' title="bbox 180 506 971 545">
    <p class='ocr_par' dir='ltr' id='par_1_11' title="bbox 180 506 971 545">
     <span class='ocr_line' id='line_1_11' title="bbox 180 506 971 545; baseline 0.006 -12"><span class='ocrx_word' id='word_1_65' title='bbox 180 507 238 534; x_wconf 63' lang='lat' dir='ltr'><strong>hinc</strong></span> <span class='ocrx_word' id='word_1_66' title='bbox 254 510 332 533; x_wconf 88' lang='lat' dir='ltr'><strong>sunt:</strong></span> <span class='ocrx_word' id='word_1_67' title='bbox 351 506 421 539; x_wconf 80' lang='lat' dir='ltr'><strong>Quid</strong></span> <span class='ocrx_word' id='word_1_68' title='bbox 433 507 502 534; x_wconf 86' lang='lat' dir='ltr'><strong>enim</strong></span> <span class='ocrx_word' id='word_1_69' title='bbox 515 508 591 541; x_wconf 80' lang='lat' dir='ltr'><strong>facit,</strong></span> <span class='ocrx_word' id='word_1_70' title='bbox 601 515 709 543; x_wconf 72' lang='lat' dir='ltr'><strong>excepta</strong></span> <span class='ocrx_word' id='word_1_71' title='bbox 721 509 900 543; x_wconf 72' lang='lat' dir='ltr'><strong>ordinatione,</strong></span> <span class='ocrx_word' id='word_1_72' title='bbox 916 512 971 545; x_wconf 82' lang='lat' dir='ltr'><strong>epi-</strong></span> 
     </span>
    </p>
   </div>
   <div class='ocr_carea' id='block_1_12' title="bbox 179 554 971 593">
    <p class='ocr_par' dir='ltr' id='par_1_12' title="bbox 179 554 971 593">
     <span class='ocr_line' id='line_1_12' title="bbox 179 554 971 593; baseline 0.009 -14"><span class='ocrx_word' id='word_1_73' title='bbox 179 561 273 587; x_wconf 83' lang='lat' dir='ltr'><strong>scopus</strong></span> <span class='ocrx_word' id='word_1_74' title='bbox 287 574 294 586; x_wconf 92' lang='lat'><strong>,</strong></span> <span class='ocrx_word' id='word_1_75' title='bbox 316 554 386 588; x_wconf 76' lang='lat' dir='ltr'><strong>quod</strong></span> <span class='ocrx_word' id='word_1_76' title='bbox 400 554 534 588; x_wconf 74' lang='lat' dir='ltr'><strong>presbyter</strong></span> <span class='ocrx_word' id='word_1_77' title='bbox 551 563 603 582; x_wconf 86' lang='lat' dir='ltr'><strong>non</strong></span> <span class='ocrx_word' id='word_1_78' title='bbox 627 556 714 590; x_wconf 74' lang='lat' dir='ltr'><strong>facit!</strong></span> <span class='ocrx_word' id='word_1_79' title='bbox 724 556 764 584; x_wconf 91' lang='lat' dir='ltr'><strong>Ad</strong></span> <span class='ocrx_word' id='word_1_80' title='bbox 786 558 971 593; x_wconf 76' lang='lat' dir='ltr'><strong>quodcunque</strong></span> 
     </span>
    </p>
   </div>
   <div class='ocr_carea' id='block_1_13' title="bbox 179 599 971 633">
    <p class='ocr_par' dir='ltr' id='par_1_13' title="bbox 179 599 971 633">
     <span class='ocr_line' id='line_1_13' title="bbox 179 599 971 633; baseline 0.008 -8"><span class='ocrx_word' id='word_1_81' title='bbox 179 599 252 625; x_wconf 89' lang='lat' dir='ltr'><strong>enim</strong></span> <span class='ocrx_word' id='word_1_82' title='bbox 270 602 377 633; x_wconf 85' lang='lat' dir='ltr'><strong>tempus</strong></span> <span class='ocrx_word' id='word_1_83' title='bbox 392 599 449 627; x_wconf 78' lang='lat' dir='ltr'><strong>lucc</strong></span> <span class='ocrx_word' id='word_1_84' title='bbox 466 600 546 627; x_wconf 86' lang='lat' dir='ltr'><strong>verba</strong></span> <span class='ocrx_word' id='word_1_85' title='bbox 563 600 728 633; x_wconf 81' lang='lat' dir='ltr'><strong>referantur,</strong></span> <span class='ocrx_word' id='word_1_86' title='bbox 755 603 778 630; x_wconf 89' lang='lat' dir='ltr'><strong>si</strong></span> <span class='ocrx_word' id='word_1_87' title='bbox 801 603 836 630; x_wconf 84' lang='lat' dir='ltr'><strong>de</strong></span> <span class='ocrx_word' id='word_1_88' title='bbox 857 603 971 631; x_wconf 82' lang='lat' dir='ltr'><strong>ordina-</strong></span> 
     </span>
    </p>
   </div>
   <div class='ocr_carea' id='block_1_14' title="bbox 179 644 970 681">
    <p class='ocr_par' dir='ltr' id='par_1_14' title="bbox 179 644 970 681">
     <span class='ocr_line' id='line_1_14' title="bbox 179 644 970 681; baseline 0.008 -11"><span class='ocrx_word' id='word_1_89' title='bbox 179 644 253 672; x_wconf 91' lang='lat' dir='ltr'><strong>tione</strong></span> <span class='ocrx_word' id='word_1_90' title='bbox 271 652 318 679; x_wconf 84' lang='lat' dir='ltr'><strong>per</strong></span> <span class='ocrx_word' id='word_1_91' title='bbox 335 645 525 679; x_wconf 82' lang='lat' dir='ltr'><strong>presbyterum</strong></span> <span class='ocrx_word' id='word_1_92' title='bbox 541 645 613 673; x_wconf 86' lang='lat' dir='ltr'><strong>facta</strong></span> <span class='ocrx_word' id='word_1_93' title='bbox 629 647 737 674; x_wconf 88' lang='lat' dir='ltr'><strong>locutus</strong></span> <span class='ocrx_word' id='word_1_94' title='bbox 745 646 854 681; x_wconf 84' lang='lat' dir='ltr'><strong>fuisset,</strong></span> <span class='ocrx_word' id='word_1_95' title='bbox 868 648 914 676; x_wconf 90' lang='lat' dir='ltr'><strong>hic</strong></span> <span class='ocrx_word' id='word_1_96' title='bbox 928 648 970 676; x_wconf 90' lang='lat' dir='ltr'><strong>Io-</strong></span> 
     </span>
    </p>
   </div>
   <div class='ocr_carea' id='block_1_15' title="bbox 178 691 576 727">
    <p class='ocr_par' dir='ltr' id='par_1_15' title="bbox 178 691 576 727">
     <span class='ocr_line' id='line_1_15' title="bbox 178 691 576 727; baseline 0.003 -9"><span class='ocrx_word' id='word_1_97' title='bbox 178 699 240 718; x_wconf 90' lang='lat' dir='ltr'><strong>eum</strong></span> <span class='ocrx_word' id='word_1_98' title='bbox 264 691 365 719; x_wconf 82' lang='lat' dir='ltr'><strong>habere</strong></span> <span class='ocrx_word' id='word_1_99' title='bbox 385 700 439 719; x_wconf 92' lang='lat' dir='ltr'><strong>non</strong></span> <span class='ocrx_word' id='word_1_100' title='bbox 453 697 576 727; x_wconf 89' lang='lat' dir='ltr'><strong>possent.</strong></span> 
     </span>
    </p>
   </div>
   <div class='ocr_carea' id='block_1_16' title="bbox 213 737 969 775">
    <p class='ocr_par' dir='ltr' id='par_1_16' title="bbox 213 737 969 775">
     <span class='ocr_line' id='line_1_16' title="bbox 213 737 969 775; baseline 0.007 -11"><span class='ocrx_word' id='word_1_101' title='bbox 213 737 282 765; x_wconf 91' lang='lat' dir='ltr'><strong>Cum</strong></span> <span class='ocrx_word' id='word_1_102' title='bbox 310 738 393 773; x_wconf 80' lang='lat' dir='ltr'><strong>igitur</strong></span> <span class='ocrx_word' id='word_1_103' title='bbox 408 747 474 766; x_wconf 87' lang='lat' dir='ltr'><strong>usus</strong></span> <span class='ocrx_word' id='word_1_104' title='bbox 487 740 531 767; x_wconf 89' lang='lat' dir='ltr'><strong>ille</strong></span> <span class='ocrx_word' id='word_1_105' title='bbox 543 740 578 767; x_wconf 92' lang='lat' dir='ltr'><strong>de</strong></span> <span class='ocrx_word' id='word_1_106' title='bbox 602 740 737 768; x_wconf 85' lang='lat' dir='ltr'><strong>electione</strong></span> <span class='ocrx_word' id='word_1_107' title='bbox 753 746 780 768; x_wconf 89' lang='lat' dir='ltr'><strong>et</strong></span> <span class='ocrx_word' id='word_1_108' title='bbox 794 742 969 775; x_wconf 87' lang='lat' dir='ltr'><strong>promotione</strong></span> 
     </span>
    </p>
   </div>
   <div class='ocr_carea' id='block_1_17' title="bbox 177 784 969 822">
    <p class='ocr_par' dir='ltr' id='par_1_17' title="bbox 177 784 969 822">
     <span class='ocr_line' id='line_1_17' title="bbox 177 784 969 822; baseline 0.004 -11"><span class='ocrx_word' id='word_1_109' title='bbox 177 784 299 819; x_wconf 88' lang='lat' dir='ltr'><strong>episcopi</strong></span> <span class='ocrx_word' id='word_1_110' title='bbox 321 784 509 817; x_wconf 80' lang='lat' dir='ltr'><strong>Alexandrini,</strong></span> <span class='ocrx_word' id='word_1_111' title='bbox 530 786 620 820; x_wconf 84' lang='lat' dir='ltr'><strong>qualis</strong></span> <span class='ocrx_word' id='word_1_112' title='bbox 633 786 723 821; x_wconf 80' lang='lat' dir='ltr'><strong>qualis</strong></span> <span class='ocrx_word' id='word_1_113' title='bbox 749 785 841 817; x_wconf 83' lang='lat' dir='ltr'><strong>fuerit.</strong></span> <span class='ocrx_word' id='word_1_114' title='bbox 859 788 969 822; x_wconf 87' lang='lat' dir='ltr'><strong>(neque</strong></span> 
     </span>
    </p>
   </div>
   <div class='ocr_carea' id='block_1_18' title="bbox 178 830 966 867">
    <p class='ocr_par' dir='ltr' id='par_1_18' title="bbox 178 830 966 867">
     <span class='ocr_line' id='line_1_18' title="bbox 178 830 966 867; baseline 0.004 -10"><span class='ocrx_word' id='word_1_115' title='bbox 178 831 251 857; x_wconf 81' lang='lat' dir='ltr'><strong>etiim</strong></span> <span class='ocrx_word' id='word_1_116' title='bbox 267 831 468 858; x_wconf 84' lang='lat' dir='ltr'><strong>ordinationem</strong></span> <span class='ocrx_word' id='word_1_117' title='bbox 499 830 662 864; x_wconf 70' lang='lat' dir='ltr'><strong>Salmasius,</strong></span> <span class='ocrx_word' id='word_1_118' title='bbox 691 840 781 867; x_wconf 90' lang='lat' dir='ltr'><strong>neqtte</strong></span> <span class='ocrx_word' id='word_1_119' title='bbox 805 833 966 860; x_wconf 88' lang='lat' dir='ltr'><strong>electionem</strong></span> 
     </span>
    </p>
   </div>
   <div class='ocr_carea' id='block_1_19' title="bbox 179 877 969 914">
    <p class='ocr_par' dir='ltr' id='par_1_19' title="bbox 179 877 969 914">
     <span class='ocr_line' id='line_1_19' title="bbox 179 877 969 914; baseline 0.004 -10"><span class='ocrx_word' id='word_1_120' title='bbox 179 877 300 905; x_wconf 87' lang='lat' dir='ltr'><strong>admittit</strong></span> <span class='ocrx_word' id='word_1_121' title='bbox 313 877 486 911; x_wconf 82' lang='lat' dir='ltr'><strong>Bloudellus)</strong></span> <span class='ocrx_word' id='word_1_122' title='bbox 503 879 569 905; x_wconf 94' lang='lat' dir='ltr'><strong>nulli</strong></span> <span class='ocrx_word' id='word_1_123' title='bbox 594 878 675 906; x_wconf 81' lang='lat' dir='ltr'><strong>eﬂ&#39;ato</strong></span> <span class='ocrx_word' id='word_1_124' title='bbox 704 877 845 914; x_wconf 79' lang='lat' dir='ltr'><strong>lgnatiano</strong></span> <span class='ocrx_word' id='word_1_125' title='bbox 866 880 969 908; x_wconf 85' lang='lat' dir='ltr'><strong>directe</strong></span> 
     </span>
    </p>
   </div>
   <div class='ocr_carea' id='block_1_20' title="bbox 178 925 970 962">
    <p class='ocr_par' dir='ltr' id='par_1_20' title="bbox 178 925 970 962">
     <span class='ocr_line' id='line_1_20' title="bbox 178 925 970 962; baseline 0.005 -12"><span class='ocrx_word' id='word_1_126' title='bbox 178 929 351 959; x_wconf 84' lang='lat' dir='ltr'><strong>opponatur,</strong></span> <span class='ocrx_word' id='word_1_127' title='bbox 367 931 394 952; x_wconf 86' lang='lat' dir='ltr'><strong>et</strong></span> <span class='ocrx_word' id='word_1_128' title='bbox 417 929 553 959; x_wconf 87' lang='lat' dir='ltr'><strong>supponat</strong></span> <span class='ocrx_word' id='word_1_129' title='bbox 568 925 651 952; x_wconf 87' lang='lat' dir='ltr'><strong>etiam</strong></span> <span class='ocrx_word' id='word_1_130' title='bbox 680 926 804 953; x_wconf 84' lang='lat' dir='ltr'><strong>eamdem</strong></span> <span class='ocrx_word' id='word_1_131' title='bbox 828 926 970 962; x_wconf 84' lang='lat' dir='ltr'><strong>regiminis</strong></span> 
     </span>
    </p>
   </div>
   <div class='ocr_carea' id='block_1_21' title="bbox 178 970 968 1008">
    <p class='ocr_par' dir='ltr' id='par_1_21' title="bbox 178 970 968 1008">
     <span class='ocr_line' id='line_1_21' title="bbox 178 970 968 1008; baseline 0.004 -11"><span class='ocrx_word' id='word_1_132' title='bbox 178 970 294 998; x_wconf 86' lang='lat' dir='ltr'><strong>formam</strong></span> <span class='ocrx_word' id='word_1_133' title='bbox 307 970 478 998; x_wconf 63' lang='lat' dir='ltr'><strong>Alexandriae</strong></span> <span class='ocrx_word' id='word_1_134' title='bbox 490 971 524 998; x_wconf 87' lang='lat' dir='ltr'><strong>ab</strong></span> <span class='ocrx_word' id='word_1_135' title='bbox 533 971 612 998; x_wconf 91' lang='lat' dir='ltr'><strong>initio</strong></span> <span class='ocrx_word' id='word_1_136' title='bbox 620 979 728 1006; x_wconf 88' lang='lat' dir='ltr'><strong>semper</strong></span> <span class='ocrx_word' id='word_1_137' title='bbox 736 971 873 1004; x_wconf 85' lang='lat' dir='ltr'><strong>ﬂoruisse,</strong></span> <span class='ocrx_word' id='word_1_138' title='bbox 885 980 968 1008; x_wconf 91' lang='lat' dir='ltr'><strong>quam</strong></span> 
     </span>
    </p>
   </div>
   <div class='ocr_carea' id='block_1_22' title="bbox 179 1017 970 1052">
    <p class='ocr_par' dir='ltr' id='par_1_22' title="bbox 179 1017 970 1052">
     <span class='ocr_line' id='line_1_22' title="bbox 179 1017 970 1052; baseline 0.005 -9"><span class='ocrx_word' id='word_1_139' title='bbox 179 1017 295 1052; x_wconf 85' lang='lat' dir='ltr'><strong>requirit</strong></span> <span class='ocrx_word' id='word_1_140' title='bbox 319 1022 345 1044; x_wconf 88' lang='lat' dir='ltr'><strong>et</strong></span> <span class='ocrx_word' id='word_1_141' title='bbox 361 1017 454 1044; x_wconf 90' lang='lat' dir='ltr'><strong>laudat</strong></span> <span class='ocrx_word' id='word_1_142' title='bbox 470 1017 610 1052; x_wconf 76' lang='lat' dir='ltr'><strong>lgnatius;</strong></span> <span class='ocrx_word' id='word_1_143' title='bbox 628 1025 746 1052; x_wconf 90' lang='lat' dir='ltr'><strong>cumque</strong></span> <span class='ocrx_word' id='word_1_144' title='bbox 772 1018 891 1046; x_wconf 86' lang='lat' dir='ltr'><strong>durante</strong></span> <span class='ocrx_word' id='word_1_145' title='bbox 916 1020 970 1047; x_wconf 85' lang='lat' dir='ltr'><strong>hoc</strong></span> 
     </span>
    </p>
   </div>
   <div class='ocr_carea' id='block_1_23' title="bbox 179 1063 970 1099">
    <p class='ocr_par' dir='ltr' id='par_1_23' title="bbox 179 1063 970 1099">
     <span class='ocr_line' id='line_1_23' title="bbox 179 1063 970 1099; baseline 0.004 -9"><span class='ocrx_word' id='word_1_146' title='bbox 179 1071 242 1095; x_wconf 90' lang='lat' dir='ltr'><strong>usu,</strong></span> <span class='ocrx_word' id='word_1_147' title='bbox 259 1063 311 1091; x_wconf 83' lang='lat' dir='ltr'><strong>sub</strong></span> <span class='ocrx_word' id='word_1_148' title='bbox 326 1068 448 1098; x_wconf 90' lang='lat' dir='ltr'><strong>tempora</strong></span> <span class='ocrx_word' id='word_1_149' title='bbox 466 1063 606 1097; x_wconf 86' lang='lat' dir='ltr'><strong>Demetrii,</strong></span> <span class='ocrx_word' id='word_1_150' title='bbox 634 1063 776 1099; x_wconf 77' lang='lat' dir='ltr'><strong>Origenes,</strong></span> <span class='ocrx_word' id='word_1_151' title='bbox 797 1065 970 1094; x_wconf 72' lang='lat' dir='ltr'><strong>Alexandria:</strong></span> 
     </span>
    </p>
   </div>
   <div class='ocr_carea' id='block_1_24' title="bbox 179 1109 969 1146">
    <p class='ocr_par' dir='ltr' id='par_1_24' title="bbox 179 1109 969 1146">
     <span class='ocr_line' id='line_1_24' title="bbox 179 1109 969 1146; baseline 0.004 -10"><span class='ocrx_word' id='word_1_152' title='bbox 179 1109 281 1137; x_wconf 70' lang='lat' dir='ltr'><strong>scholae</strong></span> <span class='ocrx_word' id='word_1_153' title='bbox 289 1109 486 1137; x_wconf 86' lang='lat' dir='ltr'><strong>celeberrimus</strong></span> <span class='ocrx_word' id='word_1_154' title='bbox 500 1109 662 1143; x_wconf 82' lang='lat' dir='ltr'><strong>catechista,</strong></span> <span class='ocrx_word' id='word_1_155' title='bbox 671 1109 767 1145; x_wconf 81' lang='lat' dir='ltr'><strong>lgnatii</strong></span> <span class='ocrx_word' id='word_1_156' title='bbox 780 1111 910 1146; x_wconf 86' lang='lat' dir='ltr'><strong>epistolas</strong></span> <span class='ocrx_word' id='word_1_157' title='bbox 923 1120 969 1139; x_wconf 83' lang='lat' dir='ltr'><strong>no-</strong></span> 
     </span>
    </p>
   </div>
   <div class='ocr_carea' id='block_1_25' title="bbox 178 1155 968 1191">
    <p class='ocr_par' dir='ltr' id='par_1_25' title="bbox 178 1155 968 1191">
     <span class='ocr_line' id='line_1_25' title="bbox 178 1155 968 1191; baseline 0.005 -10"><span class='ocrx_word' id='word_1_158' title='bbox 178 1155 248 1182; x_wconf 84' lang='lat' dir='ltr'><strong>verit</strong></span> <span class='ocrx_word' id='word_1_159' title='bbox 270 1155 467 1190; x_wconf 88' lang='lat' dir='ltr'><strong>citaveritque;</strong></span> <span class='ocrx_word' id='word_1_160' title='bbox 480 1163 514 1183; x_wconf 82' lang='lat' dir='ltr'><strong>ex</strong></span> <span class='ocrx_word' id='word_1_161' title='bbox 527 1155 581 1183; x_wconf 87' lang='lat' dir='ltr'><strong>hoc</strong></span> <span class='ocrx_word' id='word_1_162' title='bbox 601 1156 655 1183; x_wconf 75' lang='lat' dir='ltr'><strong>ritu</strong></span> <span class='ocrx_word' id='word_1_163' title='bbox 676 1156 767 1191; x_wconf 75' lang='lat' dir='ltr'><strong>colligi</strong></span> <span class='ocrx_word' id='word_1_164' title='bbox 793 1157 868 1184; x_wconf 91' lang='lat' dir='ltr'><strong>nullo</strong></span> <span class='ocrx_word' id='word_1_165' title='bbox 886 1158 968 1186; x_wconf 87' lang='lat' dir='ltr'><strong>modo</strong></span> 
     </span>
    </p>
   </div>
   <div class='ocr_carea' id='block_1_26' title="bbox 179 1201 968 1237">
    <p class='ocr_par' dir='ltr' id='par_1_26' title="bbox 179 1201 968 1237">
     <span class='ocr_line' id='line_1_26' title="bbox 179 1201 968 1237; baseline 0.005 -9"><span class='ocrx_word' id='word_1_166' title='bbox 179 1205 281 1236; x_wconf 77' lang='lat' dir='ltr'><strong>potest,</strong></span> <span class='ocrx_word' id='word_1_167' title='bbox 296 1201 431 1237; x_wconf 74' lang='lat' dir='ltr'><strong>Ignatium</strong></span> <span class='ocrx_word' id='word_1_168' title='bbox 450 1202 624 1236; x_wconf 88' lang='lat' dir='ltr'><strong>epistolicum</strong></span> <span class='ocrx_word' id='word_1_169' title='bbox 640 1203 689 1230; x_wconf 92' lang='lat' dir='ltr'><strong>toti</strong></span> <span class='ocrx_word' id='word_1_170' title='bbox 712 1204 903 1232; x_wconf 73' lang='lat' dir='ltr'><strong>Alexandrinae</strong></span> <span class='ocrx_word' id='word_1_171' title='bbox 921 1204 968 1233; x_wconf 88' lang='lat' dir='ltr'><strong>Ec-</strong></span> 
     </span>
    </p>
   </div>
   <div class='ocr_carea' id='block_1_27' title="bbox 179 1249 643 1284">
    <p class='ocr_par' dir='ltr' id='par_1_27' title="bbox 179 1249 643 1284">
     <span class='ocr_line' id='line_1_27' title="bbox 179 1249 643 1284; baseline -0.002 -7"><span class='ocrx_word' id='word_1_172' title='bbox 179 1249 270 1277; x_wconf 66' lang='lat' dir='ltr'><strong>clesiae</strong></span> <span class='ocrx_word' id='word_1_173' title='bbox 285 1250 395 1284; x_wconf 88' lang='lat' dir='ltr'><strong>penitus</strong></span> <span class='ocrx_word' id='word_1_174' title='bbox 407 1250 530 1284; x_wconf 82' lang='lat' dir='ltr'><strong>ignotum</strong></span> <span class='ocrx_word' id='word_1_175' title='bbox 548 1249 643 1277; x_wconf 86' lang='lat' dir='ltr'><strong>fuisse.</strong></span> 
     </span>
    </p>
   </div>
   <div class='ocr_carea' id='block_1_28' title="bbox 215 1295 968 1332">
    <p class='ocr_par' dir='ltr' id='par_1_28' title="bbox 215 1295 968 1332">
     <span class='ocr_line' id='line_1_28' title="bbox 215 1295 968 1332; baseline 0.004 -10"><span class='ocrx_word' id='word_1_176' title='bbox 215 1295 269 1322; x_wconf 86' lang='lat' dir='ltr'><strong>Sed</strong></span> <span class='ocrx_word' id='word_1_177' title='bbox 282 1300 309 1323; x_wconf 90' lang='lat' dir='ltr'><strong>et</strong></span> <span class='ocrx_word' id='word_1_178' title='bbox 321 1296 396 1322; x_wconf 80' lang='lat' dir='ltr'><strong>aliud</strong></span> <span class='ocrx_word' id='word_1_179' title='bbox 410 1296 548 1331; x_wconf 80' lang='lat' dir='ltr'><strong>quiddam,</strong></span> <span class='ocrx_word' id='word_1_180' title='bbox 563 1297 653 1332; x_wconf 89' lang='lat' dir='ltr'><strong>inquit</strong></span> <span class='ocrx_word' id='word_1_181' title='bbox 673 1296 801 1330; x_wconf 70' lang='lat' dir='ltr'><strong>Dallazus,</strong></span> <span class='ocrx_word' id='word_1_182' title='bbox 814 1306 865 1324; x_wconf 89' lang='lat' dir='ltr'><strong>non</strong></span> <span class='ocrx_word' id='word_1_183' title='bbox 881 1299 968 1325; x_wconf 74' lang='lat' dir='ltr'><strong>minus</strong></span> 
     </span>
    </p>
   </div>
   <div class='ocr_carea' id='block_1_29' title="bbox 179 1341 967 1379">
    <p class='ocr_par' dir='ltr' id='par_1_29' title="bbox 179 1341 967 1379">
     <span class='ocr_line' id='line_1_29' title="bbox 179 1341 967 1379; baseline 0.005 -12"><span class='ocrx_word' id='word_1_184' title='bbox 179 1341 301 1368; x_wconf 78' lang='lat' dir='ltr'><strong>mirabile</strong></span> <span class='ocrx_word' id='word_1_185' title='bbox 315 1343 389 1369; x_wconf 78' lang='lat' dir='ltr'><strong>docet</strong></span> <span class='ocrx_word' id='word_1_186' title='bbox 407 1341 569 1378; x_wconf 84' lang='lat' dir='ltr'><strong>Eutycltius,</strong></span> <span class='ocrx_word' id='word_1_187' title='bbox 584 1351 681 1379; x_wconf 86' lang='lat' dir='ltr'><strong>nempe</strong></span> <span class='ocrx_word' id='word_1_188' title='bbox 698 1345 774 1370; x_wconf 81' lang='lat' dir='ltr'><strong>annis</strong></span> <span class='ocrx_word' id='word_1_189' title='bbox 798 1353 814 1370; x_wconf 88' lang='lat' dir='ltr'><strong>a</strong></span> <span class='ocrx_word' id='word_1_190' title='bbox 828 1344 919 1371; x_wconf 83' lang='lat' dir='ltr'><strong>Marco</strong></span> <span class='ocrx_word' id='word_1_191' title='bbox 934 1346 967 1372; x_wconf 81' lang='lat' dir='ltr'><strong>ad</strong></span> 
     </span>
    </p>
   </div>
   <div class='ocr_carea' id='block_1_30' title="bbox 179 1386 968 1426">
    <p class='ocr_par' dir='ltr' id='par_1_30' title="bbox 179 1386 968 1426">
     <span class='ocr_line' id='line_1_30' title="bbox 179 1386 968 1426; baseline 0.006 -14"><span class='ocrx_word' id='word_1_192' title='bbox 179 1386 341 1414; x_wconf 81' lang='lat' dir='ltr'><strong>Demetrium</strong></span> <span class='ocrx_word' id='word_1_193' title='bbox 355 1393 559 1423; x_wconf 70' lang='lat' dir='ltr'><strong>prwtcrpropter</strong></span> <span class='ocrx_word' id='word_1_194' title='bbox 574 1389 645 1422; x_wconf 66' lang='grc'><strong>120,</strong></span> <span class='ocrx_word' id='word_1_195' title='bbox 658 1389 761 1416; x_wconf 86' lang='lat' dir='ltr'><strong>nullum</strong></span> <span class='ocrx_word' id='word_1_196' title='bbox 782 1394 866 1416; x_wconf 87' lang='lat' dir='ltr'><strong>totum</strong></span> <span class='ocrx_word' id='word_1_197' title='bbox 882 1390 968 1426; x_wconf 62' lang='grc' dir='ltr'><strong>Αἰαν-</strong></span> 
     </span>
    </p>
   </div>
   <div class='ocr_carea' id='block_1_31' title="bbox 178 1433 968 1471">
    <p class='ocr_par' dir='ltr' id='par_1_31' title="bbox 178 1433 968 1471">
     <span class='ocr_line' id='line_1_31' title="bbox 178 1433 968 1471; baseline 0.006 -12"><span class='ocrx_word' id='word_1_198' title='bbox 178 1435 262 1460; x_wconf 81' lang='lat' dir='ltr'><strong>otiam</strong></span> <span class='ocrx_word' id='word_1_199' title='bbox 276 1433 422 1461; x_wconf 76' lang='lat' dir='ltr'><strong>Ecclesium</strong></span> <span class='ocrx_word' id='word_1_200' title='bbox 436 1435 583 1470; x_wconf 77' lang='lat' dir='ltr'><strong>episcopum</strong></span> <span class='ocrx_word' id='word_1_201' title='bbox 598 1441 694 1471; x_wconf 73' lang='lat' dir='ltr'><strong>praeter</strong></span> <span class='ocrx_word' id='word_1_202' title='bbox 712 1444 792 1463; x_wconf 84' lang='lat' dir='ltr'><strong>unum</strong></span> <span class='ocrx_word' id='word_1_203' title='bbox 806 1436 968 1464; x_wconf 68' lang='lat' dir='ltr'><strong>Alexandri-</strong></span> 
     </span>
    </p>
   </div>
   <div class='ocr_carea' id='block_1_32' title="bbox 178 1479 969 1517">
    <p class='ocr_par' dir='ltr' id='par_1_32' title="bbox 178 1479 969 1517">
     <span class='ocr_line' id='line_1_32' title="bbox 178 1479 969 1517; baseline 0.006 -13"><span class='ocrx_word' id='word_1_204' title='bbox 178 1487 242 1505; x_wconf 85' lang='lat' dir='ltr'><strong>num</strong></span> <span class='ocrx_word' id='word_1_205' title='bbox 258 1479 387 1507; x_wconf 73' lang='lat' dir='ltr'><strong>habuisse.</strong></span> <span class='ocrx_word' id='word_1_206' title='bbox 416 1479 494 1508; x_wconf 88' lang='lat' dir='ltr'><strong>Unde</strong></span> <span class='ocrx_word' id='word_1_207' title='bbox 510 1481 551 1508; x_wconf 89' lang='lat' dir='ltr'><strong>sic</strong></span> <span class='ocrx_word' id='word_1_208' title='bbox 572 1481 709 1516; x_wconf 86' lang='lat' dir='ltr'><strong>disputat:</strong></span> <span class='ocrx_word' id='word_1_209' title='bbox 737 1481 861 1517; x_wconf 86' lang='lat' dir='ltr'><strong>Ignatius</strong></span> <span class='ocrx_word' id='word_1_210' title='bbox 880 1491 969 1510; x_wconf 72' lang='lat' dir='ltr'><strong>neces-</strong></span> 
     </span>
    </p>
   </div>
   <div class='ocr_carea' id='block_1_33' title="bbox 177 1526 967 1564">
    <p class='ocr_par' dir='ltr' id='par_1_33' title="bbox 177 1526 967 1564">
     <span class='ocr_line' id='line_1_33' title="bbox 177 1526 967 1564; baseline 0.004 -10"><span class='ocrx_word' id='word_1_211' title='bbox 177 1526 279 1554; x_wconf 80' lang='lat' dir='ltr'><strong>sarium</strong></span> <span class='ocrx_word' id='word_1_212' title='bbox 294 1535 350 1553; x_wconf 82' lang='lat' dir='ltr'><strong>esse</strong></span> <span class='ocrx_word' id='word_1_213' title='bbox 360 1527 464 1561; x_wconf 84' lang='lat' dir='ltr'><strong>deﬁnit,</strong></span> <span class='ocrx_word' id='word_1_214' title='bbox 480 1528 547 1554; x_wconf 81' lang='lat' dir='ltr'><strong>nihil</strong></span> <span class='ocrx_word' id='word_1_215' title='bbox 559 1528 657 1563; x_wconf 80' lang='lat' dir='ltr'><strong>absque</strong></span> <span class='ocrx_word' id='word_1_216' title='bbox 666 1529 786 1564; x_wconf 82' lang='lat' dir='ltr'><strong>episcopo</strong></span> <span class='ocrx_word' id='word_1_217' title='bbox 802 1530 916 1564; x_wconf 82' lang='lat' dir='ltr'><strong>operari.</strong></span> <span class='ocrx_word' id='word_1_218' title='bbox 932 1530 967 1557; x_wconf 83' lang='lat' dir='ltr'><strong>At</strong></span> 
     </span>
    </p>
   </div>
   <div class='ocr_carea' id='block_1_34' title="bbox 178 1569 969 1611">
    <p class='ocr_par' dir='ltr' id='par_1_34' title="bbox 178 1569 969 1611">
     <span class='ocr_line' id='line_1_34' title="bbox 178 1569 969 1611; baseline 0.005 -12"><span class='ocrx_word' id='word_1_219' title='bbox 178 1581 255 1600; x_wconf 85' lang='lat' dir='ltr'><strong>omne</strong></span> <span class='ocrx_word' id='word_1_220' title='bbox 272 1573 449 1600; x_wconf 73' lang='lat' dir='ltr'><strong>ministerium</strong></span> <span class='ocrx_word' id='word_1_221' title='bbox 475 1569 684 1601; x_wconf 71' lang='lat' dir='ltr'><strong>ecclesiasticum</strong></span> <span class='ocrx_word' id='word_1_222' title='bbox 696 1579 793 1610; x_wconf 82' lang='lat' dir='ltr'><strong>absque</strong></span> <span class='ocrx_word' id='word_1_223' title='bbox 806 1576 927 1611; x_wconf 81' lang='lat' dir='ltr'><strong>episcopo</strong></span> <span class='ocrx_word' id='word_1_224' title='bbox 941 1577 969 1603; x_wconf 85' lang='lat' dir='ltr'><strong>in</strong></span> 
     </span>
    </p>
   </div>
   <div class='ocr_carea' id='block_1_35' title="bbox 178 1618 968 1655">
    <p class='ocr_par' dir='ltr' id='par_1_35' title="bbox 178 1618 968 1655">
     <span class='ocr_line' id='line_1_35' title="bbox 178 1618 968 1655; baseline 0.005 -10"><span class='ocrx_word' id='word_1_225' title='bbox 178 1618 299 1645; x_wconf 75' lang='lat' dir='ltr'><strong>omnibus</strong></span> <span class='ocrx_word' id='word_1_226' title='bbox 318 1618 449 1654; x_wconf 65' lang='lat' dir='ltr'><strong>Egypti,</strong></span> <span class='ocrx_word' id='word_1_227' title='bbox 474 1625 583 1655; x_wconf 63' lang='lat' dir='ltr'><strong>excepta</strong></span> <span class='ocrx_word' id='word_1_228' title='bbox 608 1620 794 1653; x_wconf 71' lang='lat' dir='ltr'><strong>Alexandria,</strong></span> <span class='ocrx_word' id='word_1_229' title='bbox 818 1622 968 1649; x_wconf 78' lang='lat' dir='ltr'><strong>civitatibus</strong></span> 
     </span>
    </p>
   </div>
   <div class='ocr_carea' id='block_1_36' title="bbox 177 1664 969 1702">
    <p class='ocr_par' dir='ltr' id='par_1_36' title="bbox 177 1664 969 1702">
     <span class='ocr_line' id='line_1_36' title="bbox 177 1664 969 1702; baseline 0.005 -11"><span class='ocrx_word' id='word_1_230' title='bbox 177 1665 214 1691; x_wconf 85' lang='lat' dir='ltr'><strong>ad</strong></span> <span class='ocrx_word' id='word_1_231' title='bbox 229 1665 261 1692; x_wconf 72' lang='grc' dir='ltr'><strong>Α,</strong></span> <span class='ocrx_word' id='word_1_232' title='bbox 277 1664 307 1691; x_wconf 88' lang='lat' dir='ltr'><strong>D.</strong></span> <span class='ocrx_word' id='word_1_233' title='bbox 320 1665 371 1692; x_wconf 74' lang='lat'><strong>190</strong></span> <span class='ocrx_word' id='word_1_234' title='bbox 381 1672 517 1700; x_wconf 84' lang='lat' dir='ltr'><strong>peractum</strong></span> <span class='ocrx_word' id='word_1_235' title='bbox 530 1671 579 1693; x_wconf 80' lang='lat' dir='ltr'><strong>est.</strong></span> <span class='ocrx_word' id='word_1_236' title='bbox 590 1666 754 1702; x_wconf 59' lang='lat' dir='ltr'><strong>Egyptiacu</strong></span> <span class='ocrx_word' id='word_1_237' title='bbox 777 1667 861 1702; x_wconf 81' lang='lat' dir='ltr'><strong>igitur</strong></span> <span class='ocrx_word' id='word_1_238' title='bbox 875 1667 969 1696; x_wconf 83' lang='lat' dir='ltr'><strong>Eccle-</strong></span> 
     </span>
    </p>
   </div>
   <div class='ocr_carea' id='block_1_37' title="bbox 179 1710 711 1746">
    <p class='ocr_par' dir='ltr' id='par_1_37' title="bbox 179 1710 711 1746">
     <span class='ocr_line' id='line_1_37' title="bbox 179 1710 711 1746; baseline 0.006 -9"><span class='ocrx_word' id='word_1_239' title='bbox 179 1711 219 1737; x_wconf 75' lang='lat' dir='ltr'><strong>sia</strong></span> <span class='ocrx_word' id='word_1_240' title='bbox 234 1710 370 1746; x_wconf 78' lang='lat' dir='ltr'><strong>Ignatium</strong></span> <span class='ocrx_word' id='word_1_241' title='bbox 380 1711 548 1746; x_wconf 85' lang='lat' dir='ltr'><strong>epistolicum</strong></span> <span class='ocrx_word' id='word_1_242' title='bbox 563 1721 615 1739; x_wconf 84' lang='lat' dir='ltr'><strong>non</strong></span> <span class='ocrx_word' id='word_1_243' title='bbox 629 1713 711 1740; x_wconf 86' lang='lat' dir='ltr'><strong>novit.</strong></span> 
     </span>
    </p>
   </div>
   <div class='ocr_carea' id='block_1_38' title="bbox 215 1756 969 1795">
    <p class='ocr_par' dir='ltr' id='par_1_38' title="bbox 215 1756 969 1795">
     <span class='ocr_line' id='line_1_38' title="bbox 215 1756 969 1795; baseline 0.004 -12"><span class='ocrx_word' id='word_1_244' title='bbox 215 1756 380 1792; x_wconf 80' lang='lat' dir='ltr'><strong>Hespondeo</strong></span> <span class='ocrx_word' id='word_1_245' title='bbox 396 1759 496 1792; x_wconf 84' lang='lat' dir='ltr'><strong>primo,</strong></span> <span class='ocrx_word' id='word_1_246' title='bbox 511 1758 636 1786; x_wconf 84' lang='lat' dir='ltr'><strong>mirabile</strong></span> <span class='ocrx_word' id='word_1_247' title='bbox 647 1759 758 1794; x_wconf 86' lang='lat' dir='ltr'><strong>quidem</strong></span> <span class='ocrx_word' id='word_1_248' title='bbox 780 1764 823 1787; x_wconf 87' lang='lat' dir='ltr'><strong>est</strong></span> <span class='ocrx_word' id='word_1_249' title='bbox 836 1759 909 1795; x_wconf 90' lang='lat' dir='ltr'><strong>quod</strong></span> <span class='ocrx_word' id='word_1_250' title='bbox 919 1760 969 1787; x_wconf 89' lang='lat' dir='ltr'><strong>do-</strong></span> 
     </span>
    </p>
   </div>
   <div class='ocr_carea' id='block_1_39' title="bbox 178 1801 969 1838">
    <p class='ocr_par' dir='ltr' id='par_1_39' title="bbox 178 1801 969 1838">
     <span class='ocr_line' id='line_1_39' title="bbox 178 1801 969 1838; baseline 0.003 -8"><span class='ocrx_word' id='word_1_251' title='bbox 178 1808 223 1830; x_wconf 77' lang='lat' dir='ltr'><strong>cet</strong></span> <span class='ocrx_word' id='word_1_252' title='bbox 233 1801 395 1838; x_wconf 76' lang='lat' dir='ltr'><strong>Eutychius,</strong></span> <span class='ocrx_word' id='word_1_253' title='bbox 414 1803 461 1830; x_wconf 89' lang='lat' dir='ltr'><strong>sed</strong></span> <span class='ocrx_word' id='word_1_254' title='bbox 476 1803 499 1831; x_wconf 82' lang='lat' dir='ltr'><strong>si</strong></span> <span class='ocrx_word' id='word_1_255' title='bbox 518 1811 612 1831; x_wconf 73' lang='lat' dir='ltr'><strong>rerum</strong></span> <span class='ocrx_word' id='word_1_256' title='bbox 629 1804 712 1831; x_wconf 83' lang='lat' dir='ltr'><strong>etiam</strong></span> <span class='ocrx_word' id='word_1_257' title='bbox 727 1809 810 1836; x_wconf 85' lang='lat' dir='ltr'><strong>esset,</strong></span> <span class='ocrx_word' id='word_1_258' title='bbox 829 1813 882 1832; x_wconf 91' lang='lat' dir='ltr'><strong>non</strong></span> <span class='ocrx_word' id='word_1_259' title='bbox 907 1805 969 1833; x_wconf 85' lang='lat' dir='ltr'><strong>inde</strong></span> 
     </span>
    </p>
   </div>
   <div class='ocr_carea' id='block_1_40' title="bbox 178 1848 968 1886">
    <p class='ocr_par' dir='ltr' id='par_1_40' title="bbox 178 1848 968 1886">
     <span class='ocr_line' id='line_1_40' title="bbox 178 1848 968 1886; baseline 0.003 -10"><span class='ocrx_word' id='word_1_260' title='bbox 178 1854 351 1883; x_wconf 81' lang='lat' dir='ltr'><strong>sequeretur,</strong></span> <span class='ocrx_word' id='word_1_261' title='bbox 378 1853 462 1876; x_wconf 87' lang='lat' dir='ltr'><strong>totam</strong></span> <span class='ocrx_word' id='word_1_262' title='bbox 485 1848 673 1885; x_wconf 64' lang='lat' dir='ltr'><strong>Egyptiacam</strong></span> <span class='ocrx_word' id='word_1_263' title='bbox 698 1849 849 1878; x_wconf 87' lang='lat' dir='ltr'><strong>Ecclesiam</strong></span> <span class='ocrx_word' id='word_1_264' title='bbox 871 1851 968 1886; x_wconf 81' lang='lat' dir='ltr'><strong>lgnatii</strong></span> 
     </span>
    </p>
   </div>
   <div class='ocr_carea' id='block_1_41' title="bbox 179 1894 968 1934">
    <p class='ocr_par' dir='ltr' id='par_1_41' title="bbox 179 1894 968 1934">
     <span class='ocr_line' id='line_1_41' title="bbox 179 1894 968 1934; baseline 0.004 -12"><span class='ocrx_word' id='word_1_265' title='bbox 179 1894 310 1929; x_wconf 84' lang='lat' dir='ltr'><strong>epistolas</strong></span> <span class='ocrx_word' id='word_1_266' title='bbox 332 1894 483 1929; x_wconf 83' lang='lat' dir='ltr'><strong>ignorasse.</strong></span> <span class='ocrx_word' id='word_1_267' title='bbox 508 1895 610 1924; x_wconf 88' lang='lat' dir='ltr'><strong>Omnes</strong></span> <span class='ocrx_word' id='word_1_268' title='bbox 629 1896 703 1924; x_wconf 90' lang='lat' dir='ltr'><strong>enim</strong></span> <span class='ocrx_word' id='word_1_269' title='bbox 728 1896 858 1925; x_wconf 73' lang='lat' dir='ltr'><strong>Ecclesia:</strong></span> <span class='ocrx_word' id='word_1_270' title='bbox 883 1897 968 1934; x_wconf 66' lang='lat' dir='ltr'><strong>Egy-</strong></span> 
     </span>
    </p>
   </div>
   <div class='ocr_carea' id='block_1_42' title="bbox 179 1942 970 1978">
    <p class='ocr_par' dir='ltr' id='par_1_42' title="bbox 179 1942 970 1978">
     <span class='ocr_line' id='line_1_42' title="bbox 179 1942 970 1978; baseline 0.004 -10"><span class='ocrx_word' id='word_1_271' title='bbox 179 1942 286 1976; x_wconf 66' lang='lat' dir='ltr'><strong>ptiaeaa,</strong></span> <span class='ocrx_word' id='word_1_272' title='bbox 300 1942 357 1969; x_wconf 83' lang='lat' dir='ltr'><strong>sive</strong></span> <span class='ocrx_word' id='word_1_273' title='bbox 367 1942 486 1977; x_wconf 89' lang='lat' dir='ltr'><strong>aliquem</strong></span> <span class='ocrx_word' id='word_1_274' title='bbox 501 1943 659 1978; x_wconf 88' lang='lat' dir='ltr'><strong>episcopum</strong></span> <span class='ocrx_word' id='word_1_275' title='bbox 671 1943 826 1976; x_wconf 85' lang='lat' dir='ltr'><strong>habuerint,</strong></span> <span class='ocrx_word' id='word_1_276' title='bbox 839 1944 896 1971; x_wconf 86' lang='lat' dir='ltr'><strong>sive</strong></span> <span class='ocrx_word' id='word_1_277' title='bbox 909 1945 970 1971; x_wconf 91' lang='lat' dir='ltr'><strong>nul-</strong></span> 
     </span>
    </p>
   </div>
   <div class='ocr_carea' id='block_1_43' title="bbox 178 1987 969 2025">
    <p class='ocr_par' dir='ltr' id='par_1_43' title="bbox 178 1987 969 2025">
     <span class='ocr_line' id='line_1_43' title="bbox 178 1987 969 2025; baseline 0.005 -12"><span class='ocrx_word' id='word_1_278' title='bbox 178 1987 247 2018; x_wconf 80' lang='lat' dir='ltr'><strong>lum,</strong></span> <span class='ocrx_word' id='word_1_279' title='bbox 261 1987 391 2022; x_wconf 77' lang='lat' dir='ltr'><strong>subjecta:</strong></span> <span class='ocrx_word' id='word_1_280' title='bbox 411 1993 489 2015; x_wconf 85' lang='lat' dir='ltr'><strong>erant</strong></span> <span class='ocrx_word' id='word_1_281' title='bbox 505 1988 635 2023; x_wconf 85' lang='lat' dir='ltr'><strong>episcopo</strong></span> <span class='ocrx_word' id='word_1_282' title='bbox 662 1988 866 2022; x_wconf 81' lang='lat' dir='ltr'><strong>Alexandrino;</strong></span> <span class='ocrx_word' id='word_1_283' title='bbox 882 1998 969 2025; x_wconf 78' lang='lat' dir='ltr'><strong>neque</strong></span> 
     </span>
    </p>
   </div>
   <div class='ocr_carea' id='block_1_44' title="bbox 178 2031 968 2068">
    <p class='ocr_par' dir='ltr' id='par_1_44' title="bbox 178 2031 968 2068">
     <span class='ocr_line' id='line_1_44' title="bbox 178 2031 968 2068; baseline 0.001 -9"><span class='ocrx_word' id='word_1_284' title='bbox 178 2033 233 2059; x_wconf 84' lang='lat' dir='ltr'><strong>hoc</strong></span> <span class='ocrx_word' id='word_1_285' title='bbox 249 2036 329 2067; x_wconf 86' lang='lat' dir='ltr'><strong>negat</strong></span> <span class='ocrx_word' id='word_1_286' title='bbox 347 2031 507 2067; x_wconf 79' lang='lat' dir='ltr'><strong>Eutychius.</strong></span> <span class='ocrx_word' id='word_1_287' title='bbox 520 2031 642 2068; x_wconf 81' lang='lat' dir='ltr'><strong>lgnatius</strong></span> <span class='ocrx_word' id='word_1_288' title='bbox 653 2032 764 2068; x_wconf 86' lang='lat' dir='ltr'><strong>quidem</strong></span> <span class='ocrx_word' id='word_1_289' title='bbox 776 2034 886 2065; x_wconf 83' lang='lat' dir='ltr'><strong>asserit,</strong></span> <span class='ocrx_word' id='word_1_290' title='bbox 903 2034 968 2060; x_wconf 90' lang='lat' dir='ltr'><strong>illud</strong></span> 
     </span>
    </p>
   </div>
   <div class='ocr_carea' id='block_1_45' title="bbox 179 2078 968 2114">
    <p class='ocr_par' dir='ltr' id='par_1_45' title="bbox 179 2078 968 2114">
     <span class='ocr_line' id='line_1_45' title="bbox 179 2078 968 2114; baseline -0.001 -8"><span class='ocrx_word' id='word_1_291' title='bbox 179 2078 289 2106; x_wconf 89' lang='lat' dir='ltr'><strong>detnum</strong></span> <span class='ocrx_word' id='word_1_292' title='bbox 314 2079 496 2106; x_wconf 85' lang='lat' dir='ltr'><strong>ministerium</strong></span> <span class='ocrx_word' id='word_1_293' title='bbox 516 2079 735 2106; x_wconf 85' lang='lat' dir='ltr'><strong>ecclesiasticum</strong></span> <span class='ocrx_word' id='word_1_294' title='bbox 761 2083 838 2107; x_wconf 88' lang='lat' dir='ltr'><strong>recte</strong></span> <span class='ocrx_word' id='word_1_295' title='bbox 864 2079 968 2114; x_wconf 78' lang='lat' dir='ltr'><strong>peragi,</strong></span> 
     </span>
    </p>
   </div>
   <div class='ocr_carea' id='block_1_46' title="bbox 178 2123 969 2160">
    <p class='ocr_par' dir='ltr' id='par_1_46' title="bbox 178 2123 969 2160">
     <span class='ocr_line' id='line_1_46' title="bbox 178 2123 969 2160; baseline 0.003 -10"><span class='ocrx_word' id='word_1_296' title='bbox 178 2124 253 2158; x_wconf 87' lang='lat' dir='ltr'><strong>quod</strong></span> <span class='ocrx_word' id='word_1_297' title='bbox 269 2124 309 2150; x_wconf 91' lang='lat' dir='ltr'><strong>vel</strong></span> <span class='ocrx_word' id='word_1_298' title='bbox 321 2124 374 2150; x_wconf 85' lang='lat' dir='ltr'><strong>sub</strong></span> <span class='ocrx_word' id='word_1_299' title='bbox 387 2123 446 2158; x_wconf 89' lang='lat' dir='ltr'><strong>ipso</strong></span> <span class='ocrx_word' id='word_1_300' title='bbox 462 2124 590 2158; x_wconf 82' lang='lat' dir='ltr'><strong>episcopo</strong></span> <span class='ocrx_word' id='word_1_301' title='bbox 609 2123 649 2156; x_wconf 85' lang='lat' dir='ltr'><strong>tit,</strong></span> <span class='ocrx_word' id='word_1_302' title='bbox 663 2124 706 2151; x_wconf 87' lang='lat' dir='ltr'><strong>vel</strong></span> <span class='ocrx_word' id='word_1_303' title='bbox 727 2124 801 2160; x_wconf 90' lang='lat' dir='ltr'><strong>quod</strong></span> <span class='ocrx_word' id='word_1_304' title='bbox 818 2124 878 2159; x_wconf 89' lang='lat' dir='ltr'><strong>ipse</strong></span> <span class='ocrx_word' id='word_1_305' title='bbox 900 2132 969 2152; x_wconf 81' lang='lat' dir='ltr'><strong>con-</strong></span> 
     </span>
    </p>
   </div>
   <div class='ocr_carea' id='block_1_47' title="bbox 180 2169 970 2206">
    <p class='ocr_par' dir='ltr' id='par_1_47' title="bbox 180 2169 970 2206">
     <span class='ocr_line' id='line_1_47' title="bbox 180 2169 970 2206; baseline 0.001 -10"><span class='ocrx_word' id='word_1_306' title='bbox 180 2170 304 2198; x_wconf 79' lang='lat' dir='ltr'><strong>cesserit.</strong></span> <span class='ocrx_word' id='word_1_307' title='bbox 322 2169 358 2196; x_wconf 83' lang='lat' dir='ltr'><strong>At</strong></span> <span class='ocrx_word' id='word_1_308' title='bbox 385 2169 439 2196; x_wconf 90' lang='lat' dir='ltr'><strong>hoc</strong></span> <span class='ocrx_word' id='word_1_309' title='bbox 453 2170 511 2197; x_wconf 79' lang='lat' dir='ltr'><strong>fieri</strong></span> <span class='ocrx_word' id='word_1_310' title='bbox 526 2170 616 2204; x_wconf 89' lang='lat' dir='ltr'><strong>potuit</strong></span> <span class='ocrx_word' id='word_1_311' title='bbox 638 2170 665 2197; x_wconf 93' lang='lat' dir='ltr'><strong>in</strong></span> <span class='ocrx_word' id='word_1_312' title='bbox 683 2169 856 2206; x_wconf 61' lang='lat' dir='ltr'><strong>Egyptiacis</strong></span> <span class='ocrx_word' id='word_1_313' title='bbox 880 2171 970 2198; x_wconf 82' lang='lat' dir='ltr'><strong>eccle-</strong></span> 
     </span>
    </p>
   </div>
   <div class='ocr_carea' id='block_1_48' title="bbox 1028 231 1835 267">
    <p class='ocr_par' dir='ltr' id='par_1_48' title="bbox 1028 231 1835 267">
     <span class='ocr_line' id='line_1_48' title="bbox 1028 231 1835 267; baseline 0 -8"><span class='ocrx_word' id='word_1_314' title='bbox 1028 241 1152 267; x_wconf 79' lang='lat' dir='ltr'><strong>magnam</strong></span> <span class='ocrx_word' id='word_1_315' title='bbox 1166 238 1191 259; x_wconf 83' lang='lat' dir='ltr'><strong>et</strong></span> <span class='ocrx_word' id='word_1_316' title='bbox 1208 232 1370 267; x_wconf 83' lang='lat' dir='ltr'><strong>opulentam.</strong></span> <span class='ocrx_word' id='word_1_317' title='bbox 1385 253 1393 260; x_wconf 96' lang='lat'><strong>.</strong></span> <span class='ocrx_word' id='word_1_318' title='bbox 1406 252 1413 260; x_wconf 89' lang='lat'><strong>.</strong></span> <span class='ocrx_word' id='word_1_319' title='bbox 1428 252 1435 259; x_wconf 94' lang='lat'><strong>.</strong></span> <span class='ocrx_word' id='word_1_320' title='bbox 1450 252 1457 259; x_wconf 91' lang='lat'><strong>.</strong></span> <span class='ocrx_word' id='word_1_321' title='bbox 1481 231 1560 260; x_wconf 79' lang='lat' dir='ltr'><strong>Vetus</strong></span> <span class='ocrx_word' id='word_1_322' title='bbox 1576 239 1668 260; x_wconf 69' lang='lat' dir='ltr'><strong>autem</strong></span> <span class='ocrx_word' id='word_1_323' title='bbox 1686 233 1747 260; x_wconf 84' lang='lat' dir='ltr'><strong>illic</strong></span> <span class='ocrx_word' id='word_1_324' title='bbox 1764 242 1835 260; x_wconf 78' lang='lat' dir='ltr'><strong>con-</strong></span> 
     </span>
    </p>
   </div>
   <div class='ocr_carea' id='block_1_49' title="bbox 1025 281 1835 316">
    <p class='ocr_par' dir='ltr' id='par_1_49' title="bbox 1025 281 1835 316">
     <span class='ocr_line' id='line_1_49' title="bbox 1025 281 1835 316; baseline 0.001 -9"><span class='ocrx_word' id='word_1_325' title='bbox 1025 281 1292 308; x_wconf 81' lang='lat' dir='ltr'><strong>suetudoetiamnum</strong></span> <span class='ocrx_word' id='word_1_326' title='bbox 1307 285 1413 313; x_wconf 73' lang='lat' dir='ltr'><strong>manu,</strong></span> <span class='ocrx_word' id='word_1_327' title='bbox 1435 286 1464 308; x_wconf 85' lang='lat' dir='ltr'><strong>ut</strong></span> <span class='ocrx_word' id='word_1_328' title='bbox 1480 282 1560 308; x_wconf 87' lang='lat' dir='ltr'><strong>totius</strong></span> <span class='ocrx_word' id='word_1_329' title='bbox 1581 281 1668 316; x_wconf 76' lang='lat' dir='ltr'><strong>gentis</strong></span> <span class='ocrx_word' id='word_1_330' title='bbox 1697 281 1835 309; x_wconf 76' lang='lat' dir='ltr'><strong>ecclesias</strong></span> 
     </span>
    </p>
   </div>
   <div class='ocr_carea' id='block_1_50' title="bbox 1024 326 1837 362">
    <p class='ocr_par' dir='ltr' id='par_1_50' title="bbox 1024 326 1837 362">
     <span class='ocr_line' id='line_1_50' title="bbox 1024 326 1837 362; baseline -0.002 -8"><span class='ocrx_word' id='word_1_331' title='bbox 1024 336 1092 354; x_wconf 83' lang='lat' dir='ltr'><strong>unus</strong></span> <span class='ocrx_word' id='word_1_332' title='bbox 1109 333 1213 354; x_wconf 88' lang='lat' dir='ltr'><strong>tantum</strong></span> <span class='ocrx_word' id='word_1_333' title='bbox 1225 332 1297 362; x_wconf 82' lang='lat' dir='ltr'><strong>regat</strong></span> <span class='ocrx_word' id='word_1_334' title='bbox 1309 328 1455 362; x_wconf 80' lang='lat' dir='ltr'><strong>episcopus.</strong></span> <span class='ocrx_word' id='word_1_335' title='bbox 1471 326 1534 354; x_wconf 60' lang='lat' dir='ltr'><strong>Haec</strong></span> <span class='ocrx_word' id='word_1_336' title='bbox 1549 327 1725 354; x_wconf 77' lang='lat' dir='ltr'><strong>Sozomenus</strong></span> <span class='ocrx_word' id='word_1_337' title='bbox 1742 326 1837 353; x_wconf 75' lang='lat' dir='ltr'><strong>refert</strong></span> 
     </span>
    </p>
   </div>
   <div class='ocr_carea' id='block_1_51' title="bbox 1025 373 1836 409">
    <p class='ocr_par' dir='ltr' id='par_1_51' title="bbox 1025 373 1836 409">
     <span class='ocr_line' id='line_1_51' title="bbox 1025 373 1836 409; baseline -0.001 -9"><span class='ocrx_word' id='word_1_338' title='bbox 1025 373 1059 400; x_wconf 85' lang='lat' dir='ltr'><strong>ad</strong></span> <span class='ocrx_word' id='word_1_339' title='bbox 1079 381 1112 400; x_wconf 88' lang='lat' dir='ltr'><strong>ea</strong></span> <span class='ocrx_word' id='word_1_340' title='bbox 1135 378 1268 408; x_wconf 83' lang='lat' dir='ltr'><strong>tempora,</strong></span> <span class='ocrx_word' id='word_1_341' title='bbox 1281 374 1383 409; x_wconf 81' lang='lat' dir='ltr'><strong>quibus</strong></span> <span class='ocrx_word' id='word_1_342' title='bbox 1397 373 1526 400; x_wconf 80' lang='lat' dir='ltr'><strong>Vetranio</strong></span> <span class='ocrx_word' id='word_1_343' title='bbox 1541 373 1695 400; x_wconf 89' lang='lat' dir='ltr'><strong>Tomorutn</strong></span> <span class='ocrx_word' id='word_1_344' title='bbox 1712 373 1836 407; x_wconf 84' lang='lat' dir='ltr'><strong>episco—</strong></span> 
     </span>
    </p>
   </div>
   <div class='ocr_carea' id='block_1_52' title="bbox 1023 416 1835 453">
    <p class='ocr_par' dir='ltr' id='par_1_52' title="bbox 1023 416 1835 453">
     <span class='ocr_line' id='line_1_52' title="bbox 1023 416 1835 453; baseline 0 -10"><span class='ocrx_word' id='word_1_345' title='bbox 1023 423 1076 450; x_wconf 89' lang='lat' dir='ltr'><strong>pus</strong></span> <span class='ocrx_word' id='word_1_346' title='bbox 1090 416 1152 448; x_wconf 85' lang='lat' dir='ltr'><strong>fuit.</strong></span> <span class='ocrx_word' id='word_1_347' title='bbox 1165 417 1213 452; x_wconf 86' lang='lat' dir='ltr'><strong>qui</strong></span> <span class='ocrx_word' id='word_1_348' title='bbox 1227 416 1344 445; x_wconf 59' lang='lat' dir='ltr'><strong>Nicanze</strong></span> <span class='ocrx_word' id='word_1_349' title='bbox 1359 418 1456 453; x_wconf 88' lang='lat' dir='ltr'><strong>synodi</strong></span> <span class='ocrx_word' id='word_1_350' title='bbox 1469 418 1621 445; x_wconf 88' lang='lat' dir='ltr'><strong>doctrinam</strong></span> <span class='ocrx_word' id='word_1_351' title='bbox 1631 417 1835 452; x_wconf 86' lang='lat' dir='ltr'><strong>amplecteba-</strong></span> 
     </span>
    </p>
   </div>
   <div class='ocr_carea' id='block_1_53' title="bbox 1023 463 1835 500">
    <p class='ocr_par' dir='ltr' id='par_1_53' title="bbox 1023 463 1835 500">
     <span class='ocr_line' id='line_1_53' title="bbox 1023 463 1835 500; baseline 0.001 -10"><span class='ocrx_word' id='word_1_352' title='bbox 1023 468 1078 491; x_wconf 88' lang='lat' dir='ltr'><strong>tur.</strong></span> <span class='ocrx_word' id='word_1_353' title='bbox 1102 463 1199 492; x_wconf 86' lang='lat' dir='ltr'><strong>Plures</strong></span> <span class='ocrx_word' id='word_1_354' title='bbox 1225 469 1316 492; x_wconf 87' lang='lat' dir='ltr'><strong>autem</strong></span> <span class='ocrx_word' id='word_1_355' title='bbox 1340 465 1463 493; x_wconf 71' lang='lat' dir='ltr'><strong>ecclesia:</strong></span> <span class='ocrx_word' id='word_1_356' title='bbox 1477 465 1502 492; x_wconf 93' lang='lat' dir='ltr'><strong>in</strong></span> <span class='ocrx_word' id='word_1_357' title='bbox 1519 464 1632 500; x_wconf 81' lang='lat' dir='ltr'><strong>Scythia</strong></span> <span class='ocrx_word' id='word_1_358' title='bbox 1648 470 1715 492; x_wconf 89' lang='lat' dir='ltr'><strong>tunc</strong></span> <span class='ocrx_word' id='word_1_359' title='bbox 1734 464 1835 491; x_wconf 83' lang='lat' dir='ltr'><strong>fuisse</strong></span> 
     </span>
    </p>
   </div>
   <div class='ocr_carea' id='block_1_54' title="bbox 1022 509 1833 546">
    <p class='ocr_par' dir='ltr' id='par_1_54' title="bbox 1022 509 1833 546">
     <span class='ocr_line' id='line_1_54' title="bbox 1022 509 1833 546; baseline 0.001 -11"><span class='ocrx_word' id='word_1_360' title='bbox 1022 509 1161 542; x_wconf 87' lang='lat' dir='ltr'><strong>videntur,</strong></span> <span class='ocrx_word' id='word_1_361' title='bbox 1175 517 1259 544; x_wconf 91' lang='lat' dir='ltr'><strong>quam</strong></span> <span class='ocrx_word' id='word_1_362' title='bbox 1273 509 1385 537; x_wconf 87' lang='lat' dir='ltr'><strong>fuerunt</strong></span> <span class='ocrx_word' id='word_1_363' title='bbox 1396 510 1422 537; x_wconf 89' lang='lat' dir='ltr'><strong>in</strong></span> <span class='ocrx_word' id='word_1_364' title='bbox 1432 509 1550 546; x_wconf 66' lang='lat' dir='ltr'><strong>Egypto</strong></span> <span class='ocrx_word' id='word_1_365' title='bbox 1561 515 1624 537; x_wconf 84' lang='lat' dir='ltr'><strong>ante</strong></span> <span class='ocrx_word' id='word_1_366' title='bbox 1636 509 1833 537; x_wconf 83' lang='lat' dir='ltr'><strong>Demetrium.</strong></span> 
     </span>
    </p>
   </div>
   <div class='ocr_carea' id='block_1_55' title="bbox 1022 553 1832 591">
    <p class='ocr_par' dir='ltr' id='par_1_55' title="bbox 1022 553 1832 591">
     <span class='ocr_line' id='line_1_55' title="bbox 1022 553 1832 591; baseline 0.001 -10"><span class='ocrx_word' id='word_1_367' title='bbox 1022 553 1090 582; x_wconf 83' lang='lat' dir='ltr'><strong>Nam</strong></span> <span class='ocrx_word' id='word_1_368' title='bbox 1105 555 1265 590; x_wconf 90' lang='lat' dir='ltr'><strong>quicunque</strong></span> <span class='ocrx_word' id='word_1_369' title='bbox 1277 557 1460 591; x_wconf 86' lang='lat' dir='ltr'><strong>cogitaverit,</strong></span> <span class='ocrx_word' id='word_1_370' title='bbox 1475 565 1559 591; x_wconf 85' lang='lat' dir='ltr'><strong>quam</strong></span> <span class='ocrx_word' id='word_1_371' title='bbox 1571 556 1832 591; x_wconf 76' lang='lat' dir='ltr'><strong>superstitionibus</strong></span> 
     </span>
    </p>
   </div>
   <div class='ocr_carea' id='block_1_56' title="bbox 1022 602 1831 637">
    <p class='ocr_par' dir='ltr' id='par_1_56' title="bbox 1022 602 1831 637">
     <span class='ocr_line' id='line_1_56' title="bbox 1022 602 1831 637; baseline 0.001 -9"><span class='ocrx_word' id='word_1_372' title='bbox 1022 602 1172 636; x_wconf 78' lang='lat' dir='ltr'><strong>gentilibus</strong></span> <span class='ocrx_word' id='word_1_373' title='bbox 1186 609 1218 629; x_wconf 83' lang='lat' dir='ltr'><strong>ea</strong></span> <span class='ocrx_word' id='word_1_374' title='bbox 1238 610 1306 637; x_wconf 84' lang='lat' dir='ltr'><strong>gens</strong></span> <span class='ocrx_word' id='word_1_375' title='bbox 1319 603 1409 630; x_wconf 92' lang='lat' dir='ltr'><strong>dedita</strong></span> <span class='ocrx_word' id='word_1_376' title='bbox 1440 602 1532 634; x_wconf 83' lang='lat' dir='ltr'><strong>fuerit,</strong></span> <span class='ocrx_word' id='word_1_377' title='bbox 1557 608 1626 637; x_wconf 90' lang='lat' dir='ltr'><strong>quot</strong></span> <span class='ocrx_word' id='word_1_378' title='bbox 1654 602 1831 630; x_wconf 68' lang='lat' dir='ltr'><strong>Iudaeorum</strong></span> 
     </span>
    </p>
   </div>
   <div class='ocr_carea' id='block_1_57' title="bbox 1022 646 1829 682">
    <p class='ocr_par' dir='ltr' id='par_1_57' title="bbox 1022 646 1829 682">
     <span class='ocr_line' id='line_1_57' title="bbox 1022 646 1829 682; baseline 0 -10"><span class='ocrx_word' id='word_1_379' title='bbox 1022 646 1106 673; x_wconf 89' lang='lat' dir='ltr'><strong>millia</strong></span> <span class='ocrx_word' id='word_1_380' title='bbox 1116 646 1280 674; x_wconf 68' lang='lat' dir='ltr'><strong>Christianae</strong></span> <span class='ocrx_word' id='word_1_381' title='bbox 1291 646 1415 682; x_wconf 79' lang='lat' dir='ltr'><strong>religioni</strong></span> <span class='ocrx_word' id='word_1_382' title='bbox 1426 646 1530 674; x_wconf 80' lang='lat' dir='ltr'><strong>infensa</strong></span> <span class='ocrx_word' id='word_1_383' title='bbox 1545 647 1602 674; x_wconf 90' lang='lat' dir='ltr'><strong>illic</strong></span> <span class='ocrx_word' id='word_1_384' title='bbox 1618 646 1829 678; x_wconf 85' lang='lat' dir='ltr'><strong>habitaverint,</strong></span> 
     </span>
    </p>
   </div>
   <div class='ocr_carea' id='block_1_58' title="bbox 1004 691 1830 728">
    <p class='ocr_par' dir='ltr' id='par_1_58' title="bbox 1004 691 1830 728">
     <span class='ocr_line' id='line_1_58' title="bbox 1004 691 1830 728; baseline 0.001 -10"><span class='ocrx_word' id='word_1_385' title='bbox 1004 714 1007 716; x_wconf 97' lang='lat'><strong>.</strong></span> <span class='ocrx_word' id='word_1_386' title='bbox 1021 697 1151 727; x_wconf 89' lang='lat' dir='ltr'><strong>quantam</strong></span> <span class='ocrx_word' id='word_1_387' title='bbox 1165 693 1327 721; x_wconf 81' lang='lat' dir='ltr'><strong>seditionem</strong></span> <span class='ocrx_word' id='word_1_388' title='bbox 1341 694 1441 721; x_wconf 88' lang='lat' dir='ltr'><strong>illisub</strong></span> <span class='ocrx_word' id='word_1_389' title='bbox 1452 693 1572 727; x_wconf 86' lang='lat' dir='ltr'><strong>Trajano</strong></span> <span class='ocrx_word' id='word_1_390' title='bbox 1585 693 1611 720; x_wconf 90' lang='lat' dir='ltr'><strong>in</strong></span> <span class='ocrx_word' id='word_1_391' title='bbox 1625 692 1723 728; x_wconf 81' lang='lat' dir='ltr'><strong>Libya,</strong></span> <span class='ocrx_word' id='word_1_392' title='bbox 1733 691 1830 728; x_wconf 62' lang='lat' dir='ltr'><strong>Egy-</strong></span> 
     </span>
    </p>
   </div>
   <div class='ocr_carea' id='block_1_59' title="bbox 1019 738 1829 775">
    <p class='ocr_par' dir='ltr' id='par_1_59' title="bbox 1019 738 1829 775">
     <span class='ocr_line' id='line_1_59' title="bbox 1019 738 1829 775; baseline 0.001 -11"><span class='ocrx_word' id='word_1_393' title='bbox 1019 742 1067 772; x_wconf 86' lang='lat' dir='ltr'><strong>pto</strong></span> <span class='ocrx_word' id='word_1_394' title='bbox 1084 742 1112 765; x_wconf 89' lang='lat' dir='ltr'><strong>et</strong></span> <span class='ocrx_word' id='word_1_395' title='bbox 1130 739 1311 772; x_wconf 77' lang='lat' dir='ltr'><strong>Alexandria,</strong></span> <span class='ocrx_word' id='word_1_396' title='bbox 1329 739 1434 775; x_wconf 86' lang='lat' dir='ltr'><strong>Cyrene</strong></span> <span class='ocrx_word' id='word_1_397' title='bbox 1448 744 1475 766; x_wconf 82' lang='lat' dir='ltr'><strong>et</strong></span> <span class='ocrx_word' id='word_1_398' title='bbox 1486 738 1635 772; x_wconf 84' lang='lat' dir='ltr'><strong>Thebaide,</strong></span> <span class='ocrx_word' id='word_1_399' title='bbox 1653 742 1721 766; x_wconf 85' lang='lat' dir='ltr'><strong>teste</strong></span> <span class='ocrx_word' id='word_1_400' title='bbox 1733 738 1829 765; x_wconf 83' lang='lat' dir='ltr'><strong>Euse-</strong></span> 
     </span>
    </p>
   </div>
   <div class='ocr_carea' id='block_1_60' title="bbox 1020 783 1827 820">
    <p class='ocr_par' dir='ltr' id='par_1_60' title="bbox 1020 783 1827 820">
     <span class='ocr_line' id='line_1_60' title="bbox 1020 783 1827 820; baseline 0.002 -10"><span class='ocrx_word' id='word_1_401' title='bbox 1020 783 1077 816; x_wconf 88' lang='lat' dir='ltr'><strong>bio,</strong></span> <span class='ocrx_word' id='word_1_402' title='bbox 1094 784 1287 818; x_wconf 82' lang='lat' dir='ltr'><strong>excitaverint,</strong></span> <span class='ocrx_word' id='word_1_403' title='bbox 1299 793 1438 820; x_wconf 91' lang='lat' dir='ltr'><strong>quamque</strong></span> <span class='ocrx_word' id='word_1_404' title='bbox 1453 790 1509 812; x_wconf 83' lang='lat' dir='ltr'><strong>tota</strong></span> <span class='ocrx_word' id='word_1_405' title='bbox 1525 785 1610 819; x_wconf 79' lang='lat' dir='ltr'><strong>Libya</strong></span> <span class='ocrx_word' id='word_1_406' title='bbox 1633 789 1696 811; x_wconf 83' lang='lat' dir='ltr'><strong>tunc</strong></span> <span class='ocrx_word' id='word_1_407' title='bbox 1708 805 1716 817; x_wconf 86' lang='lat'><strong>,</strong></span> <span class='ocrx_word' id='word_1_408' title='bbox 1733 785 1827 812; x_wconf 75' lang='lat' dir='ltr'><strong>inter-</strong></span> 
     </span>
    </p>
   </div>
   <div class='ocr_carea' id='block_1_61' title="bbox 1020 830 1826 866">
    <p class='ocr_par' dir='ltr' id='par_1_61' title="bbox 1020 830 1826 866">
     <span class='ocr_line' id='line_1_61' title="bbox 1020 830 1826 866; baseline 0.001 -9"><span class='ocrx_word' id='word_1_409' title='bbox 1020 830 1097 865; x_wconf 76' lang='lat' dir='ltr'><strong>fectis</strong></span> <span class='ocrx_word' id='word_1_410' title='bbox 1113 830 1272 863; x_wconf 76' lang='lat' dir='ltr'><strong>cultoribus,</strong></span> <span class='ocrx_word' id='word_1_411' title='bbox 1282 831 1405 858; x_wconf 84' lang='lat' dir='ltr'><strong>desolata</strong></span> <span class='ocrx_word' id='word_1_412' title='bbox 1415 832 1461 863; x_wconf 77' lang='lat' dir='ltr'><strong>sit,</strong></span> <span class='ocrx_word' id='word_1_413' title='bbox 1475 832 1563 858; x_wconf 75' lang='lat' dir='ltr'><strong>utm&#39;u</strong></span> <span class='ocrx_word' id='word_1_414' title='bbox 1575 836 1666 866; x_wconf 82' lang='lat' dir='ltr'><strong>postea</strong></span> <span class='ocrx_word' id='word_1_415' title='bbox 1679 832 1826 859; x_wconf 65' lang='lat' dir='ltr'><strong>Adrianus</strong></span> 
     </span>
    </p>
   </div>
   <div class='ocr_carea' id='block_1_62' title="bbox 1023 875 1823 910">
    <p class='ocr_par' dir='ltr' id='par_1_62' title="bbox 1023 875 1823 910">
     <span class='ocr_line' id='line_1_62' title="bbox 1023 875 1823 910; baseline 0.004 -9"><span class='ocrx_word' id='word_1_416' title='bbox 1023 876 1169 910; x_wconf 81' lang='lat' dir='ltr'><strong>imperator</strong></span> <span class='ocrx_word' id='word_1_417' title='bbox 1181 875 1306 904; x_wconf 83' lang='lat' dir='ltr'><strong>collectas</strong></span> <span class='ocrx_word' id='word_1_418' title='bbox 1320 877 1385 903; x_wconf 81' lang='lat' dir='ltr'><strong>illuc</strong></span> <span class='ocrx_word' id='word_1_419' title='bbox 1399 877 1506 904; x_wconf 82' lang='lat' dir='ltr'><strong>aliunde</strong></span> <span class='ocrx_word' id='word_1_420' title='bbox 1518 877 1636 904; x_wconf 83' lang='lat' dir='ltr'><strong>colonias</strong></span> <span class='ocrx_word' id='word_1_421' title='bbox 1650 877 1823 907; x_wconf 72' lang='lat' dir='ltr'><strong>deduxisset.</strong></span> 
     </span>
    </p>
   </div>
   <div class='ocr_carea' id='block_1_63' title="bbox 1020 923 1825 957">
    <p class='ocr_par' dir='ltr' id='par_1_63' title="bbox 1020 923 1825 957">
     <span class='ocr_line' id='line_1_63' title="bbox 1020 923 1825 957; baseline 0.001 -8"><span class='ocrx_word' id='word_1_422' title='bbox 1020 930 1104 949; x_wconf 78' lang='lat' dir='ltr'><strong>uacua</strong></span> <span class='ocrx_word' id='word_1_423' title='bbox 1117 923 1222 957; x_wconf 80' lang='lat' dir='ltr'><strong>penitus</strong></span> <span class='ocrx_word' id='word_1_424' title='bbox 1239 928 1323 956; x_wconf 84' lang='lat' dir='ltr'><strong>terra,</strong></span> <span class='ocrx_word' id='word_1_425' title='bbox 1336 924 1434 950; x_wconf 86' lang='lat' dir='ltr'><strong>abraso</strong></span> <span class='ocrx_word' id='word_1_426' title='bbox 1449 924 1599 950; x_wconf 78' lang='lat' dir='ltr'><strong>habitatore</strong></span> <span class='ocrx_word' id='word_1_427' title='bbox 1615 928 1770 957; x_wconf 78' lang='lat' dir='ltr'><strong>mansisset,</strong></span> <span class='ocrx_word' id='word_1_428' title='bbox 1789 928 1825 950; x_wconf 91' lang='lat' dir='ltr'><strong>ut</strong></span> 
     </span>
    </p>
   </div>
   <div class='ocr_carea' id='block_1_64' title="bbox 1021 967 1823 1005">
    <p class='ocr_par' dir='ltr' id='par_1_64' title="bbox 1021 967 1823 1005">
     <span class='ocr_line' id='line_1_64' title="bbox 1021 967 1823 1005; baseline 0.002 -10"><span class='ocrx_word' id='word_1_429' title='bbox 1021 967 1106 995; x_wconf 79' lang='lat' dir='ltr'><strong>refert</strong></span> <span class='ocrx_word' id='word_1_430' title='bbox 1116 967 1243 1001; x_wconf 86' lang='lat' dir='ltr'><strong>Orosius,</strong></span> <span class='ocrx_word' id='word_1_431' title='bbox 1256 968 1337 996; x_wconf 80' lang='lat' dir='ltr'><strong>facile</strong></span> <span class='ocrx_word' id='word_1_432' title='bbox 1349 970 1514 1002; x_wconf 84' lang='lat' dir='ltr'><strong>consentiet,</strong></span> <span class='ocrx_word' id='word_1_433' title='bbox 1523 969 1617 1004; x_wconf 88' lang='lat' dir='ltr'><strong>plures</strong></span> <span class='ocrx_word' id='word_1_434' title='bbox 1631 970 1658 997; x_wconf 93' lang='lat' dir='ltr'><strong>in</strong></span> <span class='ocrx_word' id='word_1_435' title='bbox 1670 970 1823 1005; x_wconf 81' lang='lat' dir='ltr'><strong>provincia</strong></span> 
     </span>
    </p>
   </div>
   <div class='ocr_carea' id='block_1_65' title="bbox 1021 1013 1823 1052">
    <p class='ocr_par' dir='ltr' id='par_1_65' title="bbox 1021 1013 1823 1052">
     <span class='ocr_line' id='line_1_65' title="bbox 1021 1013 1823 1052; baseline 0.002 -11"><span class='ocrx_word' id='word_1_436' title='bbox 1021 1013 1141 1050; x_wconf 68' lang='lat' dir='ltr'><strong>Scythiae</strong></span> <span class='ocrx_word' id='word_1_437' title='bbox 1155 1015 1329 1043; x_wconf 85' lang='lat' dir='ltr'><strong>Christianos</strong></span> <span class='ocrx_word' id='word_1_438' title='bbox 1344 1015 1429 1043; x_wconf 87' lang='lat' dir='ltr'><strong>fuisse</strong></span> <span class='ocrx_word' id='word_1_439' title='bbox 1441 1017 1492 1044; x_wconf 90' lang='lat' dir='ltr'><strong>sub</strong></span> <span class='ocrx_word' id='word_1_440' title='bbox 1509 1015 1632 1049; x_wconf 80' lang='lat' dir='ltr'><strong>Valente,</strong></span> <span class='ocrx_word' id='word_1_441' title='bbox 1653 1024 1739 1052; x_wconf 88' lang='lat' dir='ltr'><strong>quam</strong></span> <span class='ocrx_word' id='word_1_442' title='bbox 1755 1016 1823 1043; x_wconf 87' lang='lat' dir='ltr'><strong>fue-</strong></span> 
     </span>
    </p>
   </div>
   <div class='ocr_carea' id='block_1_66' title="bbox 1020 1061 1819 1098">
    <p class='ocr_par' dir='ltr' id='par_1_66' title="bbox 1020 1061 1819 1098">
     <span class='ocr_line' id='line_1_66' title="bbox 1020 1061 1819 1098; baseline 0.005 -12"><span class='ocrx_word' id='word_1_443' title='bbox 1020 1065 1082 1087; x_wconf 88' lang='lat' dir='ltr'><strong>rant</strong></span> <span class='ocrx_word' id='word_1_444' title='bbox 1095 1066 1159 1088; x_wconf 88' lang='lat' dir='ltr'><strong>ante</strong></span> <span class='ocrx_word' id='word_1_445' title='bbox 1179 1065 1302 1096; x_wconf 86' lang='lat' dir='ltr'><strong>tempora</strong></span> <span class='ocrx_word' id='word_1_446' title='bbox 1317 1061 1449 1089; x_wconf 86' lang='lat' dir='ltr'><strong>Demetrii</strong></span> <span class='ocrx_word' id='word_1_447' title='bbox 1467 1063 1494 1089; x_wconf 92' lang='lat' dir='ltr'><strong>in</strong></span> <span class='ocrx_word' id='word_1_448' title='bbox 1510 1062 1674 1098; x_wconf 66' lang='lat' dir='ltr'><strong>Egyptiaca</strong></span> <span class='ocrx_word' id='word_1_449' title='bbox 1687 1063 1819 1090; x_wconf 65' lang='lat' dir='ltr'><strong>dioecesi.</strong></span> 
     </span>
    </p>
   </div>
   <div class='ocr_carea' id='block_1_67' title="bbox 1019 1106 1820 1143">
    <p class='ocr_par' dir='ltr' id='par_1_67' title="bbox 1019 1106 1820 1143">
     <span class='ocr_line' id='line_1_67' title="bbox 1019 1106 1820 1143; baseline 0 -9"><span class='ocrx_word' id='word_1_450' title='bbox 1019 1106 1089 1134; x_wconf 89' lang='lat' dir='ltr'><strong>Cum</strong></span> <span class='ocrx_word' id='word_1_451' title='bbox 1104 1106 1178 1133; x_wconf 89' lang='lat' dir='ltr'><strong>enim</strong></span> <span class='ocrx_word' id='word_1_452' title='bbox 1192 1106 1294 1135; x_wconf 86' lang='lat' dir='ltr'><strong>Valens</strong></span> <span class='ocrx_word' id='word_1_453' title='bbox 1307 1107 1502 1135; x_wconf 86' lang='lat' dir='ltr'><strong>Vetranionem</strong></span> <span class='ocrx_word' id='word_1_454' title='bbox 1519 1109 1680 1143; x_wconf 80' lang='lat' dir='ltr'><strong>episcopum</strong></span> <span class='ocrx_word' id='word_1_455' title='bbox 1697 1108 1726 1136; x_wconf 89' lang='lat' dir='ltr'><strong>in</strong></span> <span class='ocrx_word' id='word_1_456' title='bbox 1739 1109 1820 1135; x_wconf 78' lang='lat' dir='ltr'><strong>exsi-</strong></span> 
     </span>
    </p>
   </div>
   <div class='ocr_carea' id='block_1_68' title="bbox 1019 1152 1821 1187">
    <p class='ocr_par' dir='ltr' id='par_1_68' title="bbox 1019 1152 1821 1187">
     <span class='ocr_line' id='line_1_68' title="bbox 1019 1152 1821 1187; baseline 0.002 -9"><span class='ocrx_word' id='word_1_457' title='bbox 1019 1152 1087 1179; x_wconf 88' lang='lat' dir='ltr'><strong>lium</strong></span> <span class='ocrx_word' id='word_1_458' title='bbox 1100 1152 1200 1179; x_wconf 88' lang='lat' dir='ltr'><strong>abduci</strong></span> <span class='ocrx_word' id='word_1_459' title='bbox 1219 1152 1358 1187; x_wconf 86' lang='lat' dir='ltr'><strong>jussisset,</strong></span> <span class='ocrx_word' id='word_1_460' title='bbox 1382 1153 1416 1180; x_wconf 86' lang='lat' dir='ltr'><strong>ab</strong></span> <span class='ocrx_word' id='word_1_461' title='bbox 1435 1153 1563 1181; x_wconf 90' lang='lat' dir='ltr'><strong>instituto</strong></span> <span class='ocrx_word' id='word_1_462' title='bbox 1577 1154 1692 1186; x_wconf 74' lang='lat' dir='ltr'><strong>destitit,</strong></span> <span class='ocrx_word' id='word_1_463' title='bbox 1708 1161 1745 1182; x_wconf 87' lang='lat' dir='ltr'><strong>ne</strong></span> <span class='ocrx_word' id='word_1_464' title='bbox 1759 1158 1821 1181; x_wconf 81' lang='lat' dir='ltr'><strong>tota</strong></span> 
     </span>
    </p>
   </div>
   <div class='ocr_carea' id='block_1_69' title="bbox 1020 1198 1820 1234">
    <p class='ocr_par' dir='ltr' id='par_1_69' title="bbox 1020 1198 1820 1234">
     <span class='ocr_line' id='line_1_69' title="bbox 1020 1198 1820 1234; baseline 0.003 -10"><span class='ocrx_word' id='word_1_465' title='bbox 1020 1198 1064 1225; x_wconf 88' lang='lat' dir='ltr'><strong>illa</strong></span> <span class='ocrx_word' id='word_1_466' title='bbox 1079 1198 1220 1233; x_wconf 88' lang='lat' dir='ltr'><strong>provincia</strong></span> <span class='ocrx_word' id='word_1_467' title='bbox 1237 1198 1367 1233; x_wconf 87' lang='lat' dir='ltr'><strong>episcopo</strong></span> <span class='ocrx_word' id='word_1_468' title='bbox 1387 1199 1510 1234; x_wconf 86' lang='lat' dir='ltr'><strong>subjecta</strong></span> <span class='ocrx_word' id='word_1_469' title='bbox 1533 1199 1717 1228; x_wconf 87' lang='lat' dir='ltr'><strong>defectionem</strong></span> <span class='ocrx_word' id='word_1_470' title='bbox 1734 1200 1820 1227; x_wconf 88' lang='lat' dir='ltr'><strong>moli-</strong></span> 
     </span>
    </p>
   </div>
   <div class='ocr_carea' id='block_1_70' title="bbox 1021 1244 1817 1281">
    <p class='ocr_par' dir='ltr' id='par_1_70' title="bbox 1021 1244 1817 1281">
     <span class='ocr_line' id='line_1_70' title="bbox 1021 1244 1817 1281; baseline 0.001 -10"><span class='ocrx_word' id='word_1_471' title='bbox 1021 1249 1105 1272; x_wconf 90' lang='lat' dir='ltr'><strong>retur.</strong></span> <span class='ocrx_word' id='word_1_472' title='bbox 1131 1244 1201 1272; x_wconf 83' lang='lat' dir='ltr'><strong>Huic</strong></span> <span class='ocrx_word' id='word_1_473' title='bbox 1217 1244 1388 1278; x_wconf 87' lang='lat' dir='ltr'><strong>Vetranioni,</strong></span> <span class='ocrx_word' id='word_1_474' title='bbox 1409 1246 1519 1281; x_wconf 88' lang='lat' dir='ltr'><strong>opinor,</strong></span> <span class='ocrx_word' id='word_1_475' title='bbox 1539 1246 1674 1274; x_wconf 81' lang='lat' dir='ltr'><strong>successit</strong></span> <span class='ocrx_word' id='word_1_476' title='bbox 1700 1245 1817 1273; x_wconf 85' lang='lat' dir='ltr'><strong>Theoti-</strong></span> 
     </span>
    </p>
   </div>
   <div class='ocr_carea' id='block_1_71' title="bbox 1020 1289 1817 1327">
    <p class='ocr_par' dir='ltr' id='par_1_71' title="bbox 1020 1289 1817 1327">
     <span class='ocr_line' id='line_1_71' title="bbox 1020 1289 1817 1327; baseline 0 -9"><span class='ocrx_word' id='word_1_477' title='bbox 1020 1298 1097 1323; x_wconf 88' lang='lat' dir='ltr'><strong>mus,</strong></span> <span class='ocrx_word' id='word_1_478' title='bbox 1115 1289 1233 1326; x_wconf 75' lang='lat' dir='ltr'><strong>Scythia:</strong></span> <span class='ocrx_word' id='word_1_479' title='bbox 1259 1291 1402 1318; x_wconf 84' lang='lat' dir='ltr'><strong>Tomorum</strong></span> <span class='ocrx_word' id='word_1_480' title='bbox 1416 1289 1568 1326; x_wconf 77' lang='lat' dir='ltr'><strong>episcopus,</strong></span> <span class='ocrx_word' id='word_1_481' title='bbox 1590 1293 1636 1327; x_wconf 88' lang='lat' dir='ltr'><strong>qui</strong></span> <span class='ocrx_word' id='word_1_482' title='bbox 1658 1294 1686 1320; x_wconf 86' lang='lat' dir='ltr'><strong>in</strong></span> <span class='ocrx_word' id='word_1_483' title='bbox 1716 1301 1817 1319; x_wconf 84' lang='lat' dir='ltr'><strong>morem</strong></span> 
     </span>
    </p>
   </div>
   <div class='ocr_carea' id='block_1_72' title="bbox 1019 1338 1817 1373">
    <p class='ocr_par' dir='ltr' id='par_1_72' title="bbox 1019 1338 1817 1373">
     <span class='ocr_line' id='line_1_72' title="bbox 1019 1338 1817 1373; baseline 0.001 -9"><span class='ocrx_word' id='word_1_484' title='bbox 1019 1338 1186 1373; x_wconf 77' lang='lat' dir='ltr'><strong>dialogorum</strong></span> <span class='ocrx_word' id='word_1_485' title='bbox 1197 1345 1221 1365; x_wconf 86' lang='lat' dir='ltr'><strong>et</strong></span> <span class='ocrx_word' id='word_1_486' title='bbox 1238 1340 1330 1365; x_wconf 82' lang='lat' dir='ltr'><strong>veteris</strong></span> <span class='ocrx_word' id='word_1_487' title='bbox 1343 1338 1499 1373; x_wconf 54' lang='lat' dir='ltr'><strong>eloquentia</strong></span> <span class='ocrx_word' id='word_1_488' title='bbox 1515 1339 1603 1365; x_wconf 77' lang='lat' dir='ltr'><strong>breves</strong></span> <span class='ocrx_word' id='word_1_489' title='bbox 1627 1339 1817 1365; x_wconf 74' lang='lat' dir='ltr'><strong>conuumicos-</strong></span> 
     </span>
    </p>
   </div>
   <div class='ocr_carea' id='block_1_73' title="bbox 1019 1384 1817 1419">
    <p class='ocr_par' dir='ltr' id='par_1_73' title="bbox 1019 1384 1817 1419">
     <span class='ocr_line' id='line_1_73' title="bbox 1019 1384 1817 1419; baseline 0.003 -9"><span class='ocrx_word' id='word_1_490' title='bbox 1019 1391 1067 1419; x_wconf 81' lang='lat' dir='ltr'><strong>que</strong></span> <span class='ocrx_word' id='word_1_491' title='bbox 1096 1388 1226 1411; x_wconf 78' lang='lat' dir='ltr'><strong>tractatus</strong></span> <span class='ocrx_word' id='word_1_492' title='bbox 1243 1384 1326 1411; x_wconf 78' lang='lat' dir='ltr'><strong>edidit</strong></span> <span class='ocrx_word' id='word_1_493' title='bbox 1342 1403 1348 1415; x_wconf 86' lang='lat'><strong><em>.</em></strong></span> <span class='ocrx_word' id='word_1_494' title='bbox 1379 1385 1486 1419; x_wconf 79' lang='lat' dir='ltr'><strong>aliaque</strong></span> <span class='ocrx_word' id='word_1_495' title='bbox 1502 1385 1624 1419; x_wconf 80' lang='lat' dir='ltr'><strong>scripsit,</strong></span> <span class='ocrx_word' id='word_1_496' title='bbox 1642 1388 1673 1411; x_wconf 84' lang='lat' dir='ltr'><strong>ut</strong></span> <span class='ocrx_word' id='word_1_497' title='bbox 1691 1385 1817 1419; x_wconf 78' lang='lat' dir='ltr'><strong>loquitur</strong></span> 
     </span>
    </p>
   </div>
   <div class='ocr_carea' id='block_1_74' title="bbox 1020 1428 1816 1466">
    <p class='ocr_par' dir='ltr' id='par_1_74' title="bbox 1020 1428 1816 1466">
     <span class='ocr_line' id='line_1_74' title="bbox 1020 1428 1816 1466; baseline 0.003 -10"><span class='ocrx_word' id='word_1_498' title='bbox 1020 1428 1203 1465; x_wconf 86' lang='lat' dir='ltr'><strong>Hieronymus</strong></span> <span class='ocrx_word' id='word_1_499' title='bbox 1214 1430 1241 1457; x_wconf 91' lang='lat' dir='ltr'><strong>in</strong></span> <span class='ocrx_word' id='word_1_500' title='bbox 1254 1430 1396 1465; x_wconf 83' lang='lat' dir='ltr'><strong>Catalogo.</strong></span> <span class='ocrx_word' id='word_1_501' title='bbox 1407 1430 1457 1457; x_wconf 89' lang='lat' dir='ltr'><strong>Hie</strong></span> <span class='ocrx_word' id='word_1_502' title='bbox 1468 1435 1558 1457; x_wconf 89' lang='lat' dir='ltr'><strong>autem</strong></span> <span class='ocrx_word' id='word_1_503' title='bbox 1571 1429 1599 1457; x_wconf 93' lang='lat' dir='ltr'><strong>S.</strong></span> <span class='ocrx_word' id='word_1_504' title='bbox 1612 1430 1816 1466; x_wconf 80' lang='lat' dir='ltr'><strong>Chrysostouto</strong></span> 
     </span>
    </p>
   </div>
   <div class='ocr_carea' id='block_1_75' title="bbox 1020 1476 1814 1512">
    <p class='ocr_par' dir='ltr' id='par_1_75' title="bbox 1020 1476 1814 1512">
     <span class='ocr_line' id='line_1_75' title="bbox 1020 1476 1814 1512; baseline -0.001 -9"><span class='ocrx_word' id='word_1_505' title='bbox 1020 1477 1139 1504; x_wconf 77' lang='lat' dir='ltr'><strong>maxime</strong></span> <span class='ocrx_word' id='word_1_506' title='bbox 1157 1476 1234 1508; x_wconf 84' lang='lat' dir='ltr'><strong>favit,</strong></span> <span class='ocrx_word' id='word_1_507' title='bbox 1257 1481 1285 1504; x_wconf 93' lang='lat' dir='ltr'><strong>et</strong></span> <span class='ocrx_word' id='word_1_508' title='bbox 1310 1477 1463 1512; x_wconf 75' lang='lat' dir='ltr'><strong>Epiphanio</strong></span> <span class='ocrx_word' id='word_1_509' title='bbox 1481 1477 1643 1504; x_wconf 80' lang='lat' dir='ltr'><strong>adversatus</strong></span> <span class='ocrx_word' id='word_1_510' title='bbox 1658 1481 1722 1510; x_wconf 80' lang='lat' dir='ltr'><strong>est,</strong></span> <span class='ocrx_word' id='word_1_511' title='bbox 1741 1476 1814 1512; x_wconf 85' lang='lat' dir='ltr'><strong>quod</strong></span> 
     </span>
    </p>
   </div>
   <div class='ocr_carea' id='block_1_76' title="bbox 1019 1521 1814 1558">
    <p class='ocr_par' dir='ltr' id='par_1_76' title="bbox 1019 1521 1814 1558">
     <span class='ocr_line' id='line_1_76' title="bbox 1019 1521 1814 1558; baseline -0.001 -8"><span class='ocrx_word' id='word_1_512' title='bbox 1019 1521 1146 1558; x_wconf 84' lang='lat' dir='ltr'><strong>Origenis</strong></span> <span class='ocrx_word' id='word_1_513' title='bbox 1155 1524 1256 1558; x_wconf 86' lang='lat' dir='ltr'><strong>scripta</strong></span> <span class='ocrx_word' id='word_1_514' title='bbox 1266 1524 1473 1555; x_wconf 82' lang='lat' dir='ltr'><strong>condemnaret,</strong></span> <span class='ocrx_word' id='word_1_515' title='bbox 1484 1524 1563 1558; x_wconf 86' lang='lat' dir='ltr'><strong>cujus</strong></span> <span class='ocrx_word' id='word_1_516' title='bbox 1576 1524 1663 1551; x_wconf 89' lang='lat' dir='ltr'><strong>libros</strong></span> <span class='ocrx_word' id='word_1_517' title='bbox 1681 1523 1744 1558; x_wconf 85' lang='lat' dir='ltr'><strong>ipse</strong></span> <span class='ocrx_word' id='word_1_518' title='bbox 1757 1528 1814 1550; x_wconf 91' lang='lat' dir='ltr'><strong>stu-</strong></span> 
     </span>
    </p>
   </div>
   <div class='ocr_carea' id='block_1_77' title="bbox 1020 1568 1814 1604">
    <p class='ocr_par' dir='ltr' id='par_1_77' title="bbox 1020 1568 1814 1604">
     <span class='ocr_line' id='line_1_77' title="bbox 1020 1568 1814 1604; baseline 0 -9"><span class='ocrx_word' id='word_1_519' title='bbox 1020 1568 1097 1596; x_wconf 86' lang='lat' dir='ltr'><strong>diose</strong></span> <span class='ocrx_word' id='word_1_520' title='bbox 1112 1568 1246 1601; x_wconf 88' lang='lat' dir='ltr'><strong>defendit;</strong></span> <span class='ocrx_word' id='word_1_521' title='bbox 1267 1569 1348 1597; x_wconf 41' lang='lat' dir='ltr'><strong>.unde</strong></span> <span class='ocrx_word' id='word_1_522' title='bbox 1362 1569 1517 1603; x_wconf 69' lang='lat' dir='ltr'><strong>colligimus</strong></span> <span class='ocrx_word' id='word_1_523' title='bbox 1533 1577 1608 1600; x_wconf 84' lang='lat' dir='ltr'><strong>eum,</strong></span> <span class='ocrx_word' id='word_1_524' title='bbox 1635 1569 1681 1595; x_wconf 93' lang='lat' dir='ltr'><strong>illa</strong></span> <span class='ocrx_word' id='word_1_525' title='bbox 1698 1576 1814 1604; x_wconf 57' lang='lat' dir='ltr'><strong>prmer-</strong></span> 
     </span>
    </p>
   </div>
   <div class='ocr_carea' id='block_1_78' title="bbox 1021 1615 1814 1651">
    <p class='ocr_par' dir='ltr' id='par_1_78' title="bbox 1021 1615 1814 1651">
     <span class='ocr_line' id='line_1_78' title="bbox 1021 1615 1814 1651; baseline 0 -9"><span class='ocrx_word' id='word_1_526' title='bbox 1021 1615 1069 1642; x_wconf 92' lang='lat' dir='ltr'><strong>tim</strong></span> <span class='ocrx_word' id='word_1_527' title='bbox 1094 1620 1195 1648; x_wconf 61' lang='lat' dir='ltr'><strong>astate,</strong></span> <span class='ocrx_word' id='word_1_528' title='bbox 1224 1615 1358 1651; x_wconf 84' lang='lat' dir='ltr'><strong>lgnatium</strong></span> <span class='ocrx_word' id='word_1_529' title='bbox 1375 1616 1483 1643; x_wconf 83' lang='lat' dir='ltr'><strong>nescire</strong></span> <span class='ocrx_word' id='word_1_530' title='bbox 1510 1623 1564 1643; x_wconf 90' lang='lat' dir='ltr'><strong>nou</strong></span> <span class='ocrx_word' id='word_1_531' title='bbox 1587 1615 1725 1650; x_wconf 82' lang='lat' dir='ltr'><strong>potuisse,</strong></span> <span class='ocrx_word' id='word_1_532' title='bbox 1753 1615 1814 1642; x_wconf 84' lang='lat' dir='ltr'><strong>licet</strong></span> 
     </span>
    </p>
   </div>
   <div class='ocr_carea' id='block_1_79' title="bbox 1020 1661 1692 1696">
    <p class='ocr_par' dir='ltr' id='par_1_79' title="bbox 1020 1661 1692 1696">
     <span class='ocr_line' id='line_1_79' title="bbox 1020 1661 1692 1696; baseline 0 -8"><span class='ocrx_word' id='word_1_533' title='bbox 1020 1665 1103 1688; x_wconf 68' lang='lat' dir='ltr'><strong>tanta:</strong></span> <span class='ocrx_word' id='word_1_534' title='bbox 1118 1661 1267 1696; x_wconf 65' lang='lat' dir='ltr'><strong>provincia;</strong></span> <span class='ocrx_word' id='word_1_535' title='bbox 1279 1662 1378 1689; x_wconf 85' lang='lat' dir='ltr'><strong>unicus</strong></span> <span class='ocrx_word' id='word_1_536' title='bbox 1389 1661 1537 1696; x_wconf 88' lang='lat' dir='ltr'><strong>episcopus</strong></span> <span class='ocrx_word' id='word_1_537' title='bbox 1551 1666 1692 1696; x_wconf 75' lang='lat' dir='ltr'><strong>prazesset.</strong></span> 
     </span>
    </p>
   </div>
   <div class='ocr_carea' id='block_1_80' title="bbox 1055 1707 1812 1743">
    <p class='ocr_par' dir='ltr' id='par_1_80' title="bbox 1055 1707 1812 1743">
     <span class='ocr_line' id='line_1_80' title="bbox 1055 1707 1812 1743; baseline -0.001 -8"><span class='ocrx_word' id='word_1_538' title='bbox 1055 1707 1216 1743; x_wconf 79' lang='lat' dir='ltr'><strong>Respondeo</strong></span> <span class='ocrx_word' id='word_1_539' title='bbox 1230 1710 1362 1742; x_wconf 81' lang='lat' dir='ltr'><strong>secundo,</strong></span> <span class='ocrx_word' id='word_1_540' title='bbox 1385 1709 1556 1737; x_wconf 88' lang='lat' dir='ltr'><strong>historiolam</strong></span> <span class='ocrx_word' id='word_1_541' title='bbox 1571 1710 1646 1736; x_wconf 90' lang='lat' dir='ltr'><strong>illam</strong></span> <span class='ocrx_word' id='word_1_542' title='bbox 1670 1709 1706 1736; x_wconf 91' lang='lat' dir='ltr'><strong>de</strong></span> <span class='ocrx_word' id='word_1_543' title='bbox 1725 1708 1812 1736; x_wconf 84' lang='lat' dir='ltr'><strong>tribus</strong></span> 
     </span>
    </p>
   </div>
   <div class='ocr_carea' id='block_1_81' title="bbox 1019 1753 1809 1790">
    <p class='ocr_par' dir='ltr' id='par_1_81' title="bbox 1019 1753 1809 1790">
     <span class='ocr_line' id='line_1_81' title="bbox 1019 1753 1809 1790; baseline -0.003 -9"><span class='ocrx_word' id='word_1_544' title='bbox 1019 1754 1157 1789; x_wconf 81' lang='lat' dir='ltr'><strong>episcopis</strong></span> <span class='ocrx_word' id='word_1_545' title='bbox 1171 1762 1186 1781; x_wconf 72' lang='grc' dir='ltr'>ει</span> <span class='ocrx_word' id='word_1_546' title='bbox 1199 1754 1336 1782; x_wconf 86' lang='lat' dir='ltr'><strong>Demetrio</strong></span> <span class='ocrx_word' id='word_1_547' title='bbox 1349 1756 1468 1790; x_wconf 91' lang='lat' dir='ltr'><strong>primum</strong></span> <span class='ocrx_word' id='word_1_548' title='bbox 1483 1755 1510 1782; x_wconf 92' lang='lat' dir='ltr'><strong>in</strong></span> <span class='ocrx_word' id='word_1_549' title='bbox 1524 1754 1642 1790; x_wconf 66' lang='lat' dir='ltr'><strong>Egypto</strong></span> <span class='ocrx_word' id='word_1_550' title='bbox 1659 1754 1742 1782; x_wconf 81' lang='lat' dir='ltr'><strong>factis</strong></span> <span class='ocrx_word' id='word_1_551' title='bbox 1758 1753 1809 1780; x_wconf 87' lang='lat' dir='ltr'><strong>mi-</strong></span> 
     </span>
    </p>
   </div>
   <div class='ocr_carea' id='block_1_82' title="bbox 1020 1800 1809 1836">
    <p class='ocr_par' dir='ltr' id='par_1_82' title="bbox 1020 1800 1809 1836">
     <span class='ocr_line' id='line_1_82' title="bbox 1020 1800 1809 1836; baseline -0.001 -9"><span class='ocrx_word' id='word_1_552' title='bbox 1020 1801 1094 1828; x_wconf 88' lang='lat' dir='ltr'><strong>ttime</strong></span> <span class='ocrx_word' id='word_1_553' title='bbox 1113 1801 1165 1828; x_wconf 88' lang='lat' dir='ltr'><strong>lide</strong></span> <span class='ocrx_word' id='word_1_554' title='bbox 1179 1800 1290 1836; x_wconf 85' lang='lat' dir='ltr'><strong>dignam</strong></span> <span class='ocrx_word' id='word_1_555' title='bbox 1318 1809 1390 1834; x_wconf 84' lang='lat' dir='ltr'><strong>esse,</strong></span> <span class='ocrx_word' id='word_1_556' title='bbox 1411 1802 1470 1830; x_wconf 87' lang='lat' dir='ltr'><strong>sive</strong></span> <span class='ocrx_word' id='word_1_557' title='bbox 1494 1806 1649 1834; x_wconf 81' lang='lat' dir='ltr'><strong>auctorem,</strong></span> <span class='ocrx_word' id='word_1_558' title='bbox 1675 1801 1735 1828; x_wconf 86' lang='lat' dir='ltr'><strong>sive</strong></span> <span class='ocrx_word' id='word_1_559' title='bbox 1753 1807 1809 1827; x_wconf 86' lang='lat' dir='ltr'><strong>rem</strong></span> 
     </span>
    </p>
   </div>
   <div class='ocr_carea' id='block_1_83' title="bbox 1020 1845 1809 1882">
    <p class='ocr_par' dir='ltr' id='par_1_83' title="bbox 1020 1845 1809 1882">
     <span class='ocr_line' id='line_1_83' title="bbox 1020 1845 1809 1882; baseline -0.004 -8"><span class='ocrx_word' id='word_1_560' title='bbox 1020 1847 1107 1882; x_wconf 88' lang='lat' dir='ltr'><strong>ipsam</strong></span> <span class='ocrx_word' id='word_1_561' title='bbox 1123 1852 1240 1882; x_wconf 83' lang='lat' dir='ltr'><strong>spectes.</strong></span> <span class='ocrx_word' id='word_1_562' title='bbox 1263 1847 1373 1875; x_wconf 86' lang='lat' dir='ltr'><strong>Primus</strong></span> <span class='ocrx_word' id='word_1_563' title='bbox 1389 1848 1524 1875; x_wconf 85' lang='lat' dir='ltr'><strong>mirabilis</strong></span> <span class='ocrx_word' id='word_1_564' title='bbox 1544 1847 1626 1882; x_wconf 89' lang='lat' dir='ltr'><strong>hujus</strong></span> <span class='ocrx_word' id='word_1_565' title='bbox 1641 1845 1809 1873; x_wconf 84' lang='lat' dir='ltr'><strong>narrationis</strong></span> 
     </span>
    </p>
   </div>
   <div class='ocr_carea' id='block_1_84' title="bbox 1019 1892 1808 1932">
    <p class='ocr_par' dir='ltr' id='par_1_84' title="bbox 1019 1892 1808 1932">
     <span class='ocr_line' id='line_1_84' title="bbox 1019 1892 1808 1932; baseline -0.003 -12"><span class='ocrx_word' id='word_1_566' title='bbox 1019 1899 1117 1921; x_wconf 79' lang='lat' dir='ltr'><strong>auctor</strong></span> <span class='ocrx_word' id='word_1_567' title='bbox 1131 1898 1174 1921; x_wconf 84' lang='lat' dir='ltr'><strong>est</strong></span> <span class='ocrx_word' id='word_1_568' title='bbox 1185 1893 1348 1932; x_wconf 85' lang='lat' dir='ltr'><strong>Eutychius,</strong></span> <span class='ocrx_word' id='word_1_569' title='bbox 1375 1894 1531 1929; x_wconf 80' lang='lat' dir='ltr'><strong>patriarcha</strong></span> <span class='ocrx_word' id='word_1_570' title='bbox 1559 1893 1670 1928; x_wconf 83' lang='lat' dir='ltr'><strong>quidem</strong></span> <span class='ocrx_word' id='word_1_571' title='bbox 1689 1892 1808 1920; x_wconf 78' lang='lat' dir='ltr'><strong>Alexan-</strong></span> 
     </span>
    </p>
   </div>
   <div class='ocr_carea' id='block_1_85' title="bbox 1018 1937 1810 1974">
    <p class='ocr_par' dir='ltr' id='par_1_85' title="bbox 1018 1937 1810 1974">
     <span class='ocr_line' id='line_1_85' title="bbox 1018 1937 1810 1974; baseline -0.003 -8"><span class='ocrx_word' id='word_1_572' title='bbox 1018 1939 1126 1971; x_wconf 86' lang='lat' dir='ltr'><strong>drinus,</strong></span> <span class='ocrx_word' id='word_1_573' title='bbox 1141 1939 1188 1966; x_wconf 88' lang='lat' dir='ltr'><strong>sed</strong></span> <span class='ocrx_word' id='word_1_574' title='bbox 1203 1939 1286 1967; x_wconf 86' lang='lat' dir='ltr'><strong>nimis</strong></span> <span class='ocrx_word' id='word_1_575' title='bbox 1308 1940 1344 1966; x_wconf 88' lang='lat' dir='ltr'><strong>ab</strong></span> <span class='ocrx_word' id='word_1_576' title='bbox 1357 1940 1511 1974; x_wconf 73' lang='lat' dir='ltr'><strong>originibus</strong></span> <span class='ocrx_word' id='word_1_577' title='bbox 1529 1939 1602 1966; x_wconf 89' lang='lat' dir='ltr'><strong>illius</strong></span> <span class='ocrx_word' id='word_1_578' title='bbox 1615 1937 1748 1965; x_wconf 74' lang='lat' dir='ltr'><strong>Ecclesia:</strong></span> <span class='ocrx_word' id='word_1_579' title='bbox 1767 1945 1810 1965; x_wconf 82' lang='lat' dir='ltr'><strong>re-</strong></span> 
     </span>
    </p>
   </div>
   <div class='ocr_carea' id='block_1_86' title="bbox 1019 1985 1809 2021">
    <p class='ocr_par' dir='ltr' id='par_1_86' title="bbox 1019 1985 1809 2021">
     <span class='ocr_line' id='line_1_86' title="bbox 1019 1985 1809 2021; baseline -0.004 -8"><span class='ocrx_word' id='word_1_580' title='bbox 1019 1990 1120 2020; x_wconf 86' lang='lat' dir='ltr'><strong>motus,</strong></span> <span class='ocrx_word' id='word_1_581' title='bbox 1132 1990 1225 2021; x_wconf 82' lang='lat' dir='ltr'><strong>utpote</strong></span> <span class='ocrx_word' id='word_1_582' title='bbox 1240 1986 1339 2014; x_wconf 88' lang='lat' dir='ltr'><strong>decimi</strong></span> <span class='ocrx_word' id='word_1_583' title='bbox 1351 1986 1444 2013; x_wconf 72' lang='lat' dir='ltr'><strong>saeculi</strong></span> <span class='ocrx_word' id='word_1_584' title='bbox 1458 1986 1576 2020; x_wconf 90' lang='lat' dir='ltr'><strong>scriptor</strong></span> <span class='ocrx_word' id='word_1_585' title='bbox 1592 1994 1599 2012; x_wconf 91' lang='lat'><strong>:</strong></span> <span class='ocrx_word' id='word_1_586' title='bbox 1619 1985 1809 2012; x_wconf 80' lang='lat' dir='ltr'><strong>Melchitarum</strong></span> 
     </span>
    </p>
   </div>
   <div class='ocr_carea' id='block_1_87' title="bbox 1018 2030 1808 2068">
    <p class='ocr_par' dir='ltr' id='par_1_87' title="bbox 1018 2030 1808 2068">
     <span class='ocr_line' id='line_1_87' title="bbox 1018 2030 1808 2068; baseline -0.004 -8"><span class='ocrx_word' id='word_1_587' title='bbox 1018 2034 1129 2068; x_wconf 86' lang='lat' dir='ltr'><strong>quidem</strong></span> <span class='ocrx_word' id='word_1_588' title='bbox 1149 2033 1306 2068; x_wconf 87' lang='lat' dir='ltr'><strong>episcopus,</strong></span> <span class='ocrx_word' id='word_1_589' title='bbox 1322 2033 1369 2060; x_wconf 86' lang='lat' dir='ltr'><strong>sed</strong></span> <span class='ocrx_word' id='word_1_590' title='bbox 1392 2040 1449 2068; x_wconf 90' lang='lat' dir='ltr'><strong>quo</strong></span> <span class='ocrx_word' id='word_1_591' title='bbox 1476 2033 1563 2059; x_wconf 90' lang='lat' dir='ltr'><strong>multo</strong></span> <span class='ocrx_word' id='word_1_592' title='bbox 1578 2032 1667 2066; x_wconf 87' lang='lat' dir='ltr'><strong>major</strong></span> <span class='ocrx_word' id='word_1_593' title='bbox 1681 2030 1734 2058; x_wconf 89' lang='lat' dir='ltr'><strong>fuit</strong></span> <span class='ocrx_word' id='word_1_594' title='bbox 1745 2030 1808 2058; x_wconf 87' lang='lat' dir='ltr'><strong>Ale-</strong></span> 
     </span>
    </p>
   </div>
   <div class='ocr_carea' id='block_1_88' title="bbox 1018 2077 1808 2114">
    <p class='ocr_par' dir='ltr' id='par_1_88' title="bbox 1018 2077 1808 2114">
     <span class='ocr_line' id='line_1_88' title="bbox 1018 2077 1808 2114; baseline -0.001 -8"><span class='ocrx_word' id='word_1_595' title='bbox 1018 2079 1141 2106; x_wconf 65' lang='lat' dir='ltr'><strong>xandria;</strong></span> <span class='ocrx_word' id='word_1_596' title='bbox 1164 2078 1261 2106; x_wconf 85' lang='lat' dir='ltr'><strong>eodem</strong></span> <span class='ocrx_word' id='word_1_597' title='bbox 1291 2082 1414 2114; x_wconf 83' lang='lat' dir='ltr'><strong>tempore</strong></span> <span class='ocrx_word' id='word_1_598' title='bbox 1440 2077 1627 2106; x_wconf 81' lang='lat' dir='ltr'><strong>Jacobitarum</strong></span> <span class='ocrx_word' id='word_1_599' title='bbox 1662 2078 1808 2112; x_wconf 80' lang='lat' dir='ltr'><strong>episcopus</strong></span> 
     </span>
    </p>
   </div>
   <div class='ocr_carea' id='block_1_89' title="bbox 1019 2123 1807 2159">
    <p class='ocr_par' dir='ltr' id='par_1_89' title="bbox 1019 2123 1807 2159">
     <span class='ocr_line' id='line_1_89' title="bbox 1019 2123 1807 2159; baseline -0.003 -7"><span class='ocrx_word' id='word_1_600' title='bbox 1019 2124 1166 2157; x_wconf 83' lang='lat' dir='ltr'><strong>Macarius,</strong></span> <span class='ocrx_word' id='word_1_601' title='bbox 1179 2129 1206 2151; x_wconf 79' lang='lat' dir='ltr'><strong>et</strong></span> <span class='ocrx_word' id='word_1_602' title='bbox 1219 2124 1263 2152; x_wconf 90' lang='lat' dir='ltr'><strong>cui</strong></span> <span class='ocrx_word' id='word_1_603' title='bbox 1276 2125 1360 2151; x_wconf 85' lang='lat' dir='ltr'><strong>etiam</strong></span> <span class='ocrx_word' id='word_1_604' title='bbox 1373 2132 1435 2152; x_wconf 93' lang='lat' dir='ltr'><strong>cum</strong></span> <span class='ocrx_word' id='word_1_605' title='bbox 1451 2125 1553 2159; x_wconf 91' lang='lat' dir='ltr'><strong>populo</strong></span> <span class='ocrx_word' id='word_1_606' title='bbox 1571 2132 1634 2156; x_wconf 86' lang='lat' dir='ltr'><strong>suo,</strong></span> <span class='ocrx_word' id='word_1_607' title='bbox 1663 2123 1807 2155; x_wconf 79' lang='lat' dir='ltr'><strong>Melchitis,</strong></span> 
     </span>
    </p>
   </div>
   <div class='ocr_carea' id='block_1_90' title="bbox 1019 2170 1807 2205">
    <p class='ocr_par' dir='ltr' id='par_1_90' title="bbox 1019 2170 1807 2205">
     <span class='ocr_line' id='line_1_90' title="bbox 1019 2170 1807 2205; baseline 0 -7"><span class='ocrx_word' id='word_1_608' title='bbox 1019 2171 1144 2205; x_wconf 87' lang='lat' dir='ltr'><strong>inquam,</strong></span> <span class='ocrx_word' id='word_1_609' title='bbox 1159 2170 1261 2205; x_wconf 90' lang='lat' dir='ltr'><strong>quibus</strong></span> <span class='ocrx_word' id='word_1_610' title='bbox 1279 2170 1397 2205; x_wconf 65' lang='lat' dir='ltr'><strong>praafuit,</strong></span> <span class='ocrx_word' id='word_1_611' title='bbox 1414 2171 1532 2197; x_wconf 79' lang='lat' dir='ltr'><strong>maxima</strong></span> <span class='ocrx_word' id='word_1_612' title='bbox 1553 2171 1680 2197; x_wconf 85' lang='lat' dir='ltr'><strong>simultas</strong></span> <span class='ocrx_word' id='word_1_613' title='bbox 1693 2170 1754 2198; x_wconf 86' lang='lat' dir='ltr'><strong>fuit.</strong></span> <span class='ocrx_word' id='word_1_614' title='bbox 1773 2171 1807 2198; x_wconf 77' lang='lat' dir='ltr'><strong>Ita</strong></span> 
     </span>
    </p>
   </div>
   <div class='ocr_carea' id='block_1_91' title="bbox 180 2215 1807 2252">
    <p class='ocr_par' dir='ltr' id='par_1_91' title="bbox 180 2215 1807 2252">
     <span class='ocr_line' id='line_1_91' title="bbox 180 2215 1807 2252; baseline 0 -8"><span class='ocrx_word' id='word_1_615' title='bbox 180 2217 230 2244; x_wconf 87' lang='lat' dir='ltr'><strong>siis</strong></span> <span class='ocrx_word' id='word_1_616' title='bbox 246 2216 376 2251; x_wconf 84' lang='lat' dir='ltr'><strong>episcopo</strong></span> <span class='ocrx_word' id='word_1_617' title='bbox 387 2215 572 2243; x_wconf 77' lang='lat' dir='ltr'><strong>Alexandrino</strong></span> <span class='ocrx_word' id='word_1_618' title='bbox 588 2215 729 2250; x_wconf 83' lang='lat' dir='ltr'><strong>subjectis,</strong></span> <span class='ocrx_word' id='word_1_619' title='bbox 750 2223 811 2250; x_wconf 63' lang='lat' dir='ltr'><strong>quae</strong></span> <span class='ocrx_word' id='word_1_620' title='bbox 827 2215 902 2242; x_wconf 92' lang='lat' dir='ltr'><strong>nullo</strong></span> <span class='ocrx_word' id='word_1_621' title='bbox 915 2215 969 2242; x_wconf 87' lang='lat' dir='ltr'><strong>alio</strong></span> <span class='ocrx_word' id='word_1_622' title='bbox 986 2224 1007 2252; x_wconf 80' lang='grc' dir='ltr'>ι)</span> <span class='ocrx_word' id='word_1_623' title='bbox 1021 2217 1094 2244; x_wconf 86' lang='lat' dir='ltr'><strong>enim</strong></span> <span class='ocrx_word' id='word_1_624' title='bbox 1113 2217 1147 2244; x_wconf 88' lang='lat' dir='ltr'><strong>de</strong></span> <span class='ocrx_word' id='word_1_625' title='bbox 1165 2216 1217 2243; x_wconf 84' lang='lat' dir='ltr'><strong>hoc</strong></span> <span class='ocrx_word' id='word_1_626' title='bbox 1239 2215 1373 2252; x_wconf 78' lang='lat' dir='ltr'><strong>Eutychio</strong></span> <span class='ocrx_word' id='word_1_627' title='bbox 1391 2217 1516 2251; x_wconf 89' lang='lat' dir='ltr'><strong>loquitur</strong></span> <span class='ocrx_word' id='word_1_628' title='bbox 1533 2215 1703 2244; x_wconf 83' lang='lat' dir='ltr'><strong>Elntacinus.</strong></span> <span class='ocrx_word' id='word_1_629' title='bbox 1722 2216 1807 2251; x_wconf 76' lang='lat' dir='ltr'><strong>Hujus</strong></span> 
     </span>
    </p>
   </div>
   <div class='ocr_carea' id='block_1_92' title="bbox 179 2261 969 2298">
    <p class='ocr_par' dir='ltr' id='par_1_92' title="bbox 179 2261 969 2298">
     <span class='ocr_line' id='line_1_92' title="bbox 179 2261 969 2298; baseline -0.003 -8"><span class='ocrx_word' id='word_1_630' title='bbox 179 2264 310 2298; x_wconf 83' lang='lat' dir='ltr'><strong>episcopo</strong></span> <span class='ocrx_word' id='word_1_631' title='bbox 325 2262 486 2298; x_wconf 79' lang='lat' dir='ltr'><strong>gauderent.</strong></span> <span class='ocrx_word' id='word_1_632' title='bbox 503 2261 573 2289; x_wconf 87' lang='lat' dir='ltr'><strong>Hinc</strong></span> <span class='ocrx_word' id='word_1_633' title='bbox 586 2262 668 2296; x_wconf 79' lang='lat' dir='ltr'><strong>igitur</strong></span> <span class='ocrx_word' id='word_1_634' title='bbox 692 2262 828 2297; x_wconf 73' lang='lat' dir='ltr'><strong>ignoratio</strong></span> <span class='ocrx_word' id='word_1_635' title='bbox 853 2261 969 2297; x_wconf 86' lang='lat' dir='ltr'><strong>lgnatia-</strong></span> 
     </span>
    </p>
   </div>
   <div class='ocr_carea' id='block_1_93' title="bbox 181 2306 970 2342">
    <p class='ocr_par' dir='ltr' id='par_1_93' title="bbox 181 2306 970 2342">
     <span class='ocr_line' id='line_1_93' title="bbox 181 2306 970 2342; baseline -0.004 -6"><span class='ocrx_word' id='word_1_636' title='bbox 181 2317 278 2336; x_wconf 86' lang='lat' dir='ltr'><strong>nurum</strong></span> <span class='ocrx_word' id='word_1_637' title='bbox 307 2316 362 2335; x_wconf 89' lang='lat' dir='ltr'><strong>non</strong></span> <span class='ocrx_word' id='word_1_638' title='bbox 388 2308 523 2342; x_wconf 88' lang='lat' dir='ltr'><strong>sequitur.</strong></span> <span class='ocrx_word' id='word_1_639' title='bbox 548 2306 872 2342; x_wconf 75' lang='lat' dir='ltr'><strong>Scytharumepiscopus</strong></span> <span class='ocrx_word' id='word_1_640' title='bbox 888 2308 970 2334; x_wconf 80' lang='lat' dir='ltr'><strong>inter-</strong></span> 
     </span>
    </p>
   </div>
   <div class='ocr_carea' id='block_1_94' title="bbox 180 2351 966 2385">
    <p class='ocr_par' dir='ltr' id='par_1_94' title="bbox 180 2351 966 2385">
     <span class='ocr_line' id='line_1_94' title="bbox 180 2351 966 2385; baseline -0.004 -4"><span class='ocrx_word' id='word_1_641' title='bbox 180 2354 231 2381; x_wconf 86' lang='lat' dir='ltr'><strong>fuit</strong></span> <span class='ocrx_word' id='word_1_642' title='bbox 245 2354 362 2382; x_wconf 89' lang='lat' dir='ltr'><strong>concilio</strong></span> <span class='ocrx_word' id='word_1_643' title='bbox 374 2352 415 2379; x_wconf 65' lang='lat' dir='ltr'><strong>Nil</strong></span> <span class='ocrx_word' id='word_1_644' title='bbox 424 2360 495 2385; x_wconf 61' lang='grc' dir='ltr'>ωηο,</span> <span class='ocrx_word' id='word_1_645' title='bbox 512 2352 613 2379; x_wconf 88' lang='lat' dir='ltr'><strong>Euseb.</strong></span> <span class='ocrx_word' id='word_1_646' title='bbox 623 2351 661 2378; x_wconf 85' lang='lat' dir='ltr'><strong>De</strong></span> <span class='ocrx_word' id='word_1_647' title='bbox 672 2352 726 2378; x_wconf 80' lang='lat' dir='ltr'><strong>vita</strong></span> <span class='ocrx_word' id='word_1_648' title='bbox 736 2351 904 2378; x_wconf 86' lang='lat' dir='ltr'><strong>Constantini</strong></span> <span class='ocrx_word' id='word_1_649' title='bbox 920 2352 966 2378; x_wconf 86' lang='lat' dir='ltr'><strong>lib.</strong></span> 
     </span>
    </p>
   </div>
   <div class='ocr_carea' id='block_1_95' title="bbox 181 2397 968 2433">
    <p class='ocr_par' dir='ltr' id='par_1_95' title="bbox 181 2397 968 2433">
     <span class='ocr_line' id='line_1_95' title="bbox 181 2397 968 2433; baseline -0.004 -6"><span class='ocrx_word' id='word_1_650' title='bbox 181 2408 223 2433; x_wconf 89' lang='grc' dir='ltr'>ιιι,</span> <span class='ocrx_word' id='word_1_651' title='bbox 238 2408 262 2427; x_wconf 90' lang='lat' dir='ltr'><strong>c.</strong></span> <span class='ocrx_word' id='word_1_652' title='bbox 279 2400 308 2433; x_wconf 86' lang='lat' dir='ltr'><strong>&#39;l,</strong></span> <span class='ocrx_word' id='word_1_653' title='bbox 324 2407 386 2426; x_wconf 90' lang='lat' dir='ltr'><strong>cum</strong></span> <span class='ocrx_word' id='word_1_654' title='bbox 404 2398 544 2433; x_wconf 77' lang='lat' dir='ltr'><strong>[gnatiana</strong></span> <span class='ocrx_word' id='word_1_655' title='bbox 555 2403 648 2425; x_wconf 87' lang='lat' dir='ltr'><strong>essent</strong></span> <span class='ocrx_word' id='word_1_656' title='bbox 659 2398 816 2425; x_wconf 86' lang='lat' dir='ltr'><strong>notissima.</strong></span> <span class='ocrx_word' id='word_1_657' title='bbox 830 2397 907 2426; x_wconf 88' lang='lat' dir='ltr'><strong>Unus</strong></span> <span class='ocrx_word' id='word_1_658' title='bbox 919 2406 968 2425; x_wconf 84' lang='lat' dir='ltr'><strong>au-</strong></span> 
     </span>
    </p>
   </div>
   <div class='ocr_carea' id='block_1_96' title="bbox 182 2443 967 2480">
    <p class='ocr_par' dir='ltr' id='par_1_96' title="bbox 182 2443 967 2480">
     <span class='ocr_line' id='line_1_96' title="bbox 182 2443 967 2480; baseline -0.004 -7"><span class='ocrx_word' id='word_1_659' title='bbox 182 2451 235 2474; x_wconf 91' lang='lat' dir='ltr'><strong>tem</strong></span> <span class='ocrx_word' id='word_1_660' title='bbox 250 2447 277 2473; x_wconf 93' lang='lat' dir='ltr'><strong>in</strong></span> <span class='ocrx_word' id='word_1_661' title='bbox 292 2451 348 2472; x_wconf 86' lang='lat' dir='ltr'><strong>tota</strong></span> <span class='ocrx_word' id='word_1_662' title='bbox 361 2444 473 2480; x_wconf 82' lang='lat' dir='ltr'><strong>Scythia</strong></span> <span class='ocrx_word' id='word_1_663' title='bbox 488 2445 637 2479; x_wconf 88' lang='lat' dir='ltr'><strong>episcopus</strong></span> <span class='ocrx_word' id='word_1_664' title='bbox 653 2443 715 2470; x_wconf 87' lang='lat' dir='ltr'><strong>fuit.</strong></span> <span class='ocrx_word' id='word_1_665' title='bbox 733 2443 903 2471; x_wconf 76' lang='lat' dir='ltr'><strong>Sommenus</strong></span> <span class='ocrx_word' id='word_1_666' title='bbox 918 2444 967 2470; x_wconf 91' lang='lat' dir='ltr'><strong>lib.</strong></span> 
     </span>
    </p>
   </div>
   <div class='ocr_carea' id='block_1_97' title="bbox 179 2490 970 2526">
    <p class='ocr_par' dir='ltr' id='par_1_97' title="bbox 179 2490 970 2526">
     <span class='ocr_line' id='line_1_97' title="bbox 179 2490 970 2526; baseline -0.003 -7"><span class='ocrx_word' id='word_1_667' title='bbox 179 2501 229 2526; x_wconf 87' lang='lat' dir='ltr'><strong>vn,</strong></span> <span class='ocrx_word' id='word_1_668' title='bbox 241 2501 266 2520; x_wconf 92' lang='lat' dir='ltr'><strong>c.</strong></span> <span class='ocrx_word' id='word_1_669' title='bbox 282 2492 330 2519; x_wconf 74' lang='lat' dir='ltr'><strong>l9:</strong></span> <span class='ocrx_word' id='word_1_670' title='bbox 354 2491 463 2526; x_wconf 80' lang='grc' dir='ltr'><strong>Ἀμέλει</strong></span> <span class='ocrx_word' id='word_1_671' title='bbox 476 2490 578 2517; x_wconf 80' lang='grc' dir='ltr'><strong>Σκύθαι</strong></span> <span class='ocrx_word' id='word_1_672' title='bbox 592 2490 688 2516; x_wconf 72' lang='grc' dir='ltr'>πολλαὶ</span> <span class='ocrx_word' id='word_1_673' title='bbox 705 2490 798 2522; x_wconf 75' lang='grc' dir='ltr'>πόλεις</span> <span class='ocrx_word' id='word_1_674' title='bbox 823 2490 899 2521; x_wconf 76' lang='grc' dir='ltr'><strong>ὄντες</strong></span> <span class='ocrx_word' id='word_1_675' title='bbox 921 2491 970 2517; x_wconf 70' lang='grc' dir='ltr'><strong>ἕνα</strong></span> 
     </span>
    </p>
   </div>
   <div class='ocr_carea' id='block_1_98' title="bbox 180 2536 969 2573">
    <p class='ocr_par' dir='ltr' id='par_1_98' title="bbox 180 2536 969 2573">
     <span class='ocr_line' id='line_1_98' title="bbox 180 2536 969 2573; baseline -0.005 -7"><span class='ocrx_word' id='word_1_676' title='bbox 180 2539 281 2570; x_wconf 81' lang='grc' dir='ltr'><strong>πάντες</strong></span> <span class='ocrx_word' id='word_1_677' title='bbox 297 2537 447 2565; x_wconf 74' lang='grc' dir='ltr'><strong>ἐπίσκοπον</strong></span> <span class='ocrx_word' id='word_1_678' title='bbox 464 2537 566 2573; x_wconf 73' lang='grc' dir='ltr'><strong>ἔχουσι.</strong></span> <span class='ocrx_word' id='word_1_679' title='bbox 586 2537 662 2565; x_wconf 87' lang='lat' dir='ltr'><strong>Certe</strong></span> <span class='ocrx_word' id='word_1_680' title='bbox 691 2538 718 2564; x_wconf 78' lang='lat' dir='ltr'><strong>in</strong></span> <span class='ocrx_word' id='word_1_681' title='bbox 741 2537 878 2572; x_wconf 67' lang='lat' dir='ltr'><strong>provincia</strong></span> <span class='ocrx_word' id='word_1_682' title='bbox 903 2536 969 2571; x_wconf 80' lang='lat' dir='ltr'><strong>Scy-</strong></span> 
     </span>
    </p>
   </div>
   <div class='ocr_carea' id='block_1_99' title="bbox 181 2583 969 2620">
    <p class='ocr_par' dir='ltr' id='par_1_99' title="bbox 181 2583 969 2620">
     <span class='ocr_line' id='line_1_99' title="bbox 181 2583 969 2620; baseline -0.004 -9"><span class='ocrx_word' id='word_1_683' title='bbox 181 2585 255 2618; x_wconf 72' lang='lat' dir='ltr'><strong>tltite,</strong></span> <span class='ocrx_word' id='word_1_684' title='bbox 263 2585 380 2620; x_wconf 78' lang='lat' dir='ltr'><strong>quamvis</strong></span> <span class='ocrx_word' id='word_1_685' title='bbox 397 2583 487 2611; x_wconf 67' lang='lat' dir='ltr'><strong>multae</strong></span> <span class='ocrx_word' id='word_1_686' title='bbox 499 2583 574 2610; x_wconf 80' lang='lat' dir='ltr'><strong>urbes</strong></span> <span class='ocrx_word' id='word_1_687' title='bbox 583 2584 647 2615; x_wconf 83' lang='lat' dir='ltr'><strong>sint,</strong></span> <span class='ocrx_word' id='word_1_688' title='bbox 657 2592 723 2610; x_wconf 85' lang='lat' dir='ltr'><strong>unus</strong></span> <span class='ocrx_word' id='word_1_689' title='bbox 734 2588 772 2609; x_wconf 63' lang='lat' dir='ltr'><strong>est</strong></span> <span class='ocrx_word' id='word_1_690' title='bbox 787 2583 903 2608; x_wconf 59' lang='lat' dir='ltr'><strong>orthium</strong></span> <span class='ocrx_word' id='word_1_691' title='bbox 912 2583 969 2617; x_wconf 80' lang='lat' dir='ltr'><strong>epi-</strong></span> 
     </span>
    </p>
   </div>
   <div class='ocr_carea' id='block_1_100' title="bbox 181 2628 969 2666">
    <p class='ocr_par' dir='ltr' id='par_1_100' title="bbox 181 2628 969 2666">
     <span class='ocr_line' id='line_1_100' title="bbox 181 2628 969 2666; baseline -0.006 -7"><span class='ocrx_word' id='word_1_692' title='bbox 181 2640 285 2666; x_wconf 76' lang='lat' dir='ltr'><strong>scopus.</strong></span> <span class='ocrx_word' id='word_1_693' title='bbox 303 2631 334 2659; x_wconf 82' lang='lat' dir='ltr'><strong>Et</strong></span> <span class='ocrx_word' id='word_1_694' title='bbox 349 2632 396 2658; x_wconf 88' lang='lat' dir='ltr'><strong>lib.</strong></span> <span class='ocrx_word' id='word_1_695' title='bbox 416 2640 454 2664; x_wconf 68' lang='grc' dir='ltr'><strong>γι,</strong></span> <span class='ocrx_word' id='word_1_696' title='bbox 470 2639 530 2666; x_wconf 82' lang='lat' dir='ltr'><strong>cap.</strong></span> <span class='ocrx_word' id='word_1_697' title='bbox 548 2631 579 2658; x_wconf 75' lang='grc'><strong>21</strong></span> <span class='ocrx_word' id='word_1_698' title='bbox 594 2640 600 2658; x_wconf 87' lang='lat'><strong>:</strong></span> <span class='ocrx_word' id='word_1_699' title='bbox 622 2629 708 2657; x_wconf 78' lang='grc' dir='ltr'><strong>Τοῦτο</strong></span> <span class='ocrx_word' id='word_1_700' title='bbox 722 2629 752 2656; x_wconf 76' lang='grc' dir='ltr'><strong>τὺ</strong></span> <span class='ocrx_word' id='word_1_701' title='bbox 777 2629 852 2661; x_wconf 79' lang='grc' dir='ltr'><strong>ἔθνος</strong></span> <span class='ocrx_word' id='word_1_702' title='bbox 869 2628 969 2660; x_wconf 78' lang='grc' dir='ltr'>πολλὰς</span> 
     </span>
    </p>
   </div>
   <div class='ocr_carea' id='block_1_101' title="bbox 181 2676 970 2713">
    <p class='ocr_par' dir='ltr' id='par_1_101' title="bbox 181 2676 970 2713">
     <span class='ocr_line' id='line_1_101' title="bbox 181 2676 970 2713; baseline -0.003 -9"><span class='ocrx_word' id='word_1_703' title='bbox 181 2678 231 2712; x_wconf 81' lang='grc' dir='ltr'><strong>μὲν</strong></span> <span class='ocrx_word' id='word_1_704' title='bbox 245 2677 301 2713; x_wconf 76' lang='grc' dir='ltr'>ἔχει</span> <span class='ocrx_word' id='word_1_705' title='bbox 318 2677 364 2704; x_wconf 77' lang='grc' dir='ltr'><strong>καὶ</strong></span> <span class='ocrx_word' id='word_1_706' title='bbox 380 2677 470 2709; x_wconf 78' lang='grc' dir='ltr'><strong>πόλεις</strong></span> <span class='ocrx_word' id='word_1_707' title='bbox 480 2678 527 2704; x_wconf 77' lang='grc' dir='ltr'><strong>καὶ</strong></span> <span class='ocrx_word' id='word_1_708' title='bbox 543 2676 640 2713; x_wconf 76' lang='grc' dir='ltr'>κώμας</span> <span class='ocrx_word' id='word_1_709' title='bbox 651 2677 696 2704; x_wconf 76' lang='grc' dir='ltr'><strong>καὶ</strong></span> <span class='ocrx_word' id='word_1_710' title='bbox 714 2676 831 2713; x_wconf 80' lang='grc' dir='ltr'><strong>φρούρια</strong></span> <span class='ocrx_word' id='word_1_711' title='bbox 842 2685 848 2690; x_wconf 92' lang='grc'><strong>·</strong></span> <span class='ocrx_word' id='word_1_712' title='bbox 869 2676 970 2712; x_wconf 79' lang='grc' dir='ltr'><strong>μητρό-</strong></span> 
     </span>
    </p>
   </div>
   <div class='ocr_carea' id='block_1_102' title="bbox 181 2720 967 2757">
    <p class='ocr_par' dir='ltr' id='par_1_102' title="bbox 181 2720 967 2757">
     <span class='ocr_line' id='line_1_102' title="bbox 181 2720 967 2757; baseline 0.001 -11"><span class='ocrx_word' id='word_1_713' title='bbox 181 2720 259 2752; x_wconf 82' lang='grc' dir='ltr'>πολις</span> <span class='ocrx_word' id='word_1_714' title='bbox 275 2721 302 2747; x_wconf 74' lang='grc' dir='ltr'><strong>δέ</strong></span> <span class='ocrx_word' id='word_1_715' title='bbox 320 2722 377 2748; x_wconf 78' lang='grc' dir='ltr'>ἐστι</span> <span class='ocrx_word' id='word_1_716' title='bbox 395 2722 489 2757; x_wconf 81' lang='grc' dir='ltr'><strong>Τόμις,</strong></span> <span class='ocrx_word' id='word_1_717' title='bbox 507 2722 583 2753; x_wconf 81' lang='grc' dir='ltr'>πόλις</span> <span class='ocrx_word' id='word_1_718' title='bbox 601 2721 705 2757; x_wconf 79' lang='grc' dir='ltr'><strong>μεγάλη</strong></span> <span class='ocrx_word' id='word_1_719' title='bbox 723 2723 770 2748; x_wconf 81' lang='grc' dir='ltr'><strong>καὶ</strong></span> <span class='ocrx_word' id='word_1_720' title='bbox 787 2721 967 2756; x_wconf 81' lang='grc' dir='ltr'><strong>εὐδαίμων,...</strong></span> 
     </span>
    </p>
   </div>
   <div class='ocr_carea' id='block_1_103' title="bbox 183 2765 968 2801">
    <p class='ocr_par' dir='ltr' id='par_1_103' title="bbox 183 2765 968 2801">
     <span class='ocr_line' id='line_1_103' title="bbox 183 2765 968 2801; baseline -0.003 -8"><span class='ocrx_word' id='word_1_721' title='bbox 183 2766 274 2793; x_wconf 82' lang='grc' dir='ltr'><strong>Εἱσὲτι</strong></span> <span class='ocrx_word' id='word_1_722' title='bbox 290 2766 318 2793; x_wconf 80' lang='grc' dir='ltr'><strong>δὲ</strong></span> <span class='ocrx_word' id='word_1_723' title='bbox 335 2767 382 2793; x_wconf 78' lang='grc' dir='ltr'><strong>καὶ</strong></span> <span class='ocrx_word' id='word_1_724' title='bbox 398 2767 445 2793; x_wconf 73' lang='grc' dir='ltr'>νῦν</span> <span class='ocrx_word' id='word_1_725' title='bbox 471 2767 530 2798; x_wconf 75' lang='grc' dir='ltr'><strong>ἔθος</strong></span> <span class='ocrx_word' id='word_1_726' title='bbox 548 2766 661 2793; x_wconf 60' lang='grc' dir='ltr'><strong>παλαιὴν</strong></span> <span class='ocrx_word' id='word_1_727' title='bbox 687 2766 779 2793; x_wconf 73' lang='grc' dir='ltr'><strong>ἐνθάδε</strong></span> <span class='ocrx_word' id='word_1_728' title='bbox 800 2767 897 2801; x_wconf 76' lang='grc' dir='ltr'><strong>κρατεῖ</strong></span> <span class='ocrx_word' id='word_1_729' title='bbox 921 2765 968 2792; x_wconf 85' lang='grc' dir='ltr'><strong>τοῦ</strong></span> 
     </span>
    </p>
   </div>
   <div class='ocr_carea' id='block_1_104' title="bbox 182 2812 969 2849">
    <p class='ocr_par' dir='ltr' id='par_1_104' title="bbox 182 2812 969 2849">
     <span class='ocr_line' id='line_1_104' title="bbox 182 2812 969 2849; baseline -0.001 -10"><span class='ocrx_word' id='word_1_730' title='bbox 182 2814 281 2845; x_wconf 75' lang='grc' dir='ltr'><strong>παντὸς</strong></span> <span class='ocrx_word' id='word_1_731' title='bbox 304 2814 394 2845; x_wconf 74' lang='grc' dir='ltr'><strong>ἔθνους</strong></span> <span class='ocrx_word' id='word_1_732' title='bbox 411 2814 458 2840; x_wconf 67' lang='grc' dir='ltr'><strong>ἕνα</strong></span> <span class='ocrx_word' id='word_1_733' title='bbox 474 2814 523 2845; x_wconf 72' lang='grc' dir='ltr'><strong>τὰς</strong></span> <span class='ocrx_word' id='word_1_734' title='bbox 540 2813 688 2849; x_wconf 69' lang='grc' dir='ltr'><strong>ἐκκλησίας</strong></span> <span class='ocrx_word' id='word_1_735' title='bbox 705 2814 875 2839; x_wconf 72' lang='grc' dir='ltr'><strong>ἐπισκοπεῖν.</strong></span> <span class='ocrx_word' id='word_1_736' title='bbox 906 2812 969 2838; x_wconf 79' lang='grc' dir='ltr'><strong>ΙΙιιέ</strong></span> 
     </span>
    </p>
   </div>
   <div class='ocr_carea' id='block_1_105' title="bbox 179 2859 967 2892">
    <p class='ocr_par' dir='ltr' id='par_1_105' title="bbox 179 2859 967 2892">
     <span class='ocr_line' id='line_1_105' title="bbox 179 2859 967 2892; baseline -0.006 -5"><span class='ocrx_word' id='word_1_737' title='bbox 179 2859 316 2887; x_wconf 70' lang='lat' dir='ltr'><strong>urorincta</strong></span> <span class='ocrx_word' id='word_1_738' title='bbox 328 2860 489 2892; x_wconf 72' lang='lat' dir='ltr'><strong>Scytharum</strong></span> <span class='ocrx_word' id='word_1_739' title='bbox 506 2859 604 2885; x_wconf 85' lang='lat' dir='ltr'><strong>multas</strong></span> <span class='ocrx_word' id='word_1_740' title='bbox 622 2859 697 2885; x_wconf 77' lang='lat' dir='ltr'><strong>urbes</strong></span> <span class='ocrx_word' id='word_1_741' title='bbox 712 2863 737 2885; x_wconf 84' lang='lat' dir='ltr'><strong>et</strong></span> <span class='ocrx_word' id='word_1_742' title='bbox 760 2859 828 2885; x_wconf 73' lang='lat' dir='ltr'><strong>virm</strong></span> <span class='ocrx_word' id='word_1_743' title='bbox 854 2859 967 2883; x_wconf 73' lang='grc' dir='ltr'>νηιιιὶηιι</span> 
     </span>
    </p>
   </div>
   <div class='ocr_carea' id='block_1_106' title="bbox 1020 2262 1807 2296">
    <p class='ocr_par' dir='ltr' id='par_1_106' title="bbox 1020 2262 1807 2296">
     <span class='ocr_line' id='line_1_106' title="bbox 1020 2262 1807 2296; baseline -0.001 -7"><span class='ocrx_word' id='word_1_744' title='bbox 1020 2269 1135 2296; x_wconf 81' lang='lat' dir='ltr'><strong>tempore</strong></span> <span class='ocrx_word' id='word_1_745' title='bbox 1150 2262 1234 2289; x_wconf 85' lang='lat' dir='ltr'><strong>multa</strong></span> <span class='ocrx_word' id='word_1_746' title='bbox 1251 2262 1358 2296; x_wconf 80' lang='lat' dir='ltr'><strong>fuerunt</strong></span> <span class='ocrx_word' id='word_1_747' title='bbox 1371 2263 1498 2295; x_wconf 78' lang='lat' dir='ltr'><strong>dissidia,</strong></span> <span class='ocrx_word' id='word_1_748' title='bbox 1513 2267 1537 2289; x_wconf 82' lang='lat' dir='ltr'><strong>et</strong></span> <span class='ocrx_word' id='word_1_749' title='bbox 1550 2263 1705 2288; x_wconf 81' lang='lat' dir='ltr'><strong>continuum</strong></span> <span class='ocrx_word' id='word_1_750' title='bbox 1721 2264 1807 2289; x_wconf 76' lang='lat' dir='ltr'><strong>odium</strong></span> 
     </span>
    </p>
   </div>
   <div class='ocr_carea' id='block_1_107' title="bbox 1019 2309 1807 2343">
    <p class='ocr_par' dir='ltr' id='par_1_107' title="bbox 1019 2309 1807 2343">
     <span class='ocr_line' id='line_1_107' title="bbox 1019 2309 1807 2343; baseline 0 -7"><span class='ocrx_word' id='word_1_751' title='bbox 1019 2310 1089 2336; x_wconf 85' lang='lat' dir='ltr'><strong>inter</strong></span> <span class='ocrx_word' id='word_1_752' title='bbox 1103 2310 1190 2343; x_wconf 83' lang='lat' dir='ltr'><strong>ipsum</strong></span> <span class='ocrx_word' id='word_1_753' title='bbox 1208 2313 1233 2335; x_wconf 90' lang='lat' dir='ltr'><strong>et</strong></span> <span class='ocrx_word' id='word_1_754' title='bbox 1253 2309 1377 2343; x_wconf 79' lang='lat' dir='ltr'><strong>populum</strong></span> <span class='ocrx_word' id='word_1_755' title='bbox 1399 2309 1468 2343; x_wconf 79' lang='lat' dir='ltr'><strong>ejus.</strong></span> <span class='ocrx_word' id='word_1_756' title='bbox 1492 2309 1571 2342; x_wconf 85' lang='lat' dir='ltr'><strong>Quod</strong></span> <span class='ocrx_word' id='word_1_757' title='bbox 1594 2309 1676 2335; x_wconf 86' lang='lat' dir='ltr'><strong>etiam</strong></span> <span class='ocrx_word' id='word_1_758' title='bbox 1695 2314 1807 2336; x_wconf 84' lang='lat' dir='ltr'><strong>testatur</strong></span> 
     </span>
    </p>
   </div>
   <div class='ocr_carea' id='block_1_108' title="bbox 1020 2353 1806 2389">
    <p class='ocr_par' dir='ltr' id='par_1_108' title="bbox 1020 2353 1806 2389">
     <span class='ocr_line' id='line_1_108' title="bbox 1020 2353 1806 2389; baseline 0.001 -9"><span class='ocrx_word' id='word_1_759' title='bbox 1020 2353 1078 2380; x_wconf 89' lang='lat' dir='ltr'><strong>Ebn</strong></span> <span class='ocrx_word' id='word_1_760' title='bbox 1091 2354 1142 2380; x_wconf 87' lang='lat' dir='ltr'><strong>Abi</strong></span> <span class='ocrx_word' id='word_1_761' title='bbox 1161 2353 1301 2381; x_wconf 70' lang='lat' dir='ltr'><strong>Osaibeaie</strong></span> <span class='ocrx_word' id='word_1_762' title='bbox 1317 2354 1344 2380; x_wconf 90' lang='lat' dir='ltr'><strong>in</strong></span> <span class='ocrx_word' id='word_1_763' title='bbox 1361 2353 1421 2380; x_wconf 86' lang='lat' dir='ltr'><strong>Vita</strong></span> <span class='ocrx_word' id='word_1_764' title='bbox 1445 2353 1580 2389; x_wconf 83' lang='lat' dir='ltr'><strong>Eutycltii.</strong></span> <span class='ocrx_word' id='word_1_765' title='bbox 1594 2353 1629 2381; x_wconf 90' lang='lat' dir='ltr'><strong>Ut</strong></span> <span class='ocrx_word' id='word_1_766' title='bbox 1643 2359 1735 2381; x_wconf 79' lang='lat' dir='ltr'><strong>autent</strong></span> <span class='ocrx_word' id='word_1_767' title='bbox 1753 2363 1806 2382; x_wconf 78' lang='lat' dir='ltr'><strong>ma-</strong></span> 
     </span>
    </p>
   </div>
   <div class='ocr_carea' id='block_1_109' title="bbox 1018 2398 1807 2433">
    <p class='ocr_par' dir='ltr' id='par_1_109' title="bbox 1018 2398 1807 2433">
     <span class='ocr_line' id='line_1_109' title="bbox 1018 2398 1807 2433; baseline 0.003 -8"><span class='ocrx_word' id='word_1_768' title='bbox 1018 2398 1107 2433; x_wconf 77' lang='lat' dir='ltr'><strong>jorum</strong></span> <span class='ocrx_word' id='word_1_769' title='bbox 1125 2399 1189 2426; x_wconf 90' lang='lat' dir='ltr'><strong>huic</strong></span> <span class='ocrx_word' id='word_1_770' title='bbox 1211 2399 1331 2426; x_wconf 87' lang='lat' dir='ltr'><strong>Arabico</strong></span> <span class='ocrx_word' id='word_1_771' title='bbox 1355 2400 1483 2433; x_wconf 89' lang='lat' dir='ltr'><strong>scriptori</strong></span> <span class='ocrx_word' id='word_1_772' title='bbox 1504 2400 1584 2427; x_wconf 79' lang='lat' dir='ltr'><strong>ﬁdem</strong></span> <span class='ocrx_word' id='word_1_773' title='bbox 1599 2400 1730 2427; x_wconf 87' lang='lat' dir='ltr'><strong>conciliet</strong></span> <span class='ocrx_word' id='word_1_774' title='bbox 1754 2400 1807 2428; x_wconf 67' lang='lat' dir='ltr'><strong>Scl-</strong></span> 
     </span>
    </p>
   </div>
   <div class='ocr_carea' id='block_1_110' title="bbox 1020 2445 1807 2481">
    <p class='ocr_par' dir='ltr' id='par_1_110' title="bbox 1020 2445 1807 2481">
     <span class='ocr_line' id='line_1_110' title="bbox 1020 2445 1807 2481; baseline 0.004 -11"><span class='ocrx_word' id='word_1_775' title='bbox 1020 2445 1122 2477; x_wconf 86' lang='lat' dir='ltr'><strong>denus,</strong></span> <span class='ocrx_word' id='word_1_776' title='bbox 1135 2445 1203 2471; x_wconf 81' lang='lat' dir='ltr'><strong>Mihi</strong></span> <span class='ocrx_word' id='word_1_777' title='bbox 1218 2453 1291 2476; x_wconf 82' lang='lat' dir='ltr'><strong>sane,</strong></span> <span class='ocrx_word' id='word_1_778' title='bbox 1305 2445 1403 2479; x_wconf 87' lang='lat' dir='ltr'><strong>inquit,</strong></span> <span class='ocrx_word' id='word_1_779' title='bbox 1419 2445 1565 2481; x_wconf 76' lang='lat' dir='ltr'><strong>Eutycbius</strong></span> <span class='ocrx_word' id='word_1_780' title='bbox 1579 2446 1607 2472; x_wconf 83' lang='lat' dir='ltr'><strong>in</strong></span> <span class='ocrx_word' id='word_1_781' title='bbox 1616 2446 1688 2472; x_wconf 78' lang='lat' dir='ltr'><strong>ltisce</strong></span> <span class='ocrx_word' id='word_1_782' title='bbox 1705 2452 1744 2473; x_wconf 76' lang='lat' dir='ltr'><strong>est</strong></span> <span class='ocrx_word' id='word_1_783' title='bbox 1761 2447 1807 2473; x_wconf 67' lang='lat' dir='ltr'><strong>vcl-</strong></span> 
     </span>
    </p>
   </div>
   <div class='ocr_carea' id='block_1_111' title="bbox 1020 2490 1805 2526">
    <p class='ocr_par' dir='ltr' id='par_1_111' title="bbox 1020 2490 1805 2526">
     <span class='ocr_line' id='line_1_111' title="bbox 1020 2490 1805 2526; baseline 0.001 -9"><span class='ocrx_word' id='word_1_784' title='bbox 1020 2492 1060 2517; x_wconf 88' lang='lat' dir='ltr'><strong>uti</strong></span> <span class='ocrx_word' id='word_1_785' title='bbox 1073 2491 1146 2518; x_wconf 82' lang='lat' dir='ltr'><strong>Beda</strong></span> <span class='ocrx_word' id='word_1_786' title='bbox 1167 2491 1244 2525; x_wconf 84' lang='lat' dir='ltr'><strong>plane</strong></span> <span class='ocrx_word' id='word_1_787' title='bbox 1260 2490 1414 2526; x_wconf 60' lang='lat' dir='ltr'><strong>Egyptias,</strong></span> <span class='ocrx_word' id='word_1_788' title='bbox 1433 2496 1461 2518; x_wconf 86' lang='lat' dir='ltr'><strong>et</strong></span> <span class='ocrx_word' id='word_1_789' title='bbox 1482 2499 1596 2518; x_wconf 87' lang='lat' dir='ltr'><strong>rursus:</strong></span> <span class='ocrx_word' id='word_1_790' title='bbox 1614 2492 1732 2518; x_wconf 78' lang='lat' dir='ltr'><strong>Annales</strong></span> <span class='ocrx_word' id='word_1_791' title='bbox 1755 2493 1805 2526; x_wconf 70' lang='lat' dir='ltr'><strong>ejus</strong></span> 
     </span>
    </p>
   </div>
   <div class='ocr_carea' id='block_1_112' title="bbox 1020 2538 1806 2572">
    <p class='ocr_par' dir='ltr' id='par_1_112' title="bbox 1020 2538 1806 2572">
     <span class='ocr_line' id='line_1_112' title="bbox 1020 2538 1806 2572; baseline 0 -8"><span class='ocrx_word' id='word_1_792' title='bbox 1020 2538 1084 2572; x_wconf 76' lang='lat' dir='ltr'><strong>ipsis</strong></span> <span class='ocrx_word' id='word_1_793' title='bbox 1099 2538 1226 2565; x_wconf 66' lang='lat' dir='ltr'><strong>Ecl-lusio:</strong></span> <span class='ocrx_word' id='word_1_794' title='bbox 1241 2538 1427 2565; x_wconf 70' lang='lat' dir='ltr'><strong>Alexandrinis:</strong></span> <span class='ocrx_word' id='word_1_795' title='bbox 1448 2538 1563 2564; x_wconf 67' lang='lat' dir='ltr'><strong>are/rivis</strong></span> <span class='ocrx_word' id='word_1_796' title='bbox 1586 2538 1704 2572; x_wconf 78' lang='lat' dir='ltr'><strong>plurima</strong></span> <span class='ocrx_word' id='word_1_797' title='bbox 1721 2538 1806 2565; x_wconf 72' lang='lat' dir='ltr'><strong>debere</strong></span> 
     </span>
    </p>
   </div>
   <div class='ocr_carea' id='block_1_113' title="bbox 1020 2583 1805 2619">
    <p class='ocr_par' dir='ltr' id='par_1_113' title="bbox 1020 2583 1805 2619">
     <span class='ocr_line' id='line_1_113' title="bbox 1020 2583 1805 2619; baseline -0.001 -9"><span class='ocrx_word' id='word_1_798' title='bbox 1020 2584 1110 2611; x_wconf 82' lang='lat' dir='ltr'><strong>nullus</strong></span> <span class='ocrx_word' id='word_1_799' title='bbox 1125 2585 1228 2612; x_wconf 83' lang='lat' dir='ltr'><strong>dubito.</strong></span> <span class='ocrx_word' id='word_1_800' title='bbox 1259 2584 1332 2611; x_wconf 71' lang='lat' dir='ltr'><strong>Satis</strong></span> <span class='ocrx_word' id='word_1_801' title='bbox 1347 2585 1457 2619; x_wconf 88' lang='lat' dir='ltr'><strong>quidem</strong></span> <span class='ocrx_word' id='word_1_802' title='bbox 1475 2583 1618 2617; x_wconf 66' lang='lat' dir='ltr'><strong>magnifice</strong></span> <span class='ocrx_word' id='word_1_803' title='bbox 1630 2584 1664 2611; x_wconf 86' lang='lat' dir='ltr'><strong>de</strong></span> <span class='ocrx_word' id='word_1_804' title='bbox 1677 2583 1805 2619; x_wconf 78' lang='lat' dir='ltr'><strong>Eutychiu</strong></span> 
     </span>
    </p>
   </div>
   <div class='ocr_carea' id='block_1_114' title="bbox 1019 2629 1804 2665">
    <p class='ocr_par' dir='ltr' id='par_1_114' title="bbox 1019 2629 1804 2665">
     <span class='ocr_line' id='line_1_114' title="bbox 1019 2629 1804 2665; baseline 0 -8"><span class='ocrx_word' id='word_1_805' title='bbox 1019 2636 1046 2657; x_wconf 89' lang='lat' dir='ltr'><strong>et</strong></span> <span class='ocrx_word' id='word_1_806' title='bbox 1057 2631 1208 2658; x_wconf 78' lang='lat' dir='ltr'><strong>Annalibus</strong></span> <span class='ocrx_word' id='word_1_807' title='bbox 1223 2631 1283 2665; x_wconf 87' lang='lat' dir='ltr'><strong>ejus</strong></span> <span class='ocrx_word' id='word_1_808' title='bbox 1302 2631 1359 2657; x_wconf 66' lang='lat' dir='ltr'><strong>[NEC</strong></span> <span class='ocrx_word' id='word_1_809' title='bbox 1373 2630 1445 2657; x_wconf 84' lang='lat' dir='ltr'><strong>dicta</strong></span> <span class='ocrx_word' id='word_1_810' title='bbox 1459 2635 1524 2657; x_wconf 88' lang='lat' dir='ltr'><strong>sunt</strong></span> <span class='ocrx_word' id='word_1_811' title='bbox 1537 2639 1544 2661; x_wconf 86' lang='lat'>;</span> <span class='ocrx_word' id='word_1_812' title='bbox 1560 2629 1606 2656; x_wconf 88' lang='lat' dir='ltr'><strong>sed</strong></span> <span class='ocrx_word' id='word_1_813' title='bbox 1622 2630 1682 2656; x_wconf 89' lang='lat' dir='ltr'><strong>sine</strong></span> <span class='ocrx_word' id='word_1_814' title='bbox 1696 2630 1750 2657; x_wconf 81' lang='lat' dir='ltr'><strong>tilla</strong></span> <span class='ocrx_word' id='word_1_815' title='bbox 1766 2639 1804 2657; x_wconf 79' lang='lat' dir='ltr'><strong>ve-</strong></span> 
     </span>
    </p>
   </div>
   <div class='ocr_carea' id='block_1_115' title="bbox 1020 2675 1804 2711">
    <p class='ocr_par' dir='ltr' id='par_1_115' title="bbox 1020 2675 1804 2711">
     <span class='ocr_line' id='line_1_115' title="bbox 1020 2675 1804 2711; baseline 0 -9"><span class='ocrx_word' id='word_1_816' title='bbox 1020 2677 1110 2704; x_wconf 85' lang='lat' dir='ltr'><strong>ritatis</strong></span> <span class='ocrx_word' id='word_1_817' title='bbox 1121 2677 1221 2711; x_wconf 73' lang='lat' dir='ltr'><strong>specie.</strong></span> <span class='ocrx_word' id='word_1_818' title='bbox 1234 2676 1322 2704; x_wconf 84' lang='lat' dir='ltr'><strong>Arabs</strong></span> <span class='ocrx_word' id='word_1_819' title='bbox 1335 2677 1408 2703; x_wconf 88' lang='lat' dir='ltr'><strong>enim</strong></span> <span class='ocrx_word' id='word_1_820' title='bbox 1426 2676 1470 2702; x_wconf 85' lang='lat' dir='ltr'><strong>ille</strong></span> <span class='ocrx_word' id='word_1_821' title='bbox 1487 2683 1540 2702; x_wconf 91' lang='lat' dir='ltr'><strong>non</strong></span> <span class='ocrx_word' id='word_1_822' title='bbox 1554 2681 1659 2703; x_wconf 81' lang='lat' dir='ltr'><strong>tantum</strong></span> <span class='ocrx_word' id='word_1_823' title='bbox 1677 2675 1747 2702; x_wconf 73' lang='lat' dir='ltr'><strong>Beda</strong></span> <span class='ocrx_word' id='word_1_824' title='bbox 1763 2684 1804 2702; x_wconf 90' lang='lat' dir='ltr'><strong>no-</strong></span> 
     </span>
    </p>
   </div>
   <div class='ocr_carea' id='block_1_116' title="bbox 1021 2721 1803 2757">
    <p class='ocr_par' dir='ltr' id='par_1_116' title="bbox 1021 2721 1803 2757">
     <span class='ocr_line' id='line_1_116' title="bbox 1021 2721 1803 2757; baseline -0.001 -8"><span class='ocrx_word' id='word_1_825' title='bbox 1021 2727 1079 2749; x_wconf 86' lang='lat' dir='ltr'><strong>stro</strong></span> <span class='ocrx_word' id='word_1_826' title='bbox 1105 2723 1186 2757; x_wconf 78' lang='lat' dir='ltr'><strong>longe</strong></span> <span class='ocrx_word' id='word_1_827' title='bbox 1212 2722 1306 2757; x_wconf 88' lang='lat' dir='ltr'><strong>junior</strong></span> <span class='ocrx_word' id='word_1_828' title='bbox 1334 2721 1396 2753; x_wconf 85' lang='lat' dir='ltr'><strong>fuit,</strong></span> <span class='ocrx_word' id='word_1_829' title='bbox 1416 2722 1492 2748; x_wconf 84' lang='lat' dir='ltr'><strong>etab</strong></span> <span class='ocrx_word' id='word_1_830' title='bbox 1508 2721 1662 2756; x_wconf 78' lang='lat' dir='ltr'><strong>originibus</strong></span> <span class='ocrx_word' id='word_1_831' title='bbox 1684 2721 1803 2749; x_wconf 69' lang='lat' dir='ltr'><strong>Ecclesia:</strong></span> 
     </span>
    </p>
   </div>
   <div class='ocr_carea' id='block_1_117' title="bbox 1020 2766 1803 2802">
    <p class='ocr_par' dir='ltr' id='par_1_117' title="bbox 1020 2766 1803 2802">
     <span class='ocr_line' id='line_1_117' title="bbox 1020 2766 1803 2802; baseline -0.001 -8"><span class='ocrx_word' id='word_1_832' title='bbox 1020 2768 1151 2794; x_wconf 85' lang='lat' dir='ltr'><strong>remotior</strong></span> <span class='ocrx_word' id='word_1_833' title='bbox 1177 2770 1283 2801; x_wconf 86' lang='lat' dir='ltr'><strong>(utpote</strong></span> <span class='ocrx_word' id='word_1_834' title='bbox 1297 2767 1345 2802; x_wconf 91' lang='lat' dir='ltr'><strong>qui</strong></span> <span class='ocrx_word' id='word_1_835' title='bbox 1361 2772 1441 2794; x_wconf 90' lang='lat' dir='ltr'><strong>natus</strong></span> <span class='ocrx_word' id='word_1_836' title='bbox 1455 2767 1491 2793; x_wconf 89' lang='lat' dir='ltr'><strong>sit</strong></span> <span class='ocrx_word' id='word_1_837' title='bbox 1515 2766 1547 2793; x_wconf 84' lang='lat' dir='ltr'><strong>A.</strong></span> <span class='ocrx_word' id='word_1_838' title='bbox 1566 2766 1596 2793; x_wconf 72' lang='grc' dir='ltr'><strong>Β.</strong></span> <span class='ocrx_word' id='word_1_839' title='bbox 1611 2766 1675 2798; x_wconf 78' lang='lat'><strong>876,</strong></span> <span class='ocrx_word' id='word_1_840' title='bbox 1688 2775 1749 2794; x_wconf 91' lang='lat' dir='ltr'><strong>cum</strong></span> <span class='ocrx_word' id='word_1_841' title='bbox 1762 2775 1803 2794; x_wconf 81' lang='lat' dir='ltr'><strong>na-</strong></span> 
     </span>
    </p>
   </div>
   <div class='ocr_carea' id='block_1_118' title="bbox 1021 2812 1801 2842">
    <p class='ocr_par' dir='ltr' id='par_1_118' title="bbox 1021 2812 1801 2842">
     <span class='ocr_line' id='line_1_118' title="bbox 1021 2812 1801 2842; baseline -0.003 -3"><span class='ocrx_word' id='word_1_842' title='bbox 1021 2813 1083 2839; x_wconf 85' lang='lat' dir='ltr'><strong>talis</strong></span> <span class='ocrx_word' id='word_1_843' title='bbox 1105 2812 1182 2839; x_wconf 72' lang='lat' dir='ltr'><strong>Bedte</strong></span> <span class='ocrx_word' id='word_1_844' title='bbox 1204 2813 1263 2840; x_wconf 78' lang='lat' dir='ltr'><strong>dies</strong></span> <span class='ocrx_word' id='word_1_845' title='bbox 1285 2814 1318 2839; x_wconf 89' lang='lat' dir='ltr'><strong>ad</strong></span> <span class='ocrx_word' id='word_1_846' title='bbox 1344 2813 1376 2839; x_wconf 89' lang='lat' dir='ltr'><strong>A.</strong></span> <span class='ocrx_word' id='word_1_847' title='bbox 1395 2812 1492 2839; x_wconf 74' lang='grc'><strong>1).675</strong></span> <span class='ocrx_word' id='word_1_848' title='bbox 1510 2812 1658 2842; x_wconf 83' lang='lat' dir='ltr'><strong>referatur.</strong></span> <span class='ocrx_word' id='word_1_849' title='bbox 1676 2817 1707 2839; x_wconf 92' lang='lat' dir='ltr'><strong>ut</strong></span> <span class='ocrx_word' id='word_1_850' title='bbox 1731 2814 1801 2840; x_wconf 74' lang='lat' dir='ltr'><strong>anuis</strong></span> 
     </span>
    </p>
   </div>
   <div class='ocr_carea' id='block_1_119' title="bbox 1022 2856 1800 2892">
    <p class='ocr_par' dir='ltr' id='par_1_119' title="bbox 1022 2856 1800 2892">
     <span class='ocr_line' id='line_1_119' title="bbox 1022 2856 1800 2892; baseline 0.005 -9"><span class='ocrx_word' id='word_1_851' title='bbox 1022 2859 1145 2885; x_wconf 86' lang='lat' dir='ltr'><strong>nlnribus</strong></span> <span class='ocrx_word' id='word_1_852' title='bbox 1156 2866 1238 2892; x_wconf 89' lang='lat' dir='ltr'><strong>quam</strong></span> <span class='ocrx_word' id='word_1_853' title='bbox 1254 2859 1308 2885; x_wconf 51' lang='lat'><strong>2110</strong></span> <span class='ocrx_word' id='word_1_854' title='bbox 1324 2864 1418 2886; x_wconf 66' lang='lat' dir='ltr'><strong>(aster</strong></span> <span class='ocrx_word' id='word_1_855' title='bbox 1434 2858 1559 2892; x_wconf 79' lang='lat' dir='ltr'><strong>superior</strong></span> <span class='ocrx_word' id='word_1_856' title='bbox 1573 2859 1734 2890; x_wconf 70' lang='lat' dir='ltr'><strong>appareat):</strong></span> <span class='ocrx_word' id='word_1_857' title='bbox 1759 2856 1800 2884; x_wconf 61' lang='lat' dir='ltr'><strong>se&quot;</strong></span> 
     </span>
    </p>
   </div>
  </div>
