1866 3073
61 146 101 175 ‘5')

435 154 460 182 J.
480 155 659 183 PEARSONII
680 155 839 183 ViNDlClA-Z
859 155 1068 185 IGNATIANrE.
1085 175 1119 179 —
1136 159 1225 188 PARS
1240 160 1260 188 1.

1647 165 1700 192 2M

68 209 134 237 etiam
144 210 179 238 ad
194 211 399 248 antiquitates
420 215 549 243 Ecclesiae
565 224 622 244 suae
643 216 777 244 eruendas
787 221 868 251 atque
883 218 905 246 A
919 225 1032 253 scopum
1047 218 1213 251 Rohensem,
1240 219 1407 248 Thaddacum
1428 223 1585 259 episcopum
1601 223 1698 252 Παιδεία

73 256 240 291 explicandas
260 260 362 286 multo
386 260 546 295 imparatior
560 265 587 288 et
609 261 726 295 ineptior
739 265 808 288 erat.
828 259 866 288 De

74 303 182 331 urchivis
205 309 324 332 autem'
343 305 530 338 Alexandriae,
559 306 659 341 quibus
677 307 798 334 Annales
826 311 867 334 tot

77 351 163 378 debere
175 355 274 386 putat,
291 359 413 387 prorsus
436 353 595 381 incredibile
612 357 664 381 est.
679 353 754 380 Libri
769 361 866 380 omnes

78 397 249 425 bibliothecae
274 398 483 432 Alexandrina,
497 407 576 434 capta
591 407 605 427 a
620 399 766 427 Meslemiis
786 399 864 433 urbe,

76 445 163 473 statim
177 446 343 481 perierunt.
373 446 574 474 Jussit~Amrus
590 447 685 475 Ebno’t
698 447 734 474 As
749 447 865 482 dispergi

74 500 113 519 eos
128 500 175 527 per
190 493 292 519 balnea
309 493 482 520 Alexandria:
496 498 572 528 atque
596 493 651 520 illis
666 494 865 528 calefaciendis,

73 539 193 565 comburi
208 547 218 565 :
231 539 273 565 ita
288 540 376 574 spatio
393 539 511 566 semestri
520 541 667 574 consumpti
681 545 752 573 sunt,
769 545 866 568 ultra—

71 585 111 612 dit
122 584 280 620 Gregorius
297 585 484 614 Abulfaraius.
500 586 570 613 Audi
584 587 648 622 quid
660 587 759 621 facturr:
774 587 865 622 fuerit,

71 629 165 665 inquit
183 630 243 663 ille,
263 635 290 657 et
304 631 411 658 mirare.
426 631 484 658 imo
506 632 592 667 magis
612 632 705 659 mirari
717 637 864 667 oporteret,

69 676 93 703 si
115 681 184 712 post
205 685 296 705 annos
319 677 404 705 ferme
430 677 483 705 “200
508 685 657 713 paucorum
676 678 864 706 Melchitarum

68 723 225 758 episcopus
245 723 366 759 origines
389 724 516 751 Ecclesia:
530 725 720 752 Alexandrina
734 725 770 752 ibi
791 725 867 752 inve-

68 768 158 795 niret.
171 767 256 795 Certe
271 772 328 794 tam
349 768 516 803 negligenter
531 767 722 796 Alexandrina:
737 767 866 796 Ecclesia:

69 813 225 840 historiam
242 814 392 848 pertexuit,
407 818 438 841 ut
458 821 511 841 non
524 814 612 849 magis
627 814 710 849 hujus
732 821 814 849 quam
830 814 867 842 al-

67 859 163 887 terius
187 859 345 894 cujuspiam
372 864 549 887 monumenta
575 860 627 895 ipsi
653 860 762 895 cognita
781 859 866 887 fuisse

67 910 219 940 appareat.
236 905 357 932 Marcum
370 905 564 941 evangelistam
579 907 663 933 tradit
674 914 747 933 nono
758 906 863 933 Claudii
880 897 901 924 Β

67 958 149 979 anno
170 952 366 980 Alexandriam
394 953 512 985 venisse,
535 953 624 988 primo
637 952 752 980 Neronis
766 953 864 980 ibidem

18 1027 19 1031 η
67 998 210 1034 martyrio
224 1003 386 1026 coronatum
409 1007 486 1031 esse;
510 1004 536 1027 et
561 1004 650 1026 tamen
675 999 746 1026 idem
771 998 864 1032 refert,

66 1047 200 1078 tempore
225 1043 344 1072 Neronis
379 1044 489 1077 Petrum
525 1045 669 1079 scripsisse
689 1045 865 1080 Evangelium

67 1088 172 1121 lar-ci,
187 1089 311 1118 dictante
327 1089 430 1124 Marco,
450 1091 478 1118 in
496 1091 562 1119 urbe
575 1091 674 1119 Roma.
689 1090 751 1119 Hac
765 1099 819 1118 non
831 1098 863 1118 cx

67 1136 251 1164 Manndriae
273 1137 407 1171 archivis,
422 1137 468 1165 sed
481 1137 595 1166 diversis
616 1138 805 1173 scriptoribus,
818 1139 865 1174 qui

68 1181 218 1208 contraria
242 1181 425 1215 tradiderunt,
451 1182 509 1210 sine
521 1183 624 1218 judicio
641 1184 742 1211 hausit.
765 1184 866 1211 Conci-

70 1226 143 1253 liare
157 1227 219 1254 bsec
231 1227 343 1262 quidem
357 1227 444 1255 voluit
456 1227 599 1262 Seldenus,
615 1229 662 1256 sed
676 1228 788 1257 frustra.
802 1229 865 1256 Non

71 1272 163 1300 totum
188 1277 281 1299 autem
307 1278 430 1308 tempore
455 1273 581 1308 Neronis,
600 1275 645 1302 scd
662 1283 731 1302 anno
747 1275 864 1309 ejusdem

72 1319 173 1353 primo,
202 1327 308 1346 necesse
327 1325 366 1347 est
391 1326 420 1347 ut
437 1321 512 1348 uellet
534 1327 622 1348 noster
634 1321 805 1357 Evangelium
816 1322 865 1348 hoc

74 1364 219 1398 scriptum,
236 1364 306 1399 quod
323 1365 413 1398 palam
427 1371 465 1393 est
477 1375 509 1393 ea:
522 1367 555 1394 iis
579 1375 638 1402 qure
652 1367 724 1402 infra
746 1367 822 1396 habet
833 1369 865 1396 de

75 1410 151 1437 nitu
172 1416 230 1437 tum
244 1410 320 1438 Petri
336 1416 392 1438 tum
406 1411 491 1439 Marci
508 1413 596 1440 eadem
611 1414 638 1441 in
652 1422 733 1442 anno.
747 1414 775 1441 Si
791 1415 864 1442 enim

77 1460 251 1490 supponatur
268 1455 447 1492 Evangelium
463 1457 544 1486 Marci
560 1459 691 1494 scriptum
711 1458 797 1488 fuisse
809 1461 865 1495 pri-

79 1505 124 1525 mo
148 1497 267 1526 Neronis
293 1507 376 1534 anno,
395 1501 498 1537 reliqua
524 1507 615 1531 tamen
642 1506 795 1533 consistere
809 1513 864 1533 non

79 1548 205 1577 possunt.
223 1544 263 1572 Eo
279 1546 352 1573 enim
380 1554 453 1574 anno
467 1555 522 1583 quo
545 1554 671 1578 mortuus
692 1557 733 1578 est
755 1551 864 1579 Marcus

80 1588 252 1618 Alexandriae
267 1599 322 1619 non
339 1593 429 1627 potuit
441 1593 534 1622 Romae
555 1596 657 1624 dictare
668 1596 839 1633 Evangelium
853 1608 861 1632 ;

81 1641 167 1670 neque
182 1637 259 1664 enim
283 1637 444 1674 Eutychius,
462 1648 548 1675 neque
566 1642 711 1677 quisquam
726 1644 796 1672 alius
814 1644 864 1671 do-

80 1684 120 1707 cet
132 1679 259 1709 Marcum
276 1682 395 1718 digypto
424 1685 458 1711 ad
478 1684 588 1713 Petrum
603 1688 797 1723 commigrasse
808 1689 864 1716 Ro-

81 1735 169 1755 mam:
187 1735 278 1763 neque
303 1729 331 1757 id
353 1729 456 1758 factum
482 1731 579 1759 docere
599 1733 688 1767 potuit
711 1733 865 1770 Eutychius

80 1775 167 1808 primo
179 1774 301 1802 Neronis
320 1782 403 1809 anno,
427 1784 490 1804 cum
506 1777 563 1811 ipse
580 1777 669 1806 tradat
689 1778 801 1807 Petrum
818 1787 866 1807 oc-

80 1819 166 1847 cisum
181 1827 245 1848 esse
263 1828 337 1848 anno
351 1821 398 1854 22,
417 1826 478 1856 post
491 1823 644 1857 passionem
670 1823 788 1858 Domini,
815 1826 867 1854 hoc

77 1871 129 1897 est.
151 1871 218 1894 ante
242 1867 389 1901 imperium
414 1866 538 1895 Neronis.
563 1867 627 1896 Haec
650 1874 741 1897 autem
772 1871 865 1899 omnia

78 1917 143 1938 sunt
167 1912 323 1941 ἀσύστατα.
351 1911 573 1940 Patriareharum
598 1915 720 1948 nomina,
747 1920 774 1942 et
796 1916 865 1943 mira

78 1956 190 1991 quidem
211 1965 293 1992 saepe,
309 1957 400 1992 prodit
413 1957 562 1993 Eutychius
576 1968 584 1986 :
599 1966 687 1987 annos
699 1960 781 1987 etiam
797 1969 866 1988 enu-

79 2007 180 2035 merat,
202 2009 248 2030 res
263 2007 354 2038 gestas
377 2003 490 2030 minime
515 2011 722 2033 commemorat.
737 2005 805 2033 Cum
830 2007 865 2034 ad

77 2046 249 2075 Demetrium
274 2048 407 2082 pervenit,
431 2048 504 2083 quod
526 2054 589 2076 ante
604 2050 720 2083 dixerat,
750 2051 863 2085 repetit:

78 2093 187 2120 Primus
199 2093 245 2120 ille
265 2094 478 2128 patriarcharum
503 2096 636 2130 episcopos
652 2096 679 2122 in
695 2095 804 2132 Egypti
820 2097 864 2123 di-

77 2138 147 2165 tione
167 2139 330 2172 ordinavit;
358 2144 389 2167 ut
408 2144 435 2167 et
457 2140 490 2168 de
515 2140 646 2168 ileracla:
663 2141 729 2176 Ejus
752 2147 865 2177 tempore

77 2184 228 2218 appettatus
238 2189 279 2212 est
297 2186 452 2220 patriarcha
465 2186 663 2215 Alexandrinus
676 2188 761 2222 Baba,
779 2189 807 2216 id
825 2194 865 2216 est

876 1574 899 1603 C.

918 271 1029 291 nensem
1058 269 1086 291 et
1101 264 1302 293 Theodorelum
1319 267 1476 302 episcopum
1500 269 1696 306 Ancyrensem,

917 317 986 344 quos
1003 318 1096 338 coram
1113 312 1277 347 imperatore
1297 318 1379 349 atque
1404 314 1561 349 patriarcha
1585 325 1697 353 compa-

916 356 1006 384 ruisse
1017 357 1112 390 docet;
1128 365 1176 392 per
1203 357 1369 387 Thaddaaum
1394 360 1587 389 Massiuensem
1607 362 1697 391 Theo—

917 401 1014 429 dorum
1036 402 1258 438 Mopsuestenum
1276 405 1440 441 intelligens,
1451 411 1478 434 et
1492 407 1694 436 Theodoretum

916 454 966 482 pro
987 447 1101 483 Cyre-nsi
1121 448 1305 485 Ancyrensem
1329 451 1477 485 appellans.
1505 451 1598 481 Solum
1622 454 1695 482 enim

917 492 990 520 Ibam
1003 499 1075 521 recte
1088 495 1210 522 nominat
1219 494 1383 529 Rohenscm,
1395 497 1447 524 hoc
1455 502 1495 526 est
1516 498 1694 528 Edessenum.

916 536 993 565 Roha
1014 539 1085 565 enim
1108 543 1135 566 et
1151 539 1267 566 Ἔδεσσα
1285 540 1379 568 eadem
1401 541 1508 569 civitas.
1523 541 1600 571 Unde
1612 544 1696 571 Abul-

916 583 1029 619 pharaio
1051 584 1140 619 Abgar
1151 593 1198 612 rex
1210 585 1299 618 Rohte,
1324 587 1370 620 qui
1382 587 1452 622 apud
1468 587 1613 616 Eusebium
1628 590 1697 618 dici-

917 634 961 656 tur
977 629 1113 666 ¹Δ6γαρος
1127 631 1266 666 τοπάρχης
1286 631 1420 667 Ἐδέσσης.
1431 632 1497 660 Erat
1508 639 1599 661 autem
1609 635 1697 670 Αὐρα-

916 683 972 708 rus,
988 675 1046 703 sive
1061 676 1182 712 Abgarus
1201 685 1346 705 commune
1372 686 1470 706 nomen
1493 679 1640 709 Osdroenae
1654 690 1697 710 re»

915 722 1052 756 gulorum,
1069 731 1187 758 quorum
1210 724 1285 760 regia
1313 725 1422 754 Edessa:
1439 727 1500 761 fuit,
1526 733 1556 755 ut
1581 733 1696 757 testatur

915 766 1075 804 Procopius.
1090 769 1162 797 Idem
1181 771 1263 798 tradit
1288 770 1435 799 Antonium
1457 773 1529 800 inter
1549 773 1653 802 Roham
1668 778 1696 802 et

915 811 1053 841 Haranum
1067 816 1188 843 occisum
1204 823 1274 850 esse,
1292 822 1322 845 ut
1337 818 1363 845 in
1380 818 1488 847 Eusebii
1503 819 1641 848 Chronico
1658 821 1696 849 le-

915 859 1022 894 gimus:
1039 860 1170 888 Antonius
1186 862 1346 898 interﬁcitur
1365 865 1434 892 inter
1448 865 1577 893 Edessam
1592 873 1616 894 et
1627 867 1695 894 Car-

915 912 970 932 ras.
989 904 1027 932 ita
1040 904 1133 938 Rohze,
1153 907 1203 933 hoc
1225 911 1268 935 est
1290 907 1400 936 Edessa:
1413 909 1605 939 Constantium
1619 911 1696 940 ilele-

915 957 977 976 nam
994 951 1131 979 invenisse
1156 952 1239 980 refert
1252 953 1412 988 Eutychius.
1428 956 1505 989 Quod
1521 958 1544 984 si
1554 958 1697 986 observas-

915 1000 956 1023 set
970 995 1113 1030 Seldenus,
1135 1005 1275 1032 nunquam
1287 999 1314 1026 in
1327 999 1504 1036 Eutychianis
1528 1003 1587 1030 suis
1611 1003 1697 1031 dixis-

916 1045 972 1068 set:
989 1041 1101 1069 Ubinam
1115 1043 1171 1070 lucc
1185 1043 1272 1078 Rhoa,
1288 1053 1334 1081 ego
1345 1054 1386 1073 me
1404 1048 1502 1075 nescire
1513 1049 1609 1084 fateor,
1627 1058 1697 1078 nuu-

915 1094 998 1122 quam
1026 1088 1060 1115 ad
1079 1089 1192 1124 Ῥαφίαν
1216 1090 1362 1119 Phoenicim
1387 1093 1483 1120 urbem
1510 1094 1697 1130 confugisset,

916 1141 1057 1168 nunquam
1073 1135 1136 1163 inde
1151 1135 1304 1171 Drepanum
1325 1138 1352 1165 in
1375 1138 1501 1174 Bithynia
1528 1141 1696 1175 deduxisset,

915 1186 1055 1215 nunquam
1066 1182 1145 1209 verba
1156 1181 1270 1210 Cedreni
1284 1184 1346 1220 περὶ
1354 1184 1402 1219 τὴν
1412 1185 1461 1220 τῆς
1470 1186 1571 1218 Δακίας
1581 1187 1657 1215 πόλιν
1668 1189 1697 1216 in

915 1226 980 1261 περὶ
989 1226 1038 1261 τὴν
1048 1227 1097 1262 τῆς
1113 1227 1226 1262 Ῥαφίας
1240 1228 1316 1256 πόλιν
1335 1236 1541 1265 commutasset,
1558 1238 1697 1269 totamque

916 1269 1025 1299 Helena:
1051 1273 1192 1300 historiam
1212 1282 1261 1309 per
1279 1283 1308 1302 se
1320 1276 1387 1304 satis
1403 1277 1535 1305 incertam
1552 1283 1590 1306 tot
1604 1281 1696 1316 conje-

915 1319 1001 1346 cturis
1016 1319 1305 1356 emcndationibusque
1329 1322 1500 1351 incertiorem
1524 1324 1695 1354 reddidisset.

915 1363 1039 1397 Quatuor
1063 1365 1156 1400 itaque
1175 1367 1249 1394 viros
1263 1367 1290 1394 in
1306 1367 1420 1396 historia
1436 1370 1620 1398 ecclesiastica
1647 1380 1697 1399 no-

915 1409 1038 1437 tissimos
1060 1418 1152 1438 coram
1167 1411 1321 1440 Justiniano
1337 1415 1522 1450 comparuisse
1547 1416 1629 1444 tradit
1643 1417 1697 1445 Eu-

915 1456 1034 1491 tychius,
1051 1457 1097 1491 qui
1114 1465 1209 1485 omnes
1226 1458 1271 1485 diu
1286 1464 1348 1486 ante
1361 1461 1459 1487 mortui
1476 1460 1585 1489 fuerant
1601 1472 1608 1490 :
1626 1471 1696 1498 quo-

916 1509 977 1529 rum
992 1503 1115 1530 omnium
1131 1504 1340 1538 antiquissimus
1353 1510 1413 1532 erat
1420 1505 1562 1541 Origenes,
1574 1515 1627 1535 non
1639 1509 1697 1543 epi-

917 1555 1018 1583 scopus
1045 1549 1245 1585 Manbagcnsis,
1263 1550 1310 1578 sed
1333 1551 1474 1587 presbyter
1499 1557 1527 1580 et
1549 1554 1696 1582 catccbista

914 1594 1125 1629 Alexandrinus,
1152 1596 1211 1630 ipse
1233 1595 1423 1631 Adamantius,
1440 1606 1520 1633 quem
1544 1598 1697 1629 Demetrius

915 1640 1032 1677 Egypto
1056 1641 1170 1678 fugavit,
1189 1643 1269 1678 idque
1282 1651 1333 1676 ope
1356 1644 1437 1672 trium
1464 1645 1697 1681 Eutychianorum

915 1687 1119 1722 episcoporum,
1146 1693 1176 1716 ut
1200 1689 1333 1717 Seldenus
1361 1690 1521 1718 hariolatur.
1540 1691 1592 1719 Sed
1607 1693 1697 1728 qualis

915 1732 953 1759 illi
966 1733 999 1760 de
1012 1733 1149 1762 Demetrio
1166 1735 1232 1763 [ides
1246 1736 1399 1764 adhibenda
1420 1742 1471 1770 est,
1484 1738 1530 1773 qui
1551 1737 1697 1774 Origenem

916 1779 1049 1806 nescivit?
1063 1779 1112 1807 Hic
1124 1785 1215 1808 autem
1230 1781 1384 1811 Demetrius
1400 1787 1430 1811 ut
1444 1787 1499 1812 tres
1512 1784 1657 1820 episcopos
1668 1786 1696 1813 in

917 1825 1027 1861 .Egypti
1051 1826 1154 1854 ditione
1166 1827 1312 1861 ordinavit,
1327 1829 1363 1856 ita
1380 1830 1413 1857 ad
1427 1834 1482 1858 tres
1495 1831 1637 1866 episcopos
1650 1840 1698 1860 ex.

916 1875 958 1898 tra
974 1871 1121 1907 [Egyptum
1133 1873 1254 1908 scripsit.
1273 1873 1313 1900 Eo
1334 1879 1457 1910 tempore,
1477 1876 1575 1911 inquit,
1592 1878 1697 1913 scripsit

916 1916 1064 1945 Demetrius
1079 1919 1233 1953 patriarcha
1259 1920 1454 1949 Alexandrinus
1472 1923 1506 1950 ad
1520 1923 1632 1950 Gabium
1642 1926 1698 1960 epi-

915 1972 1023 1999 scopum
1044 1964 1325 2000 Hierosolymitanum,
1343 1967 1490 1995 Maximum
1515 1971 1698 2004 patriarcham

915 2009 1106 2036 Antiochenam
1120 2015 1144 2036 et
1176 2010 1305 2038 Victorem
1334 2014 1517 2047 patriarcham
1539 2015 1696 2049 Romanum,

915 2055 947 2081 de
962 2056 1063 2082 ratione
1086 2058 1201 2091 computi
1223 2056 1362 2084 Paschalis
1380 2059 1510 2094 etjejunii
1529 2059 1697 2089 Christiano~

915 2109 984 2132 rum,
999 2106 1024 2128 et
1038 2103 1168 2136 quomodo
1184 2111 1200 2128 a
1214 2102 1343 2130 Paschale
1367 2104 1523 2132 Judworum
1540 2107 1695 2135 deducatur.

915 2147 949 2176 At
966 2148 1083 2175 Gabium
1098 2149 1155 2183 ipse
1176 2149 1258 2176 tradit
1281 2150 1313 2177 ii
1327 2150 1430 2179 Aurelii
1453 2160 1524 2179 anno
1541 2153 1696 2190 iiierosoly»

915 2194 968 2221 mis
980 2195 1138 2229 episcopum
1158 2200 1278 2222 creatum
1294 2201 1348 2224 tres
1363 2201 1466 2225 tantum
1480 2206 1565 2226 annos
1581 2199 1696 2227 sedisse:

75 2238 152 2257 avus.
162 2229 236 2263 Quid
250 2235 342 2258 autem
358 2232 387 2259 in
400 2231 522 2260 Ecclesia
536 2238 602 2262 tunc
616 2235 748 2270 temporis
762 2235 864 2263 factum
881 2246 903 2273 ι)
917 2243 965 2266 aut
983 2239 1066 2274 igitur
1081 2240 1132 2267 sub
1154 2241 1209 2268 line
1233 2241 1338 2276 imperii
1366 2243 1479 2276 Aurelii,
1496 2249 1542 2272 aut
1553 2246 1604 2273 sub
1619 2246 1697 2274 initio

75 2280 128 2309 est,
139 2275 285 2310 quomodo
305 2275 436 2311 Origenes
459 2278 514 2306 illic
534 2279 663 2314 agitatus,
683 2288 736 2308 non
753 2282 866 2309 omnino

76 2321 176 2349 docet:
194 2326 225 2348 ut
238 2321 364 2349 videatur
385 2322 578 2352 Adamantium
603 2326 679 2353 illum
696 2326 776 2361 plane
788 2327 866 2362 igno-

76 2373 166 2395 rasse.
182 2365 279 2401 Neque
292 2367 351 2395 haec
365 2368 523 2404 conjectura
547 2378 623 2399 mera
640 2376 703 2403 est;
720 2372 778 2407 ipse
791 2373 865 2401 enim

76 2412 110 2440 de
124 2413 223 2448 quinto
241 2413 359 2441 concilio
375 2421 470 2449 agens,
495 2416 553 2444 haec
571 2417 683 2445 scribit:
698 2417 762 2446 Fuit
785 2419 865 2446 etiam

76 2461 194 2491 tempore
210 2457 363 2486 Justiniani
377 2459 502 2495 Origenes
516 2463 653 2498 episcopus
667 2463 863 2499 Manbagensis,

76 2505 120 2538 qui
133 2505 369 2540 metenipsychosin
385 2507 510 2540 asseruit,
530 2509 746 2537 resurrectionem
756 2519 863 2546 negans.

76 2548 111 2575 At
126 2549 171 2576 hic
186 2549 255 2584 ipse,
270 2558 353 2585 quem
367 2551 525 2587 episcopum
547 2553 761 2590 Manbagensem
773 2561 863 2590 vocat,

78 2594 148 2622 alius
166 2602 220 2622 non
231 2600 292 2623 erat
303 2604 386 2632 quam
403 2597 535 2633 Origenes
547 2599 738 2635 Adamantius,
753 2602 866 2630 notissi-

77 2646 138 2666 mus
151 2639 197 2666 ille
211 2640 312 2668 scholae
334 2642 526 2671 Alexandrina)
539 2645 685 2679 praefectus
696 2651 723 2674 et
735 2645 865 2675 Demetrii

78 2684 260 2719 synchrouus.
279 2685 350 2713 Eum
367 2692 471 2722 tamen,
495 2690 518 2718 si
531 2690 665 2726 Eutychio
686 2691 751 2720 huic
777 2693 866 2721 credi—

79 2737 148 2762 mus,
162 2729 336 2760 Justinianus
355 2732 503 2767 imperator
529 2736 794 2773 Constantinopolim
819 2747 866 2766 ae—

79 2777 194 2810 cersivit,
208 2782 236 2805 et
256 2778 411 2814 Eutychius
436 2781 591 2815 patriarcha
615 2784 866 2822 Constantinopoli-

81 2827 157 2851 Ianus
177 2826 443 2854 excommunicarit.
467 2827 579 2856 Addidit
599 2835 690 2858 autem
704 2832 743 2859 illi
766 2837 819 2861 tres
837 2834 865 2862 in

81 2868 170 2898 itinere
186 2875 214 2899 et
238 2871 528 2901 excommunicatione
557 2876 683 2914 comites,
709 2878 783 2906 ibam
804 2880 862 2915 epi-

212 2917 352 2947 Ιδιτλοι.
370 2917 429 2948 Gn.
456 2918 492 2949 V.

917 2281 1008 2312 statim
1039 2284 1182 2312 Commodi
1214 2287 1314 2321 scripta
1338 2292 1379 2314 est
1405 2288 1462 2315 lia-c
1486 2289 1609 2324 epistola.
1636 2291 1697 2324 Quo

917 2335 1047 2365 tempore,
1072 2338 1121 2359 nec
1136 2331 1289 2360 Demetrius
1314 2332 1485 2361 Alexandriae
1512 2336 1631 2369 praefuit,
1649 2337 1696 2364 sed

915 2374 1050 2409 Julianus,
1069 2384 1118 2404 nec
1131 2377 1224 2405 Victor
1247 2377 1350 2406 Romae.
1368 2379 1414 2406 sed
1431 2379 1602 2408 Eleutherus.
1616 2382 1697 2411 Certe

915 2428 978 2448 cum
989 2421 1109 2456 cpistola:
1124 2430 1158 2450 ex
1173 2423 1277 2450 oriente
1290 2424 1323 2451 ad
1339 2424 1474 2453 Victorem
1487 2425 1520 2453 de
1532 2427 1696 2455 celebrando

915 2467 1048 2495 Paschate
1062 2469 1153 2496 missae
1175 2474 1250 2502 sunt,
1274 2469 1419 2499 Narcissus
1445 2471 1695 2508 Hierosolymorum

915 2513 1058 2549 episcopus
1074 2515 1142 2548 fuit;
1167 2515 1238 2543 inter
1255 2515 1390 2544 Gaianum
1413 2522 1514 2551 autem,
1538 2526 1619 2554 quem
1640 2519 1695 2548 Ga—

915 2559 990 2587 bium
1004 2561 1120 2595 appellat
1132 2560 1292 2597 Eutychius,
1306 2567 1333 2589 et
1348 2562 1517 2597 Narcissum,
1537 2572 1634 2592 novem
1646 2574 1695 2601 pa-

916 2605 1041 2633 triarclue
1064 2605 1260 2642 Hierosolymis
1288 2609 1426 2636 sederunt.
1451 2608 1544 2644 Neque
1557 2618 1622 2637 vero
1641 2611 1696 2639 ulla

915 2655 1004 2678 exstat
1026 2652 1158 2679 memoria
1180 2654 1289 2687 scriptae
1309 2654 1342 2681 ad
1367 2654 1504 2682 Victorem
1527 2663 1543 2683 a
1559 2655 1695 2684 Demetrio

914 2697 1051 2731 cpistola;
1066 2697 1187 2732 episcopi
1201 2703 1306 2726 tantum
1331 2699 1474 2728 Palestina:
1496 2701 1618 2729 indicant
1631 2701 1696 2729 Ale-

915 2742 1064 2769 xandrinos
1078 2750 1170 2770 secum
1186 2743 1213 2770 in
1225 2744 1269 2771 die
1287 2744 1429 2774 Paschalis
1444 2747 1615 2774 observando
1629 2755 1694 2775 con-

916 2789 1025 2822 sentire,
1039 2788 1120 2823 idque
1131 2794 1223 2824 patere
1240 2797 1273 2817 ex
1288 2791 1385 2820 litteris
1399 2793 1433 2820 ad
1448 2801 1477 2821 se
1492 2793 1606 2820 invicem
1627 2794 1694 2821 Inis-

916 2835 965 2867 sis,
979 2835 1053 2862 nulla
1065 2835 1193 2863 Demetrii
1218 2837 1357 2865 mentione
1381 2838 1463 2866 facta.
1479 2839 1545 2872 Quae
1559 2839 1628 2866 dixit
1646 2839 1694 2874 igi-

915 2883 960 2906 tur
972 2880 1004 2908 de
1020 2880 1158 2909 Demetrio
1186 2881 1347 2917 Eutycbius,
1371 2892 1405 2911 ex
1422 2885 1541 2913 arcliivis
1567 2884 1692 2912 Ecclesia

1523 2973 1526 2975 Δ
1538 2931 1557 2961 8
