  <div class='ocr_page' id='page_1' title='image "/cluster/home/n/w/nwhite01/storage/ocr_20150623/5/njp.32101077772372/155.png"; bbox 0 0 1866 3073; ppageno 0'>
   <div class='ocr_carea' id='block_1_1' title="bbox 172 149 226 177">
    <p class='ocr_par' dir='ltr' id='par_1_1' title="bbox 172 149 226 177">
     <span class='ocr_line' id='line_1_1' title="bbox 172 149 226 177; baseline 0 0"><span class='ocrx_word' id='word_1_1' title='bbox 172 149 226 177; x_wconf 72' lang='lat'><strong>255</strong></span> 
     </span>
    </p>
   </div>
   <div class='ocr_carea' id='block_1_2' title="bbox 677 145 1230 174">
    <p class='ocr_par' dir='ltr' id='par_1_2' title="bbox 677 145 1230 174">
     <span class='ocr_line' id='line_1_2' title="bbox 677 145 1230 174; baseline -0.004 0"><span class='ocrx_word' id='word_1_2' title='bbox 677 146 707 174; x_wconf 83' lang='lat' dir='ltr'><strong>S.</strong></span> <span class='ocrx_word' id='word_1_3' title='bbox 727 145 900 174; x_wconf 86' lang='lat' dir='ltr'><strong>lGNATIUS.</strong></span> <span class='ocrx_word' id='word_1_4' title='bbox 918 161 951 166; x_wconf 89' lang='lat'><strong>—</strong></span> <span class='ocrx_word' id='word_1_5' title='bbox 964 145 1230 174; x_wconf 77' lang='lat' dir='ltr'><strong>PROLEGOMENA.</strong></span> 
     </span>
    </p>
   </div>
   <div class='ocr_carea' id='block_1_3' title="bbox 1741 146 1794 174">
    <p class='ocr_par' dir='ltr' id='par_1_3' title="bbox 1741 146 1794 174">
     <span class='ocr_line' id='line_1_3' title="bbox 1741 146 1794 174; baseline 0.019 -1"><span class='ocrx_word' id='word_1_6' title='bbox 1741 146 1794 174; x_wconf 70' lang='lat'><strong>2&#39;50</strong></span> 
     </span>
    </p>
   </div>
   <div class='ocr_carea' id='block_1_4' title="bbox 173 205 1794 241">
    <p class='ocr_par' dir='ltr' id='par_1_4' title="bbox 173 205 1794 241">
     <span class='ocr_line' id='line_1_4' title="bbox 173 205 1794 241; baseline -0.002 -4"><span class='ocrx_word' id='word_1_7' title='bbox 173 208 363 237; x_wconf 65' lang='lat' dir='ltr'><strong>Alexandrina</strong></span> <span class='ocrx_word' id='word_1_8' title='bbox 382 215 437 235; x_wconf 91' lang='lat' dir='ltr'><strong>non</strong></span> <span class='ocrx_word' id='word_1_9' title='bbox 457 207 571 241; x_wconf 87' lang='lat' dir='ltr'><strong>habuit;</strong></span> <span class='ocrx_word' id='word_1_10' title='bbox 587 206 728 234; x_wconf 82' lang='lat' dir='ltr'><strong>videamus</strong></span> <span class='ocrx_word' id='word_1_11' title='bbox 742 214 775 234; x_wconf 89' lang='lat' dir='ltr'><strong>an</strong></span> <span class='ocrx_word' id='word_1_12' title='bbox 789 207 906 236; x_wconf 77' lang='lat' dir='ltr'><strong>certiora</strong></span> <span class='ocrx_word' id='word_1_13' title='bbox 921 206 955 234; x_wconf 90' lang='lat' dir='ltr'><strong>de</strong></span> <span class='ocrx_word' id='word_1_14' title='bbox 969 208 993 237; x_wconf 83' lang='grc' dir='ltr'>Α</span> <span class='ocrx_word' id='word_1_15' title='bbox 1006 207 1062 241; x_wconf 78' lang='lat' dir='ltr'><strong>ipse</strong></span> <span class='ocrx_word' id='word_1_16' title='bbox 1084 206 1131 233; x_wconf 87' lang='lat' dir='ltr'><strong>ille</strong></span> <span class='ocrx_word' id='word_1_17' title='bbox 1155 206 1310 241; x_wconf 72' lang='lat' dir='ltr'><strong>patriarcha</strong></span> <span class='ocrx_word' id='word_1_18' title='bbox 1340 205 1462 233; x_wconf 82' lang='lat' dir='ltr'><strong>Adriano</strong></span> <span class='ocrx_word' id='word_1_19' title='bbox 1487 205 1577 233; x_wconf 86' lang='lat' dir='ltr'><strong>dictus</strong></span> <span class='ocrx_word' id='word_1_20' title='bbox 1604 206 1642 233; x_wconf 78' lang='lat' dir='ltr'><strong>de</strong></span> <span class='ocrx_word' id='word_1_21' title='bbox 1662 206 1794 240; x_wconf 84' lang='lat' dir='ltr'><strong>episcopo</strong></span> 
     </span>
    </p>
   </div>
   <div class='ocr_carea' id='block_1_5' title="bbox 175 252 956 288">
    <p class='ocr_par' dir='ltr' id='par_1_5' title="bbox 175 252 956 288">
     <span class='ocr_line' id='line_1_5' title="bbox 175 252 956 288; baseline -0.006 -4"><span class='ocrx_word' id='word_1_22' title='bbox 175 255 342 287; x_wconf 79' lang='lat' dir='ltr'><strong>Alexandro,</strong></span> <span class='ocrx_word' id='word_1_23' title='bbox 374 253 427 282; x_wconf 89' lang='lat' dir='ltr'><strong>sub</strong></span> <span class='ocrx_word' id='word_1_24' title='bbox 454 261 509 288; x_wconf 90' lang='lat' dir='ltr'><strong>quo</strong></span> <span class='ocrx_word' id='word_1_25' title='bbox 536 257 654 280; x_wconf 87' lang='lat' dir='ltr'><strong>veterem</strong></span> <span class='ocrx_word' id='word_1_26' title='bbox 671 253 894 280; x_wconf 79' lang='lat' dir='ltr'><strong>consuetudinem</strong></span> <span class='ocrx_word' id='word_1_27' title='bbox 909 252 956 280; x_wconf 89' lang='lat' dir='ltr'><strong>de-</strong></span> 
     </span>
    </p>
   </div>
   <div class='ocr_carea' id='block_1_6' title="bbox 174 298 956 334">
    <p class='ocr_par' dir='ltr' id='par_1_6' title="bbox 174 298 956 334">
     <span class='ocr_line' id='line_1_6' title="bbox 174 298 956 334; baseline -0.006 -4"><span class='ocrx_word' id='word_1_28' title='bbox 174 303 254 330; x_wconf 86' lang='lat' dir='ltr'><strong>siisse</strong></span> <span class='ocrx_word' id='word_1_29' title='bbox 265 302 314 334; x_wconf 90' lang='lat' dir='ltr'><strong>ait,</strong></span> <span class='ocrx_word' id='word_1_30' title='bbox 323 300 413 328; x_wconf 91' lang='lat' dir='ltr'><strong>tradat</strong></span> <span class='ocrx_word' id='word_1_31' title='bbox 423 309 430 328; x_wconf 90' lang='lat'><strong>:</strong></span> <span class='ocrx_word' id='word_1_32' title='bbox 439 299 598 332; x_wconf 66' lang='lat' dir='ltr'><strong>Alexander,</strong></span> <span class='ocrx_word' id='word_1_33' title='bbox 606 298 704 334; x_wconf 79' lang='lat' dir='ltr'><strong>inquit,</strong></span> <span class='ocrx_word' id='word_1_34' title='bbox 714 298 846 326; x_wconf 78' lang='lat' dir='ltr'><strong>Achillam</strong></span> <span class='ocrx_word' id='word_1_35' title='bbox 856 299 956 326; x_wconf 71' lang='lat' dir='ltr'><strong>socium</strong></span> 
     </span>
    </p>
   </div>
   <div class='ocr_carea' id='block_1_7' title="bbox 173 343 956 381">
    <p class='ocr_par' dir='ltr' id='par_1_7' title="bbox 173 343 956 381">
     <span class='ocr_line' id='line_1_7' title="bbox 173 343 956 381; baseline -0.005 -7"><span class='ocrx_word' id='word_1_36' title='bbox 173 355 263 380; x_wconf 88' lang='lat' dir='ltr'><strong>suum,</strong></span> <span class='ocrx_word' id='word_1_37' title='bbox 285 347 330 381; x_wconf 96' lang='lat' dir='ltr'><strong>qui</strong></span> <span class='ocrx_word' id='word_1_38' title='bbox 351 349 412 372; x_wconf 87' lang='lat' dir='ltr'><strong>ante</strong></span> <span class='ocrx_word' id='word_1_39' title='bbox 430 345 518 379; x_wconf 81' lang='lat' dir='ltr'><strong>ipsum</strong></span> <span class='ocrx_word' id='word_1_40' title='bbox 542 343 696 379; x_wconf 88' lang='lat' dir='ltr'><strong>patriarcha</strong></span> <span class='ocrx_word' id='word_1_41' title='bbox 711 344 809 378; x_wconf 78' lang='lat' dir='ltr'><strong>fuerat,</strong></span> <span class='ocrx_word' id='word_1_42' title='bbox 825 343 857 370; x_wconf 89' lang='lat' dir='ltr'><strong>de</strong></span> <span class='ocrx_word' id='word_1_43' title='bbox 871 344 956 379; x_wconf 84' lang='lat' dir='ltr'><strong>gradu</strong></span> 
     </span>
    </p>
   </div>
   <div class='ocr_carea' id='block_1_8' title="bbox 173 389 957 428">
    <p class='ocr_par' dir='ltr' id='par_1_8' title="bbox 173 389 957 428">
     <span class='ocr_line' id='line_1_8' title="bbox 173 389 957 428; baseline -0.004 -9"><span class='ocrx_word' id='word_1_44' title='bbox 173 391 349 428; x_wconf 85' lang='lat' dir='ltr'><strong>patriarchali</strong></span> <span class='ocrx_word' id='word_1_45' title='bbox 373 390 478 425; x_wconf 85' lang='lat' dir='ltr'><strong>dejecit,</strong></span> <span class='ocrx_word' id='word_1_46' title='bbox 497 390 572 425; x_wconf 84' lang='lat' dir='ltr'><strong>quia,</strong></span> <span class='ocrx_word' id='word_1_47' title='bbox 589 390 654 417; x_wconf 83' lang='lat' dir='ltr'><strong>Aria</strong></span> <span class='ocrx_word' id='word_1_48' title='bbox 675 394 786 425; x_wconf 84' lang='lat' dir='ltr'><strong>recepto,</strong></span> <span class='ocrx_word' id='word_1_49' title='bbox 802 395 894 416; x_wconf 88' lang='lat' dir='ltr'><strong>contra</strong></span> <span class='ocrx_word' id='word_1_50' title='bbox 906 389 957 417; x_wconf 87' lang='lat' dir='ltr'><strong>Pe-</strong></span> 
     </span>
    </p>
   </div>
   <div class='ocr_carea' id='block_1_9' title="bbox 176 435 956 471">
    <p class='ocr_par' dir='ltr' id='par_1_9' title="bbox 176 435 956 471">
     <span class='ocr_line' id='line_1_9' title="bbox 176 435 956 471; baseline -0.004 -6"><span class='ocrx_word' id='word_1_51' title='bbox 176 439 211 465; x_wconf 90' lang='lat' dir='ltr'><strong>tri</strong></span> <span class='ocrx_word' id='word_1_52' title='bbox 223 437 397 465; x_wconf 66' lang='lat' dir='ltr'><strong>Alexandrini</strong></span> <span class='ocrx_word' id='word_1_53' title='bbox 417 435 574 463; x_wconf 87' lang='lat' dir='ltr'><strong>mandatum</strong></span> <span class='ocrx_word' id='word_1_54' title='bbox 586 435 694 470; x_wconf 85' lang='lat' dir='ltr'><strong>fecerat.</strong></span> <span class='ocrx_word' id='word_1_55' title='bbox 720 435 789 463; x_wconf 91' lang='lat' dir='ltr'><strong>Cum</strong></span> <span class='ocrx_word' id='word_1_56' title='bbox 810 436 867 471; x_wconf 86' lang='lat' dir='ltr'><strong>ipse</strong></span> <span class='ocrx_word' id='word_1_57' title='bbox 878 440 956 463; x_wconf 86' lang='lat' dir='ltr'><strong>antea</strong></span> 
     </span>
    </p>
   </div>
   <div class='ocr_carea' id='block_1_10' title="bbox 175 481 957 517">
    <p class='ocr_par' dir='ltr' id='par_1_10' title="bbox 175 481 957 517">
     <span class='ocr_line' id='line_1_10' title="bbox 175 481 957 517; baseline -0.003 -6"><span class='ocrx_word' id='word_1_58' title='bbox 175 487 323 517; x_wconf 82' lang='lat' dir='ltr'><strong>narrasset,</strong></span> <span class='ocrx_word' id='word_1_59' title='bbox 346 482 491 516; x_wconf 77' lang='lat' dir='ltr'><strong>Achillam,</strong></span> <span class='ocrx_word' id='word_1_60' title='bbox 516 485 661 517; x_wconf 81' lang='lat' dir='ltr'><strong>postquam</strong></span> <span class='ocrx_word' id='word_1_61' title='bbox 672 489 720 509; x_wconf 85' lang='lat' dir='ltr'><strong>sex</strong></span> <span class='ocrx_word' id='word_1_62' title='bbox 732 489 819 509; x_wconf 87' lang='lat' dir='ltr'><strong>annos</strong></span> <span class='ocrx_word' id='word_1_63' title='bbox 839 481 957 516; x_wconf 85' lang='lat' dir='ltr'><strong>sederat,</strong></span> 
     </span>
    </p>
   </div>
   <div class='ocr_carea' id='block_1_11' title="bbox 174 526 958 563">
    <p class='ocr_par' dir='ltr' id='par_1_11' title="bbox 174 526 958 563">
     <span class='ocr_line' id='line_1_11' title="bbox 174 526 958 563; baseline -0.004 -5"><span class='ocrx_word' id='word_1_64' title='bbox 174 534 313 558; x_wconf 90' lang='lat' dir='ltr'><strong>mortuum</strong></span> <span class='ocrx_word' id='word_1_65' title='bbox 333 528 430 556; x_wconf 83' lang='lat' dir='ltr'><strong>fuisse.</strong></span> <span class='ocrx_word' id='word_1_66' title='bbox 445 527 589 561; x_wconf 86' lang='lat' dir='ltr'><strong>Quomodo</strong></span> <span class='ocrx_word' id='word_1_67' title='bbox 603 526 687 563; x_wconf 91' lang='lat' dir='ltr'><strong>igitur</strong></span> <span class='ocrx_word' id='word_1_68' title='bbox 700 527 734 554; x_wconf 89' lang='lat' dir='ltr'><strong>ad</strong></span> <span class='ocrx_word' id='word_1_69' title='bbox 757 527 837 554; x_wconf 86' lang='lat' dir='ltr'><strong>linem</strong></span> <span class='ocrx_word' id='word_1_70' title='bbox 849 528 958 555; x_wconf 90' lang='lat' dir='ltr'><strong>concilii</strong></span> 
     </span>
    </p>
   </div>
   <div class='ocr_carea' id='block_1_12' title="bbox 173 573 958 609">
    <p class='ocr_par' dir='ltr' id='par_1_12' title="bbox 173 573 958 609">
     <span class='ocr_line' id='line_1_12' title="bbox 173 573 958 609; baseline -0.005 -5"><span class='ocrx_word' id='word_1_71' title='bbox 173 576 286 609; x_wconf 77' lang='lat' dir='ltr'><strong>Nicaeni,</strong></span> <span class='ocrx_word' id='word_1_72' title='bbox 300 575 454 603; x_wconf 80' lang='lat' dir='ltr'><strong>Alexander</strong></span> <span class='ocrx_word' id='word_1_73' title='bbox 467 581 530 602; x_wconf 89' lang='lat' dir='ltr'><strong>eum</strong></span> <span class='ocrx_word' id='word_1_74' title='bbox 545 573 580 601; x_wconf 87' lang='lat' dir='ltr'><strong>de</strong></span> <span class='ocrx_word' id='word_1_75' title='bbox 596 573 682 608; x_wconf 86' lang='lat' dir='ltr'><strong>gradu</strong></span> <span class='ocrx_word' id='word_1_76' title='bbox 698 573 875 608; x_wconf 81' lang='lat' dir='ltr'><strong>patriarchali</strong></span> <span class='ocrx_word' id='word_1_77' title='bbox 887 574 958 609; x_wconf 84' lang='lat' dir='ltr'><strong>deji-</strong></span> 
     </span>
    </p>
   </div>
   <div class='ocr_carea' id='block_1_13' title="bbox 173 620 959 658">
    <p class='ocr_par' dir='ltr' id='par_1_13' title="bbox 173 620 959 658">
     <span class='ocr_line' id='line_1_13' title="bbox 173 620 959 658; baseline -0.004 -8"><span class='ocrx_word' id='word_1_78' title='bbox 173 631 235 650; x_wconf 75' lang='lat' dir='ltr'><strong>cere</strong></span> <span class='ocrx_word' id='word_1_79' title='bbox 250 622 360 658; x_wconf 85' lang='lat' dir='ltr'><strong>potuit?</strong></span> <span class='ocrx_word' id='word_1_80' title='bbox 373 621 483 656; x_wconf 87' lang='lat' dir='ltr'><strong>Decepit</strong></span> <span class='ocrx_word' id='word_1_81' title='bbox 492 627 566 653; x_wconf 89' lang='lat' dir='ltr'><strong>eum,</strong></span> <span class='ocrx_word' id='word_1_82' title='bbox 579 624 610 647; x_wconf 94' lang='lat' dir='ltr'><strong>ut</strong></span> <span class='ocrx_word' id='word_1_83' title='bbox 620 620 729 655; x_wconf 84' lang='lat' dir='ltr'><strong>opinor,</strong></span> <span class='ocrx_word' id='word_1_84' title='bbox 745 620 865 648; x_wconf 81' lang='lat' dir='ltr'><strong>nominis</strong></span> <span class='ocrx_word' id='word_1_85' title='bbox 882 620 959 647; x_wconf 88' lang='lat' dir='ltr'><strong>simi-</strong></span> 
     </span>
    </p>
   </div>
   <div class='ocr_carea' id='block_1_14' title="bbox 175 665 958 701">
    <p class='ocr_par' dir='ltr' id='par_1_14' title="bbox 175 665 958 701">
     <span class='ocr_line' id='line_1_14' title="bbox 175 665 958 701; baseline -0.006 -4"><span class='ocrx_word' id='word_1_86' title='bbox 175 669 270 697; x_wconf 89' lang='lat' dir='ltr'><strong>litudo.</strong></span> <span class='ocrx_word' id='word_1_87' title='bbox 283 668 349 695; x_wconf 83' lang='lat' dir='ltr'><strong>Erat</strong></span> <span class='ocrx_word' id='word_1_88' title='bbox 363 667 436 696; x_wconf 90' lang='lat' dir='ltr'><strong>enim</strong></span> <span class='ocrx_word' id='word_1_89' title='bbox 459 666 581 694; x_wconf 81' lang='lat' dir='ltr'><strong>Achillas</strong></span> <span class='ocrx_word' id='word_1_90' title='bbox 594 665 705 701; x_wconf 86' lang='lat' dir='ltr'><strong>quidam</strong></span> <span class='ocrx_word' id='word_1_91' title='bbox 721 665 871 701; x_wconf 85' lang='lat' dir='ltr'><strong>presbyter,</strong></span> <span class='ocrx_word' id='word_1_92' title='bbox 891 665 958 693; x_wconf 89' lang='lat' dir='ltr'><strong>Ario</strong></span> 
     </span>
    </p>
   </div>
   <div class='ocr_carea' id='block_1_15' title="bbox 174 709 958 748">
    <p class='ocr_par' dir='ltr' id='par_1_15' title="bbox 174 709 958 748">
     <span class='ocr_line' id='line_1_15' title="bbox 174 709 958 748; baseline -0.005 -7"><span class='ocrx_word' id='word_1_93' title='bbox 174 713 362 746; x_wconf 85' lang='lat' dir='ltr'><strong>consentiens,</strong></span> <span class='ocrx_word' id='word_1_94' title='bbox 379 719 461 748; x_wconf 88' lang='lat' dir='ltr'><strong>quem</strong></span> <span class='ocrx_word' id='word_1_95' title='bbox 480 711 562 739; x_wconf 89' lang='lat' dir='ltr'><strong>simul</strong></span> <span class='ocrx_word' id='word_1_96' title='bbox 576 717 639 738; x_wconf 93' lang='lat' dir='ltr'><strong>cum</strong></span> <span class='ocrx_word' id='word_1_97' title='bbox 653 709 720 737; x_wconf 79' lang='lat' dir='ltr'><strong>Ario</strong></span> <span class='ocrx_word' id='word_1_98' title='bbox 733 710 958 738; x_wconf 83' lang='lat' dir='ltr'><strong>excommunica-</strong></span> 
     </span>
    </p>
   </div>
   <div class='ocr_carea' id='block_1_16' title="bbox 174 756 960 793">
    <p class='ocr_par' dir='ltr' id='par_1_16' title="bbox 174 756 960 793">
     <span class='ocr_line' id='line_1_16' title="bbox 174 756 960 793; baseline -0.006 -5"><span class='ocrx_word' id='word_1_99' title='bbox 174 762 213 788; x_wconf 86' lang='lat' dir='ltr'><strong>vit</strong></span> <span class='ocrx_word' id='word_1_100' title='bbox 227 759 388 788; x_wconf 76' lang='lat' dir='ltr'><strong>Alexander.</strong></span> <span class='ocrx_word' id='word_1_101' title='bbox 403 758 463 786; x_wconf 85' lang='lat' dir='ltr'><strong>Non</strong></span> <span class='ocrx_word' id='word_1_102' title='bbox 484 762 527 785; x_wconf 87' lang='lat' dir='ltr'><strong>est</strong></span> <span class='ocrx_word' id='word_1_103' title='bbox 547 757 631 793; x_wconf 81' lang='lat' dir='ltr'><strong>igitur</strong></span> <span class='ocrx_word' id='word_1_104' title='bbox 640 757 708 784; x_wconf 87' lang='lat' dir='ltr'><strong>adeo</strong></span> <span class='ocrx_word' id='word_1_105' title='bbox 724 757 777 784; x_wconf 81' lang='lat' dir='ltr'><strong>ﬁde</strong></span> <span class='ocrx_word' id='word_1_106' title='bbox 792 757 891 792; x_wconf 82' lang='lat' dir='ltr'><strong>dignus</strong></span> <span class='ocrx_word' id='word_1_107' title='bbox 904 756 960 784; x_wconf 86' lang='lat' dir='ltr'><strong>Eu-</strong></span> 
     </span>
    </p>
   </div>
   <div class='ocr_carea' id='block_1_17' title="bbox 175 802 959 842">
    <p class='ocr_par' dir='ltr' id='par_1_17' title="bbox 175 802 959 842">
     <span class='ocr_line' id='line_1_17' title="bbox 175 802 959 842; baseline -0.005 -8"><span class='ocrx_word' id='word_1_108' title='bbox 175 807 293 842; x_wconf 76' lang='lat' dir='ltr'><strong>tychius,</strong></span> <span class='ocrx_word' id='word_1_109' title='bbox 306 809 337 833; x_wconf 88' lang='lat' dir='ltr'><strong>ut</strong></span> <span class='ocrx_word' id='word_1_110' title='bbox 350 805 376 833; x_wconf 89' lang='lat' dir='ltr'><strong>ei</strong></span> <span class='ocrx_word' id='word_1_111' title='bbox 389 809 438 832; x_wconf 86' lang='lat' dir='ltr'><strong>aut</strong></span> <span class='ocrx_word' id='word_1_112' title='bbox 463 803 525 837; x_wconf 87' lang='lat' dir='ltr'><strong>soli,</strong></span> <span class='ocrx_word' id='word_1_113' title='bbox 547 807 595 831; x_wconf 83' lang='lat' dir='ltr'><strong>aut</strong></span> <span class='ocrx_word' id='word_1_114' title='bbox 616 803 705 838; x_wconf 90' lang='lat' dir='ltr'><strong>primo</strong></span> <span class='ocrx_word' id='word_1_115' title='bbox 730 802 813 838; x_wconf 85' lang='lat' dir='ltr'><strong>hujus</strong></span> <span class='ocrx_word' id='word_1_116' title='bbox 837 803 959 831; x_wconf 68' lang='lat' dir='ltr'><strong>historiae</strong></span> 
     </span>
    </p>
   </div>
   <div class='ocr_carea' id='block_1_18' title="bbox 175 850 484 880">
    <p class='ocr_par' dir='ltr' id='par_1_18' title="bbox 175 850 484 880">
     <span class='ocr_line' id='line_1_18' title="bbox 175 850 484 880; baseline -0.006 0"><span class='ocrx_word' id='word_1_117' title='bbox 175 852 311 880; x_wconf 88' lang='lat' dir='ltr'><strong>conditori</strong></span> <span class='ocrx_word' id='word_1_118' title='bbox 328 850 484 879; x_wconf 80' lang='lat' dir='ltr'><strong>credamus.</strong></span> 
     </span>
    </p>
   </div>
   <div class='ocr_carea' id='block_1_19' title="bbox 210 889 994 933">
    <p class='ocr_par' dir='ltr' id='par_1_19' title="bbox 210 889 994 933">
     <span class='ocr_line' id='line_1_19' title="bbox 210 889 994 933; baseline -0.001 -9"><span class='ocrx_word' id='word_1_119' title='bbox 210 898 370 933; x_wconf 82' lang='lat' dir='ltr'><strong>Respondeo</strong></span> <span class='ocrx_word' id='word_1_120' title='bbox 386 896 476 930; x_wconf 89' lang='lat' dir='ltr'><strong>tertio,</strong></span> <span class='ocrx_word' id='word_1_121' title='bbox 490 895 570 931; x_wconf 84' lang='lat' dir='ltr'><strong>plane</strong></span> <span class='ocrx_word' id='word_1_122' title='bbox 593 896 751 924; x_wconf 89' lang='lat' dir='ltr'><strong>incredibile</strong></span> <span class='ocrx_word' id='word_1_123' title='bbox 761 903 832 930; x_wconf 84' lang='lat' dir='ltr'><strong>esse,</strong></span> <span class='ocrx_word' id='word_1_124' title='bbox 846 899 877 923; x_wconf 91' lang='lat' dir='ltr'><strong>ut</strong></span> <span class='ocrx_word' id='word_1_125' title='bbox 892 895 956 923; x_wconf 88' lang='lat' dir='ltr'><strong>nul-</strong></span> <span class='ocrx_word' id='word_1_126' title='bbox 972 889 994 918; x_wconf 79' lang='grc' dir='ltr'>Β</span> 
     </span>
    </p>
   </div>
   <div class='ocr_carea' id='block_1_20' title="bbox 175 941 955 977">
    <p class='ocr_par' dir='ltr' id='par_1_20' title="bbox 175 941 955 977">
     <span class='ocr_line' id='line_1_20' title="bbox 175 941 955 977; baseline -0.004 -5"><span class='ocrx_word' id='word_1_127' title='bbox 175 945 218 972; x_wconf 89' lang='lat' dir='ltr'><strong>lus</strong></span> <span class='ocrx_word' id='word_1_128' title='bbox 233 943 314 971; x_wconf 91' lang='lat' dir='ltr'><strong>fuerit</strong></span> <span class='ocrx_word' id='word_1_129' title='bbox 325 943 353 970; x_wconf 91' lang='lat' dir='ltr'><strong>in</strong></span> <span class='ocrx_word' id='word_1_130' title='bbox 375 947 431 971; x_wconf 88' lang='lat' dir='ltr'><strong>tota</strong></span> <span class='ocrx_word' id='word_1_131' title='bbox 454 941 573 977; x_wconf 69' lang='lat' dir='ltr'><strong>Egypto</strong></span> <span class='ocrx_word' id='word_1_132' title='bbox 596 942 741 977; x_wconf 89' lang='lat' dir='ltr'><strong>episcopus</strong></span> <span class='ocrx_word' id='word_1_133' title='bbox 756 945 854 977; x_wconf 58' lang='lat' dir='ltr'><strong>praeter</strong></span> <span class='ocrx_word' id='word_1_134' title='bbox 866 941 955 969; x_wconf 88' lang='lat' dir='ltr'><strong>solum</strong></span> 
     </span>
    </p>
   </div>
   <div class='ocr_carea' id='block_1_21' title="bbox 176 988 956 1023">
    <p class='ocr_par' dir='ltr' id='par_1_21' title="bbox 176 988 956 1023">
     <span class='ocr_line' id='line_1_21' title="bbox 176 988 956 1023; baseline -0.004 -6"><span class='ocrx_word' id='word_1_135' title='bbox 176 990 400 1023; x_wconf 84' lang='lat' dir='ltr'><strong>Alexandrinum,</strong></span> <span class='ocrx_word' id='word_1_136' title='bbox 424 994 486 1016; x_wconf 84' lang='lat' dir='ltr'><strong>ante</strong></span> <span class='ocrx_word' id='word_1_137' title='bbox 510 988 639 1016; x_wconf 86' lang='lat' dir='ltr'><strong>Demetrii</strong></span> <span class='ocrx_word' id='word_1_138' title='bbox 665 988 907 1022; x_wconf 87' lang='lat' dir='ltr'><strong>patriarchatum;</strong></span> <span class='ocrx_word' id='word_1_139' title='bbox 929 991 956 1015; x_wconf 91' lang='lat' dir='ltr'><strong>et</strong></span> 
     </span>
    </p>
   </div>
   <div class='ocr_carea' id='block_1_22' title="bbox 176 1034 957 1068">
    <p class='ocr_par' dir='ltr' id='par_1_22' title="bbox 176 1034 957 1068">
     <span class='ocr_line' id='line_1_22' title="bbox 176 1034 957 1068; baseline -0.005 -4"><span class='ocrx_word' id='word_1_140' title='bbox 176 1036 353 1064; x_wconf 84' lang='lat' dir='ltr'><strong>assertionem</strong></span> <span class='ocrx_word' id='word_1_141' title='bbox 378 1035 541 1063; x_wconf 83' lang='lat' dir='ltr'><strong>contrariam</strong></span> <span class='ocrx_word' id='word_1_142' title='bbox 556 1042 590 1062; x_wconf 90' lang='lat' dir='ltr'><strong>ex</strong></span> <span class='ocrx_word' id='word_1_143' title='bbox 604 1034 715 1068; x_wconf 88' lang='lat' dir='ltr'><strong>optimis</strong></span> <span class='ocrx_word' id='word_1_144' title='bbox 728 1034 850 1062; x_wconf 70' lang='lat' dir='ltr'><strong>historiae</strong></span> <span class='ocrx_word' id='word_1_145' title='bbox 860 1041 957 1060; x_wconf 91' lang='lat' dir='ltr'><strong>monu-</strong></span> 
     </span>
    </p>
   </div>
   <div class='ocr_carea' id='block_1_23' title="bbox 176 1077 957 1114">
    <p class='ocr_par' dir='ltr' id='par_1_23' title="bbox 176 1077 957 1114">
     <span class='ocr_line' id='line_1_23' title="bbox 176 1077 957 1114; baseline -0.006 -5"><span class='ocrx_word' id='word_1_146' title='bbox 176 1082 275 1109; x_wconf 84' lang='lat' dir='ltr'><strong>mentis</strong></span> <span class='ocrx_word' id='word_1_147' title='bbox 289 1080 471 1108; x_wconf 86' lang='lat' dir='ltr'><strong>demonstrari</strong></span> <span class='ocrx_word' id='word_1_148' title='bbox 488 1086 580 1114; x_wconf 90' lang='lat' dir='ltr'><strong>posse.</strong></span> <span class='ocrx_word' id='word_1_149' title='bbox 608 1078 716 1113; x_wconf 79' lang='lat' dir='ltr'><strong>Scripta</strong></span> <span class='ocrx_word' id='word_1_150' title='bbox 735 1082 778 1106; x_wconf 92' lang='lat' dir='ltr'><strong>est</strong></span> <span class='ocrx_word' id='word_1_151' title='bbox 792 1077 907 1112; x_wconf 85' lang='lat' dir='ltr'><strong>epistola</strong></span> <span class='ocrx_word' id='word_1_152' title='bbox 922 1077 957 1104; x_wconf 88' lang='lat' dir='ltr'><strong>ab</strong></span> 
     </span>
    </p>
   </div>
   <div class='ocr_carea' id='block_1_24' title="bbox 176 1122 957 1159">
    <p class='ocr_par' dir='ltr' id='par_1_24' title="bbox 176 1122 957 1159">
     <span class='ocr_line' id='line_1_24' title="bbox 176 1122 957 1159; baseline -0.004 -7"><span class='ocrx_word' id='word_1_153' title='bbox 176 1125 295 1152; x_wconf 81' lang='lat' dir='ltr'><strong>Adriano</strong></span> <span class='ocrx_word' id='word_1_154' title='bbox 310 1125 472 1159; x_wconf 87' lang='lat' dir='ltr'><strong>imperatore</strong></span> <span class='ocrx_word' id='word_1_155' title='bbox 483 1123 517 1150; x_wconf 88' lang='lat' dir='ltr'><strong>ad</strong></span> <span class='ocrx_word' id='word_1_156' title='bbox 531 1122 692 1151; x_wconf 82' lang='lat' dir='ltr'><strong>Servianum</strong></span> <span class='ocrx_word' id='word_1_157' title='bbox 716 1122 856 1151; x_wconf 88' lang='lat' dir='ltr'><strong>consulem</strong></span> <span class='ocrx_word' id='word_1_158' title='bbox 882 1122 957 1150; x_wconf 87' lang='lat' dir='ltr'><strong>circa</strong></span> 
     </span>
    </p>
   </div>
   <div class='ocr_carea' id='block_1_25' title="bbox 176 1168 958 1206">
    <p class='ocr_par' dir='ltr' id='par_1_25' title="bbox 176 1168 958 1206">
     <span class='ocr_line' id='line_1_25' title="bbox 176 1168 958 1206; baseline -0.004 -7"><span class='ocrx_word' id='word_1_159' title='bbox 176 1180 201 1198; x_wconf 84' lang='lat' dir='ltr'><strong>a.</strong></span> <span class='ocrx_word' id='word_1_160' title='bbox 221 1171 318 1199; x_wconf 73' lang='lat'><strong>0.152</strong></span> <span class='ocrx_word' id='word_1_161' title='bbox 334 1170 474 1206; x_wconf 78' lang='lat' dir='ltr'><strong>sexaginta</strong></span> <span class='ocrx_word' id='word_1_162' title='bbox 495 1169 580 1197; x_wconf 83' lang='lat' dir='ltr'><strong>ferme</strong></span> <span class='ocrx_word' id='word_1_163' title='bbox 606 1170 686 1197; x_wconf 88' lang='lat' dir='ltr'><strong>annis</strong></span> <span class='ocrx_word' id='word_1_164' title='bbox 701 1173 846 1204; x_wconf 84' lang='lat' dir='ltr'><strong>antequam</strong></span> <span class='ocrx_word' id='word_1_165' title='bbox 870 1168 958 1196; x_wconf 85' lang='lat' dir='ltr'><strong>factus</strong></span> 
     </span>
    </p>
   </div>
   <div class='ocr_carea' id='block_1_26' title="bbox 176 1215 957 1253">
    <p class='ocr_par' dir='ltr' id='par_1_26' title="bbox 176 1215 957 1253">
     <span class='ocr_line' id='line_1_26' title="bbox 176 1215 957 1253; baseline -0.001 -8"><span class='ocrx_word' id='word_1_166' title='bbox 176 1223 218 1245; x_wconf 80' lang='lat' dir='ltr'><strong>est</strong></span> <span class='ocrx_word' id='word_1_167' title='bbox 240 1217 394 1253; x_wconf 85' lang='lat' dir='ltr'><strong>patriarcha</strong></span> <span class='ocrx_word' id='word_1_168' title='bbox 411 1216 579 1244; x_wconf 85' lang='lat' dir='ltr'><strong>Demetrius:</strong></span> <span class='ocrx_word' id='word_1_169' title='bbox 595 1223 649 1243; x_wconf 90' lang='lat' dir='ltr'><strong>non</strong></span> <span class='ocrx_word' id='word_1_170' title='bbox 661 1216 733 1244; x_wconf 89' lang='lat' dir='ltr'><strong>enim</strong></span> <span class='ocrx_word' id='word_1_171' title='bbox 749 1216 793 1243; x_wconf 89' lang='lat' dir='ltr'><strong>ille</strong></span> <span class='ocrx_word' id='word_1_172' title='bbox 811 1215 957 1251; x_wconf 89' lang='lat' dir='ltr'><strong>episcopus</strong></span> 
     </span>
    </p>
   </div>
   <div class='ocr_carea' id='block_1_27' title="bbox 178 1261 958 1297">
    <p class='ocr_par' dir='ltr' id='par_1_27' title="bbox 178 1261 958 1297">
     <span class='ocr_line' id='line_1_27' title="bbox 178 1261 958 1297; baseline -0.003 -7"><span class='ocrx_word' id='word_1_173' title='bbox 178 1262 266 1290; x_wconf 79' lang='lat' dir='ltr'><strong>factus</strong></span> <span class='ocrx_word' id='word_1_174' title='bbox 277 1267 320 1290; x_wconf 90' lang='lat' dir='ltr'><strong>est</strong></span> <span class='ocrx_word' id='word_1_175' title='bbox 353 1269 379 1289; x_wconf 88' lang='lat' dir='ltr'><strong>a.</strong></span> <span class='ocrx_word' id='word_1_176' title='bbox 397 1261 428 1289; x_wconf 90' lang='lat' dir='ltr'><strong>D.</strong></span> <span class='ocrx_word' id='word_1_177' title='bbox 442 1262 538 1291; x_wconf 81' lang='lat' dir='ltr'><strong>l75,ut</strong></span> <span class='ocrx_word' id='word_1_178' title='bbox 548 1261 662 1289; x_wconf 86' lang='lat' dir='ltr'><strong>immani</strong></span> <span class='ocrx_word' id='word_1_179' title='bbox 683 1262 894 1297; x_wconf 88' lang='lat' dir='ltr'><strong>prochronismo</strong></span> <span class='ocrx_word' id='word_1_180' title='bbox 908 1261 958 1289; x_wconf 93' lang='lat' dir='ltr'><strong>do-</strong></span> 
     </span>
    </p>
   </div>
   <div class='ocr_carea' id='block_1_28' title="bbox 177 1307 958 1343">
    <p class='ocr_par' dir='ltr' id='par_1_28' title="bbox 177 1307 958 1343">
     <span class='ocr_line' id='line_1_28' title="bbox 177 1307 958 1343; baseline -0.001 -8"><span class='ocrx_word' id='word_1_181' title='bbox 177 1313 220 1336; x_wconf 87' lang='lat' dir='ltr'><strong>cet</strong></span> <span class='ocrx_word' id='word_1_182' title='bbox 231 1307 383 1336; x_wconf 85' lang='lat' dir='ltr'><strong>Salmasius</strong></span> <span class='ocrx_word' id='word_1_183' title='bbox 397 1307 424 1335; x_wconf 91' lang='lat' dir='ltr'><strong>in</strong></span> <span class='ocrx_word' id='word_1_184' title='bbox 437 1307 590 1343; x_wconf 79' lang='lat' dir='ltr'><strong>Apparatu;</strong></span> <span class='ocrx_word' id='word_1_185' title='bbox 605 1307 651 1335; x_wconf 88' lang='lat' dir='ltr'><strong>sed</strong></span> <span class='ocrx_word' id='word_1_186' title='bbox 670 1315 742 1335; x_wconf 87' lang='lat' dir='ltr'><strong>anno</strong></span> <span class='ocrx_word' id='word_1_187' title='bbox 755 1307 899 1335; x_wconf 90' lang='lat' dir='ltr'><strong>Commodi</strong></span> <span class='ocrx_word' id='word_1_188' title='bbox 911 1307 958 1334; x_wconf 88' lang='lat' dir='ltr'><strong>de-</strong></span> 
     </span>
    </p>
   </div>
   <div class='ocr_carea' id='block_1_29' title="bbox 177 1351 956 1386">
    <p class='ocr_par' dir='ltr' id='par_1_29' title="bbox 177 1351 956 1386">
     <span class='ocr_line' id='line_1_29' title="bbox 177 1351 956 1386; baseline -0.004 -5"><span class='ocrx_word' id='word_1_189' title='bbox 177 1354 258 1386; x_wconf 90' lang='lat' dir='ltr'><strong>cimo,</strong></span> <span class='ocrx_word' id='word_1_190' title='bbox 271 1358 300 1381; x_wconf 91' lang='lat' dir='ltr'><strong>ut</strong></span> <span class='ocrx_word' id='word_1_191' title='bbox 314 1353 396 1381; x_wconf 88' lang='lat' dir='ltr'><strong>refert</strong></span> <span class='ocrx_word' id='word_1_192' title='bbox 408 1353 541 1381; x_wconf 85' lang='lat' dir='ltr'><strong>Eusebius</strong></span> <span class='ocrx_word' id='word_1_193' title='bbox 557 1353 583 1381; x_wconf 92' lang='lat' dir='ltr'><strong>in</strong></span> <span class='ocrx_word' id='word_1_194' title='bbox 616 1351 755 1384; x_wconf 84' lang='lat' dir='ltr'><strong>Chronico,</strong></span> <span class='ocrx_word' id='word_1_195' title='bbox 780 1352 853 1380; x_wconf 89' lang='lat' dir='ltr'><strong>circa</strong></span> <span class='ocrx_word' id='word_1_196' title='bbox 881 1358 908 1378; x_wconf 84' lang='lat' dir='ltr'><strong>a.</strong></span> <span class='ocrx_word' id='word_1_197' title='bbox 924 1351 956 1378; x_wconf 91' lang='lat' dir='ltr'><strong>D.</strong></span> 
     </span>
    </p>
   </div>
   <div class='ocr_carea' id='block_1_30' title="bbox 178 1398 958 1434">
    <p class='ocr_par' dir='ltr' id='par_1_30' title="bbox 178 1398 958 1434">
     <span class='ocr_line' id='line_1_30' title="bbox 178 1398 958 1434; baseline -0.001 -7"><span class='ocrx_word' id='word_1_198' title='bbox 178 1400 241 1428; x_wconf 71' lang='lat'><strong>190.</strong></span> <span class='ocrx_word' id='word_1_199' title='bbox 266 1399 342 1427; x_wconf 87' lang='lat' dir='ltr'><strong>Hanc</strong></span> <span class='ocrx_word' id='word_1_200' title='bbox 354 1399 451 1427; x_wconf 88' lang='lat' dir='ltr'><strong>Latine</strong></span> <span class='ocrx_word' id='word_1_201' title='bbox 471 1400 599 1434; x_wconf 81' lang='lat' dir='ltr'><strong>scriptam</strong></span> <span class='ocrx_word' id='word_1_202' title='bbox 624 1398 744 1434; x_wconf 76' lang='lat' dir='ltr'><strong>Phlegon</strong></span> <span class='ocrx_word' id='word_1_203' title='bbox 768 1398 883 1426; x_wconf 85' lang='lat' dir='ltr'><strong>libertus</strong></span> <span class='ocrx_word' id='word_1_204' title='bbox 897 1398 958 1433; x_wconf 85' lang='lat' dir='ltr'><strong>ejus</strong></span> 
     </span>
    </p>
   </div>
   <div class='ocr_carea' id='block_1_31' title="bbox 176 1444 958 1480">
    <p class='ocr_par' dir='ltr' id='par_1_31' title="bbox 176 1444 958 1480">
     <span class='ocr_line' id='line_1_31' title="bbox 176 1444 958 1480; baseline -0.003 -6"><span class='ocrx_word' id='word_1_205' title='bbox 176 1446 359 1478; x_wconf 80' lang='lat' dir='ltr'><strong>conservavit,</strong></span> <span class='ocrx_word' id='word_1_206' title='bbox 382 1450 409 1473; x_wconf 92' lang='lat' dir='ltr'><strong>et</strong></span> <span class='ocrx_word' id='word_1_207' title='bbox 434 1445 543 1472; x_wconf 81' lang='lat' dir='ltr'><strong>Flavius</strong></span> <span class='ocrx_word' id='word_1_208' title='bbox 559 1445 695 1480; x_wconf 84' lang='lat' dir='ltr'><strong>Vopiscus</strong></span> <span class='ocrx_word' id='word_1_209' title='bbox 719 1452 752 1472; x_wconf 84' lang='lat' dir='ltr'><strong>ex</strong></span> <span class='ocrx_word' id='word_1_210' title='bbox 767 1452 801 1472; x_wconf 87' lang='lat' dir='ltr'><strong>eo</strong></span> <span class='ocrx_word' id='word_1_211' title='bbox 821 1444 958 1473; x_wconf 87' lang='lat' dir='ltr'><strong>transcri-</strong></span> 
     </span>
    </p>
   </div>
   <div class='ocr_carea' id='block_1_32' title="bbox 175 1489 959 1528">
    <p class='ocr_par' dir='ltr' id='par_1_32' title="bbox 175 1489 959 1528">
     <span class='ocr_line' id='line_1_32' title="bbox 175 1489 959 1528; baseline -0.001 -9"><span class='ocrx_word' id='word_1_212' title='bbox 175 1493 241 1528; x_wconf 86' lang='lat' dir='ltr'><strong>psit,</strong></span> <span class='ocrx_word' id='word_1_213' title='bbox 257 1495 288 1519; x_wconf 94' lang='lat' dir='ltr'><strong>ut</strong></span> <span class='ocrx_word' id='word_1_214' title='bbox 303 1491 360 1527; x_wconf 86' lang='lat' dir='ltr'><strong>ipse</strong></span> <span class='ocrx_word' id='word_1_215' title='bbox 375 1490 459 1518; x_wconf 87' lang='lat' dir='ltr'><strong>refert</strong></span> <span class='ocrx_word' id='word_1_216' title='bbox 473 1490 500 1518; x_wconf 92' lang='lat' dir='ltr'><strong>in</strong></span> <span class='ocrx_word' id='word_1_217' title='bbox 518 1490 579 1518; x_wconf 88' lang='lat' dir='ltr'><strong>Vita</strong></span> <span class='ocrx_word' id='word_1_218' title='bbox 592 1489 740 1518; x_wconf 86' lang='lat' dir='ltr'><strong>Saturnini.</strong></span> <span class='ocrx_word' id='word_1_219' title='bbox 754 1489 841 1525; x_wconf 79' lang='lat' dir='ltr'><strong>Hujus</strong></span> <span class='ocrx_word' id='word_1_220' title='bbox 855 1490 959 1526; x_wconf 85' lang='lat' dir='ltr'><strong>episto—</strong></span> 
     </span>
    </p>
   </div>
   <div class='ocr_carea' id='block_1_33' title="bbox 177 1536 957 1572">
    <p class='ocr_par' dir='ltr' id='par_1_33' title="bbox 177 1536 957 1572">
     <span class='ocr_line' id='line_1_33' title="bbox 177 1536 957 1572; baseline -0.004 -6"><span class='ocrx_word' id='word_1_221' title='bbox 177 1540 210 1567; x_wconf 66' lang='lat' dir='ltr'><strong>la:</strong></span> <span class='ocrx_word' id='word_1_222' title='bbox 234 1538 316 1566; x_wconf 87' lang='lat' dir='ltr'><strong>verba</strong></span> <span class='ocrx_word' id='word_1_223' title='bbox 339 1542 420 1566; x_wconf 87' lang='lat' dir='ltr'><strong>sunt:</strong></span> <span class='ocrx_word' id='word_1_224' title='bbox 442 1536 600 1572; x_wconf 63' lang='lat' dir='ltr'><strong>Egyptum,</strong></span> <span class='ocrx_word' id='word_1_225' title='bbox 623 1545 703 1572; x_wconf 87' lang='lat' dir='ltr'><strong>quam</strong></span> <span class='ocrx_word' id='word_1_226' title='bbox 727 1537 792 1564; x_wconf 83' lang='lat' dir='ltr'><strong>mihi</strong></span> <span class='ocrx_word' id='word_1_227' title='bbox 816 1536 957 1570; x_wconf 76' lang='lat' dir='ltr'><strong>laudabas,</strong></span> 
     </span>
    </p>
   </div>
   <div class='ocr_carea' id='block_1_34' title="bbox 176 1582 957 1617">
    <p class='ocr_par' dir='ltr' id='par_1_34' title="bbox 176 1582 957 1617">
     <span class='ocr_line' id='line_1_34' title="bbox 176 1582 957 1617; baseline -0.003 -6"><span class='ocrx_word' id='word_1_228' title='bbox 176 1584 301 1612; x_wconf 83' lang='lat' dir='ltr'><strong>Serviane</strong></span> <span class='ocrx_word' id='word_1_229' title='bbox 319 1583 485 1615; x_wconf 85' lang='lat' dir='ltr'><strong>charissime,</strong></span> <span class='ocrx_word' id='word_1_230' title='bbox 501 1588 584 1609; x_wconf 87' lang='lat' dir='ltr'><strong>totam</strong></span> <span class='ocrx_word' id='word_1_231' title='bbox 599 1583 683 1609; x_wconf 78' lang='lat' dir='ltr'><strong>didici</strong></span> <span class='ocrx_word' id='word_1_232' title='bbox 696 1583 786 1614; x_wconf 80' lang='lat' dir='ltr'><strong>levem,</strong></span> <span class='ocrx_word' id='word_1_233' title='bbox 805 1582 957 1617; x_wconf 78' lang='lat' dir='ltr'><strong>pendulam,</strong></span> 
     </span>
    </p>
   </div>
   <div class='ocr_carea' id='block_1_35' title="bbox 176 1626 959 1663">
    <p class='ocr_par' dir='ltr' id='par_1_35' title="bbox 176 1626 959 1663">
     <span class='ocr_line' id='line_1_35' title="bbox 176 1626 959 1663; baseline -0.003 -6"><span class='ocrx_word' id='word_1_234' title='bbox 176 1636 200 1658; x_wconf 84' lang='lat' dir='ltr'><strong>et</strong></span> <span class='ocrx_word' id='word_1_235' title='bbox 214 1630 249 1657; x_wconf 90' lang='lat' dir='ltr'><strong>ad</strong></span> <span class='ocrx_word' id='word_1_236' title='bbox 260 1629 349 1656; x_wconf 82' lang='lat' dir='ltr'><strong>omnia</strong></span> <span class='ocrx_word' id='word_1_237' title='bbox 365 1629 444 1663; x_wconf 76' lang='lat' dir='ltr'><strong>fama:</strong></span> <span class='ocrx_word' id='word_1_238' title='bbox 452 1632 583 1655; x_wconf 87' lang='lat' dir='ltr'><strong>momenta</strong></span> <span class='ocrx_word' id='word_1_239' title='bbox 591 1628 752 1654; x_wconf 69' lang='lat' dir='ltr'><strong>volitantem.</strong></span> <span class='ocrx_word' id='word_1_240' title='bbox 765 1626 811 1654; x_wconf 89' lang='lat' dir='ltr'><strong>Illi</strong></span> <span class='ocrx_word' id='word_1_241' title='bbox 823 1629 868 1662; x_wconf 90' lang='lat' dir='ltr'><strong>qui</strong></span> <span class='ocrx_word' id='word_1_242' title='bbox 879 1626 959 1655; x_wconf 83' lang='lat' dir='ltr'><strong>Sera-</strong></span> 
     </span>
    </p>
   </div>
   <div class='ocr_carea' id='block_1_36' title="bbox 176 1671 959 1708">
    <p class='ocr_par' dir='ltr' id='par_1_36' title="bbox 176 1671 959 1708">
     <span class='ocr_line' id='line_1_36' title="bbox 176 1671 959 1708; baseline 0 -9"><span class='ocrx_word' id='word_1_243' title='bbox 176 1675 220 1708; x_wconf 85' lang='lat' dir='ltr'><strong>pin</strong></span> <span class='ocrx_word' id='word_1_244' title='bbox 234 1672 334 1704; x_wconf 81' lang='lat' dir='ltr'><strong>colunt,</strong></span> <span class='ocrx_word' id='word_1_245' title='bbox 347 1671 495 1700; x_wconf 75' lang='lat' dir='ltr'><strong>Christiani</strong></span> <span class='ocrx_word' id='word_1_246' title='bbox 510 1676 589 1698; x_wconf 87' lang='lat' dir='ltr'><strong>sunt:</strong></span> <span class='ocrx_word' id='word_1_247' title='bbox 602 1676 625 1698; x_wconf 88' lang='lat' dir='ltr'><strong>ct</strong></span> <span class='ocrx_word' id='word_1_248' title='bbox 640 1672 727 1699; x_wconf 85' lang='lat' dir='ltr'><strong>devoti</strong></span> <span class='ocrx_word' id='word_1_249' title='bbox 736 1678 796 1699; x_wconf 86' lang='lat' dir='ltr'><strong>sunt</strong></span> <span class='ocrx_word' id='word_1_250' title='bbox 811 1672 905 1707; x_wconf 85' lang='lat' dir='ltr'><strong>Serapi</strong></span> <span class='ocrx_word' id='word_1_251' title='bbox 914 1672 959 1708; x_wconf 86' lang='lat' dir='ltr'><strong>qui</strong></span> 
     </span>
    </p>
   </div>
   <div class='ocr_carea' id='block_1_37' title="bbox 175 1717 959 1754">
    <p class='ocr_par' dir='ltr' id='par_1_37' title="bbox 175 1717 959 1754">
     <span class='ocr_line' id='line_1_37' title="bbox 175 1717 959 1754; baseline 0.001 -9"><span class='ocrx_word' id='word_1_252' title='bbox 175 1727 203 1745; x_wconf 77' lang='lat' dir='ltr'><strong>se</strong></span> <span class='ocrx_word' id='word_1_253' title='bbox 217 1717 317 1746; x_wconf 78' lang='lat' dir='ltr'><strong>Christi</strong></span> <span class='ocrx_word' id='word_1_254' title='bbox 329 1718 464 1753; x_wconf 83' lang='lat' dir='ltr'><strong>episcopos</strong></span> <span class='ocrx_word' id='word_1_255' title='bbox 484 1717 587 1745; x_wconf 84' lang='lat' dir='ltr'><strong>dicunt.</strong></span> <span class='ocrx_word' id='word_1_256' title='bbox 606 1717 690 1745; x_wconf 86' lang='lat' dir='ltr'><strong>Nemo</strong></span> <span class='ocrx_word' id='word_1_257' title='bbox 703 1717 759 1745; x_wconf 84' lang='lat' dir='ltr'><strong>illic</strong></span> <span class='ocrx_word' id='word_1_258' title='bbox 770 1719 959 1754; x_wconf 81' lang='lat' dir='ltr'><strong>archisynago-</strong></span> 
     </span>
    </p>
   </div>
   <div class='ocr_carea' id='block_1_38' title="bbox 176 1763 958 1799">
    <p class='ocr_par' dir='ltr' id='par_1_38' title="bbox 176 1763 958 1799">
     <span class='ocr_line' id='line_1_38' title="bbox 176 1763 958 1799; baseline 0.001 -8"><span class='ocrx_word' id='word_1_259' title='bbox 176 1773 223 1799; x_wconf 82' lang='lat' dir='ltr'><strong>gus</strong></span> <span class='ocrx_word' id='word_1_260' title='bbox 233 1763 399 1796; x_wconf 69' lang='lat' dir='ltr'><strong>Iudaeorum,</strong></span> <span class='ocrx_word' id='word_1_261' title='bbox 411 1772 486 1791; x_wconf 86' lang='lat' dir='ltr'><strong>nemo</strong></span> <span class='ocrx_word' id='word_1_262' title='bbox 495 1763 648 1797; x_wconf 83' lang='lat' dir='ltr'><strong>Samaritis,</strong></span> <span class='ocrx_word' id='word_1_263' title='bbox 660 1772 734 1791; x_wconf 88' lang='lat' dir='ltr'><strong>nemo</strong></span> <span class='ocrx_word' id='word_1_264' title='bbox 746 1763 958 1792; x_wconf 87' lang='lat' dir='ltr'><strong>Christianorum</strong></span> 
     </span>
    </p>
   </div>
   <div class='ocr_carea' id='block_1_39' title="bbox 175 1809 958 1846">
    <p class='ocr_par' dir='ltr' id='par_1_39' title="bbox 175 1809 958 1846">
     <span class='ocr_line' id='line_1_39' title="bbox 175 1809 958 1846; baseline 0.003 -10"><span class='ocrx_word' id='word_1_265' title='bbox 175 1810 318 1845; x_wconf 72' lang='lat' dir='ltr'><strong>presbyter,</strong></span> <span class='ocrx_word' id='word_1_266' title='bbox 327 1817 377 1836; x_wconf 87' lang='lat' dir='ltr'><strong>non</strong></span> <span class='ocrx_word' id='word_1_267' title='bbox 387 1809 597 1843; x_wconf 79' lang='lat' dir='ltr'><strong>mathematicus,</strong></span> <span class='ocrx_word' id='word_1_268' title='bbox 605 1818 655 1836; x_wconf 87' lang='lat' dir='ltr'><strong>non</strong></span> <span class='ocrx_word' id='word_1_269' title='bbox 663 1818 786 1846; x_wconf 71' lang='lat' dir='ltr'><strong>aruspex,</strong></span> <span class='ocrx_word' id='word_1_270' title='bbox 796 1818 847 1837; x_wconf 86' lang='lat' dir='ltr'><strong>non</strong></span> <span class='ocrx_word' id='word_1_271' title='bbox 854 1811 958 1845; x_wconf 76' lang='lat' dir='ltr'><strong>aliptes.</strong></span> 
     </span>
    </p>
   </div>
   <div class='ocr_carea' id='block_1_40' title="bbox 177 1855 960 1891">
    <p class='ocr_par' dir='ltr' id='par_1_40' title="bbox 177 1855 960 1891">
     <span class='ocr_line' id='line_1_40' title="bbox 177 1855 960 1891; baseline 0.003 -9"><span class='ocrx_word' id='word_1_272' title='bbox 177 1855 290 1891; x_wconf 82' lang='lat' dir='ltr'><strong>Ipseitle</strong></span> <span class='ocrx_word' id='word_1_273' title='bbox 297 1855 450 1890; x_wconf 85' lang='lat' dir='ltr'><strong>patriarcha</strong></span> <span class='ocrx_word' id='word_1_274' title='bbox 458 1864 516 1882; x_wconf 86' lang='lat' dir='ltr'><strong>cum</strong></span> <span class='ocrx_word' id='word_1_275' title='bbox 526 1855 671 1891; x_wconf 62' lang='lat' dir='ltr'><strong>Egyptum</strong></span> <span class='ocrx_word' id='word_1_276' title='bbox 683 1857 827 1890; x_wconf 80' lang='lat' dir='ltr'><strong>nenerit,ab</strong></span> <span class='ocrx_word' id='word_1_277' title='bbox 838 1857 900 1884; x_wconf 85' lang='lat' dir='ltr'><strong>aliis</strong></span> <span class='ocrx_word' id='word_1_278' title='bbox 912 1857 960 1885; x_wconf 87' lang='lat' dir='ltr'><strong>Se-</strong></span> 
     </span>
    </p>
   </div>
   <div class='ocr_carea' id='block_1_41' title="bbox 176 1902 960 1937">
    <p class='ocr_par' dir='ltr' id='par_1_41' title="bbox 176 1902 960 1937">
     <span class='ocr_line' id='line_1_41' title="bbox 176 1902 960 1937; baseline 0.004 -9"><span class='ocrx_word' id='word_1_279' title='bbox 176 1902 293 1937; x_wconf 84' lang='lat' dir='ltr'><strong>rapidem</strong></span> <span class='ocrx_word' id='word_1_280' title='bbox 305 1902 427 1934; x_wconf 87' lang='lat' dir='ltr'><strong>adorare,</strong></span> <span class='ocrx_word' id='word_1_281' title='bbox 441 1902 473 1928; x_wconf 92' lang='lat' dir='ltr'><strong>ab</strong></span> <span class='ocrx_word' id='word_1_282' title='bbox 482 1902 542 1929; x_wconf 81' lang='lat' dir='ltr'><strong>aliis</strong></span> <span class='ocrx_word' id='word_1_283' title='bbox 555 1903 658 1937; x_wconf 85' lang='lat' dir='ltr'><strong>cogitur</strong></span> <span class='ocrx_word' id='word_1_284' title='bbox 665 1902 810 1931; x_wconf 74' lang='lat' dir='ltr'><strong>Christum.</strong></span> <span class='ocrx_word' id='word_1_285' title='bbox 823 1903 960 1932; x_wconf 85' lang='lat' dir='ltr'><strong>Habemus</strong></span> 
     </span>
    </p>
   </div>
   <div class='ocr_carea' id='block_1_42' title="bbox 177 1947 959 1983">
    <p class='ocr_par' dir='ltr' id='par_1_42' title="bbox 177 1947 959 1983">
     <span class='ocr_line' id='line_1_42' title="bbox 177 1947 959 1983; baseline 0.001 -8"><span class='ocrx_word' id='word_1_286' title='bbox 177 1949 221 1975; x_wconf 90' lang='lat' dir='ltr'><strong>hic</strong></span> <span class='ocrx_word' id='word_1_287' title='bbox 237 1948 432 1983; x_wconf 84' lang='lat' dir='ltr'><strong>patriarcham,</strong></span> <span class='ocrx_word' id='word_1_288' title='bbox 453 1947 555 1975; x_wconf 89' lang='lat' dir='ltr'><strong>Christi</strong></span> <span class='ocrx_word' id='word_1_289' title='bbox 581 1948 737 1983; x_wconf 85' lang='lat' dir='ltr'><strong>episcopos,</strong></span> <span class='ocrx_word' id='word_1_290' title='bbox 751 1953 778 1975; x_wconf 86' lang='lat' dir='ltr'><strong>et</strong></span> <span class='ocrx_word' id='word_1_291' title='bbox 790 1949 959 1976; x_wconf 86' lang='lat' dir='ltr'><strong>Christiano-</strong></span> 
     </span>
    </p>
   </div>
   <div class='ocr_carea' id='block_1_43' title="bbox 174 1993 960 2030">
    <p class='ocr_par' dir='ltr' id='par_1_43' title="bbox 174 1993 960 2030">
     <span class='ocr_line' id='line_1_43' title="bbox 174 1993 960 2030; baseline 0.001 -9"><span class='ocrx_word' id='word_1_292' title='bbox 174 2001 236 2021; x_wconf 92' lang='lat' dir='ltr'><strong>rum</strong></span> <span class='ocrx_word' id='word_1_293' title='bbox 256 1994 439 2030; x_wconf 77' lang='lat' dir='ltr'><strong>presbyteros.</strong></span> <span class='ocrx_word' id='word_1_294' title='bbox 455 1993 489 2020; x_wconf 86' lang='lat' dir='ltr'><strong>Et</strong></span> <span class='ocrx_word' id='word_1_295' title='bbox 503 1993 687 2028; x_wconf 87' lang='lat' dir='ltr'><strong>patriarcham</strong></span> <span class='ocrx_word' id='word_1_296' title='bbox 708 1994 816 2029; x_wconf 85' lang='lat' dir='ltr'><strong>quidem</strong></span> <span class='ocrx_word' id='word_1_297' title='bbox 831 2002 884 2022; x_wconf 93' lang='lat' dir='ltr'><strong>non</strong></span> <span class='ocrx_word' id='word_1_298' title='bbox 899 2000 960 2022; x_wconf 88' lang='lat' dir='ltr'><strong>tan-</strong></span> 
     </span>
    </p>
   </div>
   <div class='ocr_carea' id='block_1_44' title="bbox 175 2040 959 2077">
    <p class='ocr_par' dir='ltr' id='par_1_44' title="bbox 175 2040 959 2077">
     <span class='ocr_line' id='line_1_44' title="bbox 175 2040 959 2077; baseline 0.003 -9"><span class='ocrx_word' id='word_1_299' title='bbox 175 2040 440 2073; x_wconf 78' lang='lat' dir='ltr'><strong>‘-;umCasaubonus,</strong></span> <span class='ocrx_word' id='word_1_300' title='bbox 466 2041 514 2068; x_wconf 84' lang='lat' dir='ltr'><strong>sed</strong></span> <span class='ocrx_word' id='word_1_301' title='bbox 540 2045 568 2068; x_wconf 85' lang='lat' dir='ltr'><strong>et</strong></span> <span class='ocrx_word' id='word_1_302' title='bbox 587 2040 739 2068; x_wconf 88' lang='lat' dir='ltr'><strong>Salmasius</strong></span> <span class='ocrx_word' id='word_1_303' title='bbox 764 2049 814 2076; x_wconf 87' lang='lat' dir='ltr'><strong>pro</strong></span> <span class='ocrx_word' id='word_1_304' title='bbox 832 2042 959 2077; x_wconf 80' lang='lat' dir='ltr'><strong>episeopo</strong></span> 
     </span>
    </p>
   </div>
   <div class='ocr_carea' id='block_1_45' title="bbox 175 2084 960 2120">
    <p class='ocr_par' dir='ltr' id='par_1_45' title="bbox 175 2084 960 2120">
     <span class='ocr_line' id='line_1_45' title="bbox 175 2084 960 2120; baseline 0 -8"><span class='ocrx_word' id='word_1_305' title='bbox 175 2085 360 2112; x_wconf 76' lang='lat' dir='ltr'><strong>Alexandrino</strong></span> <span class='ocrx_word' id='word_1_306' title='bbox 374 2085 466 2112; x_wconf 88' lang='lat' dir='ltr'><strong>habet.</strong></span> <span class='ocrx_word' id='word_1_307' title='bbox 482 2084 524 2111; x_wconf 87' lang='lat' dir='ltr'><strong>En</strong></span> <span class='ocrx_word' id='word_1_308' title='bbox 545 2085 705 2120; x_wconf 77' lang='lat' dir='ltr'><strong>episcopum,</strong></span> <span class='ocrx_word' id='word_1_309' title='bbox 733 2084 821 2119; x_wconf 90' lang='lat' dir='ltr'><strong>inquit</strong></span> <span class='ocrx_word' id='word_1_310' title='bbox 833 2085 887 2116; x_wconf 89' lang='lat' dir='ltr'><strong>ille,</strong></span> <span class='ocrx_word' id='word_1_311' title='bbox 902 2085 960 2112; x_wconf 82' lang='lat' dir='ltr'><strong>Ale-</strong></span> 
     </span>
    </p>
   </div>
   <div class='ocr_carea' id='block_1_46' title="bbox 174 2130 960 2166">
    <p class='ocr_par' dir='ltr' id='par_1_46' title="bbox 174 2130 960 2166">
     <span class='ocr_line' id='line_1_46' title="bbox 174 2130 960 2166; baseline 0.003 -9"><span class='ocrx_word' id='word_1_312' title='bbox 174 2132 336 2158; x_wconf 77' lang='lat' dir='ltr'><strong>:candrt&#39;num</strong></span> <span class='ocrx_word' id='word_1_313' title='bbox 352 2130 465 2158; x_wconf 81' lang='lat' dir='ltr'><strong>Adriani</strong></span> <span class='ocrx_word' id='word_1_314' title='bbox 477 2130 635 2165; x_wconf 75' lang='lat' dir='ltr'><strong>temporibus</strong></span> <span class='ocrx_word' id='word_1_315' title='bbox 647 2131 829 2166; x_wconf 89' lang='lat' dir='ltr'><strong>patriarcham</strong></span> <span class='ocrx_word' id='word_1_316' title='bbox 838 2131 937 2158; x_wconf 78' lang='lat' dir='ltr'><strong>dictum</strong></span> <span class='ocrx_word' id='word_1_317' title='bbox 947 2133 960 2160; x_wconf 66' lang='lat'><strong>.9</strong></span> 
     </span>
    </p>
   </div>
   <div class='ocr_carea' id='block_1_47' title="bbox 177 2177 959 2212">
    <p class='ocr_par' dir='ltr' id='par_1_47' title="bbox 177 2177 959 2212">
     <span class='ocr_line' id='line_1_47' title="bbox 177 2177 959 2212; baseline 0 -7"><span class='ocrx_word' id='word_1_318' title='bbox 177 2177 239 2205; x_wconf 83' lang='lat' dir='ltr'><strong>Non</strong></span> <span class='ocrx_word' id='word_1_319' title='bbox 254 2177 336 2212; x_wconf 78' lang='lat' dir='ltr'><strong>igitur</strong></span> <span class='ocrx_word' id='word_1_320' title='bbox 350 2180 405 2203; x_wconf 85' lang='lat' dir='ltr'><strong>tam</strong></span> <span class='ocrx_word' id='word_1_321' title='bbox 423 2185 511 2204; x_wconf 79' lang='lat' dir='ltr'><strong>recens</strong></span> <span class='ocrx_word' id='word_1_322' title='bbox 522 2181 561 2204; x_wconf 81' lang='lat' dir='ltr'><strong>est</strong></span> <span class='ocrx_word' id='word_1_323' title='bbox 574 2177 736 2212; x_wconf 83' lang='lat' dir='ltr'><strong>patriarclue</strong></span> <span class='ocrx_word' id='word_1_324' title='bbox 758 2186 851 2204; x_wconf 86' lang='lat' dir='ltr'><strong>nomen</strong></span> <span class='ocrx_word' id='word_1_325' title='bbox 868 2178 897 2205; x_wconf 86' lang='lat' dir='ltr'><strong>in</strong></span> <span class='ocrx_word' id='word_1_326' title='bbox 907 2178 959 2205; x_wconf 86' lang='lat' dir='ltr'><strong>Ec-</strong></span> 
     </span>
    </p>
   </div>
   <div class='ocr_carea' id='block_1_48' title="bbox 1008 251 1793 286">
    <p class='ocr_par' dir='ltr' id='par_1_48' title="bbox 1008 251 1793 286">
     <span class='ocr_line' id='line_1_48' title="bbox 1008 251 1793 286; baseline 0 -7"><span class='ocrx_word' id='word_1_327' title='bbox 1008 251 1196 279; x_wconf 81' lang='lat' dir='ltr'><strong>Alcxandrino</strong></span> <span class='ocrx_word' id='word_1_328' title='bbox 1218 251 1332 286; x_wconf 76' lang='lat' dir='ltr'><strong>intelligi</strong></span> <span class='ocrx_word' id='word_1_329' title='bbox 1353 252 1453 279; x_wconf 88' lang='lat' dir='ltr'><strong>debere</strong></span> <span class='ocrx_word' id='word_1_330' title='bbox 1472 253 1547 279; x_wconf 89' lang='lat' dir='ltr'><strong>nullo</strong></span> <span class='ocrx_word' id='word_1_331' title='bbox 1562 253 1645 279; x_wconf 91' lang='lat' dir='ltr'><strong>modo</strong></span> <span class='ocrx_word' id='word_1_332' title='bbox 1673 252 1793 279; x_wconf 85' lang='lat' dir='ltr'><strong>videtur.</strong></span> 
     </span>
    </p>
   </div>
   <div class='ocr_carea' id='block_1_49' title="bbox 1007 298 1796 334">
    <p class='ocr_par' dir='ltr' id='par_1_49' title="bbox 1007 298 1796 334">
     <span class='ocr_line' id='line_1_49' title="bbox 1007 298 1796 334; baseline -0.003 -8"><span class='ocrx_word' id='word_1_333' title='bbox 1007 298 1066 326; x_wconf 81' lang='lat' dir='ltr'><strong>Non</strong></span> <span class='ocrx_word' id='word_1_334' title='bbox 1086 303 1192 326; x_wconf 90' lang='lat' dir='ltr'><strong>tantum</strong></span> <span class='ocrx_word' id='word_1_335' title='bbox 1208 299 1272 334; x_wconf 85' lang='lat' dir='ltr'><strong>quia</strong></span> <span class='ocrx_word' id='word_1_336' title='bbox 1287 298 1383 325; x_wconf 86' lang='lat' dir='ltr'><strong>titulus</strong></span> <span class='ocrx_word' id='word_1_337' title='bbox 1397 298 1441 325; x_wconf 89' lang='lat' dir='ltr'><strong>ille</strong></span> <span class='ocrx_word' id='word_1_338' title='bbox 1456 298 1524 325; x_wconf 89' lang='lat' dir='ltr'><strong>nulli</strong></span> <span class='ocrx_word' id='word_1_339' title='bbox 1534 298 1665 333; x_wconf 88' lang='lat' dir='ltr'><strong>episcopo</strong></span> <span class='ocrx_word' id='word_1_340' title='bbox 1679 305 1712 325; x_wconf 86' lang='lat' dir='ltr'><strong>ea</strong></span> <span class='ocrx_word' id='word_1_341' title='bbox 1732 303 1796 325; x_wconf 70' lang='lat' dir='ltr'><strong>aeta—</strong></span> 
     </span>
    </p>
   </div>
   <div class='ocr_carea' id='block_1_50' title="bbox 1009 344 1795 380">
    <p class='ocr_par' dir='ltr' id='par_1_50' title="bbox 1009 344 1795 380">
     <span class='ocr_line' id='line_1_50' title="bbox 1009 344 1795 380; baseline -0.004 -7"><span class='ocrx_word' id='word_1_342' title='bbox 1009 350 1044 378; x_wconf 91' lang='lat' dir='ltr'><strong>te,</strong></span> <span class='ocrx_word' id='word_1_343' title='bbox 1061 351 1108 373; x_wconf 90' lang='lat' dir='ltr'><strong>aut</strong></span> <span class='ocrx_word' id='word_1_344' title='bbox 1121 345 1246 380; x_wconf 85' lang='lat' dir='ltr'><strong>sequenti</strong></span> <span class='ocrx_word' id='word_1_345' title='bbox 1265 345 1366 372; x_wconf 80' lang='lat' dir='ltr'><strong>szeculo</strong></span> <span class='ocrx_word' id='word_1_346' title='bbox 1380 345 1499 372; x_wconf 87' lang='lat' dir='ltr'><strong>tributus</strong></span> <span class='ocrx_word' id='word_1_347' title='bbox 1513 352 1574 372; x_wconf 86' lang='lat' dir='ltr'><strong>esse</strong></span> <span class='ocrx_word' id='word_1_348' title='bbox 1585 348 1732 379; x_wconf 86' lang='lat' dir='ltr'><strong>appareat:</strong></span> <span class='ocrx_word' id='word_1_349' title='bbox 1746 344 1795 371; x_wconf 84' lang='lat' dir='ltr'><strong>sed</strong></span> 
     </span>
    </p>
   </div>
   <div class='ocr_carea' id='block_1_51' title="bbox 1007 389 1797 426">
    <p class='ocr_par' dir='ltr' id='par_1_51' title="bbox 1007 389 1797 426">
     <span class='ocr_line' id='line_1_51' title="bbox 1007 389 1797 426; baseline -0.003 -8"><span class='ocrx_word' id='word_1_350' title='bbox 1007 395 1035 418; x_wconf 91' lang='lat' dir='ltr'><strong>et</strong></span> <span class='ocrx_word' id='word_1_351' title='bbox 1048 391 1120 426; x_wconf 90' lang='lat' dir='ltr'><strong>quod</strong></span> <span class='ocrx_word' id='word_1_352' title='bbox 1134 399 1166 418; x_wconf 84' lang='lat' dir='ltr'><strong>ea</strong></span> <span class='ocrx_word' id='word_1_353' title='bbox 1181 399 1242 426; x_wconf 73' lang='lat' dir='ltr'><strong>quae</strong></span> <span class='ocrx_word' id='word_1_354' title='bbox 1257 391 1291 417; x_wconf 88' lang='lat' dir='ltr'><strong>de</strong></span> <span class='ocrx_word' id='word_1_355' title='bbox 1306 390 1462 425; x_wconf 87' lang='lat' dir='ltr'><strong>patriarcha</strong></span> <span class='ocrx_word' id='word_1_356' title='bbox 1474 394 1567 417; x_wconf 90' lang='lat' dir='ltr'><strong>narrat</strong></span> <span class='ocrx_word' id='word_1_357' title='bbox 1577 390 1726 422; x_wconf 82' lang='lat' dir='ltr'><strong>Adrianus,</strong></span> <span class='ocrx_word' id='word_1_358' title='bbox 1740 389 1797 423; x_wconf 89' lang='lat' dir='ltr'><strong>epi-</strong></span> 
     </span>
    </p>
   </div>
   <div class='ocr_carea' id='block_1_52' title="bbox 1007 434 1795 471">
    <p class='ocr_par' dir='ltr' id='par_1_52' title="bbox 1007 434 1795 471">
     <span class='ocr_line' id='line_1_52' title="bbox 1007 434 1795 471; baseline -0.006 -6"><span class='ocrx_word' id='word_1_359' title='bbox 1007 444 1091 471; x_wconf 80' lang='lat' dir='ltr'><strong>scopo</strong></span> <span class='ocrx_word' id='word_1_360' title='bbox 1113 436 1299 463; x_wconf 81' lang='lat' dir='ltr'><strong>Alexandrino</strong></span> <span class='ocrx_word' id='word_1_361' title='bbox 1321 436 1434 463; x_wconf 88' lang='lat' dir='ltr'><strong>minime</strong></span> <span class='ocrx_word' id='word_1_362' title='bbox 1457 435 1628 464; x_wconf 83' lang='lat' dir='ltr'><strong>conveniant.</strong></span> <span class='ocrx_word' id='word_1_363' title='bbox 1654 434 1733 468; x_wconf 87' lang='lat' dir='ltr'><strong>Cum,</strong></span> <span class='ocrx_word' id='word_1_364' title='bbox 1749 434 1795 461; x_wconf 89' lang='lat' dir='ltr'><strong>in-</strong></span> 
     </span>
    </p>
   </div>
   <div class='ocr_carea' id='block_1_53' title="bbox 1008 479 1795 517">
    <p class='ocr_par' dir='ltr' id='par_1_53' title="bbox 1008 479 1795 517">
     <span class='ocr_line' id='line_1_53' title="bbox 1008 479 1795 517; baseline -0.001 -9"><span class='ocrx_word' id='word_1_365' title='bbox 1008 482 1078 517; x_wconf 88' lang='lat' dir='ltr'><strong>quit,</strong></span> <span class='ocrx_word' id='word_1_366' title='bbox 1102 480 1248 516; x_wconf 66' lang='lat' dir='ltr'><strong>zEgyptum</strong></span> <span class='ocrx_word' id='word_1_367' title='bbox 1271 482 1385 513; x_wconf 74' lang='lat' dir='ltr'><strong>uenerit;</strong></span> <span class='ocrx_word' id='word_1_368' title='bbox 1402 481 1523 516; x_wconf 84' lang='lat' dir='ltr'><strong>loquitur</strong></span> <span class='ocrx_word' id='word_1_369' title='bbox 1549 481 1631 516; x_wconf 79' lang='lat' dir='ltr'><strong>igitur</strong></span> <span class='ocrx_word' id='word_1_370' title='bbox 1644 481 1678 508; x_wconf 89' lang='lat' dir='ltr'><strong>de</strong></span> <span class='ocrx_word' id='word_1_371' title='bbox 1694 488 1728 508; x_wconf 90' lang='lat' dir='ltr'><strong>eo</strong></span> <span class='ocrx_word' id='word_1_372' title='bbox 1745 479 1795 515; x_wconf 86' lang='lat' dir='ltr'><strong>qui</strong></span> 
     </span>
    </p>
   </div>
   <div class='ocr_carea' id='block_1_54' title="bbox 1008 525 1797 560">
    <p class='ocr_par' dir='ltr' id='par_1_54' title="bbox 1008 525 1797 560">
     <span class='ocr_line' id='line_1_54' title="bbox 1008 525 1797 560; baseline -0.003 -6"><span class='ocrx_word' id='word_1_373' title='bbox 1008 526 1179 554; x_wconf 70' lang='lat' dir='ltr'><strong>Alexandria:</strong></span> <span class='ocrx_word' id='word_1_374' title='bbox 1207 526 1332 554; x_wconf 88' lang='lat' dir='ltr'><strong>habitare</strong></span> <span class='ocrx_word' id='word_1_375' title='bbox 1360 533 1414 553; x_wconf 90' lang='lat' dir='ltr'><strong>non</strong></span> <span class='ocrx_word' id='word_1_376' title='bbox 1442 525 1556 558; x_wconf 89' lang='lat' dir='ltr'><strong>solebat,</strong></span> <span class='ocrx_word' id='word_1_377' title='bbox 1572 525 1621 553; x_wconf 86' lang='lat' dir='ltr'><strong>sed</strong></span> <span class='ocrx_word' id='word_1_378' title='bbox 1646 525 1797 560; x_wconf 88' lang='lat' dir='ltr'><strong>aliquando</strong></span> 
     </span>
    </p>
   </div>
   <div class='ocr_carea' id='block_1_55' title="bbox 1008 571 1796 608">
    <p class='ocr_par' dir='ltr' id='par_1_55' title="bbox 1008 571 1796 608">
     <span class='ocr_line' id='line_1_55' title="bbox 1008 571 1796 608; baseline -0.004 -8"><span class='ocrx_word' id='word_1_379' title='bbox 1008 576 1114 600; x_wconf 87' lang='lat' dir='ltr'><strong>tantum</strong></span> <span class='ocrx_word' id='word_1_380' title='bbox 1132 571 1279 608; x_wconf 67' lang='lat' dir='ltr'><strong>Egyptum</strong></span> <span class='ocrx_word' id='word_1_381' title='bbox 1298 572 1384 605; x_wconf 89' lang='lat' dir='ltr'><strong>adire,</strong></span> <span class='ocrx_word' id='word_1_382' title='bbox 1411 576 1504 606; x_wconf 86' lang='lat' dir='ltr'><strong>utpote</strong></span> <span class='ocrx_word' id='word_1_383' title='bbox 1516 571 1564 606; x_wconf 90' lang='lat' dir='ltr'><strong>qui</strong></span> <span class='ocrx_word' id='word_1_384' title='bbox 1590 571 1619 598; x_wconf 91' lang='lat' dir='ltr'><strong>in</strong></span> <span class='ocrx_word' id='word_1_385' title='bbox 1631 571 1685 598; x_wconf 87' lang='lat' dir='ltr'><strong>alia</strong></span> <span class='ocrx_word' id='word_1_386' title='bbox 1699 571 1796 606; x_wconf 83' lang='lat' dir='ltr'><strong>aliqua</strong></span> 
     </span>
    </p>
   </div>
   <div class='ocr_carea' id='block_1_56' title="bbox 1008 617 1798 654">
    <p class='ocr_par' dir='ltr' id='par_1_56' title="bbox 1008 617 1798 654">
     <span class='ocr_line' id='line_1_56' title="bbox 1008 617 1798 654; baseline -0.003 -8"><span class='ocrx_word' id='word_1_387' title='bbox 1008 619 1119 654; x_wconf 76' lang='lat' dir='ltr'><strong>regione</strong></span> <span class='ocrx_word' id='word_1_388' title='bbox 1134 619 1246 646; x_wconf 83' lang='lat' dir='ltr'><strong>viveret.</strong></span> <span class='ocrx_word' id='word_1_389' title='bbox 1264 618 1333 646; x_wconf 92' lang='lat' dir='ltr'><strong>Cum</strong></span> <span class='ocrx_word' id='word_1_390' title='bbox 1350 618 1420 645; x_wconf 83' lang='lat' dir='ltr'><strong>forte</strong></span> <span class='ocrx_word' id='word_1_391' title='bbox 1435 617 1582 653; x_wconf 66' lang='lat' dir='ltr'><strong>Egyptum</strong></span> <span class='ocrx_word' id='word_1_392' title='bbox 1600 622 1714 652; x_wconf 79' lang='lat' dir='ltr'><strong>peteret,</strong></span> <span class='ocrx_word' id='word_1_393' title='bbox 1730 624 1798 644; x_wconf 62' lang='grc' dir='ltr'><strong>θυεμ</strong></span> 
     </span>
    </p>
   </div>
   <div class='ocr_carea' id='block_1_57' title="bbox 1009 662 1797 698">
    <p class='ocr_par' dir='ltr' id='par_1_57' title="bbox 1009 662 1797 698">
     <span class='ocr_line' id='line_1_57' title="bbox 1009 662 1797 698; baseline -0.004 -6"><span class='ocrx_word' id='word_1_394' title='bbox 1009 669 1070 693; x_wconf 85' lang='lat' dir='ltr'><strong>ctus</strong></span> <span class='ocrx_word' id='word_1_395' title='bbox 1092 668 1136 692; x_wconf 84' lang='lat' dir='ltr'><strong>est</strong></span> <span class='ocrx_word' id='word_1_396' title='bbox 1150 673 1205 692; x_wconf 93' lang='lat' dir='ltr'><strong>non</strong></span> <span class='ocrx_word' id='word_1_397' title='bbox 1221 669 1328 692; x_wconf 88' lang='lat' dir='ltr'><strong>tantum</strong></span> <span class='ocrx_word' id='word_1_398' title='bbox 1355 663 1526 698; x_wconf 81' lang='lat' dir='ltr'><strong>Serapidem,</strong></span> <span class='ocrx_word' id='word_1_399' title='bbox 1543 662 1590 690; x_wconf 86' lang='lat' dir='ltr'><strong>sed</strong></span> <span class='ocrx_word' id='word_1_400' title='bbox 1607 668 1635 690; x_wconf 89' lang='lat' dir='ltr'><strong>et</strong></span> <span class='ocrx_word' id='word_1_401' title='bbox 1651 663 1797 690; x_wconf 77' lang='lat' dir='ltr'><strong>Christum</strong></span> 
     </span>
    </p>
   </div>
   <div class='ocr_carea' id='block_1_58' title="bbox 1009 708 1796 745">
    <p class='ocr_par' dir='ltr' id='par_1_58' title="bbox 1009 708 1796 745">
     <span class='ocr_line' id='line_1_58' title="bbox 1009 708 1796 745; baseline -0.005 -7"><span class='ocrx_word' id='word_1_402' title='bbox 1009 711 1098 738; x_wconf 89' lang='lat' dir='ltr'><strong>colere</strong></span> <span class='ocrx_word' id='word_1_403' title='bbox 1110 719 1117 744; x_wconf 89' lang='lat'>;</span> <span class='ocrx_word' id='word_1_404' title='bbox 1129 711 1164 737; x_wconf 91' lang='lat' dir='ltr'><strong>ab</strong></span> <span class='ocrx_word' id='word_1_405' title='bbox 1178 710 1320 745; x_wconf 88' lang='lat' dir='ltr'><strong>utriusque</strong></span> <span class='ocrx_word' id='word_1_406' title='bbox 1336 710 1419 745; x_wconf 76' lang='lat' dir='ltr'><strong>igitur</strong></span> <span class='ocrx_word' id='word_1_407' title='bbox 1441 709 1516 737; x_wconf 89' lang='lat' dir='ltr'><strong>cultu</strong></span> <span class='ocrx_word' id='word_1_408' title='bbox 1535 713 1594 737; x_wconf 79' lang='lat' dir='ltr'><strong>erat</strong></span> <span class='ocrx_word' id='word_1_409' title='bbox 1608 709 1725 736; x_wconf 84' lang='lat' dir='ltr'><strong>alienus.</strong></span> <span class='ocrx_word' id='word_1_410' title='bbox 1742 708 1796 735; x_wconf 83' lang='lat' dir='ltr'><strong>Mi-</strong></span> 
     </span>
    </p>
   </div>
   <div class='ocr_carea' id='block_1_59' title="bbox 1009 755 1797 792">
    <p class='ocr_par' dir='ltr' id='par_1_59' title="bbox 1009 755 1797 792">
     <span class='ocr_line' id='line_1_59' title="bbox 1009 755 1797 792; baseline -0.004 -7"><span class='ocrx_word' id='word_1_411' title='bbox 1009 765 1056 785; x_wconf 89' lang='lat' dir='ltr'><strong>ror</strong></span> <span class='ocrx_word' id='word_1_412' title='bbox 1084 757 1176 792; x_wconf 90' lang='lat' dir='ltr'><strong>itaque</strong></span> <span class='ocrx_word' id='word_1_413' title='bbox 1199 757 1328 791; x_wconf 84' lang='lat' dir='ltr'><strong>cuiquam</strong></span> <span class='ocrx_word' id='word_1_414' title='bbox 1354 757 1382 783; x_wconf 91' lang='lat' dir='ltr'><strong>in</strong></span> <span class='ocrx_word' id='word_1_415' title='bbox 1399 760 1518 783; x_wconf 89' lang='lat' dir='ltr'><strong>mentem</strong></span> <span class='ocrx_word' id='word_1_416' title='bbox 1541 755 1634 782; x_wconf 85' lang='lat' dir='ltr'><strong>venire</strong></span> <span class='ocrx_word' id='word_1_417' title='bbox 1659 756 1797 790; x_wconf 84' lang='lat' dir='ltr'><strong>potuisse,</strong></span> 
     </span>
    </p>
   </div>
   <div class='ocr_carea' id='block_1_60' title="bbox 1009 801 1797 838">
    <p class='ocr_par' dir='ltr' id='par_1_60' title="bbox 1009 801 1797 838">
     <span class='ocr_line' id='line_1_60' title="bbox 1009 801 1797 838; baseline -0.004 -7"><span class='ocrx_word' id='word_1_418' title='bbox 1009 803 1068 831; x_wconf 74' lang='lat' dir='ltr'><strong>haec</strong></span> <span class='ocrx_word' id='word_1_419' title='bbox 1083 803 1117 831; x_wconf 89' lang='lat' dir='ltr'><strong>de</strong></span> <span class='ocrx_word' id='word_1_420' title='bbox 1131 803 1261 838; x_wconf 87' lang='lat' dir='ltr'><strong>episcopo</strong></span> <span class='ocrx_word' id='word_1_421' title='bbox 1286 802 1473 829; x_wconf 74' lang='lat' dir='ltr'><strong>Alexandrino</strong></span> <span class='ocrx_word' id='word_1_422' title='bbox 1499 801 1570 829; x_wconf 83' lang='lat' dir='ltr'><strong>dicta</strong></span> <span class='ocrx_word' id='word_1_423' title='bbox 1592 801 1696 835; x_wconf 85' lang='lat' dir='ltr'><strong>fuisse;</strong></span> <span class='ocrx_word' id='word_1_424' title='bbox 1714 803 1797 837; x_wconf 90' lang='lat' dir='ltr'><strong>quasi</strong></span> 
     </span>
    </p>
   </div>
   <div class='ocr_carea' id='block_1_61' title="bbox 1009 848 1799 885">
    <p class='ocr_par' dir='ltr' id='par_1_61' title="bbox 1009 848 1799 885">
     <span class='ocr_line' id='line_1_61' title="bbox 1009 848 1799 885; baseline -0.003 -8"><span class='ocrx_word' id='word_1_425' title='bbox 1009 850 1055 878; x_wconf 83' lang='lat' dir='ltr'><strong>ille</strong></span> <span class='ocrx_word' id='word_1_426' title='bbox 1067 849 1215 885; x_wconf 70' lang='lat' dir='ltr'><strong>Egyptum</strong></span> <span class='ocrx_word' id='word_1_427' title='bbox 1233 849 1380 884; x_wconf 84' lang='lat' dir='ltr'><strong>aliquando</strong></span> <span class='ocrx_word' id='word_1_428' title='bbox 1393 852 1499 875; x_wconf 89' lang='lat' dir='ltr'><strong>tantum</strong></span> <span class='ocrx_word' id='word_1_429' title='bbox 1512 853 1624 883; x_wconf 88' lang='lat' dir='ltr'><strong>peteret,</strong></span> <span class='ocrx_word' id='word_1_430' title='bbox 1638 853 1667 876; x_wconf 89' lang='lat' dir='ltr'><strong>et</strong></span> <span class='ocrx_word' id='word_1_431' title='bbox 1681 856 1744 875; x_wconf 88' lang='lat' dir='ltr'><strong>cum</strong></span> <span class='ocrx_word' id='word_1_432' title='bbox 1758 848 1799 876; x_wconf 81' lang='lat' dir='ltr'><strong>ibt</strong></span> 
     </span>
    </p>
   </div>
   <div class='ocr_carea' id='block_1_62' title="bbox 1007 895 1797 930">
    <p class='ocr_par' dir='ltr' id='par_1_62' title="bbox 1007 895 1797 930">
     <span class='ocr_line' id='line_1_62' title="bbox 1007 895 1797 930; baseline -0.003 -6"><span class='ocrx_word' id='word_1_433' title='bbox 1007 900 1090 930; x_wconf 87' lang='lat' dir='ltr'><strong>esset,</strong></span> <span class='ocrx_word' id='word_1_434' title='bbox 1104 896 1245 924; x_wconf 86' lang='lat' dir='ltr'><strong>Christum</strong></span> <span class='ocrx_word' id='word_1_435' title='bbox 1259 895 1349 923; x_wconf 82' lang='lat' dir='ltr'><strong>colere</strong></span> <span class='ocrx_word' id='word_1_436' title='bbox 1367 898 1528 930; x_wconf 83' lang='lat' dir='ltr'><strong>cogeretur;</strong></span> <span class='ocrx_word' id='word_1_437' title='bbox 1553 895 1707 930; x_wconf 49' lang='lat' dir='ltr'><strong>praesertim</strong></span> <span class='ocrx_word' id='word_1_438' title='bbox 1731 903 1797 923; x_wconf 86' lang='lat' dir='ltr'><strong>cum</strong></span> 
     </span>
    </p>
   </div>
   <div class='ocr_carea' id='block_1_63' title="bbox 1006 941 1797 978">
    <p class='ocr_par' dir='ltr' id='par_1_63' title="bbox 1006 941 1797 978">
     <span class='ocr_line' id='line_1_63' title="bbox 1006 941 1797 978; baseline -0.004 -7"><span class='ocrx_word' id='word_1_439' title='bbox 1006 948 1152 978; x_wconf 89' lang='lat' dir='ltr'><strong>utrumque</strong></span> <span class='ocrx_word' id='word_1_440' title='bbox 1171 942 1328 970; x_wconf 68' lang='lat' dir='ltr'><strong>Iudaeorum</strong></span> <span class='ocrx_word' id='word_1_441' title='bbox 1345 942 1507 976; x_wconf 69' lang='lat' dir='ltr'><strong>patriarchae</strong></span> <span class='ocrx_word' id='word_1_442' title='bbox 1524 949 1557 969; x_wconf 89' lang='lat' dir='ltr'><strong>ea</strong></span> <span class='ocrx_word' id='word_1_443' title='bbox 1579 946 1660 968; x_wconf 63' lang='grc' dir='ltr'><strong>δείδιε</strong></span> <span class='ocrx_word' id='word_1_444' title='bbox 1684 941 1797 969; x_wconf 86' lang='lat' dir='ltr'><strong>notissi-</strong></span> 
     </span>
    </p>
   </div>
   <div class='ocr_carea' id='block_1_64' title="bbox 1005 986 1794 1024">
    <p class='ocr_par' dir='ltr' id='par_1_64' title="bbox 1005 986 1794 1024">
     <span class='ocr_line' id='line_1_64' title="bbox 1005 986 1794 1024; baseline -0.005 -7"><span class='ocrx_word' id='word_1_445' title='bbox 1005 994 1118 1017; x_wconf 87' lang='lat' dir='ltr'><strong>motam</strong></span> <span class='ocrx_word' id='word_1_446' title='bbox 1138 989 1222 1024; x_wconf 91' lang='lat' dir='ltr'><strong>probe</strong></span> <span class='ocrx_word' id='word_1_447' title='bbox 1243 987 1398 1016; x_wconf 78' lang='lat' dir='ltr'><strong>conveniat.</strong></span> <span class='ocrx_word' id='word_1_448' title='bbox 1425 987 1582 1015; x_wconf 66' lang='lat' dir='ltr'><strong>Judteorum</strong></span> <span class='ocrx_word' id='word_1_449' title='bbox 1608 986 1794 1021; x_wconf 83' lang='lat' dir='ltr'><strong>patriarchau.</strong></span> 
     </span>
    </p>
   </div>
   <div class='ocr_carea' id='block_1_65' title="bbox 1006 1033 1796 1070">
    <p class='ocr_par' dir='ltr' id='par_1_65' title="bbox 1006 1033 1796 1070">
     <span class='ocr_line' id='line_1_65' title="bbox 1006 1033 1796 1070; baseline -0.005 -7"><span class='ocrx_word' id='word_1_450' title='bbox 1006 1035 1138 1070; x_wconf 82' lang='lat' dir='ltr'><strong>intelligo,</strong></span> <span class='ocrx_word' id='word_1_451' title='bbox 1150 1034 1197 1069; x_wconf 91' lang='lat' dir='ltr'><strong>qui</strong></span> <span class='ocrx_word' id='word_1_452' title='bbox 1209 1034 1236 1060; x_wconf 90' lang='lat' dir='ltr'><strong>in</strong></span> <span class='ocrx_word' id='word_1_453' title='bbox 1248 1033 1393 1061; x_wconf 65' lang='lat' dir='ltr'><strong>Palaestina</strong></span> <span class='ocrx_word' id='word_1_454' title='bbox 1411 1033 1529 1066; x_wconf 70' lang='lat' dir='ltr'><strong>vivebat,</strong></span> <span class='ocrx_word' id='word_1_455' title='bbox 1544 1041 1596 1060; x_wconf 90' lang='lat' dir='ltr'><strong>non</strong></span> <span class='ocrx_word' id='word_1_456' title='bbox 1616 1033 1663 1065; x_wconf 89' lang='lat' dir='ltr'><strong>qui</strong></span> <span class='ocrx_word' id='word_1_457' title='bbox 1673 1033 1796 1060; x_wconf 77' lang='lat' dir='ltr'><strong>Alexan-</strong></span> 
     </span>
    </p>
   </div>
   <div class='ocr_carea' id='block_1_66' title="bbox 1006 1078 1794 1114">
    <p class='ocr_par' dir='ltr' id='par_1_66' title="bbox 1006 1078 1794 1114">
     <span class='ocr_line' id='line_1_66' title="bbox 1006 1078 1794 1114; baseline -0.004 -5"><span class='ocrx_word' id='word_1_458' title='bbox 1006 1082 1072 1110; x_wconf 76' lang='lat' dir='ltr'><strong>driae</strong></span> <span class='ocrx_word' id='word_1_459' title='bbox 1085 1081 1248 1108; x_wconf 87' lang='lat' dir='ltr'><strong>constitutus</strong></span> <span class='ocrx_word' id='word_1_460' title='bbox 1262 1079 1324 1112; x_wconf 87' lang='lat' dir='ltr'><strong>fuit,</strong></span> <span class='ocrx_word' id='word_1_461' title='bbox 1341 1084 1371 1107; x_wconf 88' lang='lat' dir='ltr'><strong>ut</strong></span> <span class='ocrx_word' id='word_1_462' title='bbox 1383 1080 1516 1114; x_wconf 83' lang='lat' dir='ltr'><strong>putabant</strong></span> <span class='ocrx_word' id='word_1_463' title='bbox 1537 1078 1642 1107; x_wconf 88' lang='lat' dir='ltr'><strong>Petitus</strong></span> <span class='ocrx_word' id='word_1_464' title='bbox 1653 1084 1682 1106; x_wconf 88' lang='lat' dir='ltr'><strong>et</strong></span> <span class='ocrx_word' id='word_1_465' title='bbox 1696 1079 1794 1106; x_wconf 81' lang='lat' dir='ltr'><strong>Petrus</strong></span> 
     </span>
    </p>
   </div>
   <div class='ocr_carea' id='block_1_67' title="bbox 1007 1125 1796 1162">
    <p class='ocr_par' dir='ltr' id='par_1_67' title="bbox 1007 1125 1796 1162">
     <span class='ocr_line' id='line_1_67' title="bbox 1007 1125 1796 1162; baseline -0.006 -6"><span class='ocrx_word' id='word_1_466' title='bbox 1007 1136 1023 1156; x_wconf 90' lang='lat' dir='ltr'><strong>a</strong></span> <span class='ocrx_word' id='word_1_467' title='bbox 1037 1127 1138 1155; x_wconf 82' lang='lat' dir='ltr'><strong>Marca.</strong></span> <span class='ocrx_word' id='word_1_468' title='bbox 1154 1127 1192 1155; x_wconf 87' lang='lat' dir='ltr'><strong>De</strong></span> <span class='ocrx_word' id='word_1_469' title='bbox 1213 1134 1268 1162; x_wconf 92' lang='lat' dir='ltr'><strong>quo</strong></span> <span class='ocrx_word' id='word_1_470' title='bbox 1288 1126 1410 1161; x_wconf 89' lang='lat' dir='ltr'><strong>loquitur</strong></span> <span class='ocrx_word' id='word_1_471' title='bbox 1431 1125 1563 1161; x_wconf 82' lang='lat' dir='ltr'><strong>Origenes</strong></span> <span class='ocrx_word' id='word_1_472' title='bbox 1578 1125 1647 1161; x_wconf 80' lang='grc' dir='ltr'><strong>Περὶ</strong></span> <span class='ocrx_word' id='word_1_473' title='bbox 1658 1125 1762 1161; x_wconf 80' lang='grc' dir='ltr'><strong>ἀρχῶν,</strong></span> <span class='ocrx_word' id='word_1_474' title='bbox 1776 1125 1796 1151; x_wconf 87' lang='grc' dir='ltr'><strong>ι.</strong></span> 
     </span>
    </p>
   </div>
   <div class='ocr_carea' id='block_1_68' title="bbox 1007 1171 1795 1208">
    <p class='ocr_par' dir='ltr' id='par_1_68' title="bbox 1007 1171 1795 1208">
     <span class='ocr_line' id='line_1_68' title="bbox 1007 1171 1795 1208; baseline -0.006 -6"><span class='ocrx_word' id='word_1_475' title='bbox 1007 1182 1045 1207; x_wconf 84' lang='lat' dir='ltr'><strong>tv,</strong></span> <span class='ocrx_word' id='word_1_476' title='bbox 1062 1182 1088 1202; x_wconf 91' lang='lat' dir='ltr'><strong>c.</strong></span> <span class='ocrx_word' id='word_1_477' title='bbox 1103 1175 1115 1201; x_wconf 79' lang='lat' dir='ltr'><strong>l</strong></span> <span class='ocrx_word' id='word_1_478' title='bbox 1128 1183 1135 1201; x_wconf 88' lang='lat'><strong>:</strong></span> <span class='ocrx_word' id='word_1_479' title='bbox 1152 1173 1249 1200; x_wconf 86' lang='lat' dir='ltr'><strong>Dicunt</strong></span> <span class='ocrx_word' id='word_1_480' title='bbox 1265 1180 1417 1208; x_wconf 83' lang='lat' dir='ltr'><strong>permanere</strong></span> <span class='ocrx_word' id='word_1_481' title='bbox 1432 1172 1517 1198; x_wconf 88' lang='lat' dir='ltr'><strong>adhuc</strong></span> <span class='ocrx_word' id='word_1_482' title='bbox 1538 1171 1682 1206; x_wconf 81' lang='lat' dir='ltr'><strong>principem</strong></span> <span class='ocrx_word' id='word_1_483' title='bbox 1703 1178 1736 1198; x_wconf 79' lang='lat' dir='ltr'><strong>ea:</strong></span> <span class='ocrx_word' id='word_1_484' title='bbox 1750 1179 1795 1206; x_wconf 86' lang='lat' dir='ltr'><strong>gs-</strong></span> 
     </span>
    </p>
   </div>
   <div class='ocr_carea' id='block_1_69' title="bbox 1007 1218 1796 1254">
    <p class='ocr_par' dir='ltr' id='par_1_69' title="bbox 1007 1218 1796 1254">
     <span class='ocr_line' id='line_1_69' title="bbox 1007 1218 1796 1254; baseline -0.008 -5"><span class='ocrx_word' id='word_1_485' title='bbox 1007 1229 1068 1249; x_wconf 85' lang='lat' dir='ltr'><strong>nere</strong></span> <span class='ocrx_word' id='word_1_486' title='bbox 1087 1220 1176 1253; x_wconf 75' lang='lat' dir='ltr'><strong>Judw,</strong></span> <span class='ocrx_word' id='word_1_487' title='bbox 1199 1221 1292 1253; x_wconf 86' lang='lat' dir='ltr'><strong>istum,</strong></span> <span class='ocrx_word' id='word_1_488' title='bbox 1320 1219 1449 1252; x_wconf 80' lang='lat' dir='ltr'><strong>videlicet,</strong></span> <span class='ocrx_word' id='word_1_489' title='bbox 1478 1218 1523 1254; x_wconf 84' lang='lat' dir='ltr'><strong>qui</strong></span> <span class='ocrx_word' id='word_1_490' title='bbox 1542 1223 1580 1245; x_wconf 89' lang='lat' dir='ltr'><strong>est</strong></span> <span class='ocrx_word' id='word_1_491' title='bbox 1596 1218 1681 1253; x_wconf 85' lang='lat' dir='ltr'><strong>gentis</strong></span> <span class='ocrx_word' id='word_1_492' title='bbox 1705 1226 1796 1244; x_wconf 86' lang='lat' dir='ltr'><strong>eorum</strong></span> 
     </span>
    </p>
   </div>
   <div class='ocr_carea' id='block_1_70' title="bbox 1007 1264 1799 1303">
    <p class='ocr_par' dir='ltr' id='par_1_70' title="bbox 1007 1264 1799 1303">
     <span class='ocr_line' id='line_1_70' title="bbox 1007 1264 1799 1303; baseline -0.008 -7"><span class='ocrx_word' id='word_1_493' title='bbox 1007 1269 1138 1303; x_wconf 78' lang='lat' dir='ltr'><strong>princeps,</strong></span> <span class='ocrx_word' id='word_1_494' title='bbox 1153 1275 1229 1303; x_wconf 84' lang='lat' dir='ltr'><strong>quem</strong></span> <span class='ocrx_word' id='word_1_495' title='bbox 1245 1267 1382 1293; x_wconf 84' lang='lat' dir='ltr'><strong>nominant</strong></span> <span class='ocrx_word' id='word_1_496' title='bbox 1407 1265 1598 1300; x_wconf 83' lang='lat' dir='ltr'><strong>patriarcham.</strong></span> <span class='ocrx_word' id='word_1_497' title='bbox 1612 1264 1749 1299; x_wconf 84' lang='lat' dir='ltr'><strong>Loquitur</strong></span> <span class='ocrx_word' id='word_1_498' title='bbox 1763 1264 1799 1291; x_wconf 82' lang='lat' dir='ltr'><strong>de</strong></span> 
     </span>
    </p>
   </div>
   <div class='ocr_carea' id='block_1_71' title="bbox 1007 1311 1796 1350">
    <p class='ocr_par' dir='ltr' id='par_1_71' title="bbox 1007 1311 1796 1350">
     <span class='ocr_line' id='line_1_71' title="bbox 1007 1311 1796 1350; baseline -0.006 -8"><span class='ocrx_word' id='word_1_499' title='bbox 1007 1323 1038 1342; x_wconf 91' lang='lat' dir='ltr'><strong>re</strong></span> <span class='ocrx_word' id='word_1_500' title='bbox 1053 1315 1116 1350; x_wconf 88' lang='lat' dir='ltr'><strong>ipsi,</strong></span> <span class='ocrx_word' id='word_1_501' title='bbox 1129 1321 1191 1341; x_wconf 90' lang='lat' dir='ltr'><strong>cum</strong></span> <span class='ocrx_word' id='word_1_502' title='bbox 1211 1312 1414 1340; x_wconf 83' lang='lat' dir='ltr'><strong>Alexandrinus</strong></span> <span class='ocrx_word' id='word_1_503' title='bbox 1434 1316 1518 1344; x_wconf 84' lang='lat' dir='ltr'><strong>esset,</strong></span> <span class='ocrx_word' id='word_1_504' title='bbox 1532 1319 1586 1338; x_wconf 89' lang='lat' dir='ltr'><strong>nou</strong></span> <span class='ocrx_word' id='word_1_505' title='bbox 1605 1311 1796 1345; x_wconf 78' lang='lat' dir='ltr'><strong>incomperta;</strong></span> 
     </span>
    </p>
   </div>
   <div class='ocr_carea' id='block_1_72' title="bbox 1008 1356 1795 1395">
    <p class='ocr_par' dir='ltr' id='par_1_72' title="bbox 1008 1356 1795 1395">
     <span class='ocr_line' id='line_1_72' title="bbox 1008 1356 1795 1395; baseline -0.008 -7"><span class='ocrx_word' id='word_1_506' title='bbox 1008 1365 1036 1388; x_wconf 90' lang='lat' dir='ltr'><strong>et</strong></span> <span class='ocrx_word' id='word_1_507' title='bbox 1048 1359 1234 1395; x_wconf 75' lang='lat' dir='ltr'><strong>patriarcham</strong></span> <span class='ocrx_word' id='word_1_508' title='bbox 1258 1365 1313 1385; x_wconf 93' lang='lat' dir='ltr'><strong>non</strong></span> <span class='ocrx_word' id='word_1_509' title='bbox 1330 1358 1396 1385; x_wconf 89' lang='lat' dir='ltr'><strong>huic</strong></span> <span class='ocrx_word' id='word_1_510' title='bbox 1411 1361 1459 1385; x_wconf 90' lang='lat' dir='ltr'><strong>aut</strong></span> <span class='ocrx_word' id='word_1_511' title='bbox 1474 1357 1513 1384; x_wconf 87' lang='lat' dir='ltr'><strong>illi</strong></span> <span class='ocrx_word' id='word_1_512' title='bbox 1532 1356 1638 1392; x_wconf 80' lang='lat' dir='ltr'><strong>regioni</strong></span> <span class='ocrx_word' id='word_1_513' title='bbox 1660 1356 1795 1390; x_wconf 65' lang='grc' dir='ltr'><strong>ιιι-τεροδί-</strong></span> 
     </span>
    </p>
   </div>
   <div class='ocr_carea' id='block_1_73' title="bbox 1008 1400 1796 1439">
    <p class='ocr_par' dir='ltr' id='par_1_73' title="bbox 1008 1400 1796 1439">
     <span class='ocr_line' id='line_1_73' title="bbox 1008 1400 1796 1439; baseline -0.005 -7"><span class='ocrx_word' id='word_1_514' title='bbox 1008 1409 1078 1437; x_wconf 90' lang='lat' dir='ltr'><strong>tum,</strong></span> <span class='ocrx_word' id='word_1_515' title='bbox 1094 1404 1140 1432; x_wconf 91' lang='lat' dir='ltr'><strong>sed</strong></span> <span class='ocrx_word' id='word_1_516' title='bbox 1157 1404 1240 1431; x_wconf 90' lang='lat' dir='ltr'><strong>totius</strong></span> <span class='ocrx_word' id='word_1_517' title='bbox 1254 1403 1342 1439; x_wconf 87' lang='lat' dir='ltr'><strong>gentis</strong></span> <span class='ocrx_word' id='word_1_518' title='bbox 1353 1401 1506 1437; x_wconf 88' lang='lat' dir='ltr'><strong>principem</strong></span> <span class='ocrx_word' id='word_1_519' title='bbox 1521 1401 1662 1429; x_wconf 83' lang='lat' dir='ltr'><strong>describit.</strong></span> <span class='ocrx_word' id='word_1_520' title='bbox 1679 1400 1731 1429; x_wconf 81' lang='lat' dir='ltr'><strong>liic</strong></span> <span class='ocrx_word' id='word_1_521' title='bbox 1744 1401 1796 1435; x_wconf 69' lang='lat' dir='ltr'><strong>igi-</strong></span> 
     </span>
    </p>
   </div>
   <div class='ocr_carea' id='block_1_74' title="bbox 1008 1446 1797 1484">
    <p class='ocr_par' dir='ltr' id='par_1_74' title="bbox 1008 1446 1797 1484">
     <span class='ocr_line' id='line_1_74' title="bbox 1008 1446 1797 1484; baseline -0.005 -6"><span class='ocrx_word' id='word_1_522' title='bbox 1008 1455 1054 1478; x_wconf 83' lang='lat' dir='ltr'><strong>tur</strong></span> <span class='ocrx_word' id='word_1_523' title='bbox 1076 1450 1098 1478; x_wconf 90' lang='lat' dir='ltr'><strong>si</strong></span> <span class='ocrx_word' id='word_1_524' title='bbox 1123 1449 1192 1478; x_wconf 86' lang='lat' dir='ltr'><strong>forte</strong></span> <span class='ocrx_word' id='word_1_525' title='bbox 1216 1449 1364 1484; x_wconf 65' lang='lat' dir='ltr'><strong>Egyptum</strong></span> <span class='ocrx_word' id='word_1_526' title='bbox 1397 1447 1512 1480; x_wconf 83' lang='lat' dir='ltr'><strong>veniret,</strong></span> <span class='ocrx_word' id='word_1_527' title='bbox 1539 1452 1566 1475; x_wconf 93' lang='lat' dir='ltr'><strong>et</strong></span> <span class='ocrx_word' id='word_1_528' title='bbox 1589 1446 1749 1482; x_wconf 89' lang='lat' dir='ltr'><strong>Serapidem</strong></span> <span class='ocrx_word' id='word_1_529' title='bbox 1768 1452 1797 1474; x_wconf 84' lang='lat' dir='ltr'><strong>et</strong></span> 
     </span>
    </p>
   </div>
   <div class='ocr_carea' id='block_1_75' title="bbox 1008 1493 1796 1531">
    <p class='ocr_par' dir='ltr' id='par_1_75' title="bbox 1008 1493 1796 1531">
     <span class='ocr_line' id='line_1_75' title="bbox 1008 1493 1796 1531; baseline -0.004 -8"><span class='ocrx_word' id='word_1_530' title='bbox 1008 1495 1147 1523; x_wconf 84' lang='lat' dir='ltr'><strong>Christum</strong></span> <span class='ocrx_word' id='word_1_531' title='bbox 1163 1496 1253 1523; x_wconf 85' lang='lat' dir='ltr'><strong>colere</strong></span> <span class='ocrx_word' id='word_1_532' title='bbox 1261 1496 1418 1531; x_wconf 80' lang='lat' dir='ltr'><strong>cogebatur.</strong></span> <span class='ocrx_word' id='word_1_533' title='bbox 1430 1494 1588 1522; x_wconf 81' lang='lat' dir='ltr'><strong>Patriarcha</strong></span> <span class='ocrx_word' id='word_1_534' title='bbox 1602 1493 1686 1528; x_wconf 82' lang='lat' dir='ltr'><strong>igitur</strong></span> <span class='ocrx_word' id='word_1_535' title='bbox 1701 1493 1796 1520; x_wconf 74' lang='lat' dir='ltr'><strong>Adria-</strong></span> 
     </span>
    </p>
   </div>
   <div class='ocr_carea' id='block_1_76' title="bbox 1009 1538 1797 1576">
    <p class='ocr_par' dir='ltr' id='par_1_76' title="bbox 1009 1538 1797 1576">
     <span class='ocr_line' id='line_1_76' title="bbox 1009 1538 1797 1576; baseline -0.004 -9"><span class='ocrx_word' id='word_1_536' title='bbox 1009 1540 1037 1567; x_wconf 92' lang='lat' dir='ltr'><strong>ui</strong></span> <span class='ocrx_word' id='word_1_537' title='bbox 1049 1548 1111 1568; x_wconf 92' lang='lat' dir='ltr'><strong>cum</strong></span> <span class='ocrx_word' id='word_1_538' title='bbox 1128 1540 1350 1576; x_wconf 79' lang='lat' dir='ltr'><strong>arcliisynagogis</strong></span> <span class='ocrx_word' id='word_1_539' title='bbox 1364 1540 1520 1568; x_wconf 67' lang='lat' dir='ltr'><strong>Iudaeorum</strong></span> <span class='ocrx_word' id='word_1_540' title='bbox 1543 1539 1639 1574; x_wconf 87' lang='lat' dir='ltr'><strong>procul</strong></span> <span class='ocrx_word' id='word_1_541' title='bbox 1649 1538 1735 1565; x_wconf 87' lang='lat' dir='ltr'><strong>dubio</strong></span> <span class='ocrx_word' id='word_1_542' title='bbox 1746 1545 1797 1565; x_wconf 83' lang='lat' dir='ltr'><strong>nu-</strong></span> 
     </span>
    </p>
   </div>
   <div class='ocr_carea' id='block_1_77' title="bbox 1010 1582 1798 1619">
    <p class='ocr_par' dir='ltr' id='par_1_77' title="bbox 1010 1582 1798 1619">
     <span class='ocr_line' id='line_1_77' title="bbox 1010 1582 1798 1619; baseline -0.004 -7"><span class='ocrx_word' id='word_1_543' title='bbox 1010 1585 1158 1612; x_wconf 87' lang='lat' dir='ltr'><strong>meraudus</strong></span> <span class='ocrx_word' id='word_1_544' title='bbox 1172 1589 1223 1612; x_wconf 89' lang='lat' dir='ltr'><strong>est.</strong></span> <span class='ocrx_word' id='word_1_545' title='bbox 1239 1584 1340 1612; x_wconf 83' lang='lat' dir='ltr'><strong>Christi</strong></span> <span class='ocrx_word' id='word_1_546' title='bbox 1362 1589 1453 1612; x_wconf 86' lang='lat' dir='ltr'><strong>autem</strong></span> <span class='ocrx_word' id='word_1_547' title='bbox 1469 1583 1599 1619; x_wconf 86' lang='lat' dir='ltr'><strong>episcopi,</strong></span> <span class='ocrx_word' id='word_1_548' title='bbox 1621 1586 1649 1610; x_wconf 89' lang='lat' dir='ltr'><strong>et</strong></span> <span class='ocrx_word' id='word_1_549' title='bbox 1664 1582 1798 1610; x_wconf 76' lang='lat' dir='ltr'><strong>Christia-</strong></span> 
     </span>
    </p>
   </div>
   <div class='ocr_carea' id='block_1_78' title="bbox 1010 1628 1798 1667">
    <p class='ocr_par' dir='ltr' id='par_1_78' title="bbox 1010 1628 1798 1667">
     <span class='ocr_line' id='line_1_78' title="bbox 1010 1628 1798 1667; baseline -0.004 -9"><span class='ocrx_word' id='word_1_550' title='bbox 1010 1639 1109 1658; x_wconf 82' lang='lat' dir='ltr'><strong>norunt</strong></span> <span class='ocrx_word' id='word_1_551' title='bbox 1128 1631 1280 1667; x_wconf 79' lang='lat' dir='ltr'><strong>presbyteri</strong></span> <span class='ocrx_word' id='word_1_552' title='bbox 1296 1631 1329 1658; x_wconf 93' lang='lat' dir='ltr'><strong>ad</strong></span> <span class='ocrx_word' id='word_1_553' title='bbox 1341 1630 1492 1658; x_wconf 84' lang='lat' dir='ltr'><strong>Ecclesiam</strong></span> <span class='ocrx_word' id='word_1_554' title='bbox 1507 1629 1699 1665; x_wconf 66' lang='lat' dir='ltr'><strong>Egyptiacam</strong></span> <span class='ocrx_word' id='word_1_555' title='bbox 1714 1628 1798 1664; x_wconf 82' lang='lat' dir='ltr'><strong>perti-</strong></span> 
     </span>
    </p>
   </div>
   <div class='ocr_carea' id='block_1_79' title="bbox 1009 1674 1795 1710">
    <p class='ocr_par' dir='ltr' id='par_1_79' title="bbox 1009 1674 1795 1710">
     <span class='ocr_line' id='line_1_79' title="bbox 1009 1674 1795 1710; baseline -0.004 -7"><span class='ocrx_word' id='word_1_556' title='bbox 1009 1676 1120 1703; x_wconf 87' lang='lat' dir='ltr'><strong>nebant.</strong></span> <span class='ocrx_word' id='word_1_557' title='bbox 1136 1675 1170 1702; x_wconf 84' lang='lat' dir='ltr'><strong>Et</strong></span> <span class='ocrx_word' id='word_1_558' title='bbox 1183 1680 1255 1703; x_wconf 91' lang='lat' dir='ltr'><strong>recte</strong></span> <span class='ocrx_word' id='word_1_559' title='bbox 1271 1677 1342 1703; x_wconf 86' lang='lat' dir='ltr'><strong>inter</strong></span> <span class='ocrx_word' id='word_1_560' title='bbox 1355 1683 1467 1710; x_wconf 86' lang='lat' dir='ltr'><strong>sparsos</strong></span> <span class='ocrx_word' id='word_1_561' title='bbox 1485 1675 1518 1702; x_wconf 90' lang='lat' dir='ltr'><strong>ad</strong></span> <span class='ocrx_word' id='word_1_562' title='bbox 1530 1675 1576 1709; x_wconf 82' lang='lat' dir='ltr'><strong>jus</strong></span> <span class='ocrx_word' id='word_1_563' title='bbox 1590 1674 1795 1701; x_wconf 81' lang='lat' dir='ltr'><strong>Justinianeum</strong></span> 
     </span>
    </p>
   </div>
   <div class='ocr_carea' id='block_1_80' title="bbox 1009 1719 1797 1757">
    <p class='ocr_par' dir='ltr' id='par_1_80' title="bbox 1009 1719 1797 1757">
     <span class='ocr_line' id='line_1_80' title="bbox 1009 1719 1797 1757; baseline -0.004 -8"><span class='ocrx_word' id='word_1_564' title='bbox 1009 1721 1090 1750; x_wconf 80' lang='lat' dir='ltr'><strong>ﬂores</strong></span> <span class='ocrx_word' id='word_1_565' title='bbox 1113 1722 1238 1749; x_wconf 81' lang='lat' dir='ltr'><strong>observat</strong></span> <span class='ocrx_word' id='word_1_566' title='bbox 1258 1721 1335 1757; x_wconf 76' lang='grc' dir='ltr'><strong>Ηυεο</strong></span> <span class='ocrx_word' id='word_1_567' title='bbox 1351 1721 1482 1750; x_wconf 87' lang='lat' dir='ltr'><strong>Grotius:</strong></span> <span class='ocrx_word' id='word_1_568' title='bbox 1502 1721 1645 1756; x_wconf 79' lang='lat' dir='ltr'><strong>Episcopos</strong></span> <span class='ocrx_word' id='word_1_569' title='bbox 1665 1719 1797 1747; x_wconf 76' lang='lat' dir='ltr'><strong>Christia-</strong></span> 
     </span>
    </p>
   </div>
   <div class='ocr_carea' id='block_1_81' title="bbox 1009 1766 1795 1803">
    <p class='ocr_par' dir='ltr' id='par_1_81' title="bbox 1009 1766 1795 1803">
     <span class='ocr_line' id='line_1_81' title="bbox 1009 1766 1795 1803; baseline -0.005 -8"><span class='ocrx_word' id='word_1_570' title='bbox 1009 1776 1056 1795; x_wconf 66' lang='grc' dir='ltr'><strong>ποι</strong></span> <span class='ocrx_word' id='word_1_571' title='bbox 1072 1777 1088 1795; x_wconf 89' lang='lat' dir='ltr'><strong><em>a</em></strong></span> <span class='ocrx_word' id='word_1_572' title='bbox 1101 1768 1258 1802; x_wconf 75' lang='lat' dir='ltr'><strong>presbyteris</strong></span> <span class='ocrx_word' id='word_1_573' title='bbox 1279 1768 1420 1803; x_wconf 88' lang='lat' dir='ltr'><strong>distinguit</strong></span> <span class='ocrx_word' id='word_1_574' title='bbox 1441 1768 1576 1794; x_wconf 77' lang='lat' dir='ltr'><strong>Adrianus</strong></span> <span class='ocrx_word' id='word_1_575' title='bbox 1601 1767 1759 1801; x_wconf 86' lang='lat' dir='ltr'><strong>imperator,</strong></span> <span class='ocrx_word' id='word_1_576' title='bbox 1769 1766 1795 1791; x_wconf 84' lang='lat' dir='ltr'><strong>in</strong></span> 
     </span>
    </p>
   </div>
   <div class='ocr_carea' id='block_1_82' title="bbox 1008 1811 1794 1849">
    <p class='ocr_par' dir='ltr' id='par_1_82' title="bbox 1008 1811 1794 1849">
     <span class='ocr_line' id='line_1_82' title="bbox 1008 1811 1794 1849; baseline -0.005 -8"><span class='ocrx_word' id='word_1_577' title='bbox 1008 1813 1120 1849; x_wconf 83' lang='lat' dir='ltr'><strong>epistola</strong></span> <span class='ocrx_word' id='word_1_578' title='bbox 1141 1822 1200 1849; x_wconf 78' lang='lat' dir='ltr'><strong>qua:</strong></span> <span class='ocrx_word' id='word_1_579' title='bbox 1223 1818 1261 1841; x_wconf 79' lang='lat' dir='ltr'><strong>est</strong></span> <span class='ocrx_word' id='word_1_580' title='bbox 1291 1813 1360 1849; x_wconf 88' lang='lat' dir='ltr'><strong>apud</strong></span> <span class='ocrx_word' id='word_1_581' title='bbox 1393 1813 1531 1848; x_wconf 77' lang='lat' dir='ltr'><strong>Vopiscum</strong></span> <span class='ocrx_word' id='word_1_582' title='bbox 1564 1811 1722 1840; x_wconf 84' lang='lat' dir='ltr'><strong>Saturnino.</strong></span> <span class='ocrx_word' id='word_1_583' title='bbox 1754 1811 1794 1838; x_wconf 86' lang='lat' dir='ltr'><strong>Au</strong></span> 
     </span>
    </p>
   </div>
   <div class='ocr_carea' id='block_1_83' title="bbox 1009 1857 1793 1895">
    <p class='ocr_par' dir='ltr' id='par_1_83' title="bbox 1009 1857 1793 1895">
     <span class='ocr_line' id='line_1_83' title="bbox 1009 1857 1793 1895; baseline -0.005 -7"><span class='ocrx_word' id='word_1_584' title='bbox 1009 1861 1082 1888; x_wconf 91' lang='lat' dir='ltr'><strong>enim</strong></span> <span class='ocrx_word' id='word_1_585' title='bbox 1098 1861 1131 1888; x_wconf 94' lang='lat' dir='ltr'><strong>de</strong></span> <span class='ocrx_word' id='word_1_586' title='bbox 1147 1860 1201 1888; x_wconf 89' lang='lat' dir='ltr'><strong>illis</strong></span> <span class='ocrx_word' id='word_1_587' title='bbox 1221 1860 1258 1888; x_wconf 91' lang='lat' dir='ltr'><strong>ita</strong></span> <span class='ocrx_word' id='word_1_588' title='bbox 1272 1860 1431 1895; x_wconf 89' lang='lat' dir='ltr'><strong>loqueretur</strong></span> <span class='ocrx_word' id='word_1_589' title='bbox 1445 1859 1592 1892; x_wconf 84' lang='lat' dir='ltr'><strong>Adrianus,</strong></span> <span class='ocrx_word' id='word_1_590' title='bbox 1606 1858 1628 1886; x_wconf 84' lang='lat' dir='ltr'><strong>si</strong></span> <span class='ocrx_word' id='word_1_591' title='bbox 1644 1857 1793 1894; x_wconf 84' lang='lat' dir='ltr'><strong>presbyteri</strong></span> 
     </span>
    </p>
   </div>
   <div class='ocr_carea' id='block_1_84' title="bbox 1010 1901 1793 1943">
    <p class='ocr_par' dir='ltr' id='par_1_84' title="bbox 1010 1901 1793 1943">
     <span class='ocr_line' id='line_1_84' title="bbox 1010 1901 1793 1943; baseline -0.005 -9"><span class='ocrx_word' id='word_1_592' title='bbox 1010 1907 1059 1935; x_wconf 85' lang='lat' dir='ltr'><strong>soli</strong></span> <span class='ocrx_word' id='word_1_593' title='bbox 1087 1907 1115 1934; x_wconf 91' lang='lat' dir='ltr'><strong>in</strong></span> <span class='ocrx_word' id='word_1_594' title='bbox 1134 1906 1252 1943; x_wconf 68' lang='lat' dir='ltr'><strong>Egypto</strong></span> <span class='ocrx_word' id='word_1_595' title='bbox 1278 1911 1343 1934; x_wconf 90' lang='lat' dir='ltr'><strong>tunc</strong></span> <span class='ocrx_word' id='word_1_596' title='bbox 1372 1906 1504 1941; x_wconf 86' lang='lat' dir='ltr'><strong>temporis</strong></span> <span class='ocrx_word' id='word_1_597' title='bbox 1521 1905 1648 1938; x_wconf 84' lang='lat' dir='ltr'><strong>fuissent,</strong></span> <span class='ocrx_word' id='word_1_598' title='bbox 1675 1901 1793 1939; x_wconf 81' lang='lat' dir='ltr'><strong>episcopi</strong></span> 
     </span>
    </p>
   </div>
   <div class='ocr_carea' id='block_1_85' title="bbox 1010 1950 1792 1989">
    <p class='ocr_par' dir='ltr' id='par_1_85' title="bbox 1010 1950 1792 1989">
     <span class='ocr_line' id='line_1_85' title="bbox 1010 1950 1792 1989; baseline -0.008 -7"><span class='ocrx_word' id='word_1_599' title='bbox 1010 1954 1077 1982; x_wconf 89' lang='lat' dir='ltr'><strong>nulli</strong></span> <span class='ocrx_word' id='word_1_600' title='bbox 1085 1955 1097 1981; x_wconf 87' lang='lat'><strong>?</strong></span> <span class='ocrx_word' id='word_1_601' title='bbox 1105 1954 1202 1981; x_wconf 80' lang='lat' dir='ltr'><strong>Mirum</strong></span> <span class='ocrx_word' id='word_1_602' title='bbox 1216 1953 1418 1989; x_wconf 79' lang='lat' dir='ltr'><strong>subterfugium</strong></span> <span class='ocrx_word' id='word_1_603' title='bbox 1429 1958 1533 1988; x_wconf 88' lang='lat' dir='ltr'><strong>estquo</strong></span> <span class='ocrx_word' id='word_1_604' title='bbox 1544 1952 1630 1980; x_wconf 91' lang='lat' dir='ltr'><strong>utitur</strong></span> <span class='ocrx_word' id='word_1_605' title='bbox 1643 1950 1792 1978; x_wconf 86' lang='lat' dir='ltr'><strong>Seldeuus:</strong></span> 
     </span>
    </p>
   </div>
   <div class='ocr_carea' id='block_1_86' title="bbox 1011 1996 1794 2034">
    <p class='ocr_par' dir='ltr' id='par_1_86' title="bbox 1011 1996 1794 2034">
     <span class='ocr_line' id='line_1_86' title="bbox 1011 1996 1794 2034; baseline -0.008 -7"><span class='ocrx_word' id='word_1_606' title='bbox 1011 1999 1072 2027; x_wconf 84' lang='lat' dir='ltr'><strong>Non</strong></span> <span class='ocrx_word' id='word_1_607' title='bbox 1085 2004 1139 2026; x_wconf 90' lang='lat' dir='ltr'><strong>tam</strong></span> <span class='ocrx_word' id='word_1_608' title='bbox 1152 1999 1184 2026; x_wconf 86' lang='lat' dir='ltr'><strong>de</strong></span> <span class='ocrx_word' id='word_1_609' title='bbox 1198 1999 1338 2034; x_wconf 81' lang='lat' dir='ltr'><strong>episcopis,</strong></span> <span class='ocrx_word' id='word_1_610' title='bbox 1356 2006 1436 2034; x_wconf 89' lang='lat' dir='ltr'><strong>quam</strong></span> <span class='ocrx_word' id='word_1_611' title='bbox 1457 1998 1489 2025; x_wconf 84' lang='lat' dir='ltr'><strong>de</strong></span> <span class='ocrx_word' id='word_1_612' title='bbox 1508 1998 1545 2025; x_wconf 83' lang='lat' dir='ltr'><strong>eis</strong></span> <span class='ocrx_word' id='word_1_613' title='bbox 1562 1997 1607 2032; x_wconf 85' lang='lat' dir='ltr'><strong>qui</strong></span> <span class='ocrx_word' id='word_1_614' title='bbox 1620 2004 1648 2023; x_wconf 85' lang='lat' dir='ltr'><strong>se</strong></span> <span class='ocrx_word' id='word_1_615' title='bbox 1661 1996 1794 2030; x_wconf 73' lang='lat' dir='ltr'><strong>episcopos</strong></span> 
     </span>
    </p>
   </div>
   <div class='ocr_carea' id='block_1_87' title="bbox 1009 2041 1796 2080">
    <p class='ocr_par' dir='ltr' id='par_1_87' title="bbox 1009 2041 1796 2080">
     <span class='ocr_line' id='line_1_87' title="bbox 1009 2041 1796 2080; baseline -0.005 -9"><span class='ocrx_word' id='word_1_616' title='bbox 1009 2045 1047 2071; x_wconf 83' lang='lat' dir='ltr'><strong>ibi</strong></span> <span class='ocrx_word' id='word_1_617' title='bbox 1061 2045 1161 2078; x_wconf 70' lang='lat' dir='ltr'><strong>dixere,</strong></span> <span class='ocrx_word' id='word_1_618' title='bbox 1178 2045 1296 2080; x_wconf 84' lang='lat' dir='ltr'><strong>loquitur</strong></span> <span class='ocrx_word' id='word_1_619' title='bbox 1320 2043 1475 2076; x_wconf 78' lang='lat' dir='ltr'><strong>Adrianus;</strong></span> <span class='ocrx_word' id='word_1_620' title='bbox 1490 2043 1569 2079; x_wconf 87' lang='lat' dir='ltr'><strong>quasi</strong></span> <span class='ocrx_word' id='word_1_621' title='bbox 1581 2042 1628 2077; x_wconf 88' lang='lat' dir='ltr'><strong>qui</strong></span> <span class='ocrx_word' id='word_1_622' title='bbox 1644 2049 1674 2069; x_wconf 90' lang='lat' dir='ltr'><strong>se</strong></span> <span class='ocrx_word' id='word_1_623' title='bbox 1690 2041 1796 2076; x_wconf 83' lang='lat' dir='ltr'><strong>episco-</strong></span> 
     </span>
    </p>
   </div>
   <div class='ocr_carea' id='block_1_88' title="bbox 1009 2088 1795 2126">
    <p class='ocr_par' dir='ltr' id='par_1_88' title="bbox 1009 2088 1795 2126">
     <span class='ocr_line' id='line_1_88' title="bbox 1009 2088 1795 2126; baseline -0.001 -8"><span class='ocrx_word' id='word_1_624' title='bbox 1009 2098 1059 2126; x_wconf 83' lang='lat' dir='ltr'><strong>pos</strong></span> <span class='ocrx_word' id='word_1_625' title='bbox 1073 2091 1177 2124; x_wconf 85' lang='lat' dir='ltr'><strong>dixere,</strong></span> <span class='ocrx_word' id='word_1_626' title='bbox 1191 2090 1312 2126; x_wconf 86' lang='lat' dir='ltr'><strong>episcopi</strong></span> <span class='ocrx_word' id='word_1_627' title='bbox 1332 2098 1387 2118; x_wconf 93' lang='lat' dir='ltr'><strong>non</strong></span> <span class='ocrx_word' id='word_1_628' title='bbox 1411 2094 1513 2118; x_wconf 90' lang='lat' dir='ltr'><strong>essent.</strong></span> <span class='ocrx_word' id='word_1_629' title='bbox 1539 2088 1597 2116; x_wconf 78' lang='lat' dir='ltr'><strong>Non</strong></span> <span class='ocrx_word' id='word_1_630' title='bbox 1611 2095 1660 2116; x_wconf 87' lang='lat' dir='ltr'><strong>eos</strong></span> <span class='ocrx_word' id='word_1_631' title='bbox 1674 2092 1795 2117; x_wconf 69' lang='lat' dir='ltr'><strong>accusat.</strong></span> 
     </span>
    </p>
   </div>
   <div class='ocr_carea' id='block_1_89' title="bbox 1010 2134 1795 2172">
    <p class='ocr_par' dir='ltr' id='par_1_89' title="bbox 1010 2134 1795 2172">
     <span class='ocr_line' id='line_1_89' title="bbox 1010 2134 1795 2172; baseline -0.005 -8"><span class='ocrx_word' id='word_1_632' title='bbox 1010 2137 1083 2172; x_wconf 90' lang='lat' dir='ltr'><strong>quod</strong></span> <span class='ocrx_word' id='word_1_633' title='bbox 1098 2144 1197 2164; x_wconf 90' lang='lat' dir='ltr'><strong>nomen</strong></span> <span class='ocrx_word' id='word_1_634' title='bbox 1214 2136 1387 2170; x_wconf 87' lang='lat' dir='ltr'><strong>simularent,</strong></span> <span class='ocrx_word' id='word_1_635' title='bbox 1401 2140 1450 2164; x_wconf 88' lang='lat' dir='ltr'><strong>aut</strong></span> <span class='ocrx_word' id='word_1_636' title='bbox 1464 2136 1556 2164; x_wconf 81' lang='lat' dir='ltr'><strong>fictum</strong></span> <span class='ocrx_word' id='word_1_637' title='bbox 1573 2134 1625 2162; x_wconf 88' lang='lat' dir='ltr'><strong>sibi</strong></span> <span class='ocrx_word' id='word_1_638' title='bbox 1637 2138 1795 2164; x_wconf 78' lang='lat' dir='ltr'><strong>sumerent;</strong></span> 
     </span>
    </p>
   </div>
   <div class='ocr_carea' id='block_1_90' title="bbox 1010 2179 1797 2219">
    <p class='ocr_par' dir='ltr' id='par_1_90' title="bbox 1010 2179 1797 2219">
     <span class='ocr_line' id='line_1_90' title="bbox 1010 2179 1797 2219; baseline -0.008 -8"><span class='ocrx_word' id='word_1_639' title='bbox 1010 2183 1058 2211; x_wconf 90' lang='lat' dir='ltr'><strong>sed</strong></span> <span class='ocrx_word' id='word_1_640' title='bbox 1074 2183 1148 2218; x_wconf 92' lang='lat' dir='ltr'><strong>quod</strong></span> <span class='ocrx_word' id='word_1_641' title='bbox 1160 2183 1319 2219; x_wconf 85' lang='lat' dir='ltr'><strong>religionem</strong></span> <span class='ocrx_word' id='word_1_642' title='bbox 1334 2182 1490 2218; x_wconf 87' lang='lat' dir='ltr'><strong>proderent,</strong></span> <span class='ocrx_word' id='word_1_643' title='bbox 1503 2181 1576 2217; x_wconf 89' lang='lat' dir='ltr'><strong>quod</strong></span> <span class='ocrx_word' id='word_1_644' title='bbox 1596 2180 1713 2214; x_wconf 87' lang='lat' dir='ltr'><strong>Serapin</strong></span> <span class='ocrx_word' id='word_1_645' title='bbox 1726 2179 1797 2207; x_wconf 89' lang='lat' dir='ltr'><strong>cole-</strong></span> 
     </span>
    </p>
   </div>
   <div class='ocr_carea' id='block_1_91' title="bbox 175 2222 912 2263">
    <p class='ocr_par' dir='ltr' id='par_1_91' title="bbox 175 2222 912 2259">
     <span class='ocr_line' id='line_1_91' title="bbox 175 2222 912 2259; baseline 0 -9"><span class='ocrx_word' id='word_1_646' title='bbox 175 2224 257 2251; x_wconf 80' lang='lat' dir='ltr'><strong>clesia</strong></span> <span class='ocrx_word' id='word_1_647' title='bbox 278 2222 444 2255; x_wconf 84' lang='lat' dir='ltr'><strong>Christiana,</strong></span> <span class='ocrx_word' id='word_1_648' title='bbox 461 2230 540 2257; x_wconf 77' lang='lat' dir='ltr'><strong>quam</strong></span> <span class='ocrx_word' id='word_1_649' title='bbox 563 2223 671 2258; x_wconf 82' lang='lat' dir='ltr'><strong>quidam</strong></span> <span class='ocrx_word' id='word_1_650' title='bbox 691 2223 772 2250; x_wconf 77' lang='lat' dir='ltr'><strong>videri</strong></span> <span class='ocrx_word' id='word_1_651' title='bbox 786 2223 886 2256; x_wconf 79' lang='lat' dir='ltr'><strong>volunt,</strong></span> <span class='ocrx_word' id='word_1_652' title='bbox 901 2232 912 2259; x_wconf 80' lang='lat' dir='ltr'><strong>q</strong></span> 
     </span>
    </p>
   </div>
   <div class='ocr_carea' id='block_1_92' title="bbox 1059 2222 1796 2263">
    <p class='ocr_par' dir='ltr' id='par_1_92' title="bbox 1062 2224 1796 2263">
     <span class='ocr_line' id='line_1_92' title="bbox 1062 2224 1796 2263; baseline -0.005 -8"><span class='ocrx_word' id='word_1_653' title='bbox 1062 2233 1082 2261; x_wconf 92' lang='lat' dir='ltr'><strong>t,</strong></span> <span class='ocrx_word' id='word_1_654' title='bbox 1096 2228 1143 2263; x_wconf 93' lang='lat' dir='ltr'><strong>qui</strong></span> <span class='ocrx_word' id='word_1_655' title='bbox 1167 2235 1197 2256; x_wconf 88' lang='lat' dir='ltr'><strong>se</strong></span> <span class='ocrx_word' id='word_1_656' title='bbox 1218 2235 1272 2255; x_wconf 91' lang='lat' dir='ltr'><strong>non</strong></span> <span class='ocrx_word' id='word_1_657' title='bbox 1287 2227 1448 2263; x_wconf 87' lang='lat' dir='ltr'><strong>simpliciter</strong></span> <span class='ocrx_word' id='word_1_658' title='bbox 1462 2228 1615 2263; x_wconf 81' lang='lat' dir='ltr'><strong>episcopos.</strong></span> <span class='ocrx_word' id='word_1_659' title='bbox 1629 2225 1679 2252; x_wconf 90' lang='lat' dir='ltr'><strong>sed</strong></span> <span class='ocrx_word' id='word_1_660' title='bbox 1692 2224 1796 2252; x_wconf 87' lang='lat' dir='ltr'><strong>Christi</strong></span> 
     </span>
    </p>
   </div>
   <div class='ocr_carea' id='block_1_93' title="bbox 176 2267 959 2304">
    <p class='ocr_par' dir='ltr' id='par_1_93' title="bbox 176 2267 959 2304">
     <span class='ocr_line' id='line_1_93' title="bbox 176 2267 959 2304; baseline 0 -8"><span class='ocrx_word' id='word_1_661' title='bbox 176 2270 223 2296; x_wconf 84' lang='lat' dir='ltr'><strong>bus</strong></span> <span class='ocrx_word' id='word_1_662' title='bbox 236 2269 320 2303; x_wconf 86' lang='lat' dir='ltr'><strong>placet</strong></span> <span class='ocrx_word' id='word_1_663' title='bbox 333 2276 379 2296; x_wconf 85' lang='lat' dir='ltr'><strong>nec</strong></span> <span class='ocrx_word' id='word_1_664' title='bbox 393 2267 589 2303; x_wconf 80' lang='lat' dir='ltr'><strong>Nicamiprimi</strong></span> <span class='ocrx_word' id='word_1_665' title='bbox 605 2268 710 2295; x_wconf 84' lang='lat' dir='ltr'><strong>concilii</strong></span> <span class='ocrx_word' id='word_1_666' title='bbox 722 2273 798 2302; x_wconf 70' lang='lat' dir='ltr'><strong>tetas,</strong></span> <span class='ocrx_word' id='word_1_667' title='bbox 815 2273 890 2296; x_wconf 87' lang='lat' dir='ltr'><strong>tanta</strong></span> <span class='ocrx_word' id='word_1_668' title='bbox 901 2275 959 2304; x_wconf 81' lang='lat' dir='ltr'><strong>post</strong></span> 
     </span>
    </p>
   </div>
   <div class='ocr_carea' id='block_1_94' title="bbox 176 2313 960 2347">
    <p class='ocr_par' dir='ltr' id='par_1_94' title="bbox 176 2313 960 2347">
     <span class='ocr_line' id='line_1_94' title="bbox 176 2313 960 2347; baseline 0 -5"><span class='ocrx_word' id='word_1_669' title='bbox 176 2315 324 2342; x_wconf 81' lang='lat' dir='ltr'><strong>Adrianum</strong></span> <span class='ocrx_word' id='word_1_670' title='bbox 337 2313 487 2347; x_wconf 68' lang='lat' dir='ltr'><strong>intervallo,</strong></span> <span class='ocrx_word' id='word_1_671' title='bbox 502 2314 634 2341; x_wconf 81' lang='lat' dir='ltr'><strong>usitatum</strong></span> <span class='ocrx_word' id='word_1_672' title='bbox 655 2314 724 2341; x_wconf 87' lang='lat' dir='ltr'><strong>illud</strong></span> <span class='ocrx_word' id='word_1_673' title='bbox 739 2315 808 2341; x_wconf 85' lang='lat' dir='ltr'><strong>inter</strong></span> <span class='ocrx_word' id='word_1_674' title='bbox 828 2314 960 2342; x_wconf 84' lang='lat' dir='ltr'><strong>Christia—</strong></span> 
     </span>
    </p>
   </div>
   <div class='ocr_carea' id='block_1_95' title="bbox 178 2361 960 2397">
    <p class='ocr_par' dir='ltr' id='par_1_95' title="bbox 178 2361 960 2397">
     <span class='ocr_line' id='line_1_95' title="bbox 178 2361 960 2397; baseline 0.001 -8"><span class='ocrx_word' id='word_1_675' title='bbox 178 2371 224 2389; x_wconf 86' lang='lat' dir='ltr'><strong>nos</strong></span> <span class='ocrx_word' id='word_1_676' title='bbox 240 2362 322 2397; x_wconf 84' lang='lat' dir='ltr'><strong>fuisse</strong></span> <span class='ocrx_word' id='word_1_677' title='bbox 329 2369 377 2396; x_wconf 90' lang='lat' dir='ltr'><strong>pro</strong></span> <span class='ocrx_word' id='word_1_678' title='bbox 390 2369 420 2388; x_wconf 87' lang='lat' dir='ltr'><strong>eo</strong></span> <span class='ocrx_word' id='word_1_679' title='bbox 433 2361 479 2396; x_wconf 82' lang='lat' dir='ltr'><strong>qui</strong></span> <span class='ocrx_word' id='word_1_680' title='bbox 495 2361 544 2388; x_wconf 87' lang='lat' dir='ltr'><strong>toti</strong></span> <span class='ocrx_word' id='word_1_681' title='bbox 560 2361 666 2388; x_wconf 73' lang='lat' dir='ltr'><strong>ditecesi</strong></span> <span class='ocrx_word' id='word_1_682' title='bbox 689 2366 812 2396; x_wconf 77' lang='lat' dir='ltr'><strong>prteerat,</strong></span> <span class='ocrx_word' id='word_1_683' title='bbox 829 2367 854 2390; x_wconf 87' lang='lat' dir='ltr'><strong>et</strong></span> <span class='ocrx_word' id='word_1_684' title='bbox 869 2363 960 2390; x_wconf 59' lang='lat' dir='ltr'><strong>diaste-</strong></span> 
     </span>
    </p>
   </div>
   <div class='ocr_carea' id='block_1_96' title="bbox 177 2407 960 2443">
    <p class='ocr_par' dir='ltr' id='par_1_96' title="bbox 177 2407 960 2443">
     <span class='ocr_line' id='line_1_96' title="bbox 177 2407 960 2443; baseline 0.003 -8"><span class='ocrx_word' id='word_1_685' title='bbox 177 2417 234 2436; x_wconf 86' lang='lat' dir='ltr'><strong>seos</strong></span> <span class='ocrx_word' id='word_1_686' title='bbox 245 2408 374 2435; x_wconf 69' lang='lat' dir='ltr'><strong>exarchus</strong></span> <span class='ocrx_word' id='word_1_687' title='bbox 388 2407 534 2434; x_wconf 79' lang='lat' dir='ltr'><strong>dicebatur.</strong></span> <span class='ocrx_word' id='word_1_688' title='bbox 550 2407 622 2440; x_wconf 87' lang='lat' dir='ltr'><strong>Quos</strong></span> <span class='ocrx_word' id='word_1_689' title='bbox 642 2407 707 2435; x_wconf 85' lang='lat' dir='ltr'><strong>alibi</strong></span> <span class='ocrx_word' id='word_1_690' title='bbox 729 2409 867 2443; x_wconf 76' lang='lat' dir='ltr'><strong>refellam;</strong></span> <span class='ocrx_word' id='word_1_691' title='bbox 881 2415 904 2437; x_wconf 92' lang='lat' dir='ltr'><strong>et</strong></span> <span class='ocrx_word' id='word_1_692' title='bbox 917 2418 960 2437; x_wconf 83' lang='lat' dir='ltr'><strong>sa—</strong></span> 
     </span>
    </p>
   </div>
   <div class='ocr_carea' id='block_1_97' title="bbox 178 2451 959 2489">
    <p class='ocr_par' dir='ltr' id='par_1_97' title="bbox 178 2451 959 2489">
     <span class='ocr_line' id='line_1_97' title="bbox 178 2451 959 2489; baseline 0.003 -9"><span class='ocrx_word' id='word_1_693' title='bbox 178 2455 212 2480; x_wconf 85' lang='lat' dir='ltr'><strong>tis</strong></span> <span class='ocrx_word' id='word_1_694' title='bbox 226 2454 268 2480; x_wconf 84' lang='lat' dir='ltr'><strong>hic</strong></span> <span class='ocrx_word' id='word_1_695' title='bbox 279 2453 352 2480; x_wconf 87' lang='lat' dir='ltr'><strong>locus</strong></span> <span class='ocrx_word' id='word_1_696' title='bbox 370 2452 501 2487; x_wconf 82' lang='lat' dir='ltr'><strong>canfutat.</strong></span> <span class='ocrx_word' id='word_1_697' title='bbox 517 2451 660 2485; x_wconf 86' lang='lat' dir='ltr'><strong>Quomodo</strong></span> <span class='ocrx_word' id='word_1_698' title='bbox 679 2453 838 2487; x_wconf 69' lang='lat' dir='ltr'><strong>praestiterit</strong></span> <span class='ocrx_word' id='word_1_699' title='bbox 865 2458 959 2489; x_wconf 85' lang='lat' dir='ltr'><strong>postea</strong></span> 
     </span>
    </p>
   </div>
   <div class='ocr_carea' id='block_1_98' title="bbox 178 2497 960 2533">
    <p class='ocr_par' dir='ltr' id='par_1_98' title="bbox 178 2497 960 2533">
     <span class='ocr_line' id='line_1_98' title="bbox 178 2497 960 2533; baseline 0.003 -8"><span class='ocrx_word' id='word_1_700' title='bbox 178 2499 204 2526; x_wconf 91' lang='lat' dir='ltr'><strong>id</strong></span> <span class='ocrx_word' id='word_1_701' title='bbox 220 2498 292 2533; x_wconf 86' lang='lat' dir='ltr'><strong>quod</strong></span> <span class='ocrx_word' id='word_1_702' title='bbox 310 2498 362 2525; x_wconf 89' lang='lat' dir='ltr'><strong>hoc</strong></span> <span class='ocrx_word' id='word_1_703' title='bbox 377 2497 436 2525; x_wconf 84' lang='lat' dir='ltr'><strong>loco</strong></span> <span class='ocrx_word' id='word_1_704' title='bbox 450 2497 596 2532; x_wconf 88' lang='lat' dir='ltr'><strong>promittit,</strong></span> <span class='ocrx_word' id='word_1_705' title='bbox 614 2497 675 2524; x_wconf 84' lang='lat' dir='ltr'><strong>aliis</strong></span> <span class='ocrx_word' id='word_1_706' title='bbox 697 2497 903 2533; x_wconf 86' lang='lat' dir='ltr'><strong>disquirendum</strong></span> <span class='ocrx_word' id='word_1_707' title='bbox 917 2507 960 2526; x_wconf 81' lang='lat' dir='ltr'><strong>re-</strong></span> 
     </span>
    </p>
   </div>
   <div class='ocr_carea' id='block_1_99' title="bbox 177 2542 960 2580">
    <p class='ocr_par' dir='ltr' id='par_1_99' title="bbox 177 2542 960 2580">
     <span class='ocr_line' id='line_1_99' title="bbox 177 2542 960 2580; baseline 0.001 -8"><span class='ocrx_word' id='word_1_708' title='bbox 177 2545 281 2578; x_wconf 84' lang='lat' dir='ltr'><strong>linquo.</strong></span> <span class='ocrx_word' id='word_1_709' title='bbox 307 2543 385 2571; x_wconf 88' lang='lat' dir='ltr'><strong>Certe</strong></span> <span class='ocrx_word' id='word_1_710' title='bbox 408 2543 477 2570; x_wconf 89' lang='lat' dir='ltr'><strong>libro</strong></span> <span class='ocrx_word' id='word_1_711' title='bbox 491 2542 530 2570; x_wconf 88' lang='lat' dir='ltr'><strong>De</strong></span> <span class='ocrx_word' id='word_1_712' title='bbox 539 2544 659 2578; x_wconf 83' lang='lat' dir='ltr'><strong>primatu</strong></span> <span class='ocrx_word' id='word_1_713' title='bbox 672 2552 758 2579; x_wconf 80' lang='lat' dir='ltr'><strong>papce,</strong></span> <span class='ocrx_word' id='word_1_714' title='bbox 785 2552 844 2580; x_wconf 90' lang='lat' dir='ltr'><strong>cap.</strong></span> <span class='ocrx_word' id='word_1_715' title='bbox 861 2546 889 2578; x_wconf 77' lang='grc'><strong>4,</strong></span> <span class='ocrx_word' id='word_1_716' title='bbox 910 2553 960 2572; x_wconf 80' lang='lat' dir='ltr'><strong>no-</strong></span> 
     </span>
    </p>
   </div>
   <div class='ocr_carea' id='block_1_100' title="bbox 178 2589 960 2624">
    <p class='ocr_par' dir='ltr' id='par_1_100' title="bbox 178 2589 960 2624">
     <span class='ocr_line' id='line_1_100' title="bbox 178 2589 960 2624; baseline 0.004 -8"><span class='ocrx_word' id='word_1_717' title='bbox 178 2598 239 2616; x_wconf 85' lang='lat' dir='ltr'><strong>men</strong></span> <span class='ocrx_word' id='word_1_718' title='bbox 251 2590 412 2624; x_wconf 69' lang='lat' dir='ltr'><strong>patriarcha:</strong></span> <span class='ocrx_word' id='word_1_719' title='bbox 427 2589 516 2617; x_wconf 88' lang='lat' dir='ltr'><strong>adhuc</strong></span> <span class='ocrx_word' id='word_1_720' title='bbox 534 2589 642 2622; x_wconf 88' lang='lat' dir='ltr'><strong>retinet,</strong></span> <span class='ocrx_word' id='word_1_721' title='bbox 658 2590 691 2617; x_wconf 89' lang='lat' dir='ltr'><strong>de</strong></span> <span class='ocrx_word' id='word_1_722' title='bbox 715 2591 834 2618; x_wconf 86' lang='lat' dir='ltr'><strong>exarcho</strong></span> <span class='ocrx_word' id='word_1_723' title='bbox 858 2591 960 2619; x_wconf 75' lang='lat' dir='ltr'><strong>ditece-</strong></span> 
     </span>
    </p>
   </div>
   <div class='ocr_carea' id='block_1_101' title="bbox 179 2635 958 2672">
    <p class='ocr_par' dir='ltr' id='par_1_101' title="bbox 179 2635 958 2672">
     <span class='ocr_line' id='line_1_101' title="bbox 179 2635 958 2672; baseline 0.004 -11"><span class='ocrx_word' id='word_1_724' title='bbox 179 2643 239 2662; x_wconf 70' lang='lat' dir='ltr'><strong>svos</strong></span> <span class='ocrx_word' id='word_1_725' title='bbox 254 2636 342 2668; x_wconf 86' lang='lat' dir='ltr'><strong>aliter,</strong></span> <span class='ocrx_word' id='word_1_726' title='bbox 365 2637 472 2671; x_wconf 85' lang='lat' dir='ltr'><strong>opinor,</strong></span> <span class='ocrx_word' id='word_1_727' title='bbox 497 2637 590 2664; x_wconf 86' lang='lat' dir='ltr'><strong>sentit.</strong></span> <span class='ocrx_word' id='word_1_728' title='bbox 609 2635 639 2664; x_wconf 88' lang='lat' dir='ltr'><strong>Si</strong></span> <span class='ocrx_word' id='word_1_729' title='bbox 658 2637 715 2672; x_wconf 84' lang='lat' dir='ltr'><strong>quis</strong></span> <span class='ocrx_word' id='word_1_730' title='bbox 731 2637 888 2672; x_wconf 86' lang='lat' dir='ltr'><strong>patriarcha</strong></span> <span class='ocrx_word' id='word_1_731' title='bbox 905 2643 958 2664; x_wconf 90' lang='lat' dir='ltr'><strong>tum</strong></span> 
     </span>
    </p>
   </div>
   <div class='ocr_carea' id='block_1_102' title="bbox 177 2683 958 2719">
    <p class='ocr_par' dir='ltr' id='par_1_102' title="bbox 177 2683 958 2719">
     <span class='ocr_line' id='line_1_102' title="bbox 177 2683 958 2719; baseline 0.003 -11"><span class='ocrx_word' id='word_1_732' title='bbox 177 2688 284 2708; x_wconf 71' lang='lat' dir='ltr'><strong>t‘UCtllllS</strong></span> <span class='ocrx_word' id='word_1_733' title='bbox 309 2687 358 2715; x_wconf 82' lang='lat' dir='ltr'><strong>est,</strong></span> <span class='ocrx_word' id='word_1_734' title='bbox 383 2688 412 2709; x_wconf 87' lang='lat' dir='ltr'><strong>ut</strong></span> <span class='ocrx_word' id='word_1_735' title='bbox 439 2684 471 2710; x_wconf 82' lang='lat' dir='ltr'><strong>de</strong></span> <span class='ocrx_word' id='word_1_736' title='bbox 492 2684 612 2719; x_wconf 82' lang='lat' dir='ltr'><strong>episcopo</strong></span> <span class='ocrx_word' id='word_1_737' title='bbox 638 2683 820 2710; x_wconf 74' lang='lat' dir='ltr'><strong>Alexandrino</strong></span> <span class='ocrx_word' id='word_1_738' title='bbox 840 2689 958 2716; x_wconf 80' lang='lat' dir='ltr'><strong>constat,</strong></span> 
     </span>
    </p>
   </div>
   <div class='ocr_carea' id='block_1_103' title="bbox 175 2729 959 2764">
    <p class='ocr_par' dir='ltr' id='par_1_103' title="bbox 175 2729 959 2764">
     <span class='ocr_line' id='line_1_103' title="bbox 175 2729 959 2764; baseline 0.005 -11"><span class='ocrx_word' id='word_1_739' title='bbox 175 2737 217 2763; x_wconf 58' lang='lat' dir='ltr'><strong>qui</strong></span> <span class='ocrx_word' id='word_1_740' title='bbox 230 2737 250 2753; x_wconf 59' lang='grc' dir='ltr'><strong>ηιι</strong></span> <span class='ocrx_word' id='word_1_741' title='bbox 266 2729 378 2756; x_wconf 81' lang='lat' dir='ltr'><strong>Adriani</strong></span> <span class='ocrx_word' id='word_1_742' title='bbox 393 2730 560 2763; x_wconf 84' lang='lat' dir='ltr'><strong>imperatoris</strong></span> <span class='ocrx_word' id='word_1_743' title='bbox 580 2737 640 2756; x_wconf 64' lang='lat' dir='ltr'><strong>ceno</strong></span> <span class='ocrx_word' id='word_1_744' title='bbox 657 2730 696 2756; x_wconf 82' lang='lat' dir='ltr'><strong>sic</strong></span> <span class='ocrx_word' id='word_1_745' title='bbox 716 2729 877 2764; x_wconf 83' lang='lat' dir='ltr'><strong>appellatum</strong></span> <span class='ocrx_word' id='word_1_746' title='bbox 904 2731 959 2764; x_wconf 88' lang='lat' dir='ltr'><strong>epi-</strong></span> 
     </span>
    </p>
   </div>
   <div class='ocr_carea' id='block_1_104' title="bbox 176 2773 958 2809">
    <p class='ocr_par' dir='ltr' id='par_1_104' title="bbox 176 2773 958 2809">
     <span class='ocr_line' id='line_1_104' title="bbox 176 2773 958 2809; baseline 0.004 -11"><span class='ocrx_word' id='word_1_747' title='bbox 176 2774 243 2799; x_wconf 76' lang='lat' dir='ltr'><strong>stola</strong></span> <span class='ocrx_word' id='word_1_748' title='bbox 257 2773 311 2806; x_wconf 71' lang='lat' dir='ltr'><strong>eius</strong></span> <span class='ocrx_word' id='word_1_749' title='bbox 326 2774 439 2800; x_wconf 74' lang='lat' dir='ltr'><strong>ostendit</strong></span> <span class='ocrx_word' id='word_1_750' title='bbox 453 2774 479 2801; x_wconf 86' lang='lat' dir='ltr'><strong>in</strong></span> <span class='ocrx_word' id='word_1_751' title='bbox 490 2773 629 2802; x_wconf 84' lang='lat' dir='ltr'><strong>Saturnini</strong></span> <span class='ocrx_word' id='word_1_752' title='bbox 643 2773 704 2802; x_wconf 83' lang='lat' dir='ltr'><strong>Vita</strong></span> <span class='ocrx_word' id='word_1_753' title='bbox 714 2783 730 2801; x_wconf 92' lang='lat' dir='ltr'><strong>a</strong></span> <span class='ocrx_word' id='word_1_754' title='bbox 742 2773 835 2802; x_wconf 75' lang='lat' dir='ltr'><strong>Flavio</strong></span> <span class='ocrx_word' id='word_1_755' title='bbox 849 2774 958 2809; x_wconf 77' lang='lat' dir='ltr'><strong>Vopisco</strong></span> 
     </span>
    </p>
   </div>
   <div class='ocr_carea' id='block_1_105' title="bbox 177 2819 959 2855">
    <p class='ocr_par' dir='ltr' id='par_1_105' title="bbox 177 2819 959 2855">
     <span class='ocr_line' id='line_1_105' title="bbox 177 2819 959 2855; baseline 0.001 -10"><span class='ocrx_word' id='word_1_756' title='bbox 177 2820 272 2852; x_wconf 50' lang='grc' dir='ltr'><strong>μυεηλλ,</strong></span> <span class='ocrx_word' id='word_1_757' title='bbox 286 2827 337 2846; x_wconf 82' lang='lat' dir='ltr'><strong>non</strong></span> <span class='ocrx_word' id='word_1_758' title='bbox 352 2827 410 2846; x_wconf 88' lang='lat' dir='ltr'><strong>eam</strong></span> <span class='ocrx_word' id='word_1_759' title='bbox 423 2828 469 2854; x_wconf 88' lang='lat' dir='ltr'><strong>per</strong></span> <span class='ocrx_word' id='word_1_760' title='bbox 481 2820 549 2846; x_wconf 84' lang='lat' dir='ltr'><strong>illud</strong></span> <span class='ocrx_word' id='word_1_761' title='bbox 568 2826 668 2855; x_wconf 76' lang='lat' dir='ltr'><strong>tempus</strong></span> <span class='ocrx_word' id='word_1_762' title='bbox 688 2819 811 2846; x_wconf 85' lang='lat' dir='ltr'><strong>habuisse</strong></span> <span class='ocrx_word' id='word_1_763' title='bbox 822 2819 959 2854; x_wconf 81' lang='lat' dir='ltr'><strong>signiﬁca-</strong></span> 
     </span>
    </p>
   </div>
   <div class='ocr_carea' id='block_1_106' title="bbox 178 2864 958 2900">
    <p class='ocr_par' dir='ltr' id='par_1_106' title="bbox 178 2864 958 2900">
     <span class='ocr_line' id='line_1_106' title="bbox 178 2864 958 2900; baseline 0.001 -9"><span class='ocrx_word' id='word_1_764' title='bbox 178 2867 271 2891; x_wconf 63' lang='lat' dir='ltr'><strong>tionem</strong></span> <span class='ocrx_word' id='word_1_765' title='bbox 286 2870 384 2892; x_wconf 82' lang='lat' dir='ltr'><strong>certum</strong></span> <span class='ocrx_word' id='word_1_766' title='bbox 395 2869 444 2898; x_wconf 86' lang='lat' dir='ltr'><strong>est,</strong></span> <span class='ocrx_word' id='word_1_767' title='bbox 467 2873 544 2897; x_wconf 88' lang='lat' dir='ltr'><strong>quam</strong></span> <span class='ocrx_word' id='word_1_768' title='bbox 566 2865 657 2893; x_wconf 83' lang='lat' dir='ltr'><strong>habuit</strong></span> <span class='ocrx_word' id='word_1_769' title='bbox 673 2869 774 2900; x_wconf 86' lang='lat' dir='ltr'><strong>postea.</strong></span> <span class='ocrx_word' id='word_1_770' title='bbox 796 2864 862 2893; x_wconf 78' lang='lat' dir='ltr'><strong>Mihi</strong></span> <span class='ocrx_word' id='word_1_771' title='bbox 881 2872 958 2899; x_wconf 84' lang='lat' dir='ltr'><strong>vero,</strong></span> 
     </span>
    </p>
   </div>
   <div class='ocr_carea' id='block_1_107' title="bbox 1009 2269 1797 2308">
    <p class='ocr_par' dir='ltr' id='par_1_107' title="bbox 1009 2269 1797 2308">
     <span class='ocr_line' id='line_1_107' title="bbox 1009 2269 1797 2308; baseline -0.006 -7"><span class='ocrx_word' id='word_1_772' title='bbox 1009 2274 1152 2308; x_wconf 87' lang='lat' dir='ltr'><strong>episcopos</strong></span> <span class='ocrx_word' id='word_1_773' title='bbox 1166 2272 1299 2306; x_wconf 90' lang='lat' dir='ltr'><strong>dicerent,</strong></span> <span class='ocrx_word' id='word_1_774' title='bbox 1313 2273 1435 2308; x_wconf 82' lang='lat' dir='ltr'><strong>adeoque</strong></span> <span class='ocrx_word' id='word_1_775' title='bbox 1460 2271 1624 2299; x_wconf 62' lang='lat' dir='ltr'><strong>Christiana:</strong></span> <span class='ocrx_word' id='word_1_776' title='bbox 1651 2269 1797 2305; x_wconf 81' lang='lat' dir='ltr'><strong>religionis</strong></span> 
     </span>
    </p>
   </div>
   <div class='ocr_carea' id='block_1_108' title="bbox 1009 2315 1798 2353">
    <p class='ocr_par' dir='ltr' id='par_1_108' title="bbox 1009 2315 1798 2353">
     <span class='ocr_line' id='line_1_108' title="bbox 1009 2315 1798 2353; baseline -0.006 -7"><span class='ocrx_word' id='word_1_777' title='bbox 1009 2327 1103 2347; x_wconf 88' lang='lat' dir='ltr'><strong>curam</strong></span> <span class='ocrx_word' id='word_1_778' title='bbox 1115 2319 1167 2346; x_wconf 90' lang='lat' dir='ltr'><strong>sibi</strong></span> <span class='ocrx_word' id='word_1_779' title='bbox 1178 2319 1268 2353; x_wconf 90' lang='lat' dir='ltr'><strong>primo</strong></span> <span class='ocrx_word' id='word_1_780' title='bbox 1288 2319 1349 2346; x_wconf 90' lang='lat' dir='ltr'><strong>loco</strong></span> <span class='ocrx_word' id='word_1_781' title='bbox 1363 2318 1547 2349; x_wconf 76' lang='lat' dir='ltr'><strong>vindicarent;</strong></span> <span class='ocrx_word' id='word_1_782' title='bbox 1561 2315 1633 2350; x_wconf 87' lang='lat' dir='ltr'><strong>quod</strong></span> <span class='ocrx_word' id='word_1_783' title='bbox 1652 2323 1717 2343; x_wconf 92' lang='lat' dir='ltr'><strong>cum</strong></span> <span class='ocrx_word' id='word_1_784' title='bbox 1730 2315 1798 2342; x_wconf 84' lang='lat' dir='ltr'><strong>alia-</strong></span> 
     </span>
    </p>
   </div>
   <div class='ocr_carea' id='block_1_109' title="bbox 1009 2361 1794 2400">
    <p class='ocr_par' dir='ltr' id='par_1_109' title="bbox 1009 2361 1794 2400">
     <span class='ocr_line' id='line_1_109' title="bbox 1009 2361 1794 2400; baseline -0.006 -8"><span class='ocrx_word' id='word_1_785' title='bbox 1009 2372 1071 2392; x_wconf 87' lang='lat' dir='ltr'><strong>rum</strong></span> <span class='ocrx_word' id='word_1_786' title='bbox 1091 2363 1276 2392; x_wconf 77' lang='lat' dir='ltr'><strong>Ecclesiarum</strong></span> <span class='ocrx_word' id='word_1_787' title='bbox 1300 2365 1420 2400; x_wconf 88' lang='lat' dir='ltr'><strong>episcopi</strong></span> <span class='ocrx_word' id='word_1_788' title='bbox 1447 2362 1482 2390; x_wconf 91' lang='lat' dir='ltr'><strong>ad</strong></span> <span class='ocrx_word' id='word_1_789' title='bbox 1505 2362 1717 2390; x_wconf 82' lang='lat' dir='ltr'><strong>sacriﬁcandum</strong></span> <span class='ocrx_word' id='word_1_790' title='bbox 1741 2361 1794 2388; x_wconf 84' lang='lat' dir='ltr'><strong>diis</strong></span> 
     </span>
    </p>
   </div>
   <div class='ocr_carea' id='block_1_110' title="bbox 1010 2406 1794 2446">
    <p class='ocr_par' dir='ltr' id='par_1_110' title="bbox 1010 2406 1794 2446">
     <span class='ocr_line' id='line_1_110' title="bbox 1010 2406 1794 2446; baseline -0.006 -8"><span class='ocrx_word' id='word_1_791' title='bbox 1010 2410 1149 2446; x_wconf 83' lang='lat' dir='ltr'><strong>gentilium</strong></span> <span class='ocrx_word' id='word_1_792' title='bbox 1162 2410 1222 2445; x_wconf 75' lang='lat' dir='ltr'><strong>cogi</strong></span> <span class='ocrx_word' id='word_1_793' title='bbox 1237 2410 1313 2437; x_wconf 88' lang='lat' dir='ltr'><strong>nullo</strong></span> <span class='ocrx_word' id='word_1_794' title='bbox 1332 2410 1414 2437; x_wconf 89' lang='lat' dir='ltr'><strong>modo</strong></span> <span class='ocrx_word' id='word_1_795' title='bbox 1437 2412 1557 2444; x_wconf 87' lang='lat' dir='ltr'><strong>possent,</strong></span> <span class='ocrx_word' id='word_1_796' title='bbox 1574 2407 1613 2434; x_wconf 88' lang='lat' dir='ltr'><strong>illi</strong></span> <span class='ocrx_word' id='word_1_797' title='bbox 1632 2407 1669 2434; x_wconf 89' lang='lat' dir='ltr'><strong>ob</strong></span> <span class='ocrx_word' id='word_1_798' title='bbox 1682 2406 1794 2434; x_wconf 83' lang='lat' dir='ltr'><strong>insitam</strong></span> 
     </span>
    </p>
   </div>
   <div class='ocr_carea' id='block_1_111' title="bbox 1010 2451 1795 2490">
    <p class='ocr_par' dir='ltr' id='par_1_111' title="bbox 1010 2451 1795 2490">
     <span class='ocr_line' id='line_1_111' title="bbox 1010 2451 1795 2490; baseline -0.006 -7"><span class='ocrx_word' id='word_1_799' title='bbox 1010 2456 1082 2490; x_wconf 78' lang='lat' dir='ltr'><strong>genti</strong></span> <span class='ocrx_word' id='word_1_800' title='bbox 1104 2456 1241 2483; x_wconf 86' lang='lat' dir='ltr'><strong>levitatem</strong></span> <span class='ocrx_word' id='word_1_801' title='bbox 1267 2455 1391 2490; x_wconf 88' lang='lat' dir='ltr'><strong>Serapim</strong></span> <span class='ocrx_word' id='word_1_802' title='bbox 1409 2455 1566 2482; x_wconf 84' lang='lat' dir='ltr'><strong>adorarent.</strong></span> <span class='ocrx_word' id='word_1_803' title='bbox 1593 2452 1633 2480; x_wconf 79' lang='lat' dir='ltr'><strong>De</strong></span> <span class='ocrx_word' id='word_1_804' title='bbox 1660 2451 1795 2487; x_wconf 84' lang='lat' dir='ltr'><strong>episcopis</strong></span> 
     </span>
    </p>
   </div>
   <div class='ocr_carea' id='block_1_112' title="bbox 1010 2497 1795 2535">
    <p class='ocr_par' dir='ltr' id='par_1_112' title="bbox 1010 2497 1795 2535">
     <span class='ocr_line' id='line_1_112' title="bbox 1010 2497 1795 2535; baseline -0.005 -8"><span class='ocrx_word' id='word_1_805' title='bbox 1010 2500 1090 2535; x_wconf 80' lang='lat' dir='ltr'><strong>igitur</strong></span> <span class='ocrx_word' id='word_1_806' title='bbox 1105 2500 1228 2535; x_wconf 87' lang='lat' dir='ltr'><strong>loquitur</strong></span> <span class='ocrx_word' id='word_1_807' title='bbox 1247 2500 1402 2528; x_wconf 82' lang='lat' dir='ltr'><strong>Adrianus:</strong></span> <span class='ocrx_word' id='word_1_808' title='bbox 1423 2498 1514 2534; x_wconf 82' lang='lat' dir='ltr'><strong>Neque</strong></span> <span class='ocrx_word' id='word_1_809' title='bbox 1533 2503 1620 2524; x_wconf 86' lang='lat' dir='ltr'><strong>autem</strong></span> <span class='ocrx_word' id='word_1_810' title='bbox 1633 2497 1695 2524; x_wconf 81' lang='lat' dir='ltr'><strong>hinc</strong></span> <span class='ocrx_word' id='word_1_811' title='bbox 1710 2498 1795 2532; x_wconf 83' lang='lat' dir='ltr'><strong>sequi-</strong></span> 
     </span>
    </p>
   </div>
   <div class='ocr_carea' id='block_1_113' title="bbox 1011 2544 1779 2581">
    <p class='ocr_par' dir='ltr' id='par_1_113' title="bbox 1011 2544 1779 2581">
     <span class='ocr_line' id='line_1_113' title="bbox 1011 2544 1779 2581; baseline -0.003 -9"><span class='ocrx_word' id='word_1_812' title='bbox 1011 2551 1065 2578; x_wconf 85' lang='lat' dir='ltr'><strong>tur,</strong></span> <span class='ocrx_word' id='word_1_813' title='bbox 1091 2546 1242 2581; x_wconf 83' lang='lat' dir='ltr'><strong>episcopum</strong></span> <span class='ocrx_word' id='word_1_814' title='bbox 1262 2547 1299 2573; x_wconf 86' lang='lat' dir='ltr'><strong>ibi</strong></span> <span class='ocrx_word' id='word_1_815' title='bbox 1325 2545 1408 2580; x_wconf 88' lang='lat' dir='ltr'><strong>fuisse</strong></span> <span class='ocrx_word' id='word_1_816' title='bbox 1433 2549 1495 2571; x_wconf 83' lang='lat' dir='ltr'><strong>tunc</strong></span> <span class='ocrx_word' id='word_1_817' title='bbox 1507 2544 1621 2578; x_wconf 84' lang='lat' dir='ltr'><strong>aliquem</strong></span> <span class='ocrx_word' id='word_1_818' title='bbox 1635 2548 1737 2578; x_wconf 78' lang='lat' dir='ltr'><strong>prteter</strong></span> <span class='ocrx_word' id='word_1_819' title='bbox 1746 2551 1779 2577; x_wconf 81' lang='lat' dir='ltr'><strong>pa</strong></span> 
     </span>
    </p>
   </div>
   <div class='ocr_carea' id='block_1_114' title="bbox 1010 2589 1794 2627">
    <p class='ocr_par' dir='ltr' id='par_1_114' title="bbox 1010 2589 1794 2627">
     <span class='ocr_line' id='line_1_114' title="bbox 1010 2589 1794 2627; baseline -0.005 -9"><span class='ocrx_word' id='word_1_820' title='bbox 1010 2592 1155 2619; x_wconf 83' lang='lat' dir='ltr'><strong>triarcltam</strong></span> <span class='ocrx_word' id='word_1_821' title='bbox 1170 2591 1264 2626; x_wconf 86' lang='lat' dir='ltr'><strong>alium,</strong></span> <span class='ocrx_word' id='word_1_822' title='bbox 1288 2600 1341 2627; x_wconf 86' lang='lat' dir='ltr'><strong>qua</strong></span> <span class='ocrx_word' id='word_1_823' title='bbox 1356 2591 1471 2626; x_wconf 83' lang='lat' dir='ltr'><strong>episcopi</strong></span> <span class='ocrx_word' id='word_1_824' title='bbox 1496 2597 1588 2617; x_wconf 86' lang='lat' dir='ltr'><strong>nomen</strong></span> <span class='ocrx_word' id='word_1_825' title='bbox 1611 2594 1659 2616; x_wconf 81' lang='lat' dir='ltr'><strong>aut</strong></span> <span class='ocrx_word' id='word_1_826' title='bbox 1677 2589 1794 2623; x_wconf 82' lang='lat' dir='ltr'><strong>dignitas</strong></span> 
     </span>
    </p>
   </div>
   <div class='ocr_carea' id='block_1_115' title="bbox 1009 2634 1796 2673">
    <p class='ocr_par' dir='ltr' id='par_1_115' title="bbox 1009 2634 1796 2673">
     <span class='ocr_line' id='line_1_115' title="bbox 1009 2634 1796 2673; baseline -0.008 -8"><span class='ocrx_word' id='word_1_827' title='bbox 1009 2637 1151 2673; x_wconf 76' lang='lat' dir='ltr'><strong>presbyteri</strong></span> <span class='ocrx_word' id='word_1_828' title='bbox 1164 2638 1269 2664; x_wconf 87' lang='lat' dir='ltr'><strong>nomine</strong></span> <span class='ocrx_word' id='word_1_829' title='bbox 1283 2638 1403 2672; x_wconf 83' lang='lat' dir='ltr'><strong>superius</strong></span> <span class='ocrx_word' id='word_1_830' title='bbox 1422 2636 1552 2669; x_wconf 80' lang='lat' dir='ltr'><strong>habitum,</strong></span> <span class='ocrx_word' id='word_1_831' title='bbox 1565 2639 1612 2662; x_wconf 87' lang='lat' dir='ltr'><strong>aut</strong></span> <span class='ocrx_word' id='word_1_832' title='bbox 1624 2634 1657 2660; x_wconf 81' lang='lat' dir='ltr'><strong>ab</strong></span> <span class='ocrx_word' id='word_1_833' title='bbox 1669 2642 1700 2660; x_wconf 86' lang='lat' dir='ltr'><strong>eo</strong></span> <span class='ocrx_word' id='word_1_834' title='bbox 1714 2634 1796 2661; x_wconf 74' lang='lat' dir='ltr'><strong>diuer-</strong></span> 
     </span>
    </p>
   </div>
   <div class='ocr_carea' id='block_1_116' title="bbox 1009 2680 1794 2718">
    <p class='ocr_par' dir='ltr' id='par_1_116' title="bbox 1009 2680 1794 2718">
     <span class='ocr_line' id='line_1_116' title="bbox 1009 2680 1794 2718; baseline -0.005 -8"><span class='ocrx_word' id='word_1_835' title='bbox 1009 2691 1078 2716; x_wconf 81' lang='lat' dir='ltr'><strong>sum,</strong></span> <span class='ocrx_word' id='word_1_836' title='bbox 1091 2683 1244 2718; x_wconf 85' lang='lat' dir='ltr'><strong>inquitille.</strong></span> <span class='ocrx_word' id='word_1_837' title='bbox 1259 2682 1343 2716; x_wconf 86' lang='lat' dir='ltr'><strong>Quasi</strong></span> <span class='ocrx_word' id='word_1_838' title='bbox 1353 2689 1418 2710; x_wconf 87' lang='lat' dir='ltr'><strong>vero</strong></span> <span class='ocrx_word' id='word_1_839' title='bbox 1430 2681 1566 2708; x_wconf 89' lang='lat' dir='ltr'><strong>Adrianus</strong></span> <span class='ocrx_word' id='word_1_840' title='bbox 1583 2680 1748 2715; x_wconf 80' lang='lat' dir='ltr'><strong>cognoverit</strong></span> <span class='ocrx_word' id='word_1_841' title='bbox 1764 2680 1794 2706; x_wconf 85' lang='lat' dir='ltr'><strong>il-</strong></span> 
     </span>
    </p>
   </div>
   <div class='ocr_carea' id='block_1_117' title="bbox 1009 2725 1794 2763">
    <p class='ocr_par' dir='ltr' id='par_1_117' title="bbox 1009 2725 1794 2763">
     <span class='ocr_line' id='line_1_117' title="bbox 1009 2725 1794 2763; baseline -0.006 -7"><span class='ocrx_word' id='word_1_842' title='bbox 1009 2728 1056 2756; x_wconf 87' lang='lat' dir='ltr'><strong>lud</strong></span> <span class='ocrx_word' id='word_1_843' title='bbox 1070 2736 1212 2761; x_wconf 85' lang='lat' dir='ltr'><strong>arcanum,</strong></span> <span class='ocrx_word' id='word_1_844' title='bbox 1231 2728 1304 2763; x_wconf 91' lang='lat' dir='ltr'><strong>quod</strong></span> <span class='ocrx_word' id='word_1_845' title='bbox 1329 2729 1373 2755; x_wconf 87' lang='lat' dir='ltr'><strong>isti</strong></span> <span class='ocrx_word' id='word_1_846' title='bbox 1395 2732 1536 2760; x_wconf 77' lang='lat' dir='ltr'><strong>tantopere</strong></span> <span class='ocrx_word' id='word_1_847' title='bbox 1559 2725 1713 2758; x_wconf 85' lang='lat' dir='ltr'><strong>venditant,</strong></span> <span class='ocrx_word' id='word_1_848' title='bbox 1745 2726 1794 2752; x_wconf 69' lang='lat' dir='ltr'><strong>ali-</strong></span> 
     </span>
    </p>
   </div>
   <div class='ocr_carea' id='block_1_118' title="bbox 1009 2772 1793 2808">
    <p class='ocr_par' dir='ltr' id='par_1_118' title="bbox 1009 2772 1793 2808">
     <span class='ocr_line' id='line_1_118' title="bbox 1009 2772 1793 2808; baseline -0.004 -7"><span class='ocrx_word' id='word_1_849' title='bbox 1009 2774 1118 2808; x_wconf 87' lang='lat' dir='ltr'><strong>quando</strong></span> <span class='ocrx_word' id='word_1_850' title='bbox 1142 2774 1244 2801; x_wconf 88' lang='lat' dir='ltr'><strong>eisdem</strong></span> <span class='ocrx_word' id='word_1_851' title='bbox 1269 2774 1359 2800; x_wconf 84' lang='lat' dir='ltr'><strong>vocari</strong></span> <span class='ocrx_word' id='word_1_852' title='bbox 1386 2772 1530 2807; x_wconf 88' lang='lat' dir='ltr'><strong>episcopos</strong></span> <span class='ocrx_word' id='word_1_853' title='bbox 1551 2776 1579 2798; x_wconf 91' lang='lat' dir='ltr'><strong>et</strong></span> <span class='ocrx_word' id='word_1_854' title='bbox 1602 2773 1793 2808; x_wconf 82' lang='lat' dir='ltr'><strong>presbyteros:</strong></span> 
     </span>
    </p>
   </div>
   <div class='ocr_carea' id='block_1_119' title="bbox 1009 2817 1793 2855">
    <p class='ocr_par' dir='ltr' id='par_1_119' title="bbox 1009 2817 1793 2855">
     <span class='ocr_line' id='line_1_119' title="bbox 1009 2817 1793 2855; baseline -0.005 -8"><span class='ocrx_word' id='word_1_855' title='bbox 1009 2820 1088 2855; x_wconf 84' lang='lat' dir='ltr'><strong>quasi</strong></span> <span class='ocrx_word' id='word_1_856' title='bbox 1105 2819 1150 2847; x_wconf 89' lang='lat' dir='ltr'><strong>ille</strong></span> <span class='ocrx_word' id='word_1_857' title='bbox 1163 2819 1350 2854; x_wconf 86' lang='lat' dir='ltr'><strong>apostolorum</strong></span> <span class='ocrx_word' id='word_1_858' title='bbox 1373 2817 1599 2846; x_wconf 88' lang='lat' dir='ltr'><strong>consuetudinem</strong></span> <span class='ocrx_word' id='word_1_859' title='bbox 1622 2824 1793 2853; x_wconf 67' lang='lat' dir='ltr'><strong>sequeretur,</strong></span> 
     </span>
    </p>
   </div>
   <div class='ocr_carea' id='block_1_120' title="bbox 1009 2864 1795 2899">
    <p class='ocr_par' dir='ltr' id='par_1_120' title="bbox 1009 2864 1795 2899">
     <span class='ocr_line' id='line_1_120' title="bbox 1009 2864 1795 2899; baseline -0.005 -5"><span class='ocrx_word' id='word_1_860' title='bbox 1009 2870 1036 2894; x_wconf 88' lang='lat' dir='ltr'><strong>et</strong></span> <span class='ocrx_word' id='word_1_861' title='bbox 1046 2866 1123 2894; x_wconf 79' lang='lat' dir='ltr'><strong>aliter</strong></span> <span class='ocrx_word' id='word_1_862' title='bbox 1134 2873 1180 2895; x_wconf 87' lang='lat' dir='ltr'><strong>eas</strong></span> <span class='ocrx_word' id='word_1_863' title='bbox 1192 2872 1272 2895; x_wconf 85' lang='lat' dir='ltr'><strong>voces</strong></span> <span class='ocrx_word' id='word_1_864' title='bbox 1289 2865 1423 2899; x_wconf 85' lang='lat' dir='ltr'><strong>acceperit</strong></span> <span class='ocrx_word' id='word_1_865' title='bbox 1445 2872 1477 2893; x_wconf 89' lang='lat' dir='ltr'><strong>ac</strong></span> <span class='ocrx_word' id='word_1_866' title='bbox 1495 2864 1576 2896; x_wconf 72' lang='lat' dir='ltr'><strong>vulgo</strong></span> <span class='ocrx_word' id='word_1_867' title='bbox 1597 2865 1728 2893; x_wconf 85' lang='lat' dir='ltr'><strong>homines</strong></span> <span class='ocrx_word' id='word_1_868' title='bbox 1740 2869 1795 2892; x_wconf 80' lang='lat' dir='ltr'><strong>tum</strong></span> 
     </span>
    </p>
   </div>
  </div>
