1866 3073
49 146 92 172 ΕΩ

424 149 449 177 J.
468 150 647 178 PEARSUNII
662 149 822 178 VlNDlCl/E
833 150 1046 179 ΙϐΝΔΤΙΔΝιΕ.
1065 167 1099 173 -—-
1120 152 1209 181 PARS
1229 153 1252 181 1.

1641 159 1691 188 $58

52 205 131 233 locuti
142 210 220 234 sunt.
237 206 330 235 Certe
347 207 488 237 Adrianus
501 209 644 245 episcopos
659 217 674 237 a
688 210 853 246 presbyteris
868 213 891 240 Α
906 211 986 243 solet,
1004 211 1060 239 haec
1072 213 1140 240 mire
1153 214 1187 241 ad
1210 222 1270 241 rem
1287 222 1365 242 suam
1379 216 1606 247 accommodavit.
1621 219 1690 248 Nam

58 257 143 287 aperte
154 252 322 288 distinguit,
338 255 508 290 eosdemque
525 256 679 290 superiores
704 255 778 283 facit.
793 255 854 282 Pri—

58 305 98 325 mo
112 298 174 325 loco
194 298 307 326 Christi
326 300 476 335 episcopos
499 301 633 334 nominat,
657 306 760 329 etcum
775 301 855 329 Chri-

56 345 169 377 stiauos,
184 349 245 371 tum
262 345 352 372 etiam
368 346 440 378 illos,
452 347 543 381 quasi,
554 347 667 379 scilicet,
682 347 854 375 Christiano-

56 399 116 418 rum
140 390 299 426 principes,
326 390 426 427 Serapi
450 392 562 420 devotos
584 400 645 420 esse
664 393 746 421 dicit:
760 398 856 428 postea

56 438 236 473 presbyteros
260 438 403 471 nominat,
417 446 521 474 eosque
534 439 612 474 quasi
639 439 793 472 inferiores,
807 445 855 467 aut

57 485 129 511 inter
136 484 286 519 aruspices
299 488 327 512 et
343 484 443 520 aliptas
456 490 591 514 numerat.
606 489 654 512 aut
674 486 814 520 aruspices
829 492 855 513 et

57 530 159 565 aliptas
183 529 278 563 facit;
299 538 362 565 qua:
387 530 480 558 omnia
507 531 711 558 distinctionem
739 531 854 559 manife-

56 580 131 603 stam
145 580 173 603 et
192 576 384 611 imparitatem
409 580 519 610 sonant,
554 577 730 612 episcopique
754 585 853 604 nomen

54 631 112 650 non
133 627 243 650 tantum
260 631 276 650 a
288 623 400 650 nomine
413 623 563 659 presbyteri
578 623 748 657 distinctum,
765 624 811 652 sed
828 628 855 651 et

53 669 189 704 Superius
204 669 332 697 habitum
345 670 502 697 ostendunt.

89 714 130 742 Ut
145 715 277 742 omittam
288 722 321 742 ea
332 722 393 750 quae
405 715 438 742 de
450 715 605 751 episcopatu
620 715 790 751 Egyptiaco,
800 723 854 751 quo

53 766 122 789 ante
138 762 290 797 epistolam
307 761 420 789 Adriani
429 761 532 789 excidit
542 761 717 795 Valentinus,
729 767 756 790 et
766 770 855 797 parm—

53 808 118 840 ciis,
134 807 243 842 quibus
259 806 407 842 praefectus
425 807 543 835 Eusebio
567 807 669 835 dicitur
688 807 852 841 Demetrius,
864 808 870 811 ”

52 853 236 881 tradiderunt
252 852 443 880 Hammondius
455 858 482 880 et
491 852 686 886 Thorndicius,
696 857 799 880 certum
812 857 855 880 est

907 256 934 283 in
960 257 1100 286 Addendis
1114 259 1148 286 ad
1163 267 1226 294 pag.
1251 260 1314 293 199,
1334 261 1354 288 l.
1380 269 1428 288 vm
1462 262 1601 298 Apologia:
1619 273 1689 294 suae:

906 303 1031 335 Ascribe,
1056 304 1162 339 inquit,
1188 305 1328 341 Origenem
1350 308 1560 344 presbyterorum
1587 311 1693 340 decreto

905 348 1012 382 pulsum
1027 350 1106 385 refert
1120 351 1231 379 Photius
1245 353 1304 380 cod.
1316 353 1380 381 297.
1394 354 1446 382 Tot
1459 356 1570 391 quidem
1584 358 1693 387 codices

905 393 1019 422 Photius
1041 403 1095 423 non
1123 396 1218 431 habet;
1244 398 1291 426 sed
1318 398 1387 431 inec,
1410 401 1470 428 sine
1491 405 1691 438 controversia.

907 439 988 467 verba
998 441 1120 475 respexit
1134 449 1195 476 qua:
1210 450 1272 478 pag.
1283 443 1336 470 297
1348 443 1482 472 habentur
1494 454 1501 472 :
1519 446 1550 473 Ἦ
1565 447 1594 473 δὲ
1615 447 1693 484 [Σύν-

905 485 975 522 οδος]
989 485 1152 522 ψηφίζεται,
1167 489 1283 523 synodus
1294 489 1427 516 decretum
1440 491 1516 526 facit,
1530 493 1619 528 inquit
1635 494 1691 522 Eu-

906 531 999 559 sebius
1021 532 1093 568 apud
1117 533 1246 561 Photium
1259 555 1266 567 ,
1286 536 1405 571 synodus
1429 537 1629 574 episcoporum,
1646 541 1692 569 cui

906 577 1090 606 interfuerunt
1109 580 1212 616 aliquot
1231 582 1392 617 presbyteri.
1413 582 1471 611 Hoc
1492 589 1583 613 autem
1597 586 1694 614 decre«

907 628 964 652 tum
981 625 1089 660 synodi,
1106 627 1150 653 cui
1170 627 1334 662 praesidebat
1355 627 1522 663 Demetrius,
1538 635 1566 658 et
1587 631 1614 658 in
1636 640 1692 667 qua

906 674 946 697 tot
956 671 1087 698 sedebant
1102 672 1235 707 episcopi,
1252 673 1413 708 simpliciter
1424 674 1564 703 decretum
1579 677 1692 713 presby«

905 721 1026 744 terorum
1049 718 1102 745 dici
1125 719 1189 753 quis
1210 718 1298 747 ferat?
1314 720 1342 747 Si
1364 724 1420 748 tres
1440 721 1561 756 episcopi
1585 726 1691 751 tantum

904 770 967 789 eum
977 762 1116 791 Demetrio
1127 763 1331 798 c0nvenissent,
1344 765 1544 800 autEusebius,
1555 772 1602 795 aut
1612 767 1693 795 Pam-

904 808 997 843 philus
1017 810 1151 844 synodum
1180 811 1343 846 appellasset
1365 811 1577 847 episcoporum?
1601 821 1693 842 nonne

906 853 1009 888 aliquid
1032 861 1064 881 ex
1086 862 1118 882 ea
1141 856 1277 890 paucitate
1295 856 1487 891 episcoporum
1502 857 1536 885 ad
1555 858 1693 886 defensio-

52 906 149 934 neque
160 898 272 926 Graecis
285 906 374 934 neque
390 898 496 926 Latinis
512 902 605 925 notam
623 898 709 926 fuisse
728 898 854 926 traditio-
871 895 892 923 Β
907 905 968 924 nem
984 897 1110 934 Origenis
1123 900 1253 929 traxisset
1264 901 1418 929 Eusebius?
1430 902 1500 930 Cum
1512 904 1691 938 posteriorem

52 952 120 972 nem
137 945 217 972 illam
234 944 271 972 de
285 944 422 979 episcopis
434 944 461 971 in
479 943 597 980 (Egypto
611 951 626 971 a
646 944 782 972 Demetrio
797 944 854 979 pri—

51 998 134 1018 mum
161 991 262 1018 factis.
286 990 384 1018 Exstat
409 989 527 1017 Evaristi
550 991 661 1018 nomine
686 991 800 1026 epistola
820 991 855 1019 ad

50 1045 155 1065 omnes
175 1045 228 1072 per
249 1036 398 1073 Egyptum
424 1036 534 1068 fratres.
559 1037 611 1064 hoc
626 1042 669 1065 est
694 1038 852 1072 episcopos;

50 1084 195 1119 largimur
206 1084 333 1119 quidem,
343 1083 414 1111 hanc
426 1083 568 1118 epistolam
581 1082 698 1111 Evaristi
710 1091 765 1111 non
775 1091 852 1117 esse;

52 1131 103 1158 sed
124 1135 156 1158 ut
172 1134 202 1158 et
212 1130 367 1157 adversarii
384 1129 534 1165 largiantur
554 1137 666 1157 necesse
686 1134 739 1163 est,
757 1135 854 1158 aucto-

53 1184 113 1203 rem
140 1176 273 1211 epistolae
298 1175 391 1210 plures
415 1175 557 1210 episcopos
583 1174 700 1202 Evaristi
723 1179 801 1203 aetate
826 1175 854 1202 in

53 1221 181 1258 [Egypto
199 1221 289 1249 fuisse
304 1221 445 1257 opinatum
462 1228 532 1249 esse.
550 1221 708 1254 Leonidcm,
726 1220 853 1256 Origeuis

54 1266 169 1294 Patrem
187 1267 242 1294 sub
259 1266 336 1294 initio
348 1266 478 1294 Demetrii
493 1265 577 1294 fuisse
591 1266 767 1294 crediderunt
781 1274 853 1294 non-

55 1313 137 1340 nulli.
155 1313 196 1340 lta
209 1316 286 1340 certe
305 1312 404 1340 Suidas
419 1320 453 1340 ex
471 1315 594 1339 veterum
610 1311 703 1346 aliquo
718 1321 725 1339 ε
751 1313 854 1349 Ὠριγέ-

56 1367 106 1394 νης
126 1359 271 1394 Λεωνίδην
292 1356 349 1394 εἶχε
370 1358 475 1394 πατέρα
489 1359 637 1386 ἐπίσκοπον
654 1358 701 1384 καὶ
717 1359 851 1395 μάρτυρα.

57 1405 132 1432 Idem
146 1405 233 1433 etiam
252 1409 367 1432 testatur
378 1404 611 1440 Chronographus
623 1404 692 1438 Joel,
707 1405 740 1432 de
753 1405 854 1433 Severo

58 1451 231 1487 imperatore
257 1459 340 1486 agens
357 1460 364 1479 :
387 1451 445 1486 Ἐφ’
462 1447 492 1477 οὗ
515 1452 651 1486 Λεωνίδης
672 1453 686 1478 ὁ
705 1451 854 1485 ἐπίσκοπος

57 1497 106 1525 καὶ
121 1497 219 1533 πατὴρ
240 1497 394 1532 Ὠριγένους
407 1496 591 1533 ἐμαρτύρησε.
604 1496 680 1524 Licet
695 1497 766 1524 enim
782 1497 853 1525 Lcoe

58 1544 151 1572 Iidem
170 1551 316 1578 nunquam
338 1543 496 1578 episcopum
517 1543 602 1571 fuisse
627 1543 806 1576 crediderim,
829 1543 852 1571 is

59 1594 151 1618 tamen
171 1594 259 1623 certe,
275 1589 401 1624 quisquis
413 1589 481 1622 fuit,
498 1590 543 1624 qui
566 1590 684 1625 primum
703 1589 779 1617 illum
793 1589 852 1625 cpi-

58 1645 174 1672 scopum
193 1637 320 1668 tradidit,
336 1635 452 1663 credidit
462 1636 604 1671 episcopos
624 1635 709 1664 fuisse
727 1636 754 1663 in
768 1636 852 1673 Egy-

57 1688 105 1718 pto
120 1687 189 1711 ante
213 1682 419 1709 triumviratum
445 1681 651 1718 Dionysianum.
677 1681 759 1710 Notat
777 1683 851 1710 enim

60 1729 199 1757 Seldenus
214 1729 397 1761 Demetrium,
415 1735 553 1756 summum
576 1727 701 1765 Origenis
723 1728 853 1757 adversa-

59 1777 144 1810 rium,
158 1781 218 1803 tres
228 1775 293 1808 sibi,
309 1774 406 1809 procul
425 1774 509 1802 dubio
523 1775 598 1802 velut
619 1775 778 1803 auxiliarios
795 1775 852 1810 epi-

60 1831 161 1858 scopos
170 1822 343 1855 instituisse;
357 1822 415 1849 haec
427 1821 509 1856 igitur
521 1821 657 1848 institutio
669 1821 702 1848 ad
714 1825 852 1855 postrema

62 1869 196 1896 Demetrii
214 1868 350 1903 pertinet;
372 1867 419 1895 diu
440 1867 513 1894 enim
534 1866 645 1902 Origeni
668 1867 852 1894 amicissimus

61 1915 124 1947 fuit,
139 1920 214 1942 teste
224 1914 346 1942 Eusebio
359 1913 454 1944 lib.vt,
468 1921 493 1940 c.
509 1912 536 1940 8.
550 1912 619 1940 Tres
632 1913 722 1948 itaque
734 1913 852 1940 instituit

64 1961 219 1988 Demetrius
235 1960 380 1995 episcopos
394 1959 562 1992 auxiliarios,
582 1963 614 1986 ut
630 1966 725 1986 eorum
748 1958 852 1986 scilicet

62 2015 112 2042 ope
126 2007 251 2042 adjutus,
265 2006 371 2041 majore
387 2005 560 2033 auctoritatis
569 2004 691 2039 pondere
705 2003 850 2040 Origenem

63 2054 90 2081 in
107 2053 214 2089 synodo
237 2053 424 2088 opprimeret:
440 2059 529 2086 neque
547 2051 620 2078 enim
642 2051 787 2086 quisquam
804 2059 851 2086 sy-

64 2101 165 2128 nodum
187 2099 357 2126 nationalem
373 2106 494 2133 unquam
520 2097 626 2125 audivit
649 2103 773 2126 coactam
792 2097 852 2125 sine

65 2146 210 2181 episcopis.
222 2145 259 2172 At
269 2145 293 2173 si
307 2144 459 2172 Demetrius
473 2145 562 2172 tribus
575 2149 682 2172 tantum
699 2145 852 2173 auxiliariis

65 2192 210 2227 episcopis,
220 2191 310 2226 iisque
322 2195 418 2219 contra
429 2191 649 2226 antiquissimam
662 2191 852 2219 Alexandrinae

66 2237 204 2271 Ecclesiae,
218 2237 274 2264 imo
290 2237 372 2266 totius
390 2236 556 2273 Egyptiacaz
570 2237 794 2265 consuetudinem
805 2245 850 2264 or-
866 2242 888 2270 ι)

65 2284 166 2311 dinatis
179 2304 186 2316 ,
209 2283 329 2318 stipatus
344 2288 427 2319 atque
437 2283 624 2310 communitus
639 2283 770 2311 adversus
785 2282 849 2311 Ori-

67 2336 160 2364 genem
187 2327 350 2364 synodicam
372 2329 535 2357 sententiam
561 2329 739 2364 protulisset;
765 2336 799 2356 an
823 2329 851 2357 id

65 2374 194 2410 Origenes
209 2374 276 2409 ipse,
292 2382 326 2402 an
340 2374 491 2408 Eusebius,
507 2375 659 2403 acerrimus
678 2375 738 2410 ejus
751 2375 851 2411 hyper-

66 2420 177 2455 aspista,
188 2420 340 2448 tacuisset?
353 2420 508 2448 Demetrius
522 2426 628 2456 synodo
637 2425 730 2450 coacta
741 2421 850 2449 decreto

66 2466 190 2498 sancivit,
205 2464 353 2501 Origenem
373 2465 539 2493 Alexandria
558 2465 714 2501 pellendum
728 2473 799 2499 esse,
821 2469 852 2493 ut

67 2511 92 2539 in
111 2511 243 2547 Apologia
260 2511 372 2540 Eu5ebii
389 2511 527 2547 proditum
547 2516 598 2539 est.
616 2511 654 2538 Ex
671 2511 717 2539 illa
732 2512 775 2539 his
789 2519 850 2539 ver—

68 2558 107 2585 his
120 2565 176 2586 rem
192 2563 288 2585 narrat
299 2558 416 2586 Photius
433 2558 495 2586 cod.
511 2557 564 2585 118
578 2566 585 2585 :
602 2558 714 2590 Σύνοδος
726 2557 849 2594 ἀθροίζε-

67 2614 108 2632 ται
132 2606 287 2633 ἐπισκόπων
308 2604 356 2633 και
370 2614 452 2641 τιείων
473 2604 667 2642 πρεσὸυτέρων
686 2604 757 2632 κατὰ
777 2605 849 2640 Ὠρι-

68 2653 172 2687 γὲνους,
190 2659 251 2687 qua:
276 2652 371 2680 minus
392 2656 466 2679 recte
489 2652 524 2679 ab
544 2651 643 2679 ﬂuetio
659 2651 847 2679 exhibentur:

74 2695 183 2731 Synod“
206 2696 281 2731 prior
297 2697 427 2732 episcopis
448 2696 550 2731 aliquot
566 2701 591 2723 et
610 2696 767 2732 presbyteris
786 2705 849 2724 con-

72 2744 129 2778 ﬂata
138 2752 146 2775 ;
166 2751 221 2771 non
243 2744 318 2771 enim
333 2743 387 2770 hoc
399 2742 493 2771 Graeca
508 2744 614 2777 volunt,
630 2744 677 2772 sed
690 2753 696 2771 :
712 2743 849 2780 Synadum

73 2790 248 2824 episcoporum,
264 2795 290 2816 et
304 2789 409 2824 aliquot
421 2788 503 2817 etiam
513 2788 723 2825 presbyterorum
735 2791 846 2823 indicat,

74 2838 131 2870 quod
150 2837 224 2866 aliud
247 2841 309 2870 est;
325 2836 485 2871 episcopos,
504 2837 620 2870 scilicet,
644 2837 728 2865 fuisse
744 2838 848 2873 plures,

74 2883 161 2918 aliquos
175 2889 269 2913 autem
293 2887 322 2911 et
341 2882 528 2917 presbyteros.
553 2882 709 2912 Bi‘ondellus
729 2891 803 2918 vero,
819 2889 849 2911 ut

905 944 1051 978 quemdam
1063 951 1229 974 conventum
1244 947 1385 982 describit,
1400 949 1447 984 qui
1463 951 1617 978 sacerdotio
1629 951 1690 978 Ori-

905 998 1000 1026 genem
1016 991 1144 1025 privavit,
1164 993 1237 1028 quod
1254 994 1332 1028 prius
1349 994 1376 1022 in
1397 996 1503 1031 synodo
1517 996 1619 1024 factum
1635 1006 1690 1025 nou

903 1040 945 1064 est
963 1047 969 1064 :
992 1037 1060 1063 Ἀλλ’
1074 1037 1121 1072 ὅγε
1137 1039 1291 1075 Δημήτριος
1307 1039 1365 1076 ἅμα.
1379 1041 1450 1068 τισὶν
1464 1042 1625 1076 ἐπισκόποις
1643 1044 1689 1071 Al-

904 1082 1028 1117 γυπτίοις
1050 1083 1098 1110 καὶ
1119 1084 1170 1119 τῆς
1194 1085 1344 1121 ἱερωσύνης
1367 1086 1555 1123 ἀπεκήρυξεν,
1583 1089 1685 1124 inquit;

905 1136 997 1157 nonne
1014 1130 1148 1158 minorem
1168 1139 1314 1159 numerum
1330 1133 1522 1169 episcoporum
1537 1135 1564 1163 in
1580 1136 1682 1172 deposi-

904 1174 1006 1202 tionem
1026 1176 1087 1210 ejus
1108 1178 1282 1205 consensisse
1299 1179 1408 1206 innuit?
1429 1186 1458 1208 et
1473 1189 1508 1208 an
1527 1183 1691 1216 pauciorum

903 1226 985 1254 quam
1001 1221 1082 1247 trium
1098 1222 1291 1257 episcoporum
1308 1223 1525 1260 subscriptiones
1541 1227 1691 1262 accepisset

904 1263 1077 1293 Demetrius?
1090 1265 1118 1294 Si
1129 1272 1184 1294 tam
1194 1269 1274 1302 pauci
1284 1268 1311 1295 in
1320 1268 1463 1304 Origenem
1472 1273 1690 1307 consensissent,

903 1310 977 1345 iique
985 1319 1001 1338 a
1013 1310 1149 1339 Demetrio
1159 1317 1290 1348 tanquam
1298 1315 1435 1343 auxiliarii
1445 1317 1551 1345 noviter
1560 1317 1690 1351 instituti,

903 1356 963 1384 sine
988 1357 1071 1385 dubio
1092 1357 1223 1394 Origenes
1238 1359 1297 1394 ipse
1315 1359 1349 1388 de
1372 1361 1502 1397 abrogata
1522 1364 1606 1391 veteri
1623 1372 1691 1393 con-

903 1404 1058 1436 suetudine,
1079 1403 1113 1431 de
1128 1405 1290 1433 auctoritate
1303 1413 1453 1441 paucorum
1468 1409 1691 1445 novitiorumqua

902 1449 1094 1485 episcoporum
1116 1450 1285 1486 disputasset
1299 1462 1305 1480 :
1321 1452 1367 1480 ille
1386 1458 1477 1482 autem
1491 1455 1524 1482 de
1540 1457 1619 1484 novis
1634 1465 1690 1484 non

902 1495 1049 1530 episcopis,
1062 1496 1110 1523 sed
1124 1496 1233 1530 litteris,
1248 1497 1282 1525 de
1296 1499 1486 1534 multitudine,
1502 1508 1557 1528 non
1571 1501 1605 1529 de
1619 1510 1689 1537 pan»

903 1541 986 1569 citate
1000 1549 1106 1575 eorum,
1121 1543 1168 1577 qui
1183 1551 1246 1571 cum
1269 1543 1406 1573 Demetrio
1424 1546 1450 1573 in
1467 1554 1496 1574 se
1514 1548 1689 1583 conspirave-

903 1591 975 1620 rant,
990 1593 1157 1622 conquestus
1170 1593 1212 1616 est
1228 1597 1235 1615 :
1257 1589 1310 1616 Τοῦ
1327 1589 1424 1626 ἐχθροῦ
1446 1592 1596 1627 πικρότατα
1611 1593 1691 1629 ἡμῶν

901 1635 1210 1670 καταπρατευσαμένου
1233 1635 1277 1662 διὰ
1299 1635 1353 1663 τῶν
1370 1637 1471 1665 καινῶν
1491 1638 1573 1665 αὐτοῦ
1596 1648 1689 1675 γραμ-

904 1680 1013 1716 μάτων,
1041 1681 1088 1708 καὶ
1115 1681 1223 1718 ἀληθῶς
1245 1682 1349 1718 ἐχθρῶν
1374 1683 1413 1719 τῷ
1438 1684 1612 1720 Εὐαγγελιῳ,
1641 1685 1689 1714 καὶ

902 1726 1005 1758 πάντας
1026 1726 1090 1758 τοὺς
1115 1727 1144 1753 ὲν
1166 1727 1296 1763 Αἰγύπτῳ
1317 1729 1435 1764 ἀνέμους
1449 1730 1510 1756 καθ’
1525 1731 1602 1766 ἡμῶν
1618 1731 1686 1766 ἐγεῖ-

904 1779 1008 1806 ραντος.
1025 1771 1139 1800 Inimico
1157 1773 1283 1800 adversus
1297 1782 1345 1800 nos
1362 1775 1531 1803 acerbissime
1543 1782 1688 1812 pugnante.

901 1824 948 1850 per
967 1825 1030 1844 sua:
1052 1825 1133 1845 nouas
1156 1817 1260 1845 litteras
1285 1827 1375 1846 revera
1394 1819 1538 1856 Evangelia
1553 1822 1688 1854 inimicas,

902 1869 1040 1898 omnesque
1059 1862 1171 1898 zEgypﬁ
1184 1868 1271 1891 uentos
1286 1864 1411 1892 adversus
1421 1874 1468 1893 nos
1479 1868 1628 1894 concitante
1637 1888 1645 1901 ,
1658 1872 1690 1895 ut

902 1907 960 1942 ipse
973 1908 1007 1936 de
1021 1908 1160 1936 Demetrio
1178 1909 1309 1945 loquitur,
1324 1910 1351 1938 in
1363 1910 1522 1946 praefatione
1537 1913 1603 1940 tomi
1620 1913 1689 1941 sexti

902 1954 930 1980 in
952 1953 1094 1982 Joannem.
1121 1955 1150 1983 Si
1174 1956 1292 1992 denique
1316 1961 1371 1985 tres
1393 1962 1497 1986 tantum
1517 1959 1638 1995 episcopi
1660 1960 1689 1988 in

902 1999 1021 2036 Egypto
1041 2000 1179 2030 Demetrio
1196 2002 1319 2030 auxiliati
1336 2008 1427 2031 essent
1439 2023 1447 2038 ,
1465 2012 1499 2032 an
1520 2005 1688 2041 synodorum

902 2046 1011 2073 illarum
1037 2046 1154 2075 decretis
1169 2048 1354 2076 consensisset
1370 2049 1514 2078 universus
1529 2051 1622 2086 orbis,
1637 2059 1688 2080 ex—

903 2098 981 2128 cepta
990 2092 1149 2126 Palaestina,
1160 2094 1273 2129 Arabia,
1287 2095 1427 2125 Phoenicia
1439 2103 1467 2125 et
1481 2098 1596 2133 Achaia,
1613 2100 1688 2135 quod

902 2142 1018 2166 testatur
1042 2138 1070 2166 S.
1100 2138 1300 2175 Hieronymus?
1320 2139 1380 2168 Non
1400 2146 1443 2169 est
1464 2142 1548 2177 igitur
1561 2143 1685 2176 dubium,

902 2182 967 2217 quin
991 2182 1134 2218 episcopos
1149 2191 1183 2211 ex
1201 2183 1319 2220 Egypto
1335 2185 1469 2220 plurimos
1494 2187 1523 2215 in
1543 2187 1687 2223 Origenem

903 2228 1083 2257 concitaverit
1108 2229 1280 2264 Demetrius;
1308 2239 1390 2266 quem
1414 2233 1517 2261 idcirco
1539 2233 1609 2262 falso
1632 2239 1688 2263 tres

903 2279 1009 2302 tantum
1034 2276 1210 2304 constituisse
1230 2277 1330 2312 tradit,
1351 2279 1428 2306 nullo
1451 2285 1579 2313 auctore,
1601 2280 1687 2318 Euty-

902 2323 1000 2356 chius;
1014 2330 1117 2358 eosque
1132 2323 1160 2351 in
1173 2324 1248 2352 hunc
1267 2325 1356 2360 ipsum
1378 2326 1460 2354 ﬁnem
1475 2328 1642 2356 constitutos
1657 2333 1688 2357 ut

901 2368 1046 2404 Origenem
1057 2370 1206 2405 pellerent,
1231 2370 1305 2406 nulla
1319 2379 1382 2400 cum
1401 2372 1508 2401 ratione
1522 2374 1618 2402 statuit
1629 2374 1687 2402 Sel-

901 2415 998 2443 denus.

936 2469 1070 2498 Pmterea
1087 2475 1196 2500 constat
1216 2480 1250 2500 ex
1274 2472 1389 2508 epistola
1405 2473 1553 2502 Alexandri
1568 2474 1687 2503 Alexan-

901 2517 967 2544 driaa
984 2517 1124 2553 episcopi,
1139 2522 1202 2546 ante
1216 2518 1361 2547 concilium
1384 2519 1523 2548 Nicaanum
1540 2528 1608 2555 pene
1622 2529 1686 2549 cen-

899 2567 958 2590 tum
975 2563 1119 2599 episcopos
1131 2564 1240 2600 zEgypti
1253 2566 1426 2594 consensisse
1438 2567 1464 2593 in
1481 2568 1684 2596 condemnatio-

900 2615 962 2636 nem
982 2608 1040 2636 Arii
1052 2613 1078 2636 et
1090 2609 1245 2644 aliquorum
1261 2610 1343 2637 etiam
1355 2610 1557 2646 episcoporum.
1572 2612 1687 2641 Constat

900 2654 993 2687 etiam,
1011 2662 1152 2689 nunquam
1165 2654 1223 2682 ﬁeri
1235 2656 1402 2683 mentienem
1421 2658 1580 2691 pauciorum
1598 2659 1625 2686 in
1639 2659 1685 2687 illa

900 2699 1013 2727 dioecesi
1028 2699 1220 2733 episcoporum
1233 2699 1371 2734 prioribus
1387 2701 1566 2735 temporibus.
1580 2701 1688 2730 Verisi-

900 2745 1045 2772 millimum
1072 2745 1155 2780 igitur
1183 2750 1244 2778 est,
1271 2753 1326 2772 non
1339 2745 1424 2774 multo
1451 2747 1596 2782 pauciores
1619 2748 1686 2775 olim

900 2791 995 2819 fuisse.
1016 2790 1052 2818 Ut
1065 2791 1098 2818 ad
1110 2798 1141 2818 ea
1152 2795 1276 2826 tempora
1299 2792 1413 2827 propius
1434 2793 1608 2826 accedamus,
1623 2802 1685 2829 qua:

899 2837 1050 2872 Eutychius
1065 2836 1206 2871 indigitat:
1220 2836 1366 2873 Dionysius
1379 2838 1425 2872 qui
1439 2837 1559 2867 Heraclae
1573 2847 1685 2866 sucus

900 2884 935 2911 sit
949 2883 1045 2919 quinto
1059 2883 1233 2919 imperatoris
1249 2883 1376 2919 Philippi,
1389 2892 1435 2913 sex
1449 2885 1529 2912 annis
1544 2889 1606 2914 autc
1622 2884 1686 2912 υνίο
