1866 3073
165 158 216 188 259

661 157 691 184 S.
713 155 886 185 IGNATIUS.
903 153 1224 183 —:PROLEGOMENA.

1733 151 1790 178 2ιο

163 220 239 257 genis
257 224 385 252 mortem,
403 219 447 247 cui
459 222 486 246 et
501 217 618 246 maxime
635 216 710 251 favit,
723 217 792 245 nihil
803 217 836 245 de
848 217 945 244 Deme-
960 221 980 247 Α
996 221 1047 243 tem
1068 223 1116 250 pro
1138 223 1165 242 se
1185 215 1336 250 episcopum
1357 213 1527 241 Alexandriae
1549 213 1684 239 Attianum
1699 218 1709 237 :
1723 211 1789 237 aliis

163 267 208 294 trii
223 270 271 294 aut
282 265 402 293 Heraclae
413 265 565 292 auxiliariis
576 264 660 297 dixit;
674 263 708 291 de
719 263 802 290 variis
812 263 946 298 episcopis

163 312 296 346 loquitur,
316 318 370 338 non
389 315 518 345 tanquam
537 309 626 343 novis,
647 309 693 337 sed
716 314 746 337 ut
765 309 812 336 alii
832 309 866 336 de
888 310 945 336 suis

162 358 253 385 solent
267 357 294 385 in
308 357 426 392 propriis
437 356 612 384 dioecesibus.
630 355 745 390 Scripsit
757 355 790 382 ad
804 355 944 383 Cononem

163 403 414 439 llermopolitanum
435 403 605 438 episcopum,
627 402 661 430 ad
681 402 821 430 Hieracem
841 402 946 436 episco-

162 459 228 487 pum
241 450 440 486 Egyptiacum,
457 449 491 476 ad
508 449 669 477 Ammonem
683 449 827 476 Berenices
841 448 946 483 episco-

162 505 239 533 pum,
259 497 293 525 ad
312 496 457 524 Basilidem
479 495 717 530 Pentapolitanum
736 494 906 530 episcopum,
919 499 947 522 et

163 545 241 572 alios.
259 543 315 571 Sub
334 543 407 570 illius
420 542 580 577 pontiﬁcatu
601 543 629 568 ὲν
646 541 811 568 Πενταπόλει
827 543 877 578 τῆς
890 543 946 570 ἄνω

162 589 265 625 Λιϐύης
278 588 430 624 τηνικαῦτά
449 597 521 620 τινες
544 587 598 614 τῶν
620 588 775 614 ἐπισκόπων
795 588 946 624 ἐφρόνησαν

161 635 196 662 τὰ
218 635 379 667 Σαϐελλίου,
400 634 512 669 quidam
536 635 727 669 episcoporum
755 634 782 661 in
805 634 946 670 Pentapoli

163 681 272 709 Sabellii
286 680 448 709 sententiam
471 680 716 715 amplectebantur,
731 680 840 715 quidam
855 685 945 708 autem

161 727 306 756 orthodoxi
327 735 390 754 eum
409 734 503 755 coram
528 726 657 763 Dionysio
682 727 806 754 Romano
831 734 945 754 accusa-

161 774 227 801 bant
241 782 247 800 :
263 777 342 800 erant
355 772 438 808 igitur
454 779 520 800 tunc
533 773 665 808 temporis
683 773 709 800 in
729 773 870 808 Pentapoli
889 774 947 808 cpi-

161 819 236 854 scopi
254 819 426 854 complures,
449 827 537 854 neque
558 819 716 853 pauciores,
734 820 841 854 opinor,
863 827 945 854 quam

163 865 264 892 ibidem
283 865 356 892 circa
378 864 525 892 Alexandri
548 868 671 899 tempOra
688 865 860 892 exstiterunt.
877 864 945 892 Nam

160 918 223 938 cum
234 915 330 946 postea
345 911 491 938 Palaebisca
511 915 538 938 et
554 909 663 946 Hydrax
674 931 682 944 ,
697 911 750 938 vici
769 910 925 946 Pentapolis
936 932 943 944 ,

161 957 214 985 sibi
227 957 353 992 proprios
372 957 515 992 episcopos
529 957 587 984 ﬁeri
602 961 755 989 curassent,
770 958 804 984 ab
817 958 945 986 omnibus

161 1002 277 1038 Synesio
301 1003 486 1030 renuntiatum
509 1007 552 1030 est
574 1005 688 1038 πάτριον
710 1001 778 1030 εἶναι
807 1003 854 1030 καὶ
878 1004 946 1030 ἀπο-

162 1048 282 1076 στολικδν
304 1048 490 1084 Ἐρυθρῐτιδας
510 1046 578 1075 εἶναι
596 1049 643 1075 καὶ
660 1049 762 1080 ταύτας
778 1048 827 1080 τὰς
847 1049 946 1085 ἐκκλη-

162 1094 238 1127 σίας,
260 1102 291 1122 ea:
309 1095 400 1129 patria
424 1100 448 1121 et
475 1094 621 1128 apostolica
642 1094 808 1122 ordinatione
829 1094 946 1130 Erythro

161 1139 324 1166 contributas
348 1148 403 1167 esse
419 1141 467 1166 has
486 1139 629 1172 Ecclesiae,
645 1139 775 1175 Erythraei
790 1140 872 1175 igitur
889 1141 946 1175 epi-

161 1186 236 1221 scopi
259 1185 476 1221 jurisdictionem
506 1186 654 1213 secundum
683 1193 786 1213 morem
818 1185 947 1214 Ecclesiae

162 1232 329 1268 Egyptiacaa
353 1232 385 1258 ad
413 1232 561 1267 apostolica
582 1236 703 1267 tempora
724 1232 891 1260 referebant.
913 1233 947 1262 Et

161 1277 283 1306 Siderius
300 1277 453 1305 Pabebisca:
471 1277 613 1313 episcopus
624 1299 632 1311 ,
657 1279 760 1306 nemini
785 1280 945 1313 succedens,

161 1326 221 1353 sine
232 1330 391 1352 successore
400 1328 524 1351 mortuus
537 1328 594 1357 est;
608 1331 671 1351 nam
683 1324 792 1352 decreto
802 1324 945 1360 Theophili

161 1369 283 1404 episcopi
302 1368 480 1396 Alexandrini
501 1378 508 1396 :
532 1369 702 1396 Παλαίὸισκα
723 1370 769 1397 καὶ
786 1370 888 1406 ’Υδραξ
906 1373 947 1404 εἰς

160 1415 210 1451 τὴν
223 1414 338 1451 ἀρχαίαν
353 1413 429 1446 τάξιν
442 1413 604 1450 ἐτάχθησαν,
617 1415 663 1441 καὶ
683 1415 751 1450 πρὸς
766 1415 796 1441 τὸ
819 1415 946 1452 Ἐρυθρδν

161 1461 362 1497 ἀνελήφθησαν,
377 1460 528 1488 Paltebisca
542 1465 566 1488 et
584 1460 697 1495 Hydram
710 1462 737 1488 in
755 1462 892 1497 antiquum
904 1470 947 1489 or-

162 1507 250 1534 dinem
267 1506 393 1539 redacta,
411 1511 435 1533 et
451 1506 565 1541 Erythro
585 1507 751 1534 contributae.
772 1506 845 1535 Idem
864 1509 945 1535 etiam

160 1552 307 1589 Dionysius
330 1556 434 1583 narrat.
460 1552 665 1579 Chaeremonem
689 1552 848 1587 episcopum
872 1551 942 1586 Nili,
959 1566 979 1594 ο

160 1599 324 1635 ὕπεργήρων
349 1603 467 1625 extrema
486 1602 633 1631 senectute,
658 1602 733 1625 mota
757 1598 945 1632 persecutione

160 1645 189 1672 in
202 1643 331 1671 Arabiam
343 1650 405 1671 cum
422 1642 538 1677 conjuge
549 1649 599 1669 sua
613 1643 779 1676 secessisse;
793 1650 874 1677 quem
886 1650 945 1670 cre-

160 1690 244 1718 dibile
256 1694 299 1718 est
311 1690 403 1718 sedem
420 1696 480 1716 eam
499 1688 620 1716 tenuisse
635 1693 781 1723 antequam
793 1688 944 1717 Demetrius

161 1736 321 1764 auxiliarios
341 1735 473 1763 adversus
495 1733 641 1769 Origenem
663 1734 716 1761 sibi
738 1734 871 1769 adjunxit.
888 1734 944 1762 Ιιιιο

160 1781 231 1807 duos
252 1779 339 1807 libros
362 1779 400 1806 De
419 1779 637 1813 pramissionibus
660 1779 769 1814 scripsit
791 1785 945 1807 commotus

161 1826 233 1854 libro
254 1825 366 1860 Nepotis
392 1825 512 1861 Egyptii
538 1825 734 1861 episcopi,qui
749 1825 944 1854 Chiliastarum

161 1871 314 1899 doctrinam
336 1871 574 1907 promulgaverat,
591 1875 619 1899 et
633 1871 795 1907 jampridem
818 1876 944 1900 mortuus

162 1917 263 1945 fuerat.
278 1916 366 1952 Nepos
380 1917 425 1944 hic
435 1917 545 1952 reliquit
555 1917 749 1950 Psalmodiam,
794 1918 873 1954 μέχρι
886 1918 943 1951 νῦν,

162 1963 250 1998 inquit
264 1962 410 1998 Dionysius
429 1964 500 1998 apud
519 1962 618 1991 Euseb.
640 1963 659 1990 l.
674 1971 722 1997 vu,
735 1972 760 1992 c.
781 1964 833 1998 25,
853 1964 945 1991 πολλοὶ

160 2009 215 2036 τῶν
231 2009 352 2044 ἀδελφῶν
377 2009 568 2045 εὐθυμοῦνται.
590 2008 657 2037 Illud
672 2014 762 2037 autem
786 2010 866 2046 μέχρι
885 2010 944 2048 νῦν¹

161 2062 244 2091 usque
255 2055 289 2081 ad
306 2055 354 2082 hoc
371 2060 482 2090 tempus,
495 2063 548 2083 non
565 2056 663 2083 modici
676 2056 807 2091 temporis
819 2057 946 2084 interval-

161 2101 218 2128 lum
235 2105 322 2128 notat.
338 2100 409 2128 Idem
425 2109 542 2128 rursus:
558 2101 625 2128 Cum
643 2102 672 2128 in
690 2102 855 2129 Arsinoitica
874 2110 945 2136 prce-

163 2146 265 2181 fectura
283 2153 378 2179 essent,
395 2145 458 2172 ἔνθα
475 2146 529 2182 πρὸ
545 2145 641 2172 πολλοῦ
658 2145 737 2172 τοῦτο
753 2146 903 2178 ἐπεπόλαζε
915 2147 946 2173 τὸ

161 2193 259 2228 δόγμα,
275 2193 302 2219 in
315 2200 367 2228 qua
378 2192 539 2227 jampridem
557 2192 685 2219 increbuit
699 2192 753 2219 hwe
770 2192 858 2227 opinio
873 2200 882 2220 :
899 2192 944 2220 ubi

999 270 1099 297 quoque
1113 261 1239 288 Ecclesiis
1251 261 1326 295 longe
1343 260 1445 295 lateque
1454 261 1597 295 episcopos,
1610 258 1789 294 presbyteros.

996 308 1120 334 diaconos
1129 307 1246 334 dederat.
1261 306 1288 333 In
1306 306 1458 342 Synaxario
1474 306 1568 333 Graeco
1578 305 1607 332 S.
1618 304 1727 331 Marcus
1739 304 1790 330 (lc-

996 354 1126 381 scribitur
1164 353 1300 388 πανταχοῦ
1318 352 1541 388 θαυματουργῶν,
1555 352 1601 379 καὶ
1609 352 1659 383 τὰς
1667 349 1788 386 Χριστοῦ

996 399 1141 436 ἐκκλησίας
1148 399 1328 435 κατακοσμῶν
1336 400 1512 436 χειροτονίαις
1518 399 1672 425 ἐπισκόπων
1680 398 1727 425 καὶ
1733 398 1789 424 τῶν

995 444 1095 472 λοιπῶν
1111 445 1258 480 κληρικῶν.
1269 444 1435 479 Nicephorus
1458 444 1587 472 Callistus
1596 444 1644 471 lib.
1656 452 1686 476 II,
1695 451 1720 471 c.
1730 443 1767 471 ιδ
1780 452 1788 470 :

997 492 1041 518 Ἐν
1049 492 1162 528 Κυρήνῃ
1172 500 1201 518 τε
1213 491 1259 518 καὶ
1270 491 1435 518 Πενταπόλει
1442 491 1526 518 πολλὰ
1537 491 1584 518 καὶ
1595 491 1696 526 ἄπειρα
1704 491 1790 526 ἐργα-

997 537 1113 572 σάμενος
1124 558 1131 570 ,
1149 537 1196 563 καὶ
1212 537 1360 572 ἐκκλησίας
1373 538 1587 573 ἀνοικοδομήσας
1598 558 1605 570 ,
1623 539 1741 575 κλήρους
1757 547 1790 565 τε

997 583 1042 610 καὶ
1059 584 1224 615 ἐπισκόπους
1239 584 1285 611 καὶ
1305 584 1389 611 τᾶλλα
1402 585 1595 620 προσηκόντως
1610 585 1791 621 διενεργήσας

996 630 1035 661 εἰς
1050 629 1099 665 τὴν
1123 629 1325 665 Ἀλεξάνδρειαν
1343 629 1424 657 πάλιν
1440 630 1589 657 ἐπάνεισιν.
1607 630 1671 659 Haec
1687 632 1788 659 Graeci.

999 675 1058 702 Vita
1083 675 1112 702 ὃ.
1137 674 1221 702 Marci
1246 683 1279 702 ex
1305 675 1498 710 antiquissimo
1523 676 1618 704 codice
1645 682 1709 705 ante
1735 678 1791 704 100

996 728 1085 749 annos
1106 721 1242 755 descripta
1260 730 1266 747 :
1282 720 1382 748 Beatus
1401 727 1489 748 autem
1510 721 1617 749 Marcus
1634 723 1787 749 Anizannm

996 767 1166 794 Alexandria:
1179 767 1312 794 ordinavit
1325 768 1487 803 episcopum,
1505 773 1529 795 et
1542 773 1593 796 tres
1609 769 1787 804 presbyteros,

996 814 1024 840 id
1036 818 1073 841 est
1083 814 1203 848 Melium,
1218 814 1347 842 Sabinum
1364 820 1389 842 et
1410 814 1565 848 Cerdonem,
1579 821 1604 842 et
1616 821 1714 850 septem
1726 817 1790 842 a'ia-

997 867 1086 892 conos,
1098 864 1122 887 et
1133 860 1201 887 alios
1213 861 1333 887 undecim
1345 861 1380 887 ad
1391 861 1597 888 ecclesiasticum
1609 862 1787 889 ministerium

997 906 1167 940 pertinentes.
1196 906 1231 933 Et
1245 907 1412 942 Pentapolim
1426 908 1520 942 pergit.
1531 927 1538 935 .
1550 928 1557 935 .
1568 928 1574 934 .
1585 928 1592 935 .
1614 913 1640 935 et
1659 909 1788 936 ordinans

995 953 1130 988 episcopos
1142 962 1188 988 per
1198 954 1316 989 regiones
1325 953 1385 981 illas
1396 958 1420 980 et
1432 954 1551 987 clericos,
1564 955 1660 981 iterum
1668 955 1786 982 Alexan-

996 998 1084 1025 driam
1099 999 1178 1026 venit.
1222 999 1352 1027 Rabanus
1372 999 1483 1027 Maurus
1498 1000 1591 1027 eadem
1614 1008 1676 1028 cum
1703 1000 1788 1028 Meta-

995 1045 1107 1080 pbraste
1122 1046 1214 1079 tradit,
1228 1050 1258 1073 ut
1271 1050 1298 1073 et
1312 1045 1458 1078 Notkerus,
1477 1051 1503 1074 ct
1525 1046 1645 1074 Alfricus
1662 1047 1784 1074 Cantua-

995 1091 1096 1119 riensis
1109 1092 1265 1126 episcopus,
1278 1097 1305 1120 et
1319 1091 1465 1120 0rdericus
1476 1091 1582 1120 Vitalis.
1598 1092 1670 1120 Inter
1681 1093 1787 1121 Arabas

995 1136 1220 1172 Martyrologium
1243 1137 1455 1165 Mclchitarum:
1479 1137 1644 1172 Aliquandiu
1666 1143 1785 1165 moratus

996 1187 1035 1209 est
1064 1183 1169 1211 Marcus
1189 1183 1217 1210 in
1242 1183 1305 1210 urbe
1325 1183 1424 1218 Cyrene
1449 1183 1652 1218 Cyrenwarum,
1675 1185 1785 1220 indeque

996 1227 1189 1255 Alexandriam
1211 1236 1270 1263 qua:
1290 1229 1361 1263 apud
1375 1228 1495 1256 Pharum
1508 1235 1557 1261 est,
1572 1231 1689 1264 perrexit
1702 1238 1712 1257 :
1725 1231 1786 1257 dein

996 1273 1024 1299 in
1037 1273 1152 1299 Baream
1170 1274 1303 1308 profectus
1316 1279 1371 1306 est,
1385 1274 1520 1310 multaque
1538 1275 1621 1302 edidit
1644 1276 1786 1309 miracula,

996 1323 1020 1346 et
1037 1319 1135 1346 Christi
1155 1319 1279 1346 ecclesias
1297 1321 1445 1352 exornavit,
1461 1321 1623 1348 constituens
1635 1321 1673 1348 eis
1684 1322 1785 1355 episeo—

996 1373 1054 1400 pos,
1075 1370 1154 1400 atque
1173 1365 1214 1394 his
1232 1366 1369 1400 inferiores
1384 1366 1543 1394 sacerdotes.
1564 1366 1599 1393 Et
1614 1366 1732 1394 Severus
1748 1367 1785 1394 De

1002 1410 1069 1438 Vitis
1096 1411 1311 1446 patriarcharum
1340 1412 1583 1439 Alexandrinorum
1605 1421 1614 1440 :
1641 1412 1703 1447 Ipse
1727 1421 1786 1440 vero

995 1457 1129 1484 discedens
1145 1457 1304 1492 Pentapolin
1324 1458 1456 1492 perrexit,
1474 1457 1620 1493 mansitque
1642 1458 1680 1484 ibi
1702 1466 1786 1484 amics

997 1503 1073 1535 duos,
1088 1504 1250 1530 annuntians
1265 1509 1290 1531 et
1305 1504 1433 1530 ordinans
1449 1503 1594 1538 episcopos,
1608 1504 1785 1538 presbyteros,

997 1555 1019 1576 et
1034 1550 1158 1577 diaconos
1172 1551 1200 1577 in
1211 1550 1330 1577 omnibus
1348 1550 1405 1585 ejus
1423 1551 1574 1585 provinciis.
1592 1549 1623 1577 Ut
1639 1551 1730 1577 videre
1745 1555 1786 1578 est

996 1597 1067 1631 apud
1082 1596 1294 1624 Ecchcllenscm.
1311 1595 1420 1623 Nullqu
1436 1596 1519 1632 igitur
1534 1595 1712 1632 Eutychiana:
1724 1600 1781 1623 tra-

995 1641 1107 1669 ditionis
1122 1641 1329 1669 fundamentum
1342 1646 1391 1669 est.

1031 1687 1195 1722 Respondeo
1209 1693 1319 1722 quarto,
1337 1696 1370 1716 ne
1385 1687 1546 1723 Eutychium
1566 1688 1676 1723 quidem
1696 1688 1786 1723 ipsum

995 1733 1067 1761 hanc
1080 1733 1250 1760 bistoriolam
1272 1738 1401 1768 tanquam
1417 1734 1588 1761 traditionem
1603 1742 1618 1760 a
1634 1733 1786 1768 majoribus

995 1783 1134 1813 acceptam
1152 1778 1263 1811 referre,
1278 1779 1325 1806 sed
1345 1779 1416 1805 velut
1432 1779 1593 1813 quaestionis
1612 1778 1723 1806 Criticze
1737 1783 1785 1805 aut

995 1823 1179 1859 Philologicae,
1194 1824 1265 1859 apud
1279 1824 1383 1851 Arabas
1399 1824 1441 1851 sui
1460 1824 1590 1858 temporis
1605 1824 1724 1858 agitatae,
1741 1831 1786 1850 so-

996 1869 1126 1897 lutionem
1142 1870 1169 1897 in
1183 1870 1314 1897 honorem
1335 1869 1464 1897 Ecclesia
1475 1878 1533 1897 sua:
1549 1869 1658 1897 factam.
1680 1870 1783 1897 Arabes

996 1917 1069 1943 enim
1084 1917 1224 1951 putabant,
1243 1921 1290 1943 aut
1306 1916 1395 1951 putari
1408 1916 1564 1948 voluerunt,
1581 1924 1682 1943 nomen
1697 1923 1782 1950 papaz,

997 1970 1046 1990 sua
1063 1967 1141 1990 mtate
1152 1962 1271 1997 pontiﬁci
1284 1961 1409 1990 Romano
1422 1962 1596 1999 peculiariter
1609 1962 1782 1993 attributum,

997 2009 1086 2044 primo
1104 2008 1188 2035 fuisse
1206 2008 1399 2035 Alexandrinis
1420 2008 1556 2043 episcopis
1584 2007 1696 2040 datum,
1720 2011 1747 2034 et
1768 2015 1784 2034 a

996 2055 1097 2089 populo
1114 2053 1275 2089 [Egyptiaco
1287 2058 1460 2089 usurpatum,
1477 2059 1505 2081 et
1519 2054 1554 2081 ab
1571 2054 1624 2081 illis
1636 2054 1670 2080 ad
1683 2052 1786 2081 Roma-

997 2107 1048 2128 nos
1063 2101 1205 2135 pontiﬁces
1216 2100 1386 2132 devolutum,
1405 2105 1434 2127 ut
1451 2101 1562 2128 tradunt
1580 2100 1717 2135 Georgius
1732 2099 1787 2126 Ho-

997 2146 1116 2173 maidius
1141 2150 1168 2173 et
1178 2146 1338 2174 Abubacrus
1352 2145 1523 2174 liabbasides
1537 2146 1608 2182 apud
1624 2145 1786 2173 Euchellen-

998 2200 1065 2220 sem.
1080 2192 1148 2219 Cum
1163 2192 1244 2227 igitur
1259 2199 1274 2219 a
1288 2191 1391 2220 Graecis
1401 2193 1499 2220 eruditi
1515 2193 1708 2227 intelligerent,
1722 2199 1784 2218 eum

162 2237 229 2265 illud
245 2237 300 2273 πρὸ
316 2236 428 2270 πολλοῦ,
444 2237 501 2264 sive
511 2237 681 2272 jampridem,
695 2245 750 2264 non
765 2242 854 2273 potest
864 2238 943 2265 intel-
959 2236 981 2265 D
995 2238 1103 2265 titulum
1115 2238 1204 2273 primo
1216 2238 1433 2273 patriarcharum
1441 2239 1687 2265 Alexandrinorum
1704 2237 1787 2264 Hera-

161 2282 208 2318 ligi
221 2283 255 2310 de
273 2283 406 2310 sententia
425 2290 511 2317 nuper
523 2288 591 2313 orta,
608 2283 655 2311 sed
669 2288 776 2310 vetusta
797 2287 824 2311 et
843 2284 947 2310 invete-

162 2333 233 2361 rata,
248 2336 310 2363 qua:
330 2332 420 2354 tamen
439 2328 533 2355 relicto
547 2336 562 2355 a
579 2327 688 2367 Nepote
702 2329 773 2355 libro
797 2330 945 2356 nitebatur.

163 2374 215 2402 Diu
237 2375 329 2410 itaque
347 2378 473 2402 mortuus
496 2378 540 2401 est
558 2373 645 2409 Nepos
666 2375 811 2409 episcopus
829 2376 879 2411 τῆς
901 2376 947 2402 Αἰ-

162 2421 267 2455 γύπτου
279 2425 342 2448 ante
356 2421 543 2455 pontiﬁcatum
555 2420 688 2455 Dionysii,
699 2421 843 2456 episcopus
854 2426 946 2449 autem

162 2466 252 2495 tactus
269 2467 316 2494 diu
330 2471 393 2493 ante
408 2465 538 2493 Demetrii
552 2466 723 2494 auxiliarios.

198 2513 322 2548 Denique
336 2512 447 2540 traditio
465 2512 530 2544 illa,
551 2512 585 2540 de
606 2512 692 2540 tribus
711 2512 846 2548 episcopis
859 2521 874 2540 a
894 2513 946 2541 De-

163 2559 262 2586 metrio
287 2559 377 2594 primo
394 2559 421 2585 in
444 2557 561 2593 Egypto
588 2558 676 2589 factis.
700 2558 828 2586 omnibus
844 2558 946 2587 Graecis

161 2609 246 2640 atque
263 2604 368 2632 Latinis
386 2604 477 2638 ignota
498 2603 550 2631 fuit
564 2612 570 2630 :
585 2604 695 2631 traditio
711 2608 801 2631 autem
819 2605 858 2632 illi
880 2613 946 2632 cun-

163 2651 258 2684 traria,
273 2650 307 2678 dc
320 2651 454 2686 episcopis
472 2658 488 2678 a
509 2649 537 2678 S.
557 2649 649 2677 Marco
663 2650 689 2677 in
703 2650 863 2686 Egyptiaca
878 2650 947 2678 dite-

162 2704 219 2726 cest
236 2697 368 2725 institutis
380 2702 407 2724 et
417 2696 519 2725 Graecis
539 2701 567 2724 et
585 2696 699 2729 Latinis,
712 2701 795 2730 atquc
809 2696 946 2725 Arabibus

163 2747 227 2770 uota
242 2742 304 2771 fuit.
320 2743 429 2771 Simeon
445 2742 643 2777 Metaphrastes
654 2743 687 2770 de
699 2742 728 2770 S.
745 2742 837 2770 Marco
853 2751 860 2770 :
877 2742 947 2769 Con.

164 2790 251 2817 stituit
262 2794 287 2817 et
301 2790 465 2824 conﬁrmavit
485 2789 609 2816 ecclesias
622 2797 669 2823 per
683 2789 791 2824 Libyam
803 2809 810 2822 ,
827 2789 946 2816 Marma-

163 2835 258 2867 ricam,
277 2835 487 2868 Ammaniacam,
501 2834 676 2869 Pentapolim,
691 2833 947 2867 Alexandriam,"lo—

162 2888 243 2916 caque
254 2888 313 2916 qua
327 2880 461 2908 Bucolica
474 2880 687 2908 dicebantur.....
704 2879 879 2909 Ordinat'erat
898 2887 946 2906 au-

998 2283 1046 2310 cltc
1059 2283 1219 2310 attributum
1235 2283 1330 2315 fuisse,
1354 2291 1368 2310 a
1392 2282 1539 2319 Dionysio,
1560 2283 1663 2310 scilicet
1691 2284 1786 2318 (quem

998 2331 1157 2364 scriptorem
1173 2334 1252 2356 vocat
1268 2329 1432 2364 Eutychius;
1450 2329 1553 2356 nullius
1569 2329 1642 2355 enim
1663 2328 1786 2356 Alexan-

997 2375 1069 2402 drini
1087 2375 1207 2410 episcopi
1220 2379 1283 2402 ante
1301 2383 1362 2402 eum
1378 2375 1477 2410 scripta
1499 2373 1667 2408 exstabant),
1687 2374 1737 2409 qui
1760 2375 1786 2400 in

996 2422 1110 2456 epistola
1136 2421 1168 2448 ad
1193 2421 1380 2449 Philemonem
1404 2422 1462 2448 haec
1486 2421 1660 2448 tradiderat:
1683 2421 1787 2447 Τοῦτον

996 2465 1051 2500 ἐγὼ
1067 2466 1111 2493 τὸν
1128 2467 1227 2493 κανόνα
1248 2467 1294 2493 καὶ
1316 2467 1361 2493 τὸν
1376 2466 1461 2493 τύπον
1485 2466 1560 2502 παρὰ
1578 2465 1624 2492 τοῦ
1647 2467 1785 2503 μακαρίου

997 2513 1076 2539 πάπα
1092 2512 1170 2548 ἡμῶν
1192 2512 1314 2548 Ἡρακλᾶ.
1329 2512 1493 2549 παρέλαϐον.
1507 2512 1585 2539 Hanc
1601 2520 1647 2547 ego
1667 2513 1786 2547 regulam

997 2567 1029 2584 ac
1044 2559 1158 2591 [orntum
1169 2567 1186 2585 a
1198 2558 1272 2585 beato
1283 2566 1352 2593 papa
1366 2563 1455 2586 nostra
1467 2558 1583 2586 Heracla
1595 2559 1684 2593 accepi
1696 2567 1707 2591 ,'
1724 2568 1785 2587 cum

998 2605 1065 2637 haec,
1082 2605 1205 2640 inquam,
1217 2612 1232 2632 a
1245 2604 1347 2632 Graecis
1362 2605 1545 2640 accepissent,
1562 2605 1698 2632 rationem
1708 2613 1788 2632 exco-

997 2651 1128 2685 gitarunt,
1143 2658 1228 2686 quare
1248 2651 1294 2679 hic
1304 2650 1426 2679 Heracla;
1440 2651 1612 2685 potissimum
1629 2650 1729 2678 titulus
1745 2657 1786 2678 at-

998 2695 1177 2728 tribueretur;
1191 2701 1218 2722 et
1233 2703 1295 2723 cum
1311 2703 1405 2724 vocem
1421 2696 1515 2723 πάπαν
1530 2695 1563 2721 ad
1578 2694 1690 2720 πάππον
1708 2695 1786 2723 incli-

997 2749 1062 2769 nare
1080 2743 1219 2775 viderent,
1243 2751 1340 2778 tneque
1362 2743 1434 2771 enim
1454 2743 1567 2770 deerant
1587 2741 1706 2769 Graeculi
1737 2742 1784 2778 qui

996 2788 1077 2815 etiam
1092 2788 1156 2815 illuc
1173 2789 1328 2821 traherent,
1345 2789 1443 2815 miram
1459 2787 1529 2815 hanc
1544 2788 1688 2815 historiam
1704 2796 1785 2816 exco-

996 2833 1126 2868 gitarunt,
1139 2841 1193 2869 qua
1209 2842 1263 2861 non
1280 2835 1332 2862 sub
1344 2833 1471 2862 Demetrii
1487 2837 1620 2868 tempore,
1637 2834 1686 2861 scd
1702 2833 1786 2860 Hera-

996 2880 1054 2914 claa,
1067 2880 1197 2916 populum
1205 2880 1272 2909 illud
1283 2881 1430 2909 discrimen
1439 2881 1508 2909 inter
1519 2880 1664 2913 episcopos
1673 2878 1787 2913 Eqvpti
