1866 3073
77 170 127 198 231

445 172 472 201 J.
492 173 673 203 PEARSONII
694 175 852 204 V’INDICIE
868 176 1078 207 lGNATIANA-I.
1093 195 1129 201 -—
1146 179 1235 208 PARS
1254 180 1275 208 Ι.

1658 183 1712 213 ιιι

78 237 164 264 nuper
175 228 337 264 institutos,
350 234 379 257 et
394 230 610 259 Alexandrinum
622 233 807 267 patriarcham
823 234 880 262 ani-
893 237 916 266 Α
930 234 1247 272 chare;alloquiturenim
1256 235 1330 271 φίλον
1338 236 1450 273 πατέρα.
1459 236 1586 274 Helyclm
1595 237 1712 273 nam,

79 276 261 304 madvertisse
268 277 468 311 ostendant,ut
476 283 567 313 postea
576 279 713 314 vulgarem
720 281 878 316 episcopum

81 321 159 353 abba,
177 322 373 356 patriarcham
390 332 500 358 papam,
514 325 540 352 id
551 329 594 353 est
607 333 683 353 auum
701 327 877 362 appellarent,

81 367 212 402 quoniam
227 367 284 403 ipsi
296 369 421 404 episcopi
435 371 617 404 patriarcbam
629 371 725 399 obbam
738 377 876 400 vocarent.

81 412 143 441 Hac
158 421 226 442 vera
252 422 318 443 esse
343 415 386 443 vel
409 416 473 444 inde
494 417 583 452 primo
605 419 778 453 perspicitur,
802 419 877 454 quod

80 458 236 495 Eutychius
262 469 321 489 non
343 467 504 497 perpetuam
527 465 711 492 narrationem
728 469 811 497 texat,
829 470 877 493 aut

80 507 228 534 historiam
260 507 296 535 de
329 508 501 536 institutione
532 510 721 545 episcoporum
751 511 876 540 electioni

80 552 311 588 presbyterorum
332 553 488 582 immediate
509 555 670 591 subjungat,
687 557 733 585 sed
748 559 876 592 quaestio-

80 606 142 626 nem
156 599 248 627 obiter
264 599 387 633 inserat,
404 608 488 636 quare
502 602 655 636 patriarcha
674 602 875 632 Alexandrinus

79 644 170 672 dictus
185 645 225 672 sit
245 645 339 680 papa?
354 644 443 679 Quam
467 646 576 681 quidem
594 648 772 682 quaestionem
793 649 875 677 dissi-

79 691 167 718 mulat
184 690 324 719 Seldeuus
336 711 344 724 ,
361 696 391 719 ut
406 697 533 728 tanquam
555 698 659 729 partem
674 694 774 728 prioris
787 694 874 723 histo-

79 737 126 764 ria:
147 738 335 772 posteriorem
355 739 474 767 inducat.
497 739 535 767 Ita
559 740 631 768 enim
653 739 814 776 Eutychium
830 742 871 770 lo-

79 787 210 817 quentem
226 789 408 818 representat
425 794 431 812 :
451 784 479 812 Is
492 786 573 812 etiam
587 786 696 820 (nempe
708 786 871 823 Alexander)

77 829 154 863 petiit
164 829 199 856 ab
218 830 270 861 eis,
291 837 323 856 ne
341 829 496 863 patriarcha
512 830 710 858 Alexandrinus
721 840 790 866 papa
802 832 872 859 voci-

28 891 30 902 ›
77 879 192 908 teretur,
220 875 294 910 quod
318 876 454 910 significat
475 884 562 903 avum.
580 876 619 904 lta
638 877 719 905 vertit
743 878 817 912 petiit
837 877 869 905 ab

76 921 123 952 eis,
143 926 169 949 et
185 929 222 949 ex
237 922 295 949 alio
309 922 406 949 codice
421 922 489 948 dixit
505 922 546 949 vel
565 923 719 950 mandatum
737 923 809 950 dedit
821 924 869 957 eis,

75 975 107 994 ac
123 968 147 994 si
166 968 324 995 decreverit
345 967 508 999 Alexander,
534 975 567 995 ne
585 969 698 1003 posthac
715 969 870 1003 patriarcha

75 1013 283 1052 Alexandrinus
291 1021 361 1048 papa
371 1013 519 1041 diceretur.
528 1013 595 1041 Cum
605 1014 662 1050 ipse
673 1014 826 1042 Alexander
835 1022 869 1042 eo

67 1056 269 1094 .insc'n'omine
286 1067 302 1086 a
325 1059 382 1087 suis
401 1059 483 1094 vulgo
502 1059 703 1095 indigitaretur.
724 1059 868 1096 Inscriptio

72 1105 197 1139 epistula:
212 1106 286 1140 apud
300 1104 481 1132 Athanasium
493 1105 563 1133 libro
577 1105 615 1132 De
627 1106 735 1140 synodis
749 1114 758 1133 :
772 1107 868 1134 Μακα-

74 1151 123 1186 ρίῳ
145 1150 229 1186 πάπςι
246 1150 481 1186 ὲπισκόπῳὴμῶν
498 1149 662 1187 Ἀλεξάνδρῳ
677 1152 701 1178 οἱ
719 1150 868 1187 πρεσὸύτε-

74 1205 114 1232 ροι
127 1198 175 1224 καί
192 1199 218 1224 οἱ
235 1197 355 1224 διάκονοι
367 1197 396 1224 ὲν
407 1197 502 1233 Κυρίῳ
512 1197 627 1233 χαίρειν.
645 1197 734 1225 Prima
747 1198 868 1233 epistolae

73 1243 211 1270 sententia
230 1251 237 1270 :
263 1243 296 1270 Ἡ
313 1243 404 1275 πίστις
421 1242 499 1279 ἡμῶν
515 1244 532 1279 ἡ
549 1244 581 1271 ὲκ
597 1244 753 1279 προγόνων,
770 1245 804 1281 ἢν
820 1244 866 1272 καὶ

73 1289 126 1315 ἀπὸ
142 1288 192 1316 σοῦ
212 1289 415 1326 μεμαθήκαμεν
425 1310 432 1322 ,
451 1289 568 1325 μακάριε
584 1290 680 1321 πάπα,
697 1290 770 1317 ἐστὶν
786 1291 864 1327 αὕτη.

74 1334 106 1362 Et
119 1336 148 1362 in
167 1343 287 1371 corpore
304 1336 443 1371 epistolae,
459 1336 497 1368 ὡς
513 1337 559 1364 καὶ
576 1336 609 1363 σὺ
625 1336 706 1368 αὐτὸς
717 1357 725 1369 ,
748 1337 865 1373 μακάριε

75 1383 163 1410 eam.
180 1383 351 1411 Athanasius
368 1382 515 1410 Alexandri
527 1390 670 1410 successor
682 1382 865 1411 Alexandrum

75 1436 171 1464 papam
193 1429 317 1461 vocavit,
332 1433 361 1456 et
381 1429 440 1463 ipse
463 1428 497 1456 ab
512 1427 631 1464 lschyra,
648 1428 774 1460 Arsenio,
793 1429 865 1457 Con-

76 1475 178 1502 stantio
208 1475 302 1507 πάπας
327 1479 444 1502 vocatus
464 1480 515 1502 est.
542 1474 595 1502 Sed
617 1475 689 1502 hanc
710 1475 864 1503 versionem

76 1522 141 1549 satis
152 1522 301 1557 exagitavit
313 1521 509 1549 Ecchellcnsis.
522 1520 702 1550 Doctissimus
711 1521 864 1551 Pocockius

929 282 1121 318 προσφώνησις
1144 283 1237 315 παιδὸς
1258 284 1325 320 πρὸς
1340 284 1455 321 πατέρα.
1477 283 1606 312 Prima!"
1628 286 1711 321 igitur

928 327 1091 361 signiﬁcatio
1116 328 1163 355 τοῦ
1180 328 1298 362 πάπας,
1314 330 1356 357 vel
1377 330 1481 364 poetice
1506 329 1641 364 πάπκας,
1666 335 1711 359 est

925 376 1010 405 pater.
1043 373 1116 401 ldcm
1144 375 1225 402 etiam
1245 376 1357 403 verbum
1374 376 1531 409 παππάζειν
1547 376 1608 404 inde
1623 377 1710 405 dedu-

927 422 1001 445 ctum
1018 423 1133 454 usurpat
1149 419 1295 455 Iliad.,E:

928 475 1005 502 οὐδὲ
1020 476 1048 502 τί
1061 485 1115 511 μιν
1133 477 1237 511 παῖδες
1256 478 1323 504 ποτὶ
1340 479 1464 513 γούνασι
1487 478 1705 509 παππάζουσιν.

963 531 1014 560 Ubi
1037 537 1116 560 vetus
1129 533 1509 568 Schuliastes;lla1:rra't;ouct,
1524 536 1624 563 πάππα
1648 545 1707 571 φω-

924 578 1010 610 νοῦσι,
1023 579 1127 614 πατέρα
1142 579 1264 607 καλοῦσι.
1278 579 1427 616 Hesychius
1440 586 1501 616 post
1515 580 1548 609 ν.
1562 582 1705 619 Παξοῐνης,

924 625 1005 652 habet
1038 625 1220 659 παππάζοιεν,
1257 627 1449 663 παρακαλοῖεν.
1483 627 1536 654 Sed
1561 632 1706 663 utrumque

923 670 1013 697 locum
1028 671 1115 698 obiter
1127 672 1334 700 emaculandum
1349 675 1454 704 censui,
1465 673 1511 708 qui
1521 678 1705 709 postnupcros

921 717 1040 745 editores
1051 717 1140 746 adhuc
1161 718 1188 745 in
1215 719 1313 746 mendo
1327 719 1411 754 jacet.
1430 719 1521 748 Primo
1544 721 1626 755 igitur
1648 720 1705 747 Ila.-

921 761 1022 798 ζοίνης,
1039 763 1063 790 οἱ
1079 765 1139 791 κατ’
1168 764 1292 799 Ἰταλίαν,
1312 765 1455 793 manifeste
1477 771 1604 800 corrupta
1624 771 1703 799 sunt,

921 814 948 836 et
963 810 1048 838 series
1073 810 1225 839 litterarum
1250 819 1299 846 pro
1321 811 1338 844 ζ
1359 813 1479 847 postulat
1503 812 1527 845 ξ.
1551 813 1596 840 Sic
1622 813 1705 849 igitur

920 855 994 891 legas
1015 865 1022 883 :
1049 856 1143 890 Παξοὶ,
1169 858 1244 893 νῆσοι
1270 858 1330 885 κατ’
1357 858 1480 890 Ἰταλίαν,
1499 857 1594 890 Pas-te,
1611 856 1705 883 insula

885 913 906 941 Β
920 911 1000 938 prope
1012 902 1133 930 Italiam.
1163 903 1198 930 De
1212 902 1310 938 quibus
1327 901 1428 930 Plinius
1444 902 1462 929 l.
1478 910 1515 934 tv,
1527 909 1551 930 c.
1566 900 1703 930 θεοίνια

919 955 977 974 eam
989 947 1102 983 aliquot,
1119 948 1164 975 sed
1187 948 1221 974 ad
1245 947 1356 974 Italiam
1378 956 1484 982 vergens
1511 947 1653 979 Tltorones,
1667 947 1701 973 ad

919 992 1078 1020 Leucadiam
1094 993 1178 1020 Pam:
1199 994 1269 1027 dum,
1285 994 1399 1028 quinque
1414 993 1452 1020 Μ.
1463 992 1584 1019 discreta:
1602 1000 1618 1018 a
1635 991 1702 1019 Cor-

918 1048 992 1074 cyra.
1009 1038 1046 1066 De
1060 1039 1161 1074 quibus
1174 1041 1254 1067 etiam
1272 1039 1400 1075 Polybius
1420 1037 1639 1074 intelligendus].
1656 1045 1675 1064 ιι
1693 1047 1699 1065 :

918 1085 1065 1112 Συνέσαλον
1079 1088 1136 1118 τοῖς
1156 1086 1210 1113 τῶν
1234 1086 1348 1122 Ἀχαιῶν
1365 1086 1478 1120 σκάφεσι
1495 1086 1559 1121 περὶ
1577 1085 1639 1116 τοὺς
1653 1093 1704 1112 κα-

918 1130 1062 1166 λουμένους
1077 1131 1237 1164 Παξούς,νε1
1249 1132 1329 1166 forte,
1347 1131 1396 1163 τὰς
1405 1131 1573 1166 καλουμένας
1585 1129 1700 1162 Παξούς.

918 1176 1043 1204 Secundo
1066 1185 1116 1212 pro
1141 1178 1323 1210 παππάζοιεν,
1341 1177 1534 1214 παρακαλοίεν,
1557 1176 1700 1212 legendum

916 1222 1007 1257 quivis
1022 1223 1113 1250 statim
1130 1223 1213 1257 videt,
1227 1222 1393 1256 παπάζοιεν,
1407 1222 1513 1259 πατέρα
1534 1222 1649 1250 καλοῖεν.
1661 1221 1701 1250 ita

916 1268 987 1303 apud
1003 1267 1223 1303 Aristophanem,
1233 1270 1367 1305 optimum
1391 1270 1489 1304 linguae
1508 1269 1602 1296 Atticae
1617 1268 1701 1296 inter-

915 1320 1030 1349 pretem,
1044 1314 1172 1351 Trygacus
1188 1315 1257 1343 ﬁlias
1269 1316 1427 1351 alloquitur,
1438 1317 1464 1343 in
1484 1316 1552 1344 Pace
1569 1324 1577 1341 ι

958 1383 1043 1410 Ἦνίκ*
1055 1383 1088 1410 ἂν
1100 1383 1215 1419 αἰτίζητ’
1231 1384 1312 1420 ἄρτον
1322 1383 1426 1411 πάπαν
1434 1392 1468 1419 με
1484 1383 1623 1412 καλοῦσαι.

970 1451 1037 1479 Cum
1051 1460 1144 1487 panem
1157 1452 1244 1487 petitis
1259 1460 1357 1487 papam
1374 1461 1412 1479 me
1425 1457 1556 1480 vocantes.

949 1520 1035 1554 Quem
1054 1521 1143 1548 locum
1159 1521 1308 1556 respiciens
1330 1521 1501 1557 Hesychius:
1517 1521 1625 1553 Πάπας,
1647 1529 1702 1549 παρ-

76 1573 168 1596 noster
185 1568 222 1595 ita
238 1568 326 1596 reddit
342 1576 349 1594 ε
367 1567 444 1600 Quod
463 1572 551 1595 autem
569 1573 690 1604 quierant
708 1567 863 1606 [nonnulli],
877 1589 898 1617 Ο
914 1567 978 1617 ἱερὸς
990 1566 1171 1617 ὑποκόρισμα.
1184 1566 1218 1595 Et
1231 1567 1268 1594 ita
1280 1566 1495 1617 ﬁliae-Trygieum
1506 1567 1698 1617 alloquuntur:

76 1621 154 1647 quare
170 1614 327 1649 patriarcha
340 1614 538 1641 Alexandrinus
553 1619 659 1642 vocetur
674 1615 764 1650 papa?
778 1614 864 1649 (cujus

75 1659 189 1686 nominis
200 1659 370 1694 signiﬁcatus
383 1663 421 1686 est
436 1662 511 1694 avus)
527 1657 675 1695 [sciendum
685 1658 747 1695 est].
764 1659 800 1687 Ut
815 1659 865 1695 igi-

77 1708 118 1731 tur
136 1704 177 1732 illi
202 1705 352 1740 quaestioni
377 1706 555 1740 responderet
573 1704 725 1741 Eutychius
738 1726 745 1739 ,
768 1706 813 1733 illa
831 1707 865 1735 de

77 1751 162 1778 tribus
185 1759 200 1779 a
221 1751 372 1784 Demetrio,
397 1751 493 1786 viginti
513 1751 548 1779 ab
567 1751 682 1780 Heracla
708 1751 788 1781 factis
807 1753 865 1788 epi-

77 1797 164 1831 scopis
176 1797 301 1825 inaudita
320 1797 417 1831 tradit,
433 1801 462 1825 ut
476 1798 565 1826 solent
582 1798 631 1831 illi,
643 1798 690 1834 qui
704 1799 738 1826 de
751 1799 866 1827 vocabu-

76 1841 163 1870 lorum
193 1843 350 1879 originibus
379 1844 528 1879 disputant.
558 1843 657 1872 Omnia
681 1849 772 1873 autem
803 1853 865 1881 quae

77 1889 157 1916 tradit
173 1894 201 1917 et
216 1889 322 1922 iutilia,
340 1894 368 1918 et
382 1889 452 1918 falsa
474 1895 501 1918 et
523 1890 642 1918 absurda
663 1895 737 1919 sunt.
762 1890 865 1919 Statuit

76 1934 145 1962 enim
169 1936 238 1962 abba
263 1936 322 1964 sive
342 1936 437 1963 πάπαν
458 1936 613 1972 signiﬁcare
637 1945 731 1971 avum,
755 1938 863 1965 titulum

77 1980 150 2008 illum
169 1982 334 2016 patriarchae
355 1982 466 2015 datum,
487 1990 548 2010 cum
579 1983 650 2010 alius
672 1983 785 2018 reliquis
806 1983 863 2018 epi-

75 2027 167 2062 scopis
191 2032 378 2062 competeret;
404 2028 486 2063 idque
513 2029 602 2064 primo
625 2029 816 2063 Alexandriae,
833 2034 864 2057 ut

74 2079 181 2108 p05tea,
198 2074 314 2106 scilicet,
332 2073 459 2102 Romano
472 2075 595 2110 pontiﬁci
607 2075 812 2103 attribueretur.
830 2075 863 2103 Ut

74 2119 158 2155 igitur
183 2120 242 2149 haec
265 2121 357 2149 fabula
384 2121 493 2157 penitus
516 2123 693 2158 explodatur,
718 2123 862 2150 ostendam

74 2165 164 2201 primo
177 2174 272 2194 vocem
287 2168 393 2202 πάπαν,
408 2176 469 2203 qua:
483 2168 602 2196 Heraeis:
614 2169 715 2196 tributa
724 2173 776 2202 est,
792 2177 862 2196 nun-

75 2219 156 2246 quam
172 2212 343 2248 signiﬁcasse
358 2223 446 2242 avum.
459 2214 558 2242 Vocem
572 2215 643 2243 hanc
660 2215 861 2251 Syracusanam

914 1611 950 1640 Ὦ
964 1613 1063 1641 παπία.
1081 1613 1119 1641 lta
1134 1621 1230 1642 rursus
1244 1618 1271 1641 et
1287 1613 1315 1640 in
1334 1612 1433 1648 νευρὴ,
1446 1613 1492 1641 ubi
1512 1612 1699 1642 Scholiastes:

914 1660 1014 1686 Παπία
1024 1659 1063 1692 δὲ,
1077 1658 1180 1694 πάτερ.
1191 1659 1254 1686 Erat
1262 1659 1344 1694 igitur
1356 1660 1413 1688 haec
1429 1659 1577 1686 liberorutn
1588 1659 1623 1686 ab
1639 1659 1699 1693 ipsa

914 1705 1014 1741 linguae
1035 1704 1136 1733 Graecae
1150 1704 1256 1740 origine
1267 1705 1365 1732 blanda
1383 1705 1527 1740 appellatio
1538 1704 1608 1740 patri
1624 1705 1698 1732 data.

913 1748 1083 1777 Posteriores
1115 1749 1202 1777 Graeci
1234 1749 1358 1777 eamdem
1379 1749 1588 1784 appellationem
1616 1749 1700 1776 etiam

915 1795 968 1822 illis
991 1795 1156 1829 tribuerunt,
1170 1802 1240 1830 quos
1261 1795 1339 1830 quasi
1351 1799 1459 1830 patrum
1476 1794 1536 1822 loco
1555 1794 1698 1822 habemus.

915 1840 1081 1868 Scholiastes
1097 1839 1224 1867 Homeri:
1236 1839 1351 1872 Harena,
1367 1838 1558 1876 προσφώνησις
1572 1838 1701 1875 φιλοφρο-

913 1886 1010 1922 νητικὴ
1028 1885 1159 1922 νεωτέρου
1173 1885 1241 1921 πρὸς
1258 1884 1450 1921 πρεσϐύτερον.
1463 1884 1590 1913 Iuniores
1608 1885 1699 1913 senio-

912 1933 990 1960 ribus
1005 1937 1134 1967 tanquam
1150 1932 1197 1959 lilii
1214 1932 1373 1967 parentibus
1388 1931 1496 1959 titulum
1508 1932 1582 1960 hunc
1595 1931 1699 1958 tribue-

912 1979 992 2013 bant;
1007 1983 1035 2006 et
1045 1978 1091 2006 ubi
1105 1978 1177 2005 atati
1189 1978 1307 2013 dignitas
1317 1978 1408 2012 aliqua
1422 1977 1649 2010 accessit,titulus
1656 1985 1700 2004 ve-

912 2033 975 2052 nera
980 2024 1062 2052 tionis
1071 2021 1270 2051 habebatur.“
1278 2023 1377 2050 πάππα
1387 2023 1472 2050 καὶτὸ
1483 2024 1562 2051 ἇππα
1573 2023 1603 2050 οὐ
1613 2022 1699 2058 ψιλῶς

911 2073 926 2098 ὁ
944 2071 1044 2107 πατὴρ,
1060 2070 1127 2098 ἀλλὰ
1148 2071 1217 2106 πρὸς
1232 2070 1339 2106 πατέρα
1355 2069 1468 2105 σετπικὴ
1487 2070 1575 2106 φωνή,
1585 2069 1695 2097 Suidas.

913 2117 969 2144 Sub
985 2117 1035 2144 bac
1050 2117 1233 2145 venerationis
1249 2121 1312 2144 nota
1326 2117 1419 2148 πὰπας
1435 2124 1450 2144 a
1466 2116 1579 2150 Graecis,
1595 2124 1665 2152 papa
1682 2124 1698 2143 a

911 2163 1027 2197 Latinis,
1045 2164 1182 2199 primatvis
1202 2163 1330 2191 Ecclesiae
1345 2163 1513 2198 temporibus
1524 2163 1697 2191 tribuebatur

911 2210 1057 2245 episcopis,
1076 2218 1147 2245 quos
1170 2210 1231 2238 loco
1254 2209 1439 2246 spiritualium
1458 2214 1566 2244 patrum
1595 2209 1699 2237 habue—

75 2266 135 2286 esse
149 2259 248 2287 volunt
262 2259 440 2288 Grammatici
453 2261 587 2289 nonnulli.
604 2261 703 2289 Suidas
718 2271 724 2289 :
737 2261 816 2288 Οὕτω
831 2261 861 2288 δὲ
876 2262 898 2290 D
913 2261 988 2284 rum.
1010 2256 1089 2284 Nulla
1114 2257 1160 2284 hic
1191 2257 1249 2290 avi,
1276 2256 1350 2284 nulla
1373 2256 1457 2291 patris
1477 2261 1584 2290 patrum
1609 2255 1695 2282 notio.

75 2304 183 2339 λέγεται
199 2305 276 2341 παρά
292 2306 485 2342 Συρακουσίοις
501 2308 516 2334 ὁ
531 2308 624 2344 πατὴρ
639 2307 742 2340 πάπας.
762 2307 862 2335 Eusta-

76 2351 149 2379 thius
163 2359 172 2377 :
188 2351 280 2379 ’Δλλοι
295 2353 341 2385 δὲ,
359 2353 400 2380 ὄτι
418 2353 492 2390 παρὰ
515 2354 712 2389 Συρακουσίοις
733 2353 826 2385 πάπας
846 2355 861 2381 ὁ

75 2397 176 2433 πατήρ.
202 2397 289 2425 Aliter
313 2398 493 2435 Etymologus
514 2409 522 2427 :
545 2399 624 2427 Οὕτω
650 2399 759 2434 λέγεται
786 2399 861 2436 παρὰ

76 2442 269 2477 Συρακουσίοις
291 2444 306 2470 ό
328 2443 431 2480 πατὴρ,
456 2446 519 2477 πᾶς.
544 2444 622 2478 Quod
639 2446 750 2480 quidem
764 2453 860 2472 verum

75 2493 135 2514 esse
146 2491 246 2522 potest,
255 2488 372 2516 alterum
383 2497 438 2516 non
452 2489 526 2518 item.
541 2489 610 2518 Nam
622 2497 676 2518 vox
689 2490 784 2522 πάπας
794 2490 860 2525 ipsis

77 2531 220 2567 Syracusis
243 2533 322 2570 longe
345 2535 484 2570 antiquior
502 2540 554 2564 est.
577 2536 720 2572 Syracusae
736 2538 808 2565 enim
825 2537 860 2565 ab

78 2578 173 2606 Archia
193 2579 310 2608 conditae
325 2585 392 2609 sunt
411 2582 454 2609 vel
466 2582 517 2610 sub
535 2582 650 2617 Clidico,
667 2588 697 2611 ut
713 2577 858 2618 Eusebius,

79 2625 116 2652 vel
139 2625 231 2660 potius
257 2627 310 2654 sub
333 2626 467 2663 (Eschylo
489 2627 698 2657 Atheniensium
722 2637 802 2666 rege,
829 2634 860 2658 ut

77 2670 190 2700 Ianuar
210 2673 456 2708 Arundellianum;
471 2675 528 2703 haec
544 2680 635 2703 autem
649 2683 701 2703 vox
718 2677 770 2704 sub
792 2676 859 2704 Dio-

77 2722 152 2752 gneto
183 2719 218 2746 ab
247 2718 370 2748 Homero
397 2727 528 2756 usurpata
555 2727 618 2756 est,
644 2722 679 2751 de
701 2722 857 2758 Nausicaa,

77 2762 218 2799 04335.,2,

81 2809 150 2851 :I'Iﬂé
157 2810 231 2851 μάλξ
243 2812 317 2851 aint
331 2813 434 2841 στᾶσα
448 2815 540 2850 φίλον
554 2814 666 2850 πατέρα
681 2815 839 2850 προσέειπε
850 2824 856 2830 '

74 2845 176 2873 Iia'zza
194 2848 271 2882 φίλ’.

106 2901 150 2932 Ubi
178 2907 258 2934 vecis
284 2905 476 2938 interpre'atio
506 2907 659 2936 certissima
690 2913 746 2942 est,
775 2907 858 2936 Pater

913 2302 971 2332 lloc
983 2307 1072 2331 autem
1085 2304 1205 2332 secundo
1221 2308 1340 2339 apparet,
1352 2303 1425 2338 quod
1440 2303 1535 2329 titulus
1548 2301 1593 2329 ille
1603 2301 1697 2329 eodem

911 2358 969 2378 aevo
983 2358 1038 2385 quo
1060 2351 1094 2378 de
1115 2349 1230 2378 licracla
1248 2354 1397 2385 usurpatus
1412 2354 1463 2383 est,
1484 2348 1545 2376 aliis
1561 2347 1699 2383 episcopis

911 2403 992 2431 quam
1010 2397 1174 2431 patriarcbis
1189 2395 1342 2424 communis
1358 2400 1426 2424 erat.
1442 2395 1539 2422 Clerus
1555 2393 1697 2421 Romanus

911 2441 945 2469 ad
975 2441 1077 2469 clerum
1094 2441 1362 2477 Carthaginensem:
1384 2441 1532 2468 Didicimus
1562 2439 1698 2466 secessisse

911 2487 1076 2515 benedictum
1097 2496 1194 2523 papam
1213 2488 1377 2523 Cyprianum
1395 2496 1411 2515 a
1428 2487 1572 2515 Clementia
1585 2486 1697 2514 subdia-

911 2541 985 2561 cono.
1009 2533 1094 2561 Iidem
1110 2534 1138 2561 in
1153 2534 1232 2562 titulo
1254 2534 1375 2569 epistolae
1397 2534 1431 2561 ad
1454 2534 1544 2568 ipsum
1565 2533 1695 2568 scriptae:

910 2580 1045 2615 Cypriano
1061 2588 1136 2615 papa:
1153 2580 1298 2615 presbyteri
1319 2585 1343 2607 et
1368 2579 1475 2607 diaconi
1503 2579 1593 2607 Roma!
1611 2580 1698 2607 consi-

910 2630 1005 2653 stentes
1020 2625 1094 2653 S.Ita
1109 2625 1212 2657 Romze,
1225 2626 1262 2652 ita
1276 2626 1302 2652 in
1318 2625 1410 2653 Africa
1425 2625 1507 2653 locuti
1527 2631 1592 2654 sunt
1607 2634 1614 2653 :
1632 2625 1698 2654 Uni-

911 2673 976 2699 uersi
992 2671 1151 2706 confess-ores
1163 2671 1296 2706 Cypriane
1310 2679 1385 2706 papa:
1402 2671 1433 2699 S.
1449 2671 1630 2707 Hieronymus
1644 2671 1696 2698 ali-

910 2718 1020 2754 quando
1056 2718 1239 2753 Theophilum
1283 2718 1456 2753 episcopum.
1481 2718 1697 2746 Alexandrinum

910 2775 1007 2802 papam
1020 2767 1148 2802 appellat,
1164 2771 1195 2794 ut
1209 2767 1236 2794 in
1254 2766 1386 2802 Apologia
1402 2766 1533 2794 adversus
1544 2764 1695 2796 Rufﬁnunt.

911 2816 982 2852 Ergo
995 2821 1019 2844 et
1033 2815 1150 2850 epistolw
1160 2824 1235 2850 papa:
1246 2814 1382 2850 Theophili
1394 2819 1419 2841 et
1433 2814 1576 2850 Epiphanii
1587 2818 1611 2841 et
1627 2812 1698 2840 alia-

911 2870 970 2889 rum.
993 2863 1174 2898 episcoporum
1199 2867 1223 2889 te
1249 2867 1352 2897 petunt,
1369 2866 1393 2889 te
1414 2861 1550 2894 lacerant;
1565 2866 1593 2889 et
1616 2860 1698 2896 paulo

911 2913 972 2942 post
1001 2917 1007 2936 ;
1037 2907 1121 2936 Lectis
1163 2917 1244 2943 imper
1285 2917 1358 2943 papa:
1388 2907 1522 2942 Theophili
1560 2906 1697 2940 epistolis,
