1866 3073
166 160 220 189 243

688 162 717 190 S.
737 162 907 192 lGNATlUS.
925 157 960 182 ‘—
980 159 1244 188 PROLEGOMENA.

1749 158 1813 186 26-4

165 217 320 253 iterumque
329 227 335 244 :
345 217 424 245 Nunc
438 219 554 253 primum
567 228 583 246 a
597 228 665 255 papa
676 219 817 256 Theophila
828 221 937 248 didit-iss

1016 216 1077 252 [pud
1088 217 1232 251 EthiOpas
1244 216 1431 243 intemeratam
1443 215 1476 243 ad
1492 223 1540 244 sua
1563 223 1653 251 usque
1667 220 1810 251 tempora

165 263 314 298 impietates
331 264 398 299 ejus.
417 264 449 292 Et
464 265 491 292 in
509 265 623 300 epistola
639 266 672 293 ad
689 266 778 301 ipsum
791 267 854 294 data
871 276 878 294 :
892 267 950 293 Ad-

165 309 248 336 nitere
261 311 412 344 ergo,’papa
427 311 610 338 amantissime
633 316 709 346 atque
718 311 877 340 beatissime.
889 311 950 340 Non

164 355 238 390 quod
255 356 330 384 hunc
349 357 458 384 titulum
474 357 661 385 Alexandrino
686 358 815 393 episcopo
830 358 951 393 peculia-

163 408 222 429 rem
245 402 382 436 crederet;
395 402 571 430 Anastasium
587 404 660 431 enim
679 404 761 431 simul
783 412 844 431 cum
860 404 950 432 Theo—

163 447 240 481 philo
262 447 416 480 nominans,
438 448 525 480 illum,
546 456 600 476 non
624 449 708 483 hunc,
725 457 821 484 papam
842 457 923 478 vocat
940 460 948 478 :

163 490 236 527 Quid
254 492 358 526 faciunt
372 494 490 527 epistola:
506 494 642 530 Theophili
655 497 851 533 episeopi,quid
873 506 950 533 papae

161 538 312 570 Anastasii,
325 539 353 565 in
370 544 425 567 toto
438 540 498 567 orbe
509 541 661 569 hteretieum
675 545 878 578 persequentes?
892 544 950 573 lmo

161 583 191 613 in
206 584 319 619 epistola
337 585 370 613 ad
388 585 567 621 Theophilum
582 587 646 616 data
664 589 839 617 Anastasium
852 598 949 625 papam

161 630 289 665 appellat,
307 629 350 657 Ea:
378 631 574 666 dispensatione
600 633 647 661 Dei
662 635 763 669 factum
786 641 860 670 puto,
874 642 903 663 ut
918 645 948 664 eo

160 677 188 705 in
201 680 315 710 tempore
324 682 353 704 tu
363 685 465 713 quoque
475 678 510 706 ad
523 678 694 708 Anastasium
701 689 798 716 papam
810 683 946 712 scriberes.

160 721 237 749 Alios
244 723 326 750 etiam
334 723 429 751 eodem
441 725 551 752 nomine
563 725 702 762 indigitat:
715 727 756 755 Ne
766 736 806 755 me
815 729 905 756 mittas
912 729 947 756 ad

159 776 206 795 sea:
219 767 305 796 millia
319 768 447 798 librorum
462 771 530 806 ejus,
544 781 609 808 quos
625 773 718 809 legisse
732 773 836 801 beatum
851 783 947 810 papam

159 812 341 848 Epiphaniam
350 817 517 851 criminaris;
529 824 555 845 et
566 827 663 849 rursus
672 829 679 848 :
694 819 792 856 Erupit
801 821 946 856 aliquando

158 865 253 887 contra
276 870 374 897 papam
397 863 586 899 Epiphaniam,
611 866 743 902 Apologia
765 868 895 895 secunda.
915 867 945 895 In

1002 263 1204 298 permansisse?
1217 263 1284 290 nihil
1299 263 1407 290 horum.
1419 261 1447 290 Id
1463 270 1548 290 unum
1560 267 1702 296 asserunt,
1713 270 1811 298 supe—

1001 309 1068 336 riori
1079 309 1180 337 saeculo
1192 309 1282 336 nullos
1294 307 1380 336 fuisse
1393 309 1420 336 in
1434 308 1554 337 Ecelesia
1563 308 1727 344 Ethiopica
1737 309 1810 345 epi-

1001 363 1110 390 scopos,
1139 356 1258 382 abunam
1277 363 1361 382 unum
1376 355 1410 383 ab
1422 355 1608 382 Alexandrino
1632 355 1807 390 patriarcha

1000 403 1117 429 electum
1141 405 1169 428 et
1192 406 1325 429 creatum.
1341 401 1443 428 Demus
1460 401 1542 436 igitur
1558 401 1586 429 id
1601 409 1700 429 verum
1712 408 1804 433 esse,

1000 448 1073 483 quod
1095 455 1191 475 eorum
1216 447 1373 475 testimonio
1391 448 1585 480 conﬁrmatur,
1606 447 1720 475 etiarnsi
1739 447 1805 475 illis

999 494 1079 529 longe
1098 494 1191 529 plures
1204 494 1373 521 contrarium
1389 493 1469 528 plane
1483 493 1608 526 doceant,
1621 498 1704 528 atque
1718 494 1805 521 inter

998 546 1048 567 eos
1066 540 1124 574 ipse
1148 538 1312 567 Salmasius.
1329 540 1370 566 An
1391 539 1454 567 inde
1469 539 1594 574 sequitur
1610 539 1802 566 traditionem

1000 585 1196 620 Eutychianam
1208 585 1235 612 in
1243 584 1361 621 Egypto
1374 592 1468 612 revera
1482 585 1604 613 abinitio
1620 585 1801 617 obtinuisse,

998 634 1025 658 et
1031 638 1140 658 omnem
1147 630 1295 666 lgnatianis
1303 630 1426 665 epistolis
1433 630 1512 658 ﬁdem
1519 630 1702 666 abrogandam
1710 638 1780 658 esse
1787 630 1802 657 ?

998 675 1070 702 l\'ulli
1089 675 1201 702 fuerunt
1230 675 1258 703 in
1283 674 1424 710 Ethiopia
1441 675 1562 710 episcopi
1584 679 1684 711 praeter
1700 683 1800 702 unum

997 720 1114 749 abunam
1138 720 1237 748 saeculo
1253 729 1309 748 xvr.
1326 720 1397 756 Ergo
1413 721 1480 748 nulli
1492 726 1571 748 erant
1586 721 1614 748 in
1630 726 1687 749 tota
1700 720 1799 756 Egy-

997 767 1086 802 ptiaca
1109 767 1220 795 dioecesi
1241 769 1330 802 primo
1340 768 1383 795 vel
1398 767 1518 795 secundo
1530 768 1632 795 saeculo
1648 775 1742 802 usque
1757 767 1799 795 ad

996 820 1023 840 a.
1051 812 1082 840 D.
1103 813 1155 840 190
1184 813 1306 849 episcopi
1328 818 1427 849 praeter
1439 813 1654 841 Alexandrinum
1668 814 1798 848 patriar-

997 860 1096 893 cham;
1113 859 1227 895 ideoque
1246 860 1369 894 epistola:
1380 859 1477 895 lgnatii
1492 859 1616 887 conﬁctae
1631 864 1707 887 sunt.
1727 859 1794 886 Non

158 907 293 940 prooemio
322 908 587 938 Commentariorum
615 911 642 938 in
671 911 779 946 Jonam,
815 912 946 940 οωιενπηι
962 908 982 936 Β
996 905 1095 940 probat
1115 910 1163 933 aut
1183 906 1311 939 admittit,
1327 907 1445 941 opinor,
1468 905 1540 933 hanc
1558 905 1794 940 consequentiam

159 959 211 979 non
224 952 390 988 ignoramus,
405 955 544 985 Chromati
555 965 625 992 papa
640 958 804 987 venerabilis.
831 959 860 986 In
887 959 946 994 epi-

158 996 229 1024 stola
243 998 276 1025 ad
292 998 474 1034 Augustinum
493 1011 499 1030 :
521 1001 684 1030 Incolumem
697 1009 722 1031 et
740 1005 790 1031 mei
806 1013 945 1032 memorem

159 1044 184 1067 te
196 1039 297 1068 Christi
310 1042 419 1071 Domini
449 1045 588 1074 clementia
607 1052 724 1082 tueatur,
745 1049 849 1076 domine
869 1058 944 1077 vene-

158 1085 242 1112 rande
258 1091 284 1113 et
306 1087 456 1116 beatissime
478 1098 558 1126 papa.
577 1090 616 1120 Ita
631 1092 727 1127 reliqui
752 1093 873 1127 ejusdem
895 1094 944 1121 aevi

157 1136 258 1158 nomen
280 1140 357 1168 papa:
377 1134 490 1162 cuilibet
508 1137 636 1173 episcopo
651 1138 816 1167 tribuebant.
839 1138 943 1172 Tertio,

157 1175 290 1219 usitatum
312 1177 387 1206 hunc
410 1180 518 1207 titulum
546 1182 627 1209 etiarn
651 1190 713 1210 ante
735 1182 894 1219 Dionysium
916 1189 943 1212 et

157 1218 300 1250 Heraclam
317 1223 398 1251 docet
414 1232 464 1253 nos
484 1225 668 1255 Tertullianus
691 1228 738 1258 lib.
754 1228 793 1256 De
808 1218 943 1264 pudicitia

157 1273 218 1300 cap.
233 1267 276 1301 i5,
292 1269 340 1303 qui
365 1269 398 1297 de
419 1271 548 1307 episcopo
563 1272 687 1301 Romano
706 1275 764 1302 haec
785 1275 866 1302 habet
882 1285 889 1303 :
909 1275 944 1302 In

156 1319 216 1338 eum
235 1313 350 1342 hominis
375 1316 486 1352 exitum,
504 1324 632 1354 quantum
651 1325 734 1354 potes,
753 1321 943 1350 misericordia:

156 1359 286 1388 illecebris
297 1362 379 1390 bonus
389 1370 490 1399 pastor,
497 1370 522 1393 et
532 1365 681 1394 benedictus
689 1376 758 1403 papa
766 1369 941 1397 caneionaris.

156 1404 224 1433 Cum
239 1407 323 1442 igitur
336 1417 386 1436 vox
402 1419 473 1447 papa
486 1420 624 1448 nunquam
636 1414 771 1450 signiticet
789 1424 877 1449 avum,
895 1416 943 1443 sed

155 1453 284 1497 omnibus
299 1455 435 1491 episcopis
451 1465 558 1493 semper
572 1459 672 1487 tributa
691 1461 736 1493 sit,
753 1465 780 1488 et
792 1461 867 1496 prius
881 1462 942 1497 qui-

154 1496 216 1525 dem
242 1500 370 1536 episcopo
386 1501 511 1531 Romano
530 1512 613 1539 quam
636 1506 831 1540 Alexandrino,
848 1496 940 1535 inania

156 1548 221 1571 sunt
242 1547 335 1574 omnia
359 1549 394 1576 ob
410 1557 471 1584 qua:
491 1550 561 1578 hanc
586 1552 728 1580 historiam
752 1555 940 1589 excogitat-unt

153 1589 275 1625 Arabes;
299 1592 369 1621 falsa
396 1595 478 1622 etiam
492 1601 519 1623 et
532 1596 647 1625 historia
667 1599 701 1626 ad
720 1599 819 1627 horum
836 1605 940 1629 tantum

152 1637 389 1668 wnﬁrmationcm
408 1642 516 1671 tradita.

189 1682 369 1715 Excussimus
387 1689 558 1717 traditionem
573 1691 771 1728 Egyptiacam,
786 1701 867 1729 quam
890 1701 940 1721 nos

152 1737 293 1766 nunquam
316 1739 407 1762 natam
432 1735 517 1764 fuisse
540 1739 740 1773 contendimus,
759 1745 786 1767 et
799 1741 833 1768 ab
843 1741 941 1768 Arabi-

152 1777 206 1804 bus
219 1782 410 1809 tantummodo
430 1783 539 1816 ﬁctam;
553 1792 616 1812 ecce
635 1791 725 1813 autem
742 1787 824 1814 etiam
841 1788 940 1815 redivi-

151 1829 214 1849 vam
231 1827 259 1850 et
268 1824 302 1851 ad
315 1825 388 1854 hunc
401 1835 486 1862 usque
501 1829 573 1857 diem
591 1832 782 1866 superstitem!
797 1832 940 1869 Eutychia-

151 1876 215 1916 nam
241 1873 411 1902 traditionem
438 1877 528 1911 ﬁrmat
551 1879 621 1908 idem
657 1881 824 1914 institutum,
851 1882 938 1916 inquit

147 1914 279 1949 Maliacus,
308 1919 336 1945 in
364 1921 552 1956 antiquissima
575 1929 600 1950 et
625 1925 790 1953 nobilissima
812 1914 938 1953 Ecclesia

150 1959 321 1995 zEgyptiaca:
333 1965 450 1999 traduce,
459 1967 610 2003 Ai‘thiopica
620 1970 831 2005 Christianitate,
838 1973 872 1998 ad
882 1973 937 2000 hcet:

149 2013 231 2040 usque
240 2012 356 2042 tempora
367 2017 508 2040 serratum.
519 2012 552 2039 In
564 2015 635 2041 omni
645 2016 714 2042 enim
725 2015 878 2051 Ethiopica
890 2017 938 2044 Ec—

150 2050 232 2079 clesia
247 2061 315 2080 unus
326 2061 364 2082 est
370 2057 428 2090 jam
442 2057 473 2084 ab
485 2060 601 2094 antiquis
611 2061 771 2095 temporibus
790 2050 935 2098 episcopus,

149 2097 249 2130 abuna,
266 2104 295 2125 ut
309 2107 411 2135 vocant,
425 2103 451 2129 id
469 2108 511 2131 est
522 2106 687 2139 patriarcha,
701 2107 746 2141 qui
760 2109 842 2135 etiam
860 2097 936 2137 hodie

148 2143 182 2170 ab
205 2144 387 2174 Alexandrino
408 2150 562 2183 patriarcha
586 2159 755 2180 consecratur
770 2159 794 2181 et
809 2155 935 2182 mittitur.

149 2189 269 2225 Antiqua
284 2196 375 2219 autem
393 2197 514 2228 tempora
536 2203 596 2230 quae
612 2197 678 2229 sint,
694 2203 787 2232 postea
801 2199 934 2232 ostendit;

997 951 1040 978 vir
1050 951 1237 979 doctissimus.
1250 951 1364 987 Reliqua
1379 951 1452 979 enim
1463 951 1555 978 omnia
1563 959 1624 986 qua:
1637 958 1793 978 enumera-

996 997 1097 1032 vimus,
1124 998 1157 1025 ad
1183 998 1381 1034 Eutychianam
1408 997 1582 1025 traditionem
1607 996 1792 1031 ﬁrmandam,

996 1043 1074 1078 plura
1100 1048 1191 1070 autem
1208 1043 1241 1070 ad
1261 1043 1395 1078 lgnatium
1414 1043 1587 1078 epistolicum
1604 1042 1791 1077 rejiciendurn

995 1089 1149 1116 necessaria
1167 1092 1232 1117 sunt
1248 1098 1255 1116 :
1271 1096 1333 1124 quas
1345 1089 1434 1116 adhuc
1449 1089 1525 1116 nullo
1541 1088 1701 1116 testimonio
1714 1095 1790 1116 con-

996 1136 1149 1169 ﬁrmantur,
1164 1135 1219 1163 imo
1235 1143 1298 1171 quae
1313 1135 1389 1162 nullo
1406 1135 1563 1164 conﬁrmari
1578 1139 1707 1170 possunt.

1031 1181 1123 1209 Primo
1151 1182 1223 1209 enim
1242 1181 1435 1209 Clrristianilas
1461 1180 1617 1216 Ethiopica
1644 1181 1680 1208 ab
1703 1180 1789 1208 initio

995 1235 1048 1254 non
1062 1227 1168 1254 videtur
1177 1227 1263 1255 fuisse
1270 1227 1398 1255 Ecclesiae
1405 1226 1571 1262 Egyptiaca:
1583 1227 1693 1254 tradux.
1702 1226 1785 1260 Nam,

995 1279 1061 1301 teste
1075 1273 1187 1307 Irenaeo,
1206 1274 1226 1301 l.
1242 1281 1285 1308 nt,
1299 1281 1325 1302 c.
1339 1274 1384 1308 12,
1398 1273 1489 1309 Spado
1509 1274 1606 1309 regina
1621 1272 1787 1308 Ethiopians

994 1320 1090 1347 missus
1115 1326 1154 1347 est
1177 1320 1205 1346 in
1223 1320 1340 1356 regiones
1363 1319 1509 1355 Ethiopian
1525 1320 1720 1354 praedicaturus
1734 1318 1785 1345 hoc

993 1366 1062 1401 quod
1077 1366 1131 1400 ipse
1141 1366 1299 1394 crediderat.
1313 1366 1387 1394 Idem
1399 1370 1515 1394 testatur
1522 1365 1622 1393 Euseb.
1637 1365 1658 1393 l.
1671 1373 1703 1398 lt,
1714 1373 1741 1393 c.
1756 1365 1782 1398 i,

992 1417 1019 1440 et
1036 1412 1064 1440 S.
1084 1411 1195 1440 Hieron.
1208 1413 1236 1440 in
1246 1421 1294 1440 Llll
1313 1412 1406 1445 Isaite,
1418 1417 1446 1440 et
1466 1412 1495 1440 S.
1511 1412 1593 1449 Cyril.
1611 1413 1719 1440 catech.
1735 1412 1780 1440 i7.

993 1457 1070 1486 Unde
1092 1463 1120 1486 et
1137 1458 1282 1495 Ethiopes
1304 1459 1357 1494 ipsi
1379 1467 1394 1486 a
1412 1459 1537 1494 Philippo
1553 1459 1680 1494 apostolo
1702 1467 1732 1486 se
1745 1459 1781 1486 ad

992 1505 1073 1532 tidem
1089 1513 1237 1534 conversos
1250 1505 1421 1540 proﬁtentur.
1436 1505 1539 1533 Volunt
1553 1505 1637 1533 etiam
1654 1505 1781 1533 nonnulli

993 1550 1023 1578 S.
1047 1550 1180 1578 Thomam
1209 1551 1385 1586 Ethiopibus
1410 1551 1588 1587 Evangelium
1601 1552 1778 1586 praedicasse,

954 1584 975 1612 C
992 1596 1038 1622 alii
1050 1596 1079 1623 S.
1094 1595 1263 1630 Matthaaum,
1273 1584 1313 1624 ut-
1322 1597 1401 1625 Socr.
1415 1597 1434 1624 1.
1448 1605 1467 1631 I,
1479 1584 1504 1625 c‘.
1519 1597 1563 1631 19,
1578 1584 1704 1626 Rbﬁiuus
1715 1598 1735 1625 l.
1749 1584 1777 1625 ιζ

991 1649 1016 1669 c.
1038 1642 1064 1670 9.
1083 1641 1228 1678 Utcunque
1251 1643 1296 1676 sit,
1314 1648 1378 1671 sum
1393 1644 1466 1671 enim
1489 1644 1585 1678 primae
1614 1644 1779 1679 evangelica

991 1687 1219 1723 promulgationis
1230 1689 1345 1724 vestigia
1360 1693 1390 1716 ut
1401 1689 1472 1724 apud
1484 1689 1553 1717 alias
1566 1694 1660 1725 gentes
1674 1697 1691 1717 ε
1704 1689 1778 1717 Cra-

991 1734 1030 1762 cis
1053 1734 1132 1770 longe
1154 1735 1277 1769 dissitas,
1289 1735 1326 1762 ita
1341 1740 1369 1763 et
1382 1735 1454 1771 apud
1474 1735 1620 1770 Ethiopas
1633 1735 1714 1762 valde
1726 1735 1776 1763 ob-

990 1788 1081 1814 scura,
1098 1788 1179 1808 nemo
1199 1786 1291 1809 tamen
1305 1786 1427 1809 veterum
1442 1781 1511 1809 dixit
1523 1781 1672 1816 )Ethiopas
1688 1781 1777 1817 primo

990 1827 1031 1853 vel
1064 1827 1185 1854 secundo
1213 1826 1313 1855 saeculo
1340 1827 1498 1863 religionem
1529 1826 1717 1855 Christianam
1742 1827 1777 1854 ab

989 1872 1124 1908 Egyptiis
1150 1872 1294 1906 didicisse;
1329 1873 1403 1908 quod
1432 1878 1491 1901 erat
1516 1873 1549 1900 (Ι
1576 1872 1774 1909 Eutychianarn

989 1919 1161 1946 traditionem
1182 1919 1345 1946 ﬁrmandam
1359 1919 1495 1954 imprimis
1514 1919 1632 1955 probatu
1646 1927 1777 1947 necessa-

988 1966 1070 1992 rium.
1087 1965 1120 1992 Et
1133 1965 1233 1992 mirum
1249 1969 1301 1998 est,
1313 1970 1381 2000 quot
1392 1965 1521 2000 etqualia
1540 1965 1598 1993 haec
1612 1965 1647 1994 de
1670 1966 1774 2001 lgnatio

989 2012 1146 2047 conjectura
1174 2011 1306 2039 Dallazum
1329 2012 1433 2047 docuit,
1457 2020 1519 2047 qua:
1547 2017 1628 2040 antea
1662 2020 1774 2047 prorsus

987 2058 1132 2092 ignoravit.
1162 2060 1203 2086 Ita
1229 2059 1301 2086 enim
1327 2059 1386 2094 ipse
1399 2059 1433 2086 de
1458 2058 1592 2093 Pseudep.
1606 2063 1697 2093 apost.
1713 2058 1731 2086 l.
1746 2065 1771 2091 l,

987 2111 1012 2131 ε.
1025 2103 1043 2130 ‘2
1059 2113 1066 2131 :
1085 2103 1137 2131 Sed
1156 2104 1297 2139 Ethiopas
1312 2105 1417 2140 quidem
1430 2105 1578 2137 mittamus,
1593 2112 1708 2139 quorum
1724 2113 1773 2131 non

987 2150 1040 2177 nisi
1052 2151 1232 2178 recentissima
1254 2151 1382 2182 novimus,
1395 2151 1504 2186 antiqua
1518 2150 1596 2186 plane
1608 2151 1770 2186 ignoramus.

1022 2195 1150 2223 Faternur
1171 2196 1298 2230 quidem,
1324 2196 1456 2231 quidquid
1487 2196 1522 2223 ab
1548 2196 1701 2231 Eunucho,
1726 2201 1771 2224 aut

148 2235 188 2262 ait
206 2236 232 2262 in
249 2236 395 2273 Ethiopize
417 2241 519 2273 pariter
536 2249 568 2268 ac
593 2241 703 2278 Egypu
718 2244 893 2278 amplissimis
907 2250 935 2272 et
950 2254 972 2283 υ
990 2240 1108 2274 Thoma,
1124 2245 1171 2268 aut
1183 2240 1308 2268 Μειιιιιθεο
1323 2240 1424 2268 factum
1438 2242 1518 2269 estin
1533 2241 1586 2269 illis
1601 2242 1768 2277 regionibus,

148 2280 394 2311 Christianissiruis
426 2285 582 2313 civitatibus
614 2288 702 2315 nullos
726 2289 759 2316 ad
779 2297 806 2316 a.
823 2289 855 2316 Ι).
885 2287 935 2314 190

148 2327 304 2362 episcopos,
320 2329 439 2357 abunam
455 2335 560 2358 tantum
574 2332 659 2360 fuisse
671 2333 854 2369 Ethiopicum
866 2339 895 2362 ut
908 2340 935 2362 et

148 2375 334 2407 patriarcharn
350 2376 576 2404 Alexandrinum.

185 2419 283 2453 Quaero
309 2427 400 2450 autem
420 2423 492 2450 unde
517 2423 574 2451 haec
598 2425 689 2451 omnia
710 2433 760 2460 pro
787 2427 934 2462 compertis

149 2465 249 2493 habeat
272 2467 315 2494 vir
339 2468 528 2497 doctissimus.
554 2469 650 2497 Testes
672 2476 789 2504 quatuor
812 2473 932 2506 adducit,

148 2510 321 2544 Alphonsum
337 2512 512 2545 Mindesium,
526 2513 666 2542 Nicolaum
674 2514 836 2550 Godignnm,
850 2517 934 2545 Joan-

146 2563 211 2584 nem
223 2565 238 2585 a
255 2556 374 2592 Sanctis,
389 2559 568 2588 Franciscnm
581 2561 717 2595 Alvarem,
735 2571 852 2597 nuperos
863 2565 932 2591 scri-

147 2608 242 2638 ptores
276 2612 381 2637 omnes,
408 2606 529 2635 Jesuitas
555 2613 603 2635 aut
629 2609 832 2637 Dominieanos.
861 2610 932 2643 Quid

147 2653 239 2676 autem
263 2650 301 2677 illi
319 2653 473 2680 testantur?
493 2661 526 2680 an
542 2654 776 2682 Christianitatem
793 2655 932 2690 {Ethiopi-

147 2703 209 2723 cam
228 2696 263 2723 ab
284 2697 363 2725 initio
387 2699 474 2727 fuisse
499 2699 629 2729 Ecclesia
649 2701 815 2737 Egyptiacm
839 2702 932 2729 tradu-

147 2741 226 2768 cem?
238 2750 272 2769 an
287 2743 322 2771 ab
340 2745 453 2780 antiquo
469 2754 555 2780 usque
570 2747 604 2774 ad
630 2755 656 2775 a.
675 2747 707 2774 Ι).
724 2748 786 2780 190,
802 2747 887 2774 fuisse
904 2748 930 2773 in

147 2787 287 2824 Ethiopia
298 2792 482 2826 patriarcham
497 2798 544 2820 aut
559 2794 677 2821 abunam
690 2802 752 2822 cum
768 2794 932 2829 presbyteris

147 2835 367 2870 quamplurimis,
378 2837 506 2872 episcopo
519 2843 609 2866 autem
622 2839 717 2866 nullo?
731 2847 765 2866 an
778 2840 847 2866 hanc
861 2839 932 2874 regi—

150 2881 233 2913 minis
257 2882 373 2912 formam
402 2884 436 2912 ab
461 2884 598 2921 Egyptiis
625 2886 712 2914 fuisse
730 2886 930 2917 derivatam.et

987 2286 1133 2322 Ethiopas
1162 2287 1309 2322 aliquando
1333 2287 1519 2315 Christianam
1548 2288 1710 2323 religionem
1737 2290 1768 2317 ab

986 2333 1122 2369 [Egyptiis
1134 2333 1270 2368 hausisse,
1285 2335 1358 2369 quod
1378 2335 1461 2362 multa
1475 2334 1678 2363 demonstrant.
1693 2335 1768 2369 Quas-

984 2381 1055 2406 ritur
1081 2383 1188 2407 tantum
1213 2379 1247 2406 de
1271 2385 1404 2414 tempore,
1418 2380 1497 2415 cujus
1513 2380 1633 2416 cognitio
1658 2381 1767 2409 eratad

987 2424 1040 2451 hoc
1054 2430 1245 2460 argumentum
1259 2425 1339 2460 plane
1354 2429 1517 2454 necessaria.
1529 2426 1596 2454 Nam
1610 2427 1665 2455 nisi
1675 2427 1767 2462 probe-

985 2474 1030 2497 tur
1041 2470 1185 2506 JEthiopas
1196 2471 1314 2499 ebunam
1321 2472 1449 2500 habuisse
1461 2473 1496 2501 ab
1511 2474 1643 2509 episcopo
1653 2473 1766 2501 Alexan-

983 2517 1064 2544 drino
1075 2523 1207 2551 creatum,
1225 2518 1271 2552 qui
1293 2526 1352 2546 eam
1366 2519 1515 2547 Ecclesiam
1530 2527 1592 2547 cum
1604 2520 1767 2557 presbyteris

984 2563 1042 2590 sine
1058 2563 1111 2590 alio
1123 2563 1252 2599 episcopo
1269 2565 1381 2598 rexerit,
1398 2571 1461 2592 ante
1482 2565 1613 2593 Demetrii
1635 2571 1763 2602 tempora,

983 2608 1151 2644 Eutychiana
1165 2610 1274 2637 traditio
1287 2611 1363 2638 nullo
1378 2612 1460 2639 modo
1474 2613 1695 2641 conﬁrmabitur.
1704 2613 1764 2648 Quae

982 2660 1072 2682 autem
1097 2656 1213 2684 Dallaeus
1242 2657 1572 2693 atiert,uttEthiopicum
1604 2659 1762 2688 Christiani-

981 2709 1068 2729 smum
1085 2702 1119 2729 ab
1152 2702 1270 2737 Egypto
1300 2709 1479 2738 propagatum
1501 2711 1563 2732 esse
1585 2704 1760 2742 demonstret,

984 2750 1041 2774 hiec
1060 2749 1249 2776 tantummodo
1263 2753 1341 2776 sunt:
1351 2749 1456 2782 Abuna,
1476 2750 1590 2784 scilicet,
1602 2751 1636 2777 ab
1647 2752 1760 2781 Αιεπωι-

981 2794 1058 2821 drino
1085 2796 1239 2830 patriarcha
1258 2798 1312 2833 peti
1335 2798 1503 2833 ordinarique
1524 2799 1632 2831 solitus,
1644 2804 1670 2826 et
1693 2805 1758 2828 vetus

980 2840 1101 2868 Dioscori
1126 2843 1240 2870 schisma
1259 2845 1302 2870 cui
1324 2852 1384 2879 gens
1398 2849 1453 2872 tota
1473 2845 1508 2871 ad
1526 2845 1686 2873 hodiernum
1696 2847 1758 2874 diem

981 2887 1107 2922 adhaeret,
1137 2890 1229 2924 synodi
1250 2889 1469 2919 Chalcedonensis
1488 2895 1512 2919 et
1533 2890 1629 2919 Leonis
1649 2891 1756 2921 Romani
