1866 3073
89 139 143 167 9οιὸ

454 135 480 167 1.
506 139 689 168 PEARSONII
708 139 869 168 VlNDlCLE
888 139 1100 170 IGNATIANE.
1117 156 1152 162 —
1164 141 1254 170 PARS
1267 141 1288 170 Ι.

1672 141 1724 171 246

89 197 206 233 episcopi
227 198 391 225 memoriam
410 199 578 227 abominaris.
600 198 664 228 Haec
679 205 770 228 autem
791 208 843 228 nec
857 200 892 229 ad
905 211 930 241 Α
944 201 1119 229 abduceretur
1134 201 1235 237 (inquit
1248 200 1452 230 Athanasiusin
1461 201 1614 237 Apologia),
1630 201 1656 229 ln
1672 210 1725 236 qua

88 251 115 269 a.
145 243 180 271 D.
196 243 260 277 190,
277 251 330 272 nec
358 244 395 272 ad
422 244 536 273 Eusebii
565 249 691 280 tempora
715 245 892 281 pertingant;

90 290 215 325 ideoque
232 290 268 318 ad
293 298 355 318 rem
380 296 542 326 praesentem
564 291 634 319 nihil
647 292 761 320 omnino
776 292 890 321 faciunt.

88 337 204 364 Arabes
233 337 349 372 quidem
370 336 538 372 Ethiopian
552 337 682 366 Ecclesia:
697 338 847 373 primordia
858 338 892 366 ad

90 383 319 410 Constantinum
341 382 428 411 ferme
443 383 577 412 referunt.
591 383 768 413 Abulfaraius
787 389 893 412 notata

90 434 227 464 tempore
254 428 430 457 Constantini
460 430 620 465 religionem
649 429 833 458 Christianam
863 438 894 459 se

90 476 256 509 exeruisse,
286 476 374 504 donec
405 483 467 504 eam
498 476 730 512 amplecterentur
757 477 893 513 pleraeque

90 529 199 549 earum
213 529 279 557 quae
295 521 428 550 Romanis
446 523 544 551 vicinae
558 527 624 551 sunt
637 527 747 558 gentes,
765 531 815 551 nec
838 531 894 550 non

91 573 242 604 quotquot
264 568 422 596 incolebant
444 569 535 604 Coptte
558 569 621 597 aliis
637 572 664 597 et
678 568 790 605 Nigritte
805 571 894 597 omni-

91 615 166 650 geni
192 623 227 642 ex
249 614 425 650 Ethiopibus
437 635 445 647 ,
462 614 558 644 Nubiis
578 616 751 651 exterisque.
772 616 894 653 Geogra-

94 663 159 696 pho
194 661 331 690 Nubiensi
359 666 548 690 memorantur
572 661 669 698 Nigri,
699 663 744 698 qui
767 668 895 691 uocantur

92 708 223 735 Albanin
238 712 264 735 et
279 708 404 735 dicuntur
424 716 480 736 esse
492 707 587 742 Grati,
598 709 799 745 religionemque
815 709 895 737 Citri-

93 755 221 781 stianam
241 754 364 789 proﬁteri
387 763 404 782 tl
420 755 511 782 diebus
524 754 691 790 ϐορείων-ωτι
704 761 765 783 ante
774 761 895 783 exortam

96 799 354 826 Mustemannorum
381 804 497 831 tectam;
524 807 613 826 verum
646 799 773 833 deﬁciunt
800 807 817 826 ιι
843 799 895 834 ﬁde

94 844 329 876 Christianorum,
347 849 409 871 sunt
427 845 497 871 enim
512 843 655 872 Jac-obita.
673 844 708 871 At
722 843 894 872 Constantini

942 251 1075 282 tyrannos
1094 254 1142 275 eos
1167 246 1267 274 fratres
1285 252 1375 281 vocat,
1391 247 1480 283 iisque
1498 247 1575 283 paria
1589 255 1651 275 cum
1670 247 1724 276 Ro-

942 292 1032 320 manis
1056 293 1120 328 jura
1146 293 1284 328 impertit;
1301 301 1364 320 cum
1383 293 1451 321 nulli
1466 294 1660 329 imperatorum
1672 293 1719 321 Ro-

942 346 1085 366 manorum
1097 337 1221 366 foederati
1236 338 1308 366 ultra
1320 338 1440 374 Gangem
1453 343 1546 368 essent
1558 343 1630 366 :tum
1643 339 1726 367 etiam

942 385 1016 420 quod
1038 384 1109 412 idem
1123 384 1302 413 Constantius
1321 385 1407 420 legem
1424 384 1518 413 fecerit
1530 385 1558 412 in
1570 386 1629 413 haec
1643 385 1727 413 verba

942 438 1003 466 quat
1027 438 1084 458 rem
1107 431 1194 466 ipsam
1213 431 1282 459 mire
1303 431 1438 460 illustrat:
1457 431 1554 459 Nullus
1573 432 1608 460 ad
1627 437 1727 468 gentem

943 477 1152 504 Auxumitumm
1178 483 1203 505 et
1231 476 1384 505 Homeritaa
1407 478 1445 504 ire
1474 482 1628 513 praeceptus,
1654 478 1728 505 ultra

944 523 1027 550 annui
1053 524 1176 559 temporis
1199 524 1287 558 spatia
1305 523 1377 550 debet
1399 523 1569 552 Alexandrite
1589 524 1621 551 de
1635 530 1728 552 cetera

944 571 1088 598 demorari.
1107 571 1192 598 Erant
1205 571 1289 607 igitur
1300 570 1328 597 hi
1339 569 1503 606 Δύξουμϊται
1515 569 1675 606 καλούμενοι
1687 570 1730 597 Αι-

944 615 1046 648 θιοπες,
1064 621 1095 644 ιιι
1114 616 1235 652 loquitur
1251 615 1462 651 Philostorgius,
1474 615 1621 644 Homerilis
1630 615 1730 651 adjun-

944 662 1000 696 cti,
1028 663 1145 698 imperio
1182 662 1307 690 Romano
1340 662 1516 694 contermini,
1543 661 1730 690 Romanorum

944 707 1081 741 ftederati,
1095 713 1222 744 tempore
1246 708 1411 736 Constantii.
1427 707 1469 735 Ad
1485 708 1547 735 illos
1564 707 1646 743 igitur
1659 715 1731 743 saepe

944 754 1023 782 missi
1039 758 1104 782 sunt
1118 755 1199 790 legati
1215 754 1263 790 qui
1276 753 1470 781 Alexandriam
1487 753 1575 788 primo
1591 753 1729 788 petebant,

945 800 1010 829 inde
1030 800 1058 828 in
1080 800 1249 836 Ethiopiam
1272 799 1440 836 profecti,ex
1450 799 1588 835 Ethiopia
1613 799 1731 827 Alexan-

945 846 1032 874 driam
1047 846 1148 874 reversi
1163 850 1238 879 sunt,
1254 846 1288 874 ad
1302 853 1372 881 quos
1382 850 1486 881 spectat
1499 845 1544 872 illa
1560 846 1731 874 constitutio.

93 896 180 919 atate
193 891 291 926 plures
304 898 388 926 quam
407 895 518 919 centum
529 890 640 919 i‘tterunt
652 891 679 919 in
697 891 815 927 Egypto
835 890 894 926 epi-
907 901 929 929 Β
947 890 1010 919 Haec
1031 892 1141 919 occasio
1155 898 1211 919 eos.
1226 890 1260 918 ad
1279 890 1358 918 ﬁdem
1373 889 1557 918 Christianam
1576 889 1627 917 sub
1637 889 1733 924 primis

94 937 192 972 scopi;
210 940 240 964 et
263 936 359 964 eodem
381 940 502 972 tempore
523 936 657 964 Eusebius
672 935 770 972 lgnatii
788 935 892 971 episto-

95 983 139 1010 las
163 982 299 1010 omnibus
321 982 445 1010 ecclesiis
461 981 662 1018 perhonoriﬁce
680 981 893 1009 commendavit.

93 1028 157 1056 lmo
177 1036 247 1056 vero
270 1028 380 1056 videtur
404 1028 488 1056 etiam
513 1032 593 1056 aetate
620 1027 707 1063 ipsius
736 1027 893 1061 Athanasii,

94 1075 146 1110 qui
160 1074 299 1109 epistolas
313 1073 412 1110 lgnatii
427 1079 455 1102 et
468 1075 543 1102 novit
560 1079 588 1102 et
606 1074 719 1110 recepit,
734 1078 763 1102 et
775 1074 895 1110 primum

95 1121 244 1156 incognita
270 1120 314 1148 vel
340 1121 415 1148 nulla
440 1120 537 1154 fuisse,
550 1124 579 1148 et
601 1120 664 1148 dein
679 1120 722 1148 vel
737 1124 827 1148 ortum
843 1121 894 1148 ha-

96 1166 214 1200 buisse,
242 1166 288 1194 vel
312 1174 343 1194 se
373 1173 551 1200 recuperasse
571 1165 694 1194 Ecclesia
723 1166 893 1203 Egyptiaca.

96 1213 185 1248 quue
211 1217 289 1248 patet
315 1220 350 1241 ex
373 1213 491 1241 historia
507 1220 590 1246 quam
605 1217 701 1240 narrat
714 1212 838 1240 Bullinus
862 1212 896 1240 de

98 1257 276 1290 Frumentio,
292 1266 374 1293 quem
407 1258 435 1286 in
464 1258 568 1286 lndiam
588 1266 652 1286 cum
672 1258 793 1293 Mcropio
805 1257 897 1294 profe-

99 1310 175 1331 ctum
191 1311 256 1332 esse
274 1304 367 1332 tradit.
383 1303 443 1332 Etsi
455 1305 528 1332 enim
555 1305 680 1333 Bullinus
697 1304 735 1332 ita
751 1303 895 1332 historiam

100 1355 238 1385 pertexat,
255 1351 337 1386 quasi
352 1351 381 1378 in
395 1350 501 1378 Indiam
517 1352 676 1379 ulteriorem
694 1355 721 1378 et
735 1350 896 1378 orientalem

100 1395 284 1424 Fmentius
310 1396 498 1431 perrexisset;
534 1400 644 1424 constat
674 1400 765 1423 tamen
791 1395 896 1423 Indiam

101 1450 162 1470 eam
192 1442 280 1471 fuisse
304 1442 425 1479 Egypto
457 1443 670 1478 proximiorem,
698 1447 727 1470 et
749 1442 898 1477 Ethiopian

102 1495 221 1525 partem.
244 1489 304 1517 ludi
329 1490 403 1517 enim
429 1489 573 1525 Ethiopes
601 1489 753 1524 antiquitus
779 1488 897 1524 appella-

102 1537 214 1570 bantur,
230 1541 263 1564 ut
277 1536 350 1572 apud
366 1535 510 1571 Virgilium
525 1536 559 1564 de
570 1535 632 1564 Nilo
643 1535 664 1552 ³⁸
677 1545 684 1563 :

176 1603 266 1640 Usque
281 1604 410 1631 coloratis
428 1604 514 1632 omnis
528 1603 640 1632 devexus
655 1604 688 1631 ab
703 1603 788 1633 Indis.

138 1673 181 1701 Ad
201 1672 274 1700 hanc
288 1677 379 1700 autem
393 1671 499 1699 lndiam
514 1671 703 1699 Frumentium
724 1671 813 1706 primo
833 1679 896 1707 pcr-

104 1719 214 1747 venisse
237 1723 349 1746 constat
369 1728 376 1745 :
397 1725 432 1746 ex
459 1718 506 1745 illa
528 1717 722 1745 Alexandriam
747 1717 839 1750 rediit,
869 1717 897 1744 in

105 1765 230 1793 eamdem
252 1772 350 1792 rursus
367 1764 450 1792 etiam
469 1764 571 1792 missus
587 1767 641 1796 est,
655 1769 682 1791 et
694 1763 728 1791 ab
745 1763 897 1792 Athanasio

105 1811 250 1839 ordinatus
275 1810 422 1845 episcopus
446 1810 594 1838 Axumeos.
612 1809 679 1836 Erat
705 1815 797 1837 autem
820 1809 896 1837 Axu-

106 1858 157 1885 mis
175 1856 338 1892 Ethiopum
356 1856 526 1892 metropolis.
542 1855 699 1891 Stephanus
711 1855 751 1883 De
770 1855 877 1883 urbibus
888 1864 898 1884 :

112 1903 284 1938 ’Λξουμίτης,
300 1902 462 1938 ἀρσενικῶς,
477 1902 643 1938 μητρόπολις
658 1902 803 1930 Αἰθιόπων.
819 1902 897 1937 Apud

105 1948 253 1976 Arrianum
262 1949 291 1976 in
303 1948 413 1984 Periplo
426 1948 512 1976 maris
520 1945 652 1984 Erythraei
667 1948 750 1983 (quod
763 1948 897 1983 Procopio

106 1994 221 2022 Canusi
238 1994 361 2023 θάλασσα
388 1994 485 2030 Ἰνδική
501 1994 647 2029 vocatur):
668 1994 735 2021 Ἀπὸ
750 1993 779 2021 δὲ
787 1993 898 2030 ’ταύτης

106 2041 145 2071 εἰς
160 2040 246 2076 αὐτὴν
262 2040 313 2076 τὴν
330 2040 497 2076 μητρόπολιν
509 2039 553 2066 τὸν
577 2039 728 2076 ’Δξωμιτην
753 2039 897 2075 λεγόμενον

107 2086 193 2113 ἄλλων
224 2086 336 2122 ἡμερῶν
361 2086 453 2113 πέντε.
479 2085 626 2114 Nonnosus
653 2085 726 2120 apud
751 2084 895 2114 Photium:

113 2133 143 2159 Ἠ
155 2132 185 2161 δὲ
203 2132 327 2167 ’Δξουμα
344 2131 421 2163 πόλις
439 2132 498 2158 ἐστὶ
518 2132 644 2167 μεγίστη,
661 2132 709 2158 καὶ
722 2128 777 2159 οἷον
795 2131 897 2168 μητρό-

107 2178 182 2210 πολις
195 2177 248 2213 τῆς
262 2177 328 2212 ὅλης
356 2177 509 2209 Αἰθιοπίας.
522 2177 556 2204 Et
569 2177 670 2205 clarius
685 2177 774 2204 adhuc
794 2175 897 2204 Proco-

107 2225 167 2259 pius
198 2224 368 2251 Persicorum
397 2224 468 2251 lib.t
488 2234 494 2251 :
516 2223 668 2260 Ὀμηριτῶν
680 2223 709 2250 δὲ
730 2222 896 2258 καταντικρὺ

109 2270 224 2305 μάλιστα
247 2271 277 2296 ὲν
295 2271 329 2305 τῇ
347 2270 495 2307 ἀντιπέρας
514 2271 618 2306 ἠπείρῳ
633 2270 760 2302 Αἰθίοπες
775 2270 897 2298 οἰκοῦσιν

107 2318 130 2344 οἱ
144 2317 318 2353 Αὺξωμεῐται
328 2316 529 2349 ἐπικαλοῦνται,
554 2317 600 2346 ὅτι
609 2317 642 2353 δὴ
659 2317 751 2349 αὐτοῖς
768 2316 804 2344 τὰ
819 2316 897 2352 pacti,-

107 2363 255 2394 ὶ.ειά,ὲστιν
277 2364 306 2390 ὲν
321 2362 459 2398 Δὺξώμιδι
476 2362 561 2393 πόλει.
585 2362 651 2390 Erat
675 2363 758 2398 igitur
782 2362 898 2393 Axumis

109 2409 266 2444 metropolis
290 2408 448 2444 Ethiopiaz,
477 2413 505 2436 et
529 2411 558 2436 in
576 2416 610 2437 ea
638 2408 800 2444 Ethiopum
823 2410 904 2444 regia.

108 2457 194 2490 posita
204 2456 269 2484 fuit.
280 2455 322 2483 Ad
331 2456 403 2484 hanc
417 2456 500 2491 igitur
510 2456 641 2490 Axumin,
657 2461 684 2484 et
695 2457 766 2485 hanc
780 2456 896 2490 Indiam,

109 2512 166 2539 qua:
186 2512 253 2540 pars
270 2508 313 2532 est
334 2503 484 2539 Ethiopian
502 2504 621 2540 {Egypto
636 2505 778 2540 proxima;
794 2511 848 2532 n0n
863 2504 897 2530 ad

110 2549 209 2580 Indiam
230 2549 452 2585 intraGangem,
464 2554 512 2578 aut
524 2550 558 2578 ad
569 2550 690 2578 Axumin
711 2550 797 2583 illam,
813 2556 897 2585 quam

111 2596 140 2622 ad
154 2596 225 2624 latus
246 2595 382 2624 orientale
394 2596 454 2624 Indi
472 2595 548 2623 ﬂuvii
563 2596 707 2624 constituit
722 2596 895 2628 Ptolemams,

111 2641 293 2671 Frumentiutu
310 2642 429 2670 missum
444 2641 530 2672 fuisse
542 2651 557 2670 a
574 2642 603 2670 S.
618 2642 770 2670 Athanasio
783 2642 897 2670 creden~

111 2690 168 2717 dum
183 2694 245 2719 est:
259 2694 319 2717 tum
345 2689 422 2724 quod
437 2689 583 2724 epistolam
608 2689 787 2717 Constantius
802 2689 896 2718 adAi<

112 2743 189 2764 man
203 2742 230 2764 et
251 2735 381 2764 Satanan
395 2736 457 2769 ejus
472 2736 524 2763 loci
547 2741 680 2772 tyrannos
693 2736 814 2771 scripsit,
826 2735 897 2763 ὥστε

111 2782 281 2818 Φφυμὲντιον
307 2782 356 2808 τὸν
376 2781 526 2809 ἐπίσκοπον
549 2781 601 2816 τῆς
616 2781 768 2817 ’Δξούμεως
792 2780 896 2808 ἐκεῖθεν

112 2827 225 2863 ἀχθῆναι,
254 2833 284 2855 ut
311 2826 485 2857 Frumentius
514 2828 651 2864 episcopus
677 2826 808 2855 Annaeus
836 2827 896 2854 inde

141 2885 160 2901 ¹⁸
170 2884 261 2921 Georg.
280 2893 320 2918 tv,
341 2884 404 2912 295.
447 2900 449 2902 -

945 937 1155 972 imperatoribus
1172 935 1336 964 Christianis
1348 936 1537 964 convertendi.

988 983 1048 1013 1am
1060 991 1125 1011 vero
1138 987 1201 1011 ante
1211 983 1284 1011 hunc
1292 982 1478 1010 Frumentium
1491 983 1517 1009 in
1529 983 1580 1009 hac
1590 981 1665 1009 India
1676 981 1733 1007 sive

945 1029 1016 1057 inter
1046 1029 1192 1064 IEthiopas
1216 1028 1360 1056 Axumitas
1385 1028 1459 1055 nulla
1483 1027 1647 1055 Christianae
1670 1025 1734 1052 reli-

945 1075 1034 1110 gionis
1053 1076 1167 1111 vestigia
1193 1075 1368 1110 apparebant.
1387 1073 1425 1102 Ita
1442 1073 1556 1101 omnino
1577 1073 1732 1107 intelligen-

946 1120 998 1148 dus
1011 1120 1139 1148 Socrates
1157 1121 1184 1148 in
1198 1120 1360 1156 praefatione
1371 1120 1404 1148 ad
1417 1120 1487 1147 hanc
1500 1119 1643 1147 historiam
1658 1128 1665 1146 :
1677 1118 1733 1154 Τὴν

947 1167 1036 1203 μέντοι
1052 1167 1183 1204 ἐνδοτέρω
1201 1167 1294 1195 Ἰνδίαν
1310 1167 1345 1202 ἢν
1357 1167 1497 1203 προσοικεῖ
1516 1165 1658 1201 βαρϐάρων
1668 1165 1734 1200 ἔθνη

946 1213 1032 1240 πολλὰ
1046 1213 1184 1250 διαφόροις
1199 1213 1328 1250 χρώμενα
1342 1213 1478 1248 γλώσσαις
1494 1212 1599 1239 οὐδέπω
1615 1211 1668 1246 πρὸ
1679 1211 1734 1237 τῶν

946 1259 1150 1285 Κωνσταντινου
1181 1258 1284 1294 χρόνων
1306 1259 1321 1285 ό
1343 1258 1390 1284 τοῦ
1416 1256 1628 1294 Χριστιανισμοῦ
1655 1255 1734 1290 λόγος

946 1303 1088 1338 ἐφώτιζεν.
1104 1303 1220 1331 Interior
1240 1309 1329 1331 autem
1352 1303 1443 1335 India,
1457 1310 1537 1338 quam
1553 1307 1639 1337 gentes
1658 1308 1734 1328 ncca-

948 1351 1007 1378 Iunt
1040 1351 1175 1386 plurimae,
1196 1350 1306 1378 diversis
1326 1354 1427 1377 utentes
1451 1349 1560 1384 linguis,
1579 1352 1639 1375 ante
1664 1347 1735 1376 Cort-

948 1396 1061 1423 stantini
1081 1401 1198 1431 tempora
1223 1395 1339 1422 nondum
1362 1395 1462 1423 Christi
1491 1394 1543 1429 ﬁde
1568 1394 1654 1428 fuerat
1669 1393 1735 1420 illu-

947 1447 1044 1470 strala.
1060 1442 1131 1470 Idem
1147 1442 1230 1469 etiam
1246 1449 1280 1469 ex
1297 1441 1355 1476 ipsa
1366 1441 1479 1468 historia
1496 1439 1654 1469 innotescit.
1666 1438 1735 1465 Fru-

949 1489 1070 1517 mentius
1096 1489 1170 1516 enim
1189 1488 1246 1523 ipse
1271 1495 1333 1515 cum
1348 1487 1467 1522 primum
1482 1486 1516 1514 ad
1532 1485 1634 1513 Indiam
1648 1485 1734 1518 illam,

949 1535 1006 1563 sive
1019 1535 1185 1570 Ethiopian)
1202 1538 1373 1570 pervenerat,
1384 1537 1413 1561 et
1424 1533 1494 1561 mira
1507 1532 1554 1560 Dei
1566 1531 1735 1567 providentia

910 1574 931 1602 ε
948 1582 1075 1609 maximat
1094 1581 1164 1616 apud
1186 1588 1276 1615 regem
1299 1579 1471 1608 auctoritatis
1485 1583 1568 1611 esset,
1583 1577 1735 1605 neminem-

948 1637 1001 1664 que
1017 1629 1087 1656 inter
1103 1627 1259 1662 {Ethiopias
1274 1626 1462 1654 Christianum
1482 1624 1627 1657 invenerit,
1645 1624 1734 1658 requi-

948 1683 1003 1702 rere
1027 1674 1170 1702 sollicitius
1193 1674 1271 1708 erepit
1292 1673 1315 1700 si
1329 1673 1374 1708 qui
1393 1672 1462 1699 inter
1485 1671 1656 1706 negotiatores
1680 1669 1734 1696 R0-

948 1731 1039 1750 manos
1058 1723 1203 1750 Christiani
1215 1726 1309 1753 essent,
1328 1721 1413 1755 iisque
1429 1724 1591 1755 potestatem.
1605 1717 1690 1748 dedit,
1706 1720 1735 1742 ut

948 1767 1128 1795 conuenticula
1146 1776 1192 1803 per
1209 1767 1269 1794 loca
1286 1765 1393 1801 singula
1409 1765 1534 1800 facerent,
1550 1763 1584 1791 ad
1603 1771 1661 1798 qum
1681 1762 1736 1789 Ro-

947 1823 1026 1843 mano
1039 1815 1093 1841 ritu
1104 1814 1233 1841 orationis
1253 1821 1333 1840 causa
1350 1812 1521 1846 conﬂuerent.
1537 1810 1597 1843 Quo
1612 1814 1735 1845 peracto,

948 1869 1076 1888 reversus
1091 1865 1119 1888 et
1135 1859 1331 1888 Alexandriam
1345 1858 1469 1890 veniens,
1485 1857 1550 1892 quid
1562 1865 1578 1883 a
1591 1863 1621 1884 se
1633 1855 1734 1883 factum

948 1909 984 1936 sit
999 1908 1095 1941 docet;
1109 1911 1136 1934 et
1150 1915 1166 1934 a
1181 1906 1209 1934 S.
1221 1906 1374 1933 Athanasio
1388 1905 1415 1932 in
1429 1903 1547 1932 concilio
1562 1903 1743 1930 sacerdotum.

947 1954 1036 1990 primo
1060 1953 1229 1988 designatus,
1253 1951 1316 1980 dein
1346 1951 1490 1979 ordinatus
1522 1953 1565 1976 est
1591 1949 1740 1984 episcopus,

948 2000 1098 2028 Axumeos.
1115 1999 1167 2032 Qui
1184 2006 1246 2026 cum
1265 1997 1413 2033 episcopali
1432 1996 1598 2024 auctoritate
1621 2000 1741 2022 ornatus.

948 2044 1114 2080 perrexisset
1124 2043 1158 2071 ad
1173 2045 1244 2070 hanc
1253 2042 1367 2073 Indiam,
1382 2045 1458 2068 tanta
1470 2041 1493 2068 ei
1506 2041 1570 2068 data
1583 2048 1638 2067 esse
1653 2048 1669 2066 α
1682 2039 1736 2065 Deo

948 2091 1078 2117 virtutum
1097 2088 1186 2124 gratia
1200 2088 1311 2120 dicitur,
1323 2091 1353 2114 ut
1363 2086 1438 2122 signa
1454 2093 1499 2120 per
1512 2093 1572 2113 eum
1590 2084 1736 2119 apostolica

948 2137 1058 2171 ﬂerent,
1075 2140 1100 2163 et
1134 2135 1257 2169 inﬁnitus
1283 2141 1406 2160 numerus
1430 2131 1606 2159 barbarorum
1630 2137 1735 2160 conuer-

949 2187 1046 2212 teretur
1067 2181 1101 2208 ad
1117 2181 1207 2216 ﬁdem.
1224 2179 1266 2206 Ea:
1280 2187 1330 2214 quo
1344 2179 1372 2205 in
1385 2177 1470 2205 Inde
1494 2176 1626 2211 partibus,
1645 2179 1670 2201 et
1689 2183 1736 2208 pa«

948 2229 1005 2266 puli
1016 2227 1242 2259 Christianorum,
1258 2230 1283 2252 et
1300 2224 1416 2252 ecclesia:
1432 2224 1510 2258 facta:
1521 2227 1594 2253 sunt,
1610 2225 1634 2247 et
1648 2228 1736 2247 sacer-

948 2276 1053 2302 dotium
1075 2275 1162 2309 erepit,
1176 2277 1206 2300 ut
1220 2276 1337 2300 testatur
1354 2269 1479 2299 Ruﬂinus
1497 2268 1570 2297 Hist.
1584 2266 1648 2296 secl.
1660 2267 1680 2293 ι.
1707 2274 1735 2299 x,

941 2329 1009 2356 mp.
1038 2321 1065 2348 9.
1089 2320 1141 2347 Cui
1171 2318 1356 2353 suﬂ‘ragamur
1381 2316 1521 2348 Socrates,
1554 2312 1735 2345 Sozomenus,

951 2366 1139 2396 Theodoretus
1152 2370 1179 2393 et
1193 2364 1372 2399 Nicephorus.

984 2412 1036 2441 Ubi
1050 2419 1123 2439 nunc
1134 2410 1180 2438 ille
1195 2410 1304 2438 abunas
1319 2408 1501 2443 Ethiopicus,
1519 2405 1564 2433 ille
1577 2404 1734 2440 patriarcha

949 2459 1008 2487 sine
1022 2457 1157 2493 episcopis
1168 2477 1175 2490 ,
1192 2457 1220 2484 in
1245 2455 1422 2491 amplissimis
1446 2458 1473 2481 et
1490 2449 1735 2480 Christianissimis

948 2505 1125 2537 civitatibus,
1155 2511 1243 2538 usque
1273 2503 1307 2530 ad
1342 2509 1368 2529 a.
1395 2500 1426 2528 D.
1456 2499 1527 2527 l90?
1551 2498 1603 2526 Ubi
1634 2496 1672 2523 illi
1700 2496 1736 2524 ab

948 2552 1064 2582 aliarum
1079 2550 1201 2585 gentium
1221 2547 1388 2576 commercio
1405 2546 1520 2577 remoti,
1543 2545 1612 2572 adeo
1629 2543 1735 2578 antiqui

949 2598 1019 2625 ritus
1027 2601 1148 2628 tenaces,
1163 2599 1194 2622 ut
1201 2602 1264 2622 cum
1275 2593 1407 2629 Egyptii,
1417 2599 1483 2628 gens
1493 2591 1559 2619 levis
1569 2595 1596 2618 et
1605 2590 1733 2625 pendula,

948 2643 1000 2671 sub
1014 2642 1153 2670 Demetrio
1167 2646 1195 2669 et
1209 2640 1324 2668 Heracla
1337 2639 1491 2675 episcopos,
1503 2638 1617 2671 scilicet,
1633 2637 1734 2664 admit-

948 2693 1045 2722 terent,
1055 2688 1186 2716 traditum
1202 2687 1237 2715 ab
1246 2685 1439 2714 Alexandrinis
1450 2691 1553 2712 morem
1565 2683 1668 2718 optima
1683 2682 1737 2710 tida

947 2735 1127 2768 servaverint,
1144 2739 1172 2762 et
1188 2742 1244 2762 uno
1260 2733 1351 2761 abuna
1372 2731 1493 2760 contenti
1517 2730 1610 2765 plures
1626 2729 1736 2764 episco-

948 2791 998 2819 pos
1010 2783 1155 2811 admittere
1169 2788 1311 2816 nunquam
1324 2778 1479 2807 voluerint?
1496 2777 1536 2804 Ex
1555 2776 1656 2811 quibus
1677 2775 1735 2802 haec

948 2829 1070 2858 historia:
1087 2827 1272 2857 monumentis
1286 2830 1365 2855 eruta
1375 2834 1382 2854 :
1391 2832 1424 2853 ex
1436 2823 1537 2860 quibus
1550 2822 1678 2851 Ecclesia:
1687 2829 1736 2849 an-
