1866 3073
166 156 218 183 ΞΠ

667 160 696 188 S.
716 160 890 190 IGNA'l'iUS.
908 176 944 182 -—
962 161 1227 191 PROLEGOMENA.

1736 162 1799 190 248

165 217 274 245 natibus
293 217 436 254 desumpta
450 224 515 248 sunt
524 239 534 253 ,
548 220 660 253 Graecis.
674 221 780 251 Latinis
791 243 799 255 ,
812 223 950 251 Arabibus
963 225 987 255 Α
1000 231 1053 250 non
1067 223 1143 251 habet
1154 224 1317 258 patriarcha
1329 224 1455 252 honorem
1468 228 1494 251 et
1504 228 1670 259 potestatein.
1692 223 1798 252 Plures

164 263 267 298 pariter
280 265 389 300 ignota?
405 265 496 294 Prima
509 266 594 296 facies
607 267 753 303 Ecclesiae,
768 270 885 304 primum
901 277 944 298 sa—

162 310 327 344 cerdotium,
350 314 456 347 primus
470 314 614 350 episcopus
627 315 654 342 in
670 316 815 350 metropoli
837 315 948 344 Ethio-

162 355 224 390 piae,
240 364 302 384 cum
313 357 369 393 jam
387 358 555 388 Athanasius
569 362 597 388 in
611 361 728 398 [Egypto
740 369 794 390 non
810 363 870 390 sine
880 371 946 391 cen-

162 406 222 429 tum
237 403 372 439 episcopis
385 405 558 440 president,
579 412 608 435 et
622 408 680 443 ipse
698 407 793 443 lgnatii
816 409 946 444 epistolas

161 449 263 478 diserte
275 456 433 486 agnosceret
450 457 532 488 atque
545 455 715 489 praedicaret.

195 494 406 531 Philostorgius,
424 502 473 525 aut
491 499 635 534 ignorans,
650 504 698 528 aut
710 501 803 536 potius
814 501 945 530 dissimu-

158 541 221 570 lans
234 542 306 570 hanc
322 543 465 571 historiam
479 565 485 577 ,
502 544 683 581 Theophilum
697 547 749 574 sub
764 548 945 576 Constantino

158 587 193 614 ad
207 588 350 617 Axumitas
370 589 515 626 Ethiopas
529 593 643 620 missum
658 593 739 620 tradit
752 603 759 620 :
776 593 945 630 Nicephorus

157 633 210 661 hoc
227 634 263 662 ad
283 634 438 664 Constantii
455 643 482 665 et
497 638 607 674 Georgii
629 640 748 676 episcopi
765 641 943 669 Alexandrini

157 684 279 716 tempora
294 681 390 710 refert.
407 683 441 710 Et
457 685 568 712 omnino
581 686 726 721 episcopus
740 687 784 714 ille
801 687 919 715 Arianus
933 708 941 720 ,

155 730 219 761 post
243 726 435 756 Frumentium
462 735 509 757 aut
530 736 687 758 revocatum
713 737 760 759 aut
786 738 941 767 mortuum,

154 770 325 808 Ethiopiam
343 776 498 809 perrexisse
509 777 647 812 putandus
656 783 708 806 est.
720 778 787 807 Post
797 788 867 815 quos
875 781 940 815 quin

153 818 248 853 plures
263 820 291 847 in
307 819 447 857 Ethiopia
460 823 580 858 episcopi
593 823 745 859 ﬂoruerint,
756 826 875 854 dubitari
886 835 941 855 non

999 269 1060 298 sine
1074 270 1261 298 controversia
1288 271 1316 298 in
1339 270 1497 307 Ethiopica
1518 270 1642 299 Ecclesia
1663 270 1797 306 episcopi

997 315 1084 349 luere,
1100 323 1164 343 cum
1180 316 1224 343 hic
1236 323 1325 344 canon
1345 317 1434 351 primo
1450 316 1577 344 conditus
1596 321 1649 344 est.
1667 315 1718 343 Ius
1735 323 1795 351 pa—

997 363 1125 391 triarchae
1145 362 1332 396 denegabatur
1348 364 1460 392 creandi
1484 363 1704 399 archiepiscopos
1727 364 1795 391 sive

996 408 1235 441 metropolitanos,
1245 409 1325 442 tales,
1339 410 1481 441 nimirum,
1495 410 1542 444 qui
1556 417 1606 436 sua
1619 409 1795 438 auctoritate

995 456 1141 490 episcopos
1162 461 1304 489 crearent;
1326 457 1398 484 unde
1412 457 1465 491 ipsi
1480 457 1526 492 jus
1545 457 1656 484 creandi
1673 457 1792 492 episco-

995 510 1045 537 pos
1072 509 1235 530 concessum
1259 511 1321 531 esse
1344 504 1518 538 supponitur.
1542 503 1576 531 Et
1602 504 1734 539 quoniam
1753 511 1793 531 ea

993 553 1072 576 aetate
1087 549 1180 583 plures
1202 549 1254 576 sub
1268 557 1298 577 se
1317 549 1491 584 episcopatus
1505 549 1629 582 haberet,
1651 550 1792 578 catholici

994 603 1094 623 nomen
1110 596 1245 628 obtinuit,
1262 597 1310 632 qui
1330 597 1410 632 vulgo
1427 598 1515 624 abuna
1530 602 1654 625 vocatur.
1674 597 1791 624 Salma-

993 642 1064 669 sium
1082 642 1128 670 hic
1140 643 1257 677 appello,
1266 643 1313 678 qui
1325 642 1363 670 De
1374 644 1492 678 primatu
1504 652 1581 679 papa:
1590 651 1651 678 cap.
1666 643 1711 676 ll,
1725 643 1791 670 har

993 686 1075 714 habet
1091 696 1097 713 :
1114 686 1308 721 Succretcente,
1321 692 1349 714 ut
1358 687 1492 722 probabile
1504 693 1553 720 est,
1566 687 1791 715 Christianorum

991 733 1019 759 in
1035 731 1176 766 Ethiopia
1187 741 1305 765 numero,
1321 733 1365 760 ubi
1375 734 1463 768 plures
1474 733 1568 761 habere
1584 734 1662 768 cmpit
1677 741 1709 760 ea
1720 741 1784 767 pro

991 779 1079 806 vincia
1093 780 1241 814 episcopos,
1252 788 1319 807 unus
1333 781 1456 807 omnibus
1466 779 1685 815 metropolitanus
1695 780 1788 814 ὅμηρον

990 823 1068 857 situs,
1082 824 1128 859 qui
1139 829 1246 858 propter
1257 825 1456 851 multitudinem
1467 825 1649 860 episcoporum
1656 825 1709 852 sibi
1720 824 1788 852 sub-

153 869 253 900 potest.
272 866 400 903 Legimus
419 869 493 897 enim
515 872 588 906 apud
611 871 763 899 Palladium
777 892 786 905 ,
801 880 882 908 quem
905 882 940 902 ex
954 905 971 908 μ
987 869 1118 904 imorum
1140 875 1164 896 ει
1189 870 1301 897 dium!“
1320 870 1525 906 απιριίιαάίηενη
1543 871 1672 898 cauum“
1687 876 1713 898 ει
1732 879 1786 906 Ρ⁶⁸

153 910 317 939 bibliotheca
341 911 424 948 Regia
450 922 538 950 nuper
560 916 644 944 edidit
662 917 697 945 cl.
722 917 864 945 Edoardus
879 917 940 946 Bis-

953 905 976 934 Β
990 915 1114 942 triarclttz
1131 923 1225 942 nomen
1249 915 1364 950 habuit,
1383 917 1500 952 quamvis
1520 916 1599 944 alteri
1617 905 1786 952 patriarcha

152 963 224 984 saeus
235 964 319 992 eques
332 963 462 988 auratus:
478 960 548 996 Ἐγὼ
563 962 592 989 δὲ
608 963 648 994 εἰς
663 962 697 990 τὰ
713 963 873 1000 ἀκρωτήρια
890 964 940 1000 μό-

1007 961 1115 989 ubuset.

150 1007 196 1028 νον
212 1001 317 1036 ἔφθασα
333 1004 382 1039 τῆς
404 1005 517 1042 Ἰνδικῆς
540 1007 593 1043 πρὸ
609 1008 677 1035 ἐτῶν
692 1006 790 1044 ὀλίγωῖι
808 1010 877 1045 μετὰ
892 1009 939 1037 τοῦ

151 1048 288 1084 μακαρίου
312 1050 452 1083 Μωῡσέως
483 1052 530 1079 τοῦ
556 1054 706 1081 ἐπισκόπου
729 1056 784 1082 τῶν
815 1055 939 1091 Ἀδουλη-

149 1092 213 1120 νῶν.
232 1093 288 1130 Ego
305 1096 340 1122 ad
351 1097 451 1131 primas
468 1102 571 1126 tantum
592 1099 679 1127 ludite
693 1109 754 1128 oras
767 1109 865 1136 paucos
876 1107 938 1130 ante

151 1147 232 1167 annos
252 1149 312 1168 cum
329 1142 405 1170 beato
429 1143 503 1171 Hose
522 1145 704 1174 Adulenorum
717 1148 837 1182 episcopo
859 1156 937 1183 pene-

150 1186 226 1212 travi.
240 1185 306 1214 Erat
318 1192 409 1216 autem
422 1190 519 1224 Adule,
533 1191 575 1219 vel
584 1192 690 1226 Adulis,
702 1193 768 1221 urbs
777 1192 933 1229 Ethiopian.

149 1230 242 1266 Steph.
253 1241 260 1259 :
271 1233 405 1268 'Aooultg,
423 1236 500 1269 πόλις
516 1238 662 1272 Αἰθιόπων,
670 1245 697 1267 et
710 1239 859 1276 Procopius
866 1241 935 1270 Per-

148 1277 263 1304 sicorum
279 1279 352 1306 lib.l
376 1288 383 1307 :
407 1281 452 1308 Ἐν
477 1282 554 1310 πόλει
579 1284 714 1313 Αἰθιόπων
737 1285 875 1314 ’Λδούλώι.
904 1286 935 1316 lu

154 1323 216 1351 Vita
238 1325 267 1352 S.
290 1325 468 1362 Chrysoslomi
484 1336 499 1356 a
520 1329 644 1359 Palladio
667 1332 767 1368 scripta
787 1333 890 1361 mentio
904 1335 934 1362 lit

148 1368 260 1398 Palladii
282 1371 486 1409 Blemmyarum
506 1376 638 1412 episcopi.
664 1376 817 1414 Blemmyes
840 1382 931 1406 autem

147 1420 213 1444 sunt
222 1416 376 1454 Ethiopes.
394 1420 495 1449 Strabo
515 1422 562 1450 lib.
578 1431 652 1451 xvn:
669 1424 812 1460 Βλέμμυες
834 1425 862 1452 δὲ
885 1426 932 1452 Al-

146 1461 248 1490 οιόπων
265 1464 464 1500 ὑπακούοντες,
481 1468 640 1503 Αἰγυπτίοις
657 1469 686 1495 δὲ
697 1470 802 1506 ὅμοροι,
815 1470 849 1498 de
862 1471 926 1505 qui-

145 1508 198 1537 bus
211 1509 317 1539 Plinius
335 1512 383 1540 lib.
403 1521 430 1546 v,
444 1521 504 1549 cap.
521 1514 548 1542 8.
565 1514 657 1550 Neque
669 1524 735 1544 vero
754 1517 844 1544 adhuc
858 1517 930 1544 mul-

144 1558 202 1582 tum
214 1557 299 1584 crevit
311 1557 338 1584 in
354 1558 493 1594 Ethiopia
510 1561 606 1596 religio
621 1561 785 1589 Christiana.
800 1562 851 1589 Sed
880 1563 929 1591 Ju-

143 1599 460 1636 stinianeiimperiianno
473 1604 519 1637 16,
527 1604 638 1634 Adadus
648 1607 860 1634 Auxumitarum
870 1615 927 1641 rex,

142 1644 231 1673 factus
245 1650 288 1674 est
299 1646 484 1683 Christianus,
499 1651 571 1678 etab
581 1652 747 1687 imperatore
758 1653 861 1688 accepit
870 1654 929 1680 ἐπί-

142 1698 243 1718 σκοπον
257 1693 303 1720 καὶ
319 1693 478 1730 κληρικούς,
496 1701 526 1724 ut
547 1696 631 1725 refert
655 1697 835 1734 Theophanes
845 1721 852 1734 ,
866 1702 927 1728 ὲπι-

141 1736 266 1769 σκόπους
281 1738 328 1765 καὶ
345 1739 502 1776 κληριχούς,
515 1747 545 1770 ut
556 1748 650 1770 narrat
667 1744 817 1781 Cedrenus,
831 1752 858 1775 et
871 1753 927 1779 tota

139 1789 172 1809 ca
190 1791 256 1817 gens
266 1783 375 1813 Christo
388 1794 488 1815 nomen
501 1787 584 1817 dedit.
599 1789 641 1818 Ab
654 1797 688 1818 eo
701 1795 833 1827 tempore,
844 1799 874 1821 ut
882 1802 928 1822 ar-

139 1828 240 1876 bitror,
255 1829 483 1862 Christianismus
494 1835 601 1864 radices
615 1838 687 1872 apud
702 1839 847 1875 Ethiopas
860 1841 924 1876 egit,

140 1880 195 1908 quo
213 1874 327 1904 liberius
345 1879 435 1906 adhuc
451 1881 485 1908 de
508 1881 726 1912 Chalcedonensi
744 1874 862 1914 concilio
878 1874 924 1915 lo-

137 1920 295 1954 quebantur
307 1923 442 1958 homines,
459 1928 607 1961 praesertim
619 1930 647 1956 in
659 1929 788 1966 Egypto.
801 1933 859 1960 Sub
873 1933 925 1960 iw

136 1966 214 2001 perio
227 1973 317 2015 autem
333 1969 492 2007 Theophili,
511 1974 539 2000 in
555 1974 695 2011 Ethiopia
712 1979 848 2013 episcopus
871 1980 924 2015 fuit

137 2013 241 2040 nomine
254 2013 381 2049 Iacobus,
398 2026 473 2052 quem
484 2027 544 2046 cum
560 2029 607 2048 rea:
626 2023 695 2057 forte
707 2024 736 2050 in
750 2024 847 2052 bellum
858 2013 922 2060 pro-

135 2058 220 2093 [ectus
232 2065 309 2094 esset,
325 2070 393 2089 uxor
407 2065 476 2100 regis
491 2066 519 2092 in
536 2067 661 2094 exsilium
678 2069 751 2096 misit
761 2091 768 2103 ,
788 2076 813 2097 et
824 2058 923 2099 substi-

135 2108 241 2132 ttterunt
250 2107 277 2133 in
289 2107 376 2134 locum
387 2110 443 2143 ejus
454 2112 606 2147 episcopum
616 2114 710 2142 alium.
730 2115 782 2143 Sed
794 2122 818 2143 et
830 2118 920 2151 pluvia

132 2150 167 2178 iis
182 2151 247 2180 data
258 2161 310 2180 non
322 2154 385 2188 fuit,
404 2161 428 2182 et
445 2160 561 2191 percussi
580 2165 642 2187 sunt
659 2162 809 2196 pestilentia
819 2150 879 2196 ,Vita
892 2168 921 2190 ut

133 2204 242 2232 regnum
253 2207 378 2235 magnum
395 2203 503 2230 sentiret
516 2205 652 2234 damnum.
669 2207 817 2244 Episcopus
829 2215 920 2237 autem

1024 1007 1054 1035 Si
1071 1008 1180 1036 deﬁciat
1195 1008 1323 1041 historia,
1337 1008 1423 1044 ipsius
1444 1009 1573 1037 Ecclesiae
1588 1015 1783 1044 monumenta,

988 1054 1177 1089 cujuscunque
1190 1055 1278 1083 aetatis
1295 1055 1352 1083 sint
1361 1075 1369 1088 ,
1381 1056 1449 1084 satis
1463 1055 1611 1083 manifesto
1629 1056 1782 1085 ostendunt

987 1100 1143 1136 complures
1157 1100 1187 1128 in
1202 1108 1234 1128 ea
1249 1102 1392 1136 provincia
1406 1102 1551 1137 episcopos
1566 1102 1665 1130 fuisse.
1686 1101 1781 1130 Litur-

986 1147 1031 1182 gia
1050 1145 1211 1181 Ethiopum
1233 1146 1328 1174 Roma-
1356 1147 1490 1182 impressa
1509 1156 1517 1174 :
1536 1147 1639 1175 Memor
1650 1153 1709 1176 esto
1725 1156 1780 1176 om—

985 1192 1059 1219 nium
1067 1192 1322 1228 archiepiscoporum
1331 1198 1501 1227 nostrorum,
1515 1194 1709 1229 episcoporum,
1721 1202 1780 1229 pre-

984 1238 1149 1273 sbyterorum
1176 1243 1254 1274 atque
1265 1239 1450 1273 diaconorum,
1465 1240 1512 1275 qui
1526 1240 1596 1267 uiam
1607 1240 1688 1268 nobis
1704 1241 1780 1268 iudi-

984 1285 1070 1320 gitant
1083 1284 1152 1311 verbi
1162 1285 1314 1312 orthodoxi.
1326 1284 1357 1312 1n
1366 1285 1427 1314 aliis
1439 1286 1558 1322 liturgiis
1565 1291 1594 1314 et
1603 1286 1778 1322 missalibus,

984 1338 1046 1366 quae
1055 1330 1138 1359 habet
1147 1331 1190 1358 vir
1199 1331 1375 1360 doctissimus
1383 1332 1516 1361 Castellus
1527 1338 1621 1362 noster
1629 1334 1777 1369 quamplu-

983 1377 1059 1404 rimas
1068 1385 1163 1412 preces
1174 1383 1250 1411 sunt,
1257 1379 1359 1414 quibus
1369 1379 1522 1415 populusin
1534 1380 1592 1408 haec
1602 1381 1684 1408 verba
1693 1385 1775 1408 orat:

981 1421 1037 1449 Pro
1056 1423 1175 1458 patribus
1192 1426 1290 1452 nostris
1308 1426 1446 1460 episcopis,
1461 1434 1509 1461 pro
1526 1426 1655 1461 fratribus
1672 1427 1775 1456 nostris

981 1469 1174 1504 sacerdotibus,
1189 1478 1238 1505 pro
1255 1471 1423 1506 adjutoribus
1436 1473 1536 1500 nostris
1551 1473 1723 1508 presbyteris.

1016 1513 1085 1542 Cum
1097 1515 1180 1550 igitur
1191 1524 1224 1544 ex
1237 1517 1312 1544 tenui
1328 1518 1375 1545 illa
1387 1525 1469 1553 quam
1488 1519 1524 1546 de
1542 1518 1701 1554 Ethiopica
1719 1519 1774 1547 Eo-

980 1559 1062 1587 clesia
1081 1561 1217 1590 habemus
1231 1563 1329 1591 notitia
1342 1563 1498 1599 aliquorum
1513 1564 1705 1600 episcoporum
1717 1574 1771 1594 no-

981 1606 1055 1634 mina
1076 1608 1231 1643 supersint;
1254 1618 1317 1638 cum
1336 1615 1444 1640 constet
1467 1620 1501 1639 cx
1523 1612 1643 1640 Arabico
1663 1619 1773 1641 canone

978 1651 1025 1687 jus
1047 1655 1157 1682 creandi
1177 1657 1402 1691 metropolitanos
1419 1661 1528 1686 tantum
1550 1659 1662 1694 proprie
1679 1659 1771 1687 dictos

980 1697 1157 1735 Ethiopibus
1187 1709 1429 1740 concessnmuton
1457 1711 1534 1738 esse;
1561 1712 1624 1733 cum
1652 1706 1770 1741 liturgize

979 1744 1148 1781 Egyptiacte
1162 1747 1284 1783 antiquis
1296 1755 1369 1776 retro
1388 1750 1558 1784 temporibus
1572 1751 1704 1786 populum
1717 1759 1770 1786 pro

977 1791 1113 1827 episcopis
1130 1791 1188 1820 suis
1202 1800 1282 1821 orare
1293 1794 1415 1829 quotidie
1426 1795 1588 1826 docuerint;
1604 1804 1659 1824 non
1671 1796 1717 1824 diu
1726 1801 1769 1825 est

977 1845 1011 1866 ex
1021 1845 1077 1873 quo
1092 1837 1237 1874 Ethiopes
1252 1840 1342 1868 abuna
1365 1849 1420 1869 uno
1432 1842 1492 1869 sine
1506 1842 1643 1878 episcopis
1666 1842 1769 1872 fuerint

977 1886 1108 1919 contenti,
1125 1886 1149 1914 si
1167 1887 1249 1915 modo
1262 1887 1329 1915 illud
1346 1896 1441 1916 verum
1456 1889 1503 1922 sit,
1519 1890 1592 1924 quod
1610 1890 1724 1918 lesuitte
1737 1895 1767 1918 et

977 1930 1160 1964 Dominicani,
1173 1938 1270 1960 contra
1285 1934 1403 1962 aliorum
1427 1935 1585 1963 testimonia
1595 1957 1604 1970 ,
1629 1936 1763 1966 referunt.

974 1977 1043 2005 Cum
1059 1983 1122 2006 ante
1133 1978 1280 2007 Iustiniani
1300 1985 1424 2016 tempora
1439 1985 1493 2008 tam
1508 1982 1591 2016 pauci
1612 1981 1718 2010 iuerint
1736 1982 1765 2010 in

975 2024 1114 2060 Ethiopia
1133 2024 1295 2059 Christiani,
1312 2031 1375 2054 ante
1394 2025 1606 2055 Constantinum
1624 2029 1667 2056 vel
1683 2028 1763 2060 nulli,

973 2071 1015 2098 vel
1026 2075 1099 2099 certe
1114 2071 1250 2108 Egyptiis
1263 2073 1342 2108 plane
1355 2074 1502 2110 incogniti;
1516 2082 1578 2101 cum
1594 2075 1643 2110 qui
1657 2075 1765 2109 primus

974 2121 1033 2144 erat
1044 2125 1151 2150 eorum,
1164 2119 1259 2146 saltem
1273 2120 1308 2146 ab
1323 2119 1452 2155 Egypto,
1469 2120 1611 2155 apostolus
1630 2119 1765 2148 Frumen-

973 2163 1049 2196 tius.
1077 2164 1111 2191 ab
1136 2165 1308 2199 Athanasio,
1338 2167 1465 2201 plurimis
1489 2175 1573 2202 quam
1598 2171 1710 2194 centum
1736 2167 1764 2195 in

972 2208 1090 2244 Egypto
1106 2210 1293 2246 episcopatum
1313 2213 1482 2246 tenentibus,
1499 2217 1527 2240 et
1545 2213 1649 2241 missus
1667 2217 1696 2241 et
1715 2222 1764 2241 or-

132 2240 161 2267 itt
171 2241 318 2279 Egyptum
331 2245 408 2272 venit.
422 2247 506 2282 Atque
519 2255 547 2275 ut
561 2259 607 2277 rea;
619 2260 632 2278 e
645 2240 712 2279 bello
725 2240 840 2282 reversus
857 2256 919 2290 fuit,
937 2260 959 2288 Ι)
972 2240 1082 2283 όὶῐῖέι-ιις
1097 2240 1148 2288 sil;
1164 2240 1252 2292 palam
1265 2262 1317 2290 cst,
1327 2240 1492 2294 Ethiopian
1503 2240 1633 2287 Ecclesiae
1640 2240 1763 2288 hodier-

131 2294 240 2315 utcorem
254 2298 331 2317 suam
344 2291 504 2328 objurgavit,
519 2300 544 2322 et
555 2297 627 2323 misit
639 2298 673 2324 ad
686 2301 868 2333 patriarcham
876 2310 919 2329 ve-

131 2334 205 2361 niam
219 2336 252 2362 ab
266 2345 296 2363 eo
310 2342 409 2372 petens,
427 2347 536 2375 eumque
547 2350 642 2377 rogans
659 2345 698 2371 uti
714 2348 856 2374 remitteret
864 2349 920 2383 epi-

130 2386 249 2414 scopum.
266 2381 300 2408 Id
309 2384 379 2417 quod
392 2385 455 2418 fecit
464 2393 474 2418 ;
485 2391 511 2412 et
526 2394 677 2422 receperunt
693 2399 753 2417 eum
772 2400 831 2418 cum
852 2381 920 2428 gau~

130 2425 176 2452 dio
190 2434 296 2461 magno,
314 2434 344 2455 ut
359 2431 439 2465 refert
448 2431 615 2461 Elmacinus.
627 2434 693 2463 Post
709 2437 767 2465 haec
782 2425 916 2474 tempora,

129 2474 161 2497 ut
173 2472 280 2505 opinor,
298 2475 400 2502 conditi
412 2480 477 2504 sunt
487 2484 606 2507 canones
617 2479 727 2509 Arabici
744 2472 855 2512 concihi
868 2472 916 2512 Ni?

129 2517 198 2544 caeni
211 2526 231 2564 ὲ
239 2526 309 2553 quos
321 2520 409 2548 edidit
423 2521 591 2558 Turrianns,
613 2526 715 2561 quique
732 2528 765 2554 ad
780 2531 915 2564 posterio-

128 2570 187 2590 rem
211 2563 341 2593 Ecclesite
362 2571 485 2601 statum,
506 2575 533 2597 et
554 2573 768 2601 consuetudines
790 2576 836 2602 diu
855 2581 918 2612 post

127 2611 276 2640 concilium
297 2613 438 2644 Nicaanum
461 2623 540 2647 natas
562 2622 704 2656 temperati
725 2628 798 2652 sunt.
812 2624 915 2652 Eorum

128 2661 219 2684 autem
237 2660 326 2694 capite
344 2661 379 2688 56
418 2667 550 2692 statutum
577 2671 618 2694 est
641 2675 648 2694 :
677 2667 712 2694 Ut
735 2677 788 2696 non
813 2671 916 2704 possint

129 2702 266 2739 Ethiopes
281 2715 370 2735 creare
380 2717 427 2736 nec
442 2710 535 2745 eligere
549 2713 730 2747 patriam/tam
742 2723 752 2748 ;
768 2702 818 2743 sed
827 2717 915 2750 potius

125 2756 213 2776 eorum
223 2752 350 2785 prelatus
363 2755 411 2781 sub
425 2761 552 2790 potestate
559 2758 616 2792 ejus
632 2759 677 2793 sit,
688 2761 734 2795 qui
746 2767 814 2789 tenet
827 2762 915 2789 sedem

124 2795 307 2826 Alexandria.
324 2799 366 2827 Sit
379 2806 467 2828 tamen
488 2803 558 2837 apud
573 2812 617 2831 eos
632 2805 688 2832 loco
700 2807 873 2841 patriarcha,
888 2813 913 2835 et

124 2842 272 2875 appelletur
280 2846 426 2873 catholicus
441 2856 451 2874 :
467 2857 519 2875 mm
537 2854 625 2876 tamen
641 2851 690 2885 jus
707 2853 800 2880 habeat
813 2855 899 2882 consti

123 2888 214 2916 tuendi
227 2890 446 2927 archiepiscopos,
466 2899 494 2920 ut
510 2895 587 2922 habet
596 2898 767 2931 patriarcha;
783 2900 913 2931 siquidem

972 2309 1037 2329 num
1059 2307 1158 2330 statum
1170 2324 1177 2336 ,
1194 2304 1285 2339 qualis
1303 2305 1393 2339 qualis
1409 2306 1455 2339 sit,
1478 2305 1513 2333 ad
1537 2306 1761 2341 antiquissimam

973 2347 1141 2384 Egyptiacae
1163 2349 1289 2378 Ecclesiae
1315 2351 1498 2385 traditionem,
1516 2353 1539 2380 si
1554 2361 1616 2388 qua:
1630 2353 1694 2381 talis
1710 2361 1762 2381 un—

970 2403 1053 2430 quam
1075 2395 1172 2428 fuerit,
1189 2397 1404 2425 conﬁrmandam
1431 2398 1498 2426 nihil
1522 2399 1635 2427 omnino
1655 2401 1759 2430 valere.

969 2441 1038 2468 Cum
1054 2441 1172 2476 denique
1189 2448 1378 2477 argumentum
1401 2451 1505 2479 Ilegans
1521 2444 1653 2473 fundetur
1673 2447 1702 2475 in
1719 2448 1760 2476 si-

969 2486 1053 2514 lentio
1067 2488 1190 2514 omnium
1210 2493 1273 2515 ante
1293 2488 1453 2523 Eusebium,
1477 2495 1542 2519 ante
1555 2499 1637 2526 quem
1651 2492 1761 2522 (Ethio-

968 2540 1033 2567 pum
1050 2533 1270 2562 Christianorum
1292 2536 1368 2563 nulla
1386 2536 1458 2564 fama
1478 2542 1539 2571 est,
1561 2544 1609 2566 aut
1622 2547 1758 2576 perquam

968 2579 1087 2613 incerta;
1103 2587 1165 2608 cum
1180 2580 1356 2615 Athanasius,
1377 2584 1424 2618 qui
1442 2589 1504 2618 pnst
1518 2585 1667 2614 Eusebium
1682 2586 1758 2623 lgna-

967 2625 1041 2667 tiana
1054 2628 1225 2660 memoravit,
1238 2629 1356 2663 primum
1369 2637 1402 2657 ex
1414 2630 1534 2666 Egypto
1548 2633 1711 2668 episcopum
1727 2635 1757 2663 in

968 2664 1136 2708 Ethioptam
1160 2675 1284 2710 miserit;
1314 2684 1376 2704 cum
1406 2664 1523 2706 Dallieus
1554 2664 1613 2713 ipse
1635 2679 1757 2708 fateatur

967 2717 1112 2754 Ethiopas
1140 2721 1262 2756 recipere
1291 2723 1511 2752 Constitutiones
1542 2724 1754 2760 Clementinas,

967 2770 1096 2801 tanquam
1109 2767 1144 2795 ab
1157 2768 1225 2803 ipsis
1236 2771 1366 2804 apostolis
1378 2770 1507 2804 dictatas,
1520 2772 1548 2799 in
1559 2772 1664 2807 quibus
1674 2774 1754 2809 plura

964 2810 998 2838 de
1012 2811 1148 2847 episcopis
1161 2821 1243 2848 quam
1266 2815 1294 2842 in
1311 2816 1462 2851 lgnatianis
1475 2818 1653 2846 continentur
1663 2841 1669 2851 ,
1684 2820 1753 2847 nihil

965 2856 1028 2884 hinc
1041 2858 1074 2885 ad
1088 2860 1277 2887 auctoritatem
1294 2862 1471 2896 epistularum
1496 2863 1523 2890 S.
1539 2863 1637 2900 lgnatii
1657 2865 1752 2893 immi-

964 2903 1100 2932 nuendam
1113 2904 1224 2934 formari
1237 2906 1291 2934 ullo
1305 2907 1386 2935 modo
1400 2913 1499 2941 potest.
