1866 3073
103 133 156 163 2:9

473 138 499 165 J.
519 137 700 166 PEARSONII
721 137 882 168 VINDICIE
899 139 1109 169 IGNATIANA‘I.
1128 155 1164 162 —-
1182 140 1272 169 PARS
1289 141 1309 169 Ι.

1682 143 1736 172 250

135 195 277 224 Hactenus
295 196 331 224 de
344 197 502 225 traditione
518 197 701 226 Alexandrina
716 199 751 226 ab
765 198 900 235 Ethiopi-
912 205 935 232 Α
950 198 1053 235 Ignatii
1073 200 1260 228 auctoritatem
1283 208 1319 228 VII
1344 202 1442 229 seculo
1461 200 1548 228 Sectis
1572 200 1735 230 Christianis

99 241 152 269 bus
166 241 343 274 conﬁrmata,
362 248 395 270 ut
413 242 522 276 volant,
538 251 599 278 qua
611 244 730 279 aliquam
744 244 898 280 argumenti

99 287 221 322 speciem
243 288 400 321 habuisset,
416 289 441 316 si
458 297 490 317 ea
513 290 604 317 omnia
617 297 680 317 vera
698 289 824 323 fuissent,
838 298 899 326 qua

98 335 266 364 attulerunt.
279 336 348 364 Illud
362 342 457 364 autem
468 338 542 373 quod
551 338 685 373 sequitur,
695 339 719 366 si
729 347 823 366 verum
837 346 899 367 esse

98 382 284 414 concedatur,
299 383 395 411 nescio
407 392 491 418 quam
500 384 555 412 vim
569 384 670 412 habere
680 385 770 420 possit
779 386 813 413 ad
825 386 898 422 lgna-

99 429 172 456 tium
184 429 364 464 epistolicum
380 430 573 466 rejiciendum,
587 435 635 458 aut
645 431 710 466 quid
726 431 850 459 conferat
863 432 897 460 ad

99 475 246 503 silentium
274 477 445 511 scriptorum
468 481 532 504 ante
561 476 722 504 Eusebium.
753 477 898 510 Quomodo

98 522 178 549 enim
194 521 265 549 illud
281 522 357 557 quod
370 527 466 550 octavo
486 523 586 551 seculo
606 522 709 551 factum
728 528 780 557 est,
796 524 898 559 proba~

99 568 141 594 bis
157 568 294 602 scriptum
315 569 389 596 istud
408 577 427 596 ιι
451 573 479 596 et
498 576 529 596 ιιι
550 569 651 596 saeculo
674 577 728 598 non
745 571 895 603 exstitisse,

100 614 177 646 quod
192 622 233 647 Iv,
247 622 276 647 ν,
293 623 319 641 vr
336 619 363 642 et
375 623 423 648 vn,
440 619 578 649 receptum
599 620 626 644 et
641 616 820 651 approbatum
836 617 897 645 est?

101 659 234 693 Scilicet,
273 660 346 687 circa
376 669 403 688 a.
432 660 464 688 Ι).
490 661 552 695 756,
577 662 606 688 in
621 661 778 690 Germanica
800 662 893 690 Boioa-

102 707 206 733 riorum
220 711 297 741 gente
311 706 413 734 Christi
430 708 495 742 ﬁdes
507 708 590 744 viguit
602 728 609 741 ,
629 712 656 735 et
672 709 818 744 presbyteri
839 710 897 744 fue-

101 757 177 784 runt,
190 757 354 780 cumtamen
367 753 436 780 nulli
447 755 517 789 apud
529 763 572 782 eos
585 760 671 783 essent
683 755 808 791 episcopi.
823 755 896 784 Unde

101 802 204 835 ﬁqnet,
221 809 254 828 ne
275 801 310 828 iis
332 801 439 836 quidem
458 802 616 837 temporibus
643 801 744 838 Ignatii
765 803 896 838 epistolici

101 845 294 872 auctoritatem
302 845 464 873 Christianis
470 854 516 880 per
527 846 696 874 Germaniam
705 852 794 875 notam
801 849 893 883 fuisse.

99 891 206 924 Primo,
222 899 352 927 quaenam
371 892 429 920 haec
442 893 637 928 consequentia
649 895 714 922 est?
729 894 846 922 Boioarii
866 896 894 923 in

98 937 250 965 Germania
266 938 427 965 nescierunt
447 946 453 964 :
476 946 542 974 ergo
557 938 706 967 Christiani
729 948 776 975 per
787 940 896 968 Germa-

97 984 185 1011 niam.
202 984 246 1011 An
255 983 324 1011 nulli
334 988 413 1012 erant
419 984 567 1013 Christiani
580 993 628 1021 per
637 985 812 1013 Germaniam
827 993 896 1022 prte-

98 1034 142 1056 ter
155 1029 320 1057 Boioarios?
331 1030 373 1057 An
395 1030 441 1058 alii
456 1038 552 1059 omnes
574 1032 737 1067 ignorabant
760 1031 895 1068 quidquid

98 1074 239 1103 Boioariis
251 1075 377 1111 ignotum
392 1075 446 1103 fuit
453 1076 465 1102 ?
474 1076 516 1103 An
528 1076 589 1105 ideo
596 1079 784 1106 auctoritatem
797 1077 894 1113 lgnatii

98 1121 244 1155 ignorasse
250 1121 362 1150 dicendi
372 1126 435 1150 sunt
442 1122 489 1157 qui
498 1123 641 1158 episcopos
649 1124 812 1159 habuerunt,
820 1125 893 1159 quod

98 1168 146 1195 alii
159 1176 217 1195 non
238 1168 374 1196 habuisse
391 1169 536 1196 dicantur?
559 1168 695 1204 Secundo,
714 1171 786 1199 unde
808 1173 893 1208 liquet

96 1213 200 1241 Christi
211 1214 294 1242 ﬁdem
309 1214 381 1242 inter
391 1215 533 1244 Boioarios
541 1216 664 1252 viguisse
674 1225 735 1245 cum
749 1218 892 1254 episcopos

98 1268 152 1288 non
177 1261 336 1288 haberent?
357 1260 485 1296 Scilicet,
513 1270 547 1290 ex
568 1263 693 1300 Gregorii
718 1263 752 1291 ΙΙΙ
776 1265 891 1299 epistola

97 1307 131 1334 ad
146 1306 323 1335 Bonilacium
336 1307 389 1336 hoc
401 1313 523 1343 apparet.
537 1309 636 1344 inquit,
651 1317 702 1338 nec
714 1310 766 1338 hoc
773 1315 889 1344 tantum,

99 1351 150 1379 Sed
174 1351 323 1380 Viailonem
347 1354 435 1381 nescio
451 1361 528 1388 quem
547 1354 603 1389 ipse
626 1354 769 1391 Gregorius
793 1363 810 1382 a
824 1364 851 1383 se
861 1356 890 1383 in

97 1406 155 1425 eam
173 1398 298 1425 ordinem
317 1404 502 1426 consecratum
520 1400 555 1427 ad
572 1409 615 1428 eos
633 1401 716 1428 misit.
731 1402 766 1429 At
785 1401 890 1438 Grego-

98 1445 156 1472 rius
171 1453 228 1473 non
240 1445 311 1473 dicit
328 1445 479 1474 Vivilonem
494 1446 580 1475 fuisse
592 1448 710 1483 primum
724 1456 819 1476 eorum
831 1450 890 1484 epi-

97 1497 223 1525 scopum.
239 1498 293 1518 nec
306 1498 337 1518 se
349 1498 412 1518 eum
424 1491 533 1519 misisse
547 1491 595 1524 ait,
609 1491 657 1519 sed
668 1491 812 1520 ordinasse
828 1497 889 1520 tan-

98 1541 165 1564 tum.
180 1535 287 1564 Missus
300 1540 343 1564 est
356 1536 429 1564 enim
444 1535 533 1565 Vivilo
545 1537 579 1565 ad
590 1537 765 1573 Gregorium,
783 1538 887 1573 idquea
901 1548 925 1580 ε

97 1581 244 1616 Boioariis,
259 1586 291 1610 ut
304 1583 481 1610 ordinaretur
495 1583 641 1619 episcopus
653 1593 661 1618 ;
675 1584 715 1612 illi
735 1584 818 1620 igitur
830 1589 887 1612 tum

97 1634 234 1656 noverunt
255 1636 285 1656 se
299 1629 360 1657 sine
375 1629 505 1664 episcopo
516 1629 607 1658 vivere
620 1638 676 1658 non
687 1630 795 1658 debere.
809 1630 888 1664 Quod

98 1683 131 1702 an
147 1675 184 1702 ab
197 1674 305 1711 lgnatio
319 1675 485 1710 acceperint,
499 1676 539 1704 illi
557 1676 678 1704 viderint
691 1677 738 1712 qui
750 1678 887 1705 neminem

98 1721 180 1749 alium
203 1729 267 1749 eam
295 1722 490 1749 necessitatem
515 1714 773 1758 docuisse'putant.
798 1722 888 1752 Vivilo

97 1768 178 1795 etiam
195 1767 257 1803 ipse
277 1767 341 1795 ideo
366 1768 468 1796 missus
492 1775 554 1796 esse
577 1769 787 1804 traditur,quia
811 1770 887 1804 prior

97 1813 243 1848 episcopus
259 1818 334 1841 esset
351 1813 508 1842 defunctus.
527 1813 560 1841 Et
575 1814 690 1849 epistola
701 1814 824 1850 Gregorii
840 1823 888 1844 ex-

98 1863 150 1886 stat
158 1867 222 1887 cum
236 1859 319 1887 titulo
332 1869 339 1887 :
360 1859 549 1886 Dilectissimis
560 1859 635 1887 nobis
645 1860 775 1895 episcopis
791 1861 820 1887 in
830 1869 889 1896 pro-

98 1906 182 1932 vincia
201 1905 339 1933 Boiaarite
356 1910 382 1932 et
398 1904 575 1933 Altemannice
588 1906 742 1933 constitutis
761 1906 885 1942 Wigoni,

100 1951 224 1985 Laidani,
240 1951 367 1987 Rodulfo,
386 1951 470 1978 Virilo
482 1960 527 1979 seu
536 1952 632 1986 Adda,
650 1952 793 1988 Gregorius
805 1962 884 1989 papa.

101 1998 134 2026 Ut
143 2006 194 2027 nec
205 1999 325 2034 primus,
333 2006 385 2026 nec
396 1999 473 2027 solus
480 2002 545 2026 tunc
554 1999 686 2034 temporis
696 1999 784 2028 Vivilo
790 2000 887 2028 Boioa-

99 2047 199 2074 riorum
220 2046 368 2082 episcopus
387 2046 473 2074 fuisse
493 2046 636 2080 videatur;
653 2051 680 2075 et
693 2055 756 2075 cum
773 2048 886 2076 Bonifa-

99 2093 155 2120 cius
165 2092 370 2121 Germanorum
386 2092 527 2127 apostolus
544 2093 671 2125 dicatur,
691 2097 799 2128 tempus
819 2094 886 2122 illud

99 2139 200 2166 ostendi
213 2145 271 2165 non
293 2142 395 2174 potest,
410 2146 466 2173 quo
481 2138 553 2173 apud
564 2138 710 2168 itoioarios
724 2140 791 2168 ﬁdes
806 2140 885 2169 Chri-

99 2186 131 2214 sti
146 2186 198 2214 sub
211 2185 381 2221 presbyteris
392 2185 452 2213 sine
464 2187 592 2222 episcopo
609 2186 737 2222 viguerit.

950 245 1032 280 fuisse
1046 246 1174 281 ignotam,
1187 246 1276 281 inquit
1292 246 1418 274 Dalluzus.
1439 246 1520 274 Certe
1536 255 1591 275 non
1611 247 1735 282 sequitur

949 291 1061 326 reliquis
1088 291 1179 320 Scotis
1200 292 1247 327 qui
1272 293 1410 328 episcopis
1432 293 1574 328 parebant,
1599 292 1734 328 Ignatiuut

948 341 1056 371 notum,
1071 345 1160 373 neque
1184 339 1328 367 monachis
1342 338 1519 373 Jonensibus,
1534 338 1607 374 quod
1629 339 1736 366 abbati-

948 390 982 410 co
998 383 1054 418 juri
1077 383 1197 419 episcopi
1218 384 1334 420 subjecti
1361 390 1463 419 essent,
1489 386 1612 421 ignotum
1637 385 1734 413 fuisse.

948 427 1040 456 Potuit
1051 429 1104 457 hoc
1118 429 1176 457 ﬁeri
1189 435 1303 465 utraque
1324 435 1402 465 parte
1413 430 1547 466 lgnatium
1562 432 1674 464 sciente,
1690 439 1736 466 po-

948 476 1001 503 tuit
1012 480 1129 511 utraque
1143 476 1296 512 ignorante.
1313 476 1342 504 Si
1356 477 1416 504 ideo
1436 476 1570 512 lgnatium
1593 477 1736 512 ignorasse

948 523 1076 551 censendi
1098 528 1180 556 sunt,
1201 528 1275 551 certe
1298 528 1326 552 et
1346 523 1567 552 Cbalcedonense
1588 523 1734 552 concilium

948 568 1120 604 ignorabant,
1133 570 1212 605 cujus
1224 577 1311 597 canon
1325 575 1440 597 octavus
1450 578 1545 598 omnes
1554 570 1735 597 monasterio-

947 622 1009 642 rum
1027 616 1142 644 clericos
1156 617 1287 652 episcopo
1303 616 1360 644 vult
1380 624 1440 644 esse
1455 616 1603 651 subjectos.
1617 617 1649 643 Οἱ
1666 616 1734 652 κλη-

948 659 1018 696 ρικοὶ
1035 661 1089 688 τῶν
1114 661 1254 696 πτωχείων
1279 661 1326 688 καὶ
1355 661 1542 697 μοναστηριων
1567 661 1614 688 καὶ
1632 670 1735 697 μαρτυ-

947 705 1013 743 ρίων
1029 706 1082 733 ὑπὸ
1097 706 1146 742 τὴν
1163 707 1287 740 ἐξουσίαν
1296 707 1350 734 τῶν
1367 708 1395 734 ὲν
1412 707 1514 744 ἑκάστῃ
1531 707 1606 734 πόλει
1623 707 1734 734 ἐπισκό-

947 761 1016 784 πων,
1034 753 1104 781 κατὰ
1121 753 1169 789 τὴν
1186 753 1241 780 τῶν
1264 753 1348 788 ἁγίων
1364 753 1494 789 Πατέρων
1511 753 1659 789 παράδοσιν
1675 754 1732 780 δια-

948 797 1111 832 μενέτωσαν,
1129 798 1175 825 καὶ
1194 798 1231 834 μὴ
1248 799 1308 825 κατ’
1326 798 1469 825 αὐθάδειαν
1480 799 1671 834 ἀφηνιάτωσαν
1687 798 1734 825 τοῦ

948 844 1013 871 [δίου
1030 845 1190 872 ἐπισκόπου.
1209 845 1305 873 Clerici
1318 846 1499 881 ptochiorum,
1515 847 1735 873 monasteriorum

945 895 970 917 et
985 892 1173 926 martyriorum
1184 892 1230 919 sub
1244 897 1374 927 potestate
1383 893 1563 927 episcoporum
1577 893 1622 927 qui
1635 897 1695 919 sunt
1707 894 1735 919 in

947 944 1103 972 unaquaque
1122 938 1237 972 civitate,
1254 939 1398 966 secundant
1411 938 1462 967 SS.
1482 938 1595 966 Patrum
1607 939 1735 966 traditio-

945 991 1015 1015 nem,
1028 989 1208 1018 permaneant,
1224 993 1270 1012 nec
1284 993 1330 1020 per
1339 985 1570 1021 praesumptionem
1587 994 1603 1012 a
1620 993 1668 1013 suo
1679 987 1735 1022 epi-

945 1034 1022 1062 scopo
1034 1029 1167 1056 recedant.

982 1072 1011 1101 Si
1032 1073 1130 1102 demus
1149 1074 1283 1109 Jonenses
1300 1075 1434 1111 lgnatium
1460 1076 1632 1111 epistolicum
1656 1077 1734 1112 igno-

944 1127 1031 1153 rasse,
1047 1121 1125 1156 prius
1139 1123 1285 1150 ostendere
1307 1123 1441 1158 oportuit,
1457 1123 1524 1158 quid
1540 1123 1579 1151 illi
1594 1124 1732 1157 noverint,

943 1174 1025 1202 quam
1045 1168 1111 1196 illud
1127 1169 1267 1204 objiceret,
1281 1169 1355 1204 quod
1371 1169 1544 1205 ignorabant.
1561 1169 1648 1197 Antea
1668 1170 1733 1205 qui-

942 1214 1004 1242 dem
1025 1215 1053 1242 in
1075 1215 1150 1243 hunc
1173 1216 1285 1243 modum
1309 1215 1469 1250 disputabat
1494 1225 1501 1243 :
1530 1215 1560 1243 Si
1577 1216 1734 1251 scripsisset

941 1258 1063 1295 lgnatius
1073 1261 1216 1295 epistolas,
1231 1269 1271 1289 ea:
1285 1261 1404 1290 fuissent
1418 1261 1538 1296 Justino,
1552 1262 1663 1296 Irenaeo,
1672 1263 1733 1291 Cle-

941 1305 1026 1332 menti
1041 1305 1227 1333 Alexandrino
1247 1310 1275 1333 et
1292 1305 1463 1334 Tertulliano
1478 1306 1603 1342 cognitae.
1616 1305 1685 1334 Nam
1703 1305 1732 1333 hi

940 1351 991 1378 viri
1003 1356 1092 1385 erant,
1109 1353 1189 1380 totius
1203 1353 1371 1388 antiquitatis
1389 1352 1530 1381 litterarite
1542 1353 1657 1380 maxime
1672 1361 1732 1380 vero

940 1397 1101 1426 Christiana:
1112 1399 1319 1430 studiosissimi.
1335 1399 1416 1426 iidem
1431 1404 1509 1435 atque
1525 1400 1675 1427 acutissimi
1687 1400 1731 1427 in-

939 1444 1089 1479 dagatorcs.
1111 1443 1153 1471 An
1174 1445 1245 1472 idem
1267 1445 1302 1472 de
1323 1444 1413 1473 Scolis
1435 1446 1602 1474 Christianis
1619 1446 1728 1481 septimi

939 1490 1031 1520 saeculi
1053 1490 1232 1525 iudicandum
1261 1491 1323 1518 est?
1350 1490 1422 1518 Num
1445 1491 1580 1520 Jonenses
1601 1491 1730 1520 monachi

940 1536 1110 1571 antiquitatis
1131 1536 1325 1564 studiosissimi
1349 1541 1430 1572 atque
1449 1537 1604 1565 acutissimi
1631 1542 1660 1565 et
1680 1538 1731 1566 dc-

940 1582 1055 1609 ctissimi
1071 1582 1244 1617 indagatores
1268 1582 1353 1611 fuisse
1375 1583 1574 1618 perhibentur?
1587 1583 1645 1612 lino
1665 1591 1731 1612 vero

938 1636 974 1656 an
1008 1627 1100 1656 adhuc
1124 1628 1259 1663 amplius,
1291 1628 1425 1657 Joneuses
1451 1629 1490 1657 illi
1520 1630 1549 1657 in
1578 1629 1730 1657 discutien-

938 1675 980 1702 dis
1002 1679 1125 1702 veterum
1153 1674 1310 1703 Graecorum
1335 1676 1520 1707 monumentis
1544 1676 1612 1704 adeo
1631 1684 1730 1704 emun-

938 1723 989 1747 ctae
1006 1719 1080 1747 naris
1098 1719 1186 1748 critici
1202 1719 1298 1753 luere,
1314 1724 1344 1747 ut
1367 1719 1489 1753 Eusebii,
1506 1720 1546 1748 uti
1560 1720 1673 1753 volunt,
1686 1728 1731 1748 er-

937 1772 984 1792 ror
998 1765 1045 1800 qui
1062 1765 1255 1799 Athanasium,
1268 1765 1476 1803 Hieronymum,
1489 1766 1690 1795 Theodoretum
1701 1773 1730 1795 et

938 1811 1076 1840 Gelasium
1101 1811 1216 1845 felellit,
1246 1812 1280 1840 iis
1302 1812 1477 1848 potissimum
1500 1813 1657 1841 suboleret'.’
1671 1812 1730 1841 Hoc

937 1857 1010 1885 enim
1030 1857 1188 1885 necessario
1201 1857 1347 1885 dicendum
1363 1862 1406 1884 est
1423 1857 1456 1885 de
1472 1858 1628 1886 testimonio
1644 1858 1728 1893 septi-

937 1904 975 1931 mi
989 1904 1092 1937 saeculi,
1110 1908 1140 1932 ut
1158 1904 1212 1931 vim
1233 1904 1355 1939 aliquam
1373 1904 1475 1932 habere
1494 1904 1635 1938 videatur;
1661 1909 1729 1932 tunc

936 1950 1009 1978 enim
1028 1950 1179 1979 auctoritas
1195 1950 1375 1986 epistolarum
1402 1950 1499 1986 lgnatii
1518 1951 1589 1979 inter
1604 1951 1727 1980 Catholi—

937 2005 985 2025 cos
1000 2001 1084 2032 atque
1100 1997 1182 2024 etiam
1194 1996 1338 2024 haereticos
1353 2001 1412 2024 erat
1427 1997 1627 2032 receptissima.

971 2042 1119 2078 Postquam
1135 2042 1327 2070 Boioariorum
1341 2048 1368 2070 et
1383 2042 1545 2070 Jonensium
1558 2043 1729 2072 meminisset

936 2089 978 2117 vir
991 2090 1189 2123 doctissimus,
1210 2094 1238 2117 et
1254 2089 1290 2117 ab
1305 2095 1467 2125 argumento
1483 2098 1544 2124 suo,
1561 2091 1634 2126 quod
1649 2099 1665 2118 a
1687 2091 1727 2119 si-

936 2136 1021 2164 lentio
1036 2135 1200 2171 scriptorum
1216 2139 1281 2163 ante
1295 2135 1443 2164 Eusebium
1455 2137 1607 2171 petebatur,
1618 2136 1727 2172 longius

936 2183 1101 2216 aberrasset,
1124 2181 1250 2217 adiunxit
1265 2181 1425 2218 Hieronymi
1437 2186 1466 2210 et
1490 2182 1635 2218 Epiphanii
1650 2183 1727 2210 testi-

128 2231 249 2259 Alterius
263 2231 346 2266 plane
361 2231 468 2266 generis
481 2236 523 2259 est
536 2232 610 2267 quod
622 2240 637 2260 e
652 2232 742 2260 Scotia
757 2233 824 2268 petit
839 2241 884 2261 ar-
900 2223 924 2251 Ῑ)
938 2228 1030 2256 monia
1047 2237 1054 2256 :
1070 2228 1147 2256 illum
1163 2228 1224 2256 ideo
1235 2227 1360 2262 adduxit,
1372 2229 1436 2264 quia
1446 2229 1649 2264 presbyteratus
1663 2237 1726 2257 cum

100 2282 266 2313 gumentum.
281 2276 322 2304 lbi
337 2277 410 2304 enim
431 2277 574 2312 episcopos
590 2277 743 2313 singulares
756 2278 783 2306 in
798 2279 886 2307 eccle-

102 2323 146 2351 siis
157 2322 248 2350 iaisse
263 2322 358 2358 negari
377 2330 432 2350 non
449 2326 539 2358 potest
551 2322 587 2350 ad
608 2322 723 2351 formam
742 2324 885 2360 regiminis

100 2370 237 2406 lgnatiani.
257 2369 346 2403 Nam,
366 2374 396 2397 ut
413 2369 486 2398 Beda
505 2374 622 2398 testatur
641 2378 648 2396 :
664 2370 752 2398 Abbas
774 2371 885 2406 quidam

98 2417 226 2452 presbyter
243 2416 315 2451 fuit,
333 2416 410 2451 cujus
429 2417 488 2451 juri
499 2422 524 2444 et
540 2419 625 2445 omnis
643 2418 778 2452 provincia
794 2423 819 2445 et
834 2418 885 2452 ipsi

99 2465 171 2490 etiam
184 2464 304 2498 episcopi
322 2463 435 2498 subjecti
448 2469 534 2491 eram.
555 2464 593 2492 Ita
609 2465 719 2500 quidem
733 2465 817 2497 Beda,
835 2466 883 2494 sed

99 2511 192 2538 omissa
215 2514 282 2537 sunt
297 2509 381 2537 verba
402 2514 497 2537 notatu
516 2510 609 2546 digna,
630 2511 723 2538 ordine
742 2511 881 2540 inusitato.

99 2556 208 2592 Agnovit
221 2553 359 2584 Seldeiius
375 2556 502 2584 ordinem
523 2557 684 2585 inusitatum
706 2565 722 2585 a
744 2558 816 2586 Beda
830 2558 882 2586 ob-

100 2607 227 2630 servatum
242 2611 250 2630 :
266 2601 319 2630 Sed
336 2603 395 2638 qui,
411 2602 510 2638 inquit,
526 2610 559 2630 ea:
574 2611 645 2630 more
656 2604 694 2630 ibi
706 2604 883 2632 vetustissima

98 2649 298 2685 saculorumque
307 2649 366 2676 illic
374 2650 540 2676 materiarum
551 2649 694 2684 disciplina
706 2655 823 2684 receptus
835 2651 880 2678 sit.

100 2695 144 2724 Sed
159 2698 222 2733 quis
236 2696 310 2731 apud
328 2695 466 2723 Jonenses
480 2695 653 2731 presbyteros
664 2704 724 2724 mos
740 2696 790 2723 fuit
802 2696 882 2724 Beda:

98 2750 146 2771 tero
159 2743 386 2779 antiquissimus,
408 2747 455 2770 aut
471 2748 540 2778 quot
555 2743 669 2770 fuerunt
683 2743 729 2770 illa
743 2743 880 2771 anteriora

98 2789 206 2816 mula?
220 2788 304 2816 Certe
314 2788 351 2815 ab
362 2787 441 2814 obitu
458 2786 609 2820 Columba,
623 2788 669 2823 qui
683 2787 880 2816 monasterium

97 2834 221 2869 condidit,
250 2835 285 2863 ad
303 2838 400 2862 ortum
420 2833 510 2866 Bedae,
533 2834 581 2868 qui
599 2834 657 2862 haec
678 2834 798 2869 scripsit,
815 2835 879 2862 anni

98 2885 186 2910 tantum
199 2884 389 2910 numerantur
405 2879 448 2906 76.
463 2879 534 2915 Quid
546 2887 636 2913 autem
658 2881 722 2909 hinc
737 2881 881 2916 sequitur?

935 2275 1092 2310 episcopatu
1104 2295 1113 2308 ,
1128 2279 1160 2302 ut
1175 2274 1224 2308 ait,
1241 2274 1381 2310 ῑσοτομίαν
1397 2275 1546 2310 probabat;
1561 2274 1645 2308 hunc,
1661 2275 1726 2311 quis

934 2328 994 2348 cam
1011 2321 1174 2349 sententiam
1190 2325 1220 2348 ut
1233 2321 1350 2348 haeresin
1365 2321 1393 2348 in
1404 2321 1486 2348 Aerio
1502 2321 1651 2349 damnabat
1664 2330 1670 2348 :
1683 2326 1726 2349 te-

935 2371 991 2394 stes
999 2366 1070 2394 duos
1081 2366 1109 2393 in
1124 2366 1261 2402 lgnatium
1269 2367 1328 2402 jam
1336 2367 1382 2395 diu
1395 2371 1533 2402 receptum
1544 2367 1652 2403 egregie
1659 2375 1725 2395 con-

934 2413 1082 2447 spirantes.
1100 2412 1130 2440 S.
1149 2412 1333 2449 Hieronymus
1344 2421 1416 2449 saepe
1428 2412 1457 2441 S.
1473 2412 1570 2446 lgnatii
1586 2413 1722 2447 meminit.

934 2459 999 2494 quid
1017 2459 1159 2494 scripserit
1174 2459 1218 2487 vir
1239 2459 1406 2495 apostolicus
1422 2464 1448 2487 el.
1465 2463 1570 2495 martyr
1584 2459 1723 2492 obServat,

934 2505 1089 2534 Eusebiana
1101 2506 1259 2534 transcribit
1272 2510 1300 2534 et
1319 2506 1453 2541 approbat
1471 2515 1478 2533 :
1495 2506 1562 2542 quid
1575 2506 1659 2542 igitur
1678 2505 1725 2534 illo

934 2553 1064 2581 adversus
1080 2552 1178 2589 Ignatii
1192 2553 1342 2588 epistolas?
1356 2553 1496 2581 Sollicitor
1506 2558 1611 2588 putare,
1622 2553 1721 2589 inquit,

932 2601 972 2628 vel
984 2601 1101 2628 nondum
1111 2601 1139 2628 iu
1151 2601 1184 2628 iis
1198 2601 1251 2627 ista
1259 2606 1315 2627 tam
1329 2600 1413 2627 multa
1429 2600 1521 2635 fuisse,
1535 2608 1594 2636 qua
1602 2600 1680 2628 hodie
1691 2600 1723 2628 de

932 2647 1097 2682 episcopatus
1113 2647 1268 2674 necessitate
1284 2650 1309 2674 et
1327 2654 1383 2682 pne
1398 2647 1580 2682 presbyterum
1594 2647 1724 2674 excellen-

933 2694 973 2720 tia
986 2692 1064 2720 isthic
1078 2692 1198 2728 legimus,
1207 2692 1323 2726 uelccrte
1339 2692 1506 2719 existimasse
1518 2692 1722 2728 Hieronymum,

931 2739 1096 2775 quantalibet
1110 2739 1192 2774 fuerit
1203 2739 1329 2774 martyris
1337 2740 1493 2773 auctoritas,
1506 2747 1559 2767 non
1570 2744 1657 2767 tamen
1672 2748 1720 2766 sa-

932 2788 966 2816 tis
977 2796 1035 2815 eam
1048 2787 1142 2820 ualere,
1155 2791 1184 2814 ut
1197 2795 1250 2814 rem
1263 2787 1369 2814 disertis
1385 2786 1530 2822 Scriptura:
1542 2786 1646 2813 vocibus
1658 2794 1722 2813 con-

932 2835 1069 2869 ﬁrmatam
1081 2833 1224 2861 convellere
1241 2837 1330 2868 posset
1346 2837 1392 2859 aut
1412 2833 1524 2860 deberet.
1543 2832 1614 2866 Quid
1631 2838 1720 2860 autem

933 2882 956 2910 si
973 2881 1014 2909 vir
1041 2881 1218 2910 doctissimus
1240 2887 1335 2910 revera
1357 2884 1465 2914 pularet
1480 2880 1506 2908 id
1529 2880 1602 2909 quod
1624 2884 1721 2914 putare
