1866 3073
169 159 220 187 251

675 155 710 189 Β.
730 159 905 190 lGNATlUS.
924 174 958 179 —
976 160 1241 189 PHOLEGOMENA.

169 212 427 257 sollicitatoriquid
440 222 463 250 si
477 230 571 250 verum
584 228 657 252 esset
668 224 741 260 quod
750 223 843 259 putet?
852 231 887 250 an
896 221 960 249 inde
973 224 995 252 Α
1010 230 1116 256 parens.
1141 221 1190 249 Et:
1224 221 1317 248 Virum
1346 221 1536 254 honorabilem,
1566 221 1678 256 fratrm
1704 227 1814 253 malim,

169 267 294 302 sequitur
308 268 438 303 epistolas
454 269 515 296 illas
531 277 627 297 omnes
647 278 708 298 esse
722 270 802 297 tertio
816 269 916 296 saeculo
931 269 964 296 [i-

168 319 228 341 etas
239 318 321 349 atque
337 315 514 350 suppositas?
528 316 556 343 Si
569 324 662 351 parem
677 324 738 344 cum
752 316 902 351 Scripturis
913 324 963 343 au‘

168 360 323 388 ctoritatem
343 370 395 389 non
408 362 542 394 habeant,
559 367 607 390 aut
623 370 678 390 una
694 363 737 390 vel
751 363 836 390 altera
851 366 962 390 senten-

169 407 207 433 tia
226 407 260 434 de
272 408 433 435 necessitate
445 412 472 435 et
485 408 641 435 excellentia
651 409 823 444 episcopatus
832 409 858 436 in
869 417 962 436 exem-

171 453 239 488 plari
252 452 464 489 Hieronymiano
487 463 542 482 non
558 455 721 489 haberetur,
743 463 804 491 qua:
818 455 846 482 in
859 456 961 484 nostris

170 504 293 534 apparet,
310 508 344 526 an
361 503 453 528 statim
469 502 605 536 sequitur,
618 510 715 530 omnes
728 502 814 530 fuisse
824 510 961 530 commen-

168 545 266 572 titias?
281 546 432 580 praesertim
442 555 504 574 cum
521 546 550 574 S.
567 546 750 583 Hieronymus
759 555 807 575 eas
820 555 889 583 quas
902 548 960 583 ipse

168 590 264 619 habuit
274 600 353 620 veras
368 597 396 620 et
410 594 544 628 genuinas
555 593 670 629 putavit.
681 593 794 621 Fatetur
808 594 849 621 vir
857 594 961 621 doctis-

168 637 270 671 simus,
294 647 341 666 eas
357 640 489 674 epistolas
504 647 574 675 quas
589 648 663 668 nunc
687 640 832 674 habemus,
848 641 958 668 easdem

167 684 281 713 omnino
305 693 366 713 esse
388 694 457 721 quas
480 687 577 714 habuit
591 685 744 719 Eusebius,
765 691 793 714 et
812 692 873 722 post
895 695 958 715 eum

168 730 338 759 Athanasius
359 736 441 767 atque
465 731 664 761 Theodoretus.
685 732 744 767 Qua
764 741 829 769 ergo
852 734 958 762 ratione

147 811 151 817 _
166 776 266 804 ductus
290 776 416 806 dubitare
431 783 520 814 potest
535 779 568 807 de
588 779 736 814 exemplari
757 780 843 808 solius
861 779 958 808 Hiero-

166 823 252 859 nymi,
261 824 308 858 qui
324 828 386 859 post
399 823 546 852 Eusebium
556 831 583 853 et
592 827 783 860 Athanasium,
796 831 858 854 ante
868 826 958 855 Theo-

165 869 291 897 doretum
308 870 397 898 vixit?
414 871 475 898 Non
491 877 547 899 tant
564 873 660 906 multa,
672 873 784 906 scilicet,
799 874 830 900 de
842 882 874 900 ea
888 874 956 901 rein

166 915 274 952 Ignatio
286 917 351 943 uidit
364 916 541 952 Hieronymus
554 926 563 945 :
579 919 668 953 quasi,
687 919 710 946 si
723 919 852 954 pauciora
865 919 898 947 de
908 927 956 947 ea-

166 962 229 990 dem
244 970 275 989 re
289 963 405 991 dixisset
418 963 556 999 lgnalius,
574 964 654 992 [idem
676 965 723 993 Dei
747 973 857 994 omnem
880 967 959 995 abro-

166 1013 258 1045 gasset
270 1008 463 1046 Hieronymus.
479 1011 556 1038 Anne
569 1011 718 1039 auctoritas
731 1012 776 1040 illa
793 1016 898 1040 tantum
910 1022 957 1041 va-

167 1053 221 1080 lida
235 1057 288 1085 est,
301 1061 362 1088 qua:
371 1055 516 1082 sententiis
531 1055 602 1082 idem
618 1056 698 1089 plane
712 1058 875 1086 sonantibus
886 1066 958 1094 saepe

165 1098 288 1133 repetitis
305 1100 431 1126 constat?
445 1099 518 1133 Quot
531 1102 672 1129 sententia:
686 1102 714 1130 in
732 1102 837 1139 lgnatio
848 1104 958 1132 oblitte—

165 1145 258 1172 randic
275 1149 351 1178 sunt,
367 1150 398 1173 ut
417 1146 594 1182 episcopatus
609 1153 636 1176 et
652 1149 858 1185 presbyteratus
873 1151 956 1178 ἰσοτι-

165 1190 215 1226 μία
228 1191 263 1219 ab
276 1192 324 1220 illo
348 1193 525 1221 condemnari
544 1201 599 1221 non
626 1198 748 1230 putetur,
766 1200 794 1223 et
818 1196 956 1231 doctrina,

164 1243 247 1271 quam
255 1241 385 1272 tanquam
397 1237 637 1274 Hieronymianam
652 1245 847 1275 repraesentant
859 1241 956 1269 adver-

168 1282 255 1317 sarii,
281 1282 429 1318 lgnatianaa
446 1285 561 1313 minime
584 1287 724 1314 contraria
743 1287 883 1315 videatur!
903 1287 956 1316 Sed

164 1336 260 1356 revera
274 1328 434 1366 Hieronymi
459 1331 605 1365 sententia,
625 1332 649 1360 si
667 1341 720 1360 una
736 1338 819 1368 atque
840 1333 957 1370 simplex

162 1374 210 1408 sit,
223 1380 250 1402 et
256 1380 329 1404 recte
340 1377 501 1412 explicetur,
511 1377 608 1413 lgnatii
617 1379 758 1407 sententia
767 1380 880 1408 minime
891 1388 957 1407 con-

163 1423 247 1449 traria
260 1427 319 1455 est;
336 1424 515 1452 contrarietas
526 1424 598 1452 enim
618 1433 679 1460 quae
693 1426 858 1459 obtenditur,
871 1427 956 1462 origi-

162 1475 226 1495 nem
243 1473 349 1496 tantum
364 1475 468 1506 spectat
481 1492 488 1504 ,
508 1471 542 1499 de
555 1479 610 1508 qua
623 1472 692 1500 nihil
703 1471 834 1507 lgnatius.
851 1473 956 1501 Caetera

162 1522 307 1560 vero.qua=.
320 1516 404 1544 habet
422 1517 606 1555 Hieronymus
620 1527 686 1546 sane
699 1519 901 1555 quamplurima
922 1521 956 1548 de

1013 267 1100 302 ﬁliuni
1115 267 1278 302 dignationis
1299 273 1362 299 tum,
1377 267 1501 295 Orosiam
1516 267 1698 302 presbyterum
1710 271 1738 294 et
1766 266 1815 293 sui

1013 313 1107 340 merito
1117 319 1142 340 et
1159 313 1298 348 tcjubente
1323 314 1433 346 suscepi.
1447 313 1514 346 Quae
1527 321 1589 340 cum
1617 313 1654 340 ita
1673 312 1743 345 sint,
1763 312 1814 339 illa

1013 359 1040 386 in
1056 364 1186 394 suspecto
1199 367 1280 394 opere
1298 360 1325 386 in
1345 359 1477 394 psalmum
1495 367 1557 386 xuv
1570 358 1743 394 Hieronymo
1762 358 1816 385 vix

1013 404 1165 439 ahjuilicari
1183 410 1314 440 possunt:
1332 404 1454 432 Fuerunt
1466 426 1474 439 ,
1499 413 1514 432 o
1528 405 1649 432 Ecclesia
1662 425 1669 438 ,
1685 404 1816 439 apostoli

1011 455 1099 484 patres
1113 451 1162 482 tui,
1178 451 1241 486 quia
1255 451 1307 485 ipsi
1326 457 1350 477 te
1360 455 1517 486 genuerunt.
1540 449 1619 477 Nunc
1632 455 1724 476 autem
1739 449 1815 484 quia

1011 496 1053 523 illi
1077 502 1240 525 recesserunt
1258 505 1276 524 α
1297 497 1413 530 mundo,
1442 497 1521 524 habes
1531 504 1580 531 pro
1599 497 1641 523 his
1664 497 1814 530 episcopos

1010 541 1093 576 ﬁlios,
1107 543 1152 578 qui
1168 551 1185 570 a
1200 548 1224 570 te
1240 543 1322 570 creati
1337 547 1398 569 sunt
1409 551 1419 570 :
1434 547 1496 570 sunt
1518 543 1588 570 enim
1611 547 1643 569 et:
1658 543 1686 569 hi
1712 547 1813 577 patres

1011 588 1061 620 tui,
1074 589 1137 624 quia
1148 588 1180 615 ab
1194 590 1259 624 ipsis
1271 590 1378 624 regerit.
1391 588 1454 617 Hzec
1469 594 1567 616 autem.
1576 588 1712 624 subiectio
1737 587 1812 615 Hie-

1010 635 1171 669 ronymiana
1196 635 1263 662 nihil
1283 634 1357 662 aliud
1371 640 1414 662 est
1434 643 1517 671 quam
1539 635 1650 671 ὑπακοὴ
1671 635 1716 662 vel
1735 634 1812 661 ὐπο-

1010 680 1079 715 ταγὴ
1102 679 1253 715 lgnatiana.
1275 680 1418 715 Secundo,
1434 679 1617 716 Hieronymus
1648 680 1812 715 saepissime

1009 729 1066 752 tres
1076 726 1179 759 gradus
1193 726 1251 754 sive
1266 727 1379 754 ordines
1401 726 1429 754 in
1446 726 1579 758 Ecclesia,
1595 726 1808 762 episcopatum,

1009 771 1225 808 presbyteratum
1248 778 1275 801 et
1288 774 1464 801 diaconatum
1487 774 1622 809 agnoscit,
1637 781 1691 800 non
1707 773 1809 801 minus

1009 825 1093 853 quam
1109 818 1241 856 lgnatius.
1263 820 1376 857 Dialogo
1397 821 1530 848 adversus
1549 819 1761 848 Luciferianos:
1782 820 1807 846 Α

1010 865 1122 900 triginta
1135 865 1230 894 cubitis
1243 867 1372 902 incipiens
1384 872 1409 894 et
1422 875 1503 902 usque
1520 867 1554 893 ad
1574 875 1656 894 unum
1682 866 1807 894 cubitum

1007 911 1141 946 paulatim
1160 913 1312 940 decrescens
1328 921 1392 940 arca
1411 913 1596 940 construitur:
1628 913 1755 940 similiter
1779 918 1806 940 et

1008 956 1129 984 Ecclesia
1138 958 1229 985 multis
1238 958 1365 993 gradibus
1374 959 1520 986 consistens
1531 959 1566 986 ad
1577 965 1726 987 extremam
1739 959 1806 986 dia-

1008 1003 1091 1035 conis,
1103 1002 1262 1038 presbyteris
1287 1003 1466 1038 episcopisqae
1478 1003 1581 1038 ﬁnitur.
1596 1003 1635 1030 lta
1648 1003 1708 1030 ille:
1724 1003 1806 1030 Area:

1007 1056 1173 1076 sacramenta
1185 1057 1245 1076 cum
1260 1049 1381 1076 Ecclesia
1407 1058 1573 1085 comportant.
1593 1049 1805 1077 Commentario

1007 1093 1034 1120 in
1049 1093 1161 1122 Michcaa
1183 1102 1244 1129 cap.
1257 1103 1313 1122 vn:
1327 1095 1419 1122 Nolite
1434 1095 1540 1122 credere
1554 1096 1582 1122 in
1593 1095 1718 1128 ducibus,
1750 1103 1804 1121 non

1007 1140 1035 1167 in
1045 1141 1177 1176 episcopo,
1193 1149 1246 1168 non
1257 1142 1285 1168 in
1299 1141 1464 1177 presbytero,
1479 1150 1531 1169 non
1547 1142 1575 1169 in
1599 1142 1725 1175 diacono,
1748 1150 1803 1168 non

1007 1187 1036 1213 in
1051 1187 1167 1222 qualibet
1183 1189 1319 1215 hominum
1330 1189 1472 1224 dignitate.
1487 1187 1548 1216 Non
1565 1189 1615 1215 hoc
1635 1189 1708 1221 dico,
1730 1187 1803 1223 quod

1006 1233 1160 1261 istiusmodi
1182 1235 1308 1269 gradibus
1329 1235 1357 1262 in
1378 1235 1500 1263 Ecclesia
1521 1243 1574 1262 non
1603 1235 1721 1262 debeatis
1745 1242 1804 1262 esse

1007 1279 1301 1316 subjecti.tQuicttnque
1311 1281 1382 1307 enim
1398 1280 1566 1308 maledixerit
1581 1281 1654 1316 patri
1671 1285 1718 1307 aut
1744 1289 1804 1307 ma—

1007 1326 1053 1359 tri,
1067 1331 1149 1353 morte
1160 1327 1288 1354 morietur
1307 1328 1330 1344 ²⁰
1341 1332 1394 1361 μαι
1401 1328 1543 1362 Apostolus
1557 1327 1633 1354 docet
1648 1327 1802 1362 prapositis

1006 1372 1034 1398 in
1054 1371 1172 1399 Ecclesia
1191 1372 1363 1400 obedientium
1373 1374 1407 1400 ἰ.
1426 1373 1478 1401 Sed
1491 1373 1561 1409 quod
1572 1373 1649 1400 aliud
1663 1374 1698 1400 sit
1714 1373 1801 1400 hono-

1006 1426 1067 1444 rare
1073 1418 1165 1451 duces,
1177 1418 1252 1445 aliud
1263 1427 1335 1454 spem
1349 1419 1443 1447 habere
1454 1420 1482 1446 in
1490 1420 1613 1446 ducibus.
1628 1418 1800 1446 Honoremus

1005 1463 1165 1498 episcopum,
1178 1464 1329 1499 presbytero
1344 1465 1494 1499 deferamus
1507 1486 1514 1498 ,
1537 1473 1711 1500 assurgamus
1737 1465 1801 1492 dia-

1007 1518 1082 1542 cono,
1095 1515 1119 1537 et
1134 1514 1219 1537 tamen
1241 1518 1293 1537 non
1311 1519 1444 1545 speremus
1458 1511 1486 1538 in
1502 1511 1551 1538 eis.
1566 1512 1701 1547 Apologia
1709 1512 1800 1547 prima

162 1556 340 1597 episcopatus
358 1571 373 1590 a
395 1564 585 1600 presbyteratu
608 1565 785 1593 distinctione
804 1571 832 1593 et
852 1574 956 1601 praees-
970 1568 991 1597 C
1009 1557 1139 1584 adversus
1151 1556 1304 1584 numnum:
1322 1557 1396 1584 δείαι
1412 1558 1526 1584 "mum"
1538 1558 1663 1585 men“?
1675 1558 1707 1584 ἀι
1718 1566 1800 1594 “9“

161 1609 300 1642 cellentia,
323 1616 356 1636 ac
368 1610 532 1637 necessitate
546 1610 761 1646 antiquitateque
770 1612 912 1647 utriusque
927 1612 955 1639 in

162 1653 285 1683 Ecclesia
301 1655 359 1689 Dei,
373 1659 401 1683 et
416 1655 491 1683 Aerii
505 1656 604 1692 dogma
617 1657 754 1692 jugulant,
769 1662 796 1685 et
807 1657 954 1693 lgnatianis

161 1701 242 1736 plane
253 1701 407 1729 conformia
423 1706 504 1735 sunt;
518 1711 580 1738 qua:
598 1703 680 1731 toties
693 1703 819 1731 imitatur
828 1704 956 1740 etsequi-

162 1752 223 1780 tur,
238 1751 268 1774 ut
283 1749 349 1783 quin
366 1749 460 1776 omnia
484 1749 594 1782 viderit,
616 1757 677 1784 qua:
702 1757 753 1777 nos
775 1750 802 1777 in
827 1750 953 1785 genuinis

160 1793 285 1827 epistolis
296 1793 429 1826 videmus,
445 1795 577 1829 dubitari,
593 1800 667 1823 certe
684 1801 714 1822 ut
745 1796 895 1830 pauciora,
912 1795 954 1823 ai-

161 1837 268 1865 iirmari
291 1846 345 1866 non
359 1840 454 1874 possit.
477 1839 546 1867 Nam
571 1841 598 1868 in
620 1841 736 1875 epistola
763 1841 797 1869 ad
824 1840 953 1877 Nepotia-

161 1891 246 1910 num:
263 1883 339 1918 Esto,
354 1886 453 1920 inquit,
467 1886 601 1920 subjectus
615 1887 735 1922 pontiﬁci
752 1894 814 1922 tuo,
829 1893 854 1915 et
875 1889 953 1923 quasi

160 1933 259 1960 animae
270 1939 405 1968 parentem
418 1935 531 1970 suscipe,
541 1935 584 1962 vel
596 1936 709 1969 suspice.
721 1935 883 1964 Exhortatio
896 1937 953 1964 hinc

161 1987 217 2007 non
232 1979 366 2013 Aeriana,
390 1980 436 2007 sed
464 1980 606 2015 lgnatiana
627 1985 677 2008 est.
696 1980 865 2016 Nepotianus
877 1982 951 2009 enim

160 2026 304 2062 presbyter
318 2031 386 2054 erat.
406 2026 444 2054 lta
456 2027 489 2054 de
498 2027 546 2054 illo
559 2026 742 2063 Hieronymus
758 2028 838 2064 epist.
855 2028 888 2055 5:
905 2028 951 2055 Fit

160 2071 286 2104 clericus,
312 2076 338 2100 et
363 2080 409 2106 per
422 2072 515 2100 solitos
530 2073 629 2108 gradus
645 2075 780 2108 presbyter
798 2074 950 2103 ordinatur.

159 2116 354 2153 Presbyterum
371 2117 454 2152 igitur
474 2117 628 2152 subjectum
658 2120 787 2155 episcopo
817 2128 868 2147 suo
891 2127 952 2148 esse

159 2162 260 2190 debere
273 2167 366 2190 monet
381 2162 577 2200 Hieronymus,
591 2169 618 2192 et
635 2165 747 2200 quidem
763 2169 893 2201 tanquam
923 2166 953 2193 ti-

158 2208 227 2236 lium
239 2209 356 2244 parenti.
383 2207 496 2243 Semper
508 2211 582 2237 enim
613 2211 772 2246 episcopum
797 2211 949 2248 presbyteri

158 2259 264 2290 patrem
280 2254 417 2289 agnoscit.
432 2254 553 2289 Epistola
568 2255 603 2283 62
623 2257 658 2284 ad
673 2257 872 2293 Theophilum:
887 2257 949 2285 Non

159 2308 250 2327 sumas
266 2305 322 2326 tam
338 2300 428 2334 inﬂati
439 2301 537 2334 cordis,
557 2307 585 2328 nt
600 2303 748 2338 ignoremus
766 2304 830 2338 quid
854 2304 950 2331 debea—

160 2350 204 2372 tur
222 2347 403 2373 sacerdotibus
425 2346 535 2375 Christi.
549 2347 601 2380 Qui
617 2349 686 2375 enim
707 2358 750 2376 eos
775 2351 877 2385 recipit,
896 2359 950 2378 non

159 2395 215 2417 tam
236 2400 279 2419 eos
291 2393 401 2427 recipit,
413 2401 493 2428 quant
505 2393 580 2420 illum
598 2395 673 2429 cujus
687 2396 883 2430 episcopisunt.
897 2398 949 2426 Sed

158 2437 277 2464 contenti
289 2437 342 2463 sint
354 2438 452 2464 [tortore
463 2446 510 2465 suo
521 2446 530 2464 :
541 2438 637 2466 Patres
655 2449 681 2467 se
696 2441 782 2468 sciant
796 2451 850 2469 esse
860 2464 867 2476 ,
897 2452 949 2470 non

158 2482 288 2510 dominos.
299 2482 337 2510 De
347 2482 495 2511 Heliodoro
508 2483 652 2519 Nepotiani
666 2487 794 2522 episcopo
805 2488 842 2516 ita
856 2489 947 2524 loqui-

158 2533 218 2555 tur:
236 2529 342 2562 Quanto
354 2531 439 2565 magis
457 2534 485 2556 tu
494 2534 519 2557 et
530 2531 675 2557 avunculus
691 2537 716 2558 et
730 2533 875 2569 episcopus,
899 2535 948 2562 hoc

157 2578 197 2600 est
208 2579 232 2600 et
257 2574 284 2600 in
298 2583 388 2608 carne,
420 2580 446 2602 et
464 2576 492 2603 in
506 2576 603 2610 spiritu
618 2581 703 2611 pater,
727 2578 799 2606 doles
813 2579 901 2606 abesse
914 2581 949 2606 υἰ-

158 2627 233 2646 scera
249 2624 305 2652 tua,
322 2624 347 2647 et
362 2621 439 2656 quasi
453 2629 470 2648 a
485 2626 510 2648 te
523 2621 628 2648 divulsa
645 2623 777 2657 suspiras.
798 2622 839 2651 Ad
858 2623 948 2659 Nepo-

158 2665 264 2692 tianum
277 2666 357 2701 epist.
375 2666 409 2694 5:
427 2666 522 2694 Gloria
533 2667 618 2702 patris
637 2673 676 2695 est
698 2668 771 2703 [ilius
787 2670 891 2704 sapiens
904 2670 924 2685 ¹⁹
938 2678 946 2703 ;

158 2709 279 2738 Gaudeat
293 2711 428 2747 episcopus
438 2713 542 2747 iudicio
555 2721 614 2747 suo,
627 2722 686 2740 cum
698 2714 763 2741 tales
777 2714 883 2742 Christo
896 2714 948 2742 ele-

157 2757 225 2791 gerit
236 2759 396 2785 sacerdotes.
410 2758 448 2786 lta
461 2760 520 2794 ipse
530 2758 559 2786 S.
575 2760 759 2796 Augustinum
785 2761 947 2795 compellat:

165 2800 226 2829 Vale
251 2803 316 2830 mihi
339 2805 422 2831 amice
447 2804 620 2840 charissima,
647 2810 726 2833 artato
740 2805 793 2840 fili,
818 2806 949 2840 dignitate

194 2884 216 2901 "
231 2884 312 2914 Prov.
328 2894 355 2920 x,
375 2887 399 2915 ί.
437 2888 460 2904 ’⁸
478 2887 544 2917 Lev.
562 2896 609 2921 xx.
627 2889 653 2918 9.
693 2890 714 2907 ἰ
728 2887 811 2918 Hebr.
829 2896 890 2921 xui,
909 2889 952 2918 l7.
991 2888 1038 2917 “1
1055 2888 1124 2916 Tim.
1141 2897 1181 2919 in.
1197 2888 1220 2916 l.

1008 1603 1041 1630 lis
1052 1608 1077 1630 et
1092 1602 1232 1638 Seraphin:
1243 1608 1268 1630 et
1288 1603 1429 1631 Cherubim
1446 1604 1534 1630 dicere
1554 1605 1685 1631 dtenumes
1706 1611 1732 1632 et
1751 1606 1798 1633 ho-

1005 1650 1088 1676 mines
1104 1649 1172 1684 ﬁeri,
1194 1650 1265 1684 quod
1278 1650 1391 1684 affirmat
1403 1649 1540 1685 Origenes,
1555 1655 1581 1677 et
1596 1652 1666 1686 ipsos
1686 1651 1756 1678 inter
1770 1660 1798 1679 se

1005 1695 1111 1731 angelos
1127 1695 1234 1734 diversa
1246 1696 1390 1730 officiorum
1405 1704 1502 1730 genera
1517 1704 1575 1723 csse
1589 1696 1711 1729 sortitos,
1726 1698 1797 1732 quod

1005 1741 1132 1769 Ecclesia
1146 1750 1197 1768 non
1212 1748 1350 1776 repugnat.
1364 1741 1501 1774 Quomodo
1529 1746 1554 1769 et
1581 1743 1653 1769 inter
1677 1743 1796 1770 homines

1004 1788 1069 1815 ordo
1092 1788 1254 1822 dignitatum
1285 1796 1317 1814 ex
1332 1788 1431 1814 laboris
1449 1788 1575 1815 uarietate
1602 1788 1722 1815 diversus
1737 1794 1795 1817 est:

1004 1843 1063 1861 cum
1078 1834 1225 1868 episcopus,
1237 1839 1261 1860 et
1276 1833 1420 1868 presbyter,
1435 1839 1460 1860 et
1484 1834 1570 1861 omnis
1597 1834 1794 1862 ecclesiasticus

1002 1880 1100 1915 gradus
1111 1879 1331 1906 habeatordinem
1346 1887 1435 1912 suum,
1459 1886 1484 1908 et
1504 1885 1593 1907 tamen
1608 1888 1699 1907 omnes
1711 1881 1794 1909 homi‘

1003 1934 1047 1953 nes
1056 1930 1127 1952 sunt.
1143 1925 1263 1960 Epistula
1275 1926 1308 1952 27
1322 1933 1382 1960 qua:
1389 1925 1469 1953 estad
1476 1925 1666 1954 Eustochium:
1676 1927 1794 1954 Aderant

1003 1971 1251 2006 Hierosolymorum
1263 1976 1287 1998 at
1301 1971 1419 1998 aliarum
1443 1971 1548 1998 urbium
1565 1973 1694 2007 episcopi,
1707 1977 1733 2000 et
1750 1981 1793 2000 sa-

1002 2017 1136 2044 cerdotum
1146 2017 1279 2052 inferioris
1292 2017 1403 2052 gradus,
1415 2025 1446 2044 ac
1481 2017 1622 2044 levitarum
1640 2018 1793 2046 innumera-

1003 2063 1063 2091 bilis
1074 2063 1227 2090 multitudo.
1246 2063 1341 2090 Dicent
1355 2062 1549 2099 Hieronymum
1560 2063 1594 2091 de
1607 2063 1726 2092 diversis
1734 2072 1793 2099 Era.-

1001 2110 1084 2138 dihus
1112 2115 1159 2138 aut
1173 2111 1317 2138 ordinibus
1332 2111 1408 2146 loqui
1424 2110 1577 2138 secundum
1597 2118 1679 2138 usum
1702 2111 1791 2139 smculi

1002 2157 1062 2184 sui:
1079 2157 1149 2184 idem
1165 2163 1192 2184 et
1200 2165 1250 2192 ego
1264 2156 1298 2184 de
1309 2156 1541 2192 lgnatio-allirmo.
1557 2155 1591 2184 Et
1603 2157 1715 2191 quidem
1729 2156 1790 2185 Hie-

1001 2211 1134 2239 ronymus
1148 2203 1259 2231 eosdem
1271 2204 1374 2239 gradus
1389 2202 1473 2230 refert
1491 2202 1526 2231 ad
1539 2207 1664 2238 tempora
1681 2208 1791 2238 προδιοι-

963 2241 987 2269 Ῑ)
1002 2250 1068 2278 lica:
1079 2255 1110 2278 ut
1120 2251 1220 2278 mirum
1234 2258 1289 2278 non
1303 2250 1339 2277 sit
1356 2249 1503 2285 lgnatium,
1517 2253 1579 2284 post
1589 2249 1716 2277 omnium
1727 2257 1791 2285 apo-

1003 2295 1137 2324 stolorum
1154 2300 1280 2328 mortem,
1293 2295 1330 2322 ita
1343 2295 1464 2322 locutum
1476 2302 1546 2322 esse.
1567 2294 1689 2330 Epistola
1705 2295 1789 2330 prima

997 2343 1031 2371 ad
1043 2342 1215 2371 Heliodorum
1229 2352 1235 2369 :
1253 2353 1262 2369 ι
1277 2343 1329 2376 Qui
1342 2343 1522 2378 episcopatum
1534 2342 1679 2372 desiderat.
1693 2343 1786 2370 bonum

998 2397 1062 2424 opus
1076 2389 1207 2416 desiderat
1222 2391 1255 2415 ²¹.
1276 2398 1285 2415 ›
1300 2388 1404 2416 Scimus
1417 2389 1470 2415 ista
1486 2397 1494 2415 :
1507 2389 1553 2415 sed
1564 2389 1647 2423 junge
1661 2389 1732 2423 quod
1747 2397 1786 2416 se-

998 2435 1106 2470 quitur:
1120 2444 1130 2460 ‹
1146 2433 1254 2469 Oportet
1266 2440 1353 2461 autem
1367 2433 1519 2467 hujusmodi
1535 2433 1787 2466 irrepreheasibilem

998 2489 1053 2508 esse
1063 2481 1096 2514 ",
1113 2490 1123 2506 ι
1139 2485 1192 2508 etc.
1207 2480 1242 2507 Et
1252 2480 1352 2508 caneris
1365 2488 1424 2515 (μιαί
1434 2480 1466 2507 de
1476 2488 1506 2507 eo
1520 2484 1669 2515 sequuntur
1680 2479 1787 2515 explici-

999 2527 1046 2560 tis,
1054 2535 1106 2554 non
1117 2527 1242 2554 minorem
1253 2527 1282 2553 in
1294 2527 1371 2553 tertio
1380 2525 1465 2561 gradu
1476 2525 1597 2552 adhibuit
1611 2525 1786 2561 diligentiam,

1001 2572 1090 2600 dicens
1100 2581 1110 2600 :
1119 2582 1128 2599 ι
1141 2572 1271 2600 Diaconos
1282 2571 1405 2599 similiter
1415 2571 1524 2607 pudicos
1535 2571 1568 2599 ".
1586 2580 1596 2597 ι
1606 2570 1668 2599 Lib.
1679 2579 1686 2598 l
1702 2571 1787 2598 adver-

999 2629 1046 2650 sus
1065 2620 1258 2649 .iovinianum:
1275 2619 1368 2647 Cernis
1382 2619 1467 2654 igitur
1482 2617 1552 2653 quod
1567 2618 1718 2653 episcopus,
1730 2626 1785 2652 prc-

1000 2667 1088 2702 sbyter
1113 2671 1139 2694 et
1154 2666 1282 2693 diaconus
1299 2673 1350 2692 non
1362 2665 1420 2691 ideo
1433 2663 1486 2690 sint
1497 2664 1578 2696 beati,
1590 2664 1655 2698 quia
1665 2663 1784 2698 episcopi.

999 2713 1038 2739 vel
1051 2712 1196 2747 presbyteri
1211 2712 1274 2742 sint,
1294 2716 1341 2737 aut
1358 2710 1488 2741 diaconi;
1517 2709 1563 2736 sed
1580 2709 1603 2736 si
1615 2709 1726 2737 uirtutes
1744 2709 1783 2735 ha-

1000 2758 1104 2785 buerint
1123 2758 1260 2785 nominum
1284 2765 1393 2784 suorum
1417 2761 1442 2783 et
1459 2755 1615 2790 officiorum.
1634 2754 1741 2789 Alioqui
1764 2755 1783 2780 si

1000 2805 1127 2832 diaconus
1142 2804 1260 2831 sanctior
1269 2804 1390 2838 episcopo
1403 2810 1449 2829 suo
1463 2801 1556 2837 fuerit,
1566 2809 1618 2828 non
1631 2809 1664 2828 ex
1679 2809 1710 2828 eo
1722 2801 1783 2836 quod

1259 2888 1280 2904 ’³
1298 2886 1383 2915 ΠΜ..
1405 2886 1433 2913 2.
1473 2886 1494 2901 ’³
1513 2884 1580 2913 Ibid.
1593 2905 1600 2914 .
1618 2885 1645 2913 8.
