1866 3073
77 155 127 182 ‘25?)

445 156 472 184 J.
493 155 673 184 PEARSONII
688 152 850 184 VINDICIE
870 154 1080 184 lGNATlANtE.
1099 170 1135 176 —
1153 155 1243 183 PARS
1262 153 1281 182 l.

1660 152 1714 180 ’δι

84 213 191 248 inferior
206 213 294 248 gradu
305 218 348 240 est
362 233 372 246 ,
401 216 474 250 apud
489 216 622 243 Christum
633 215 749 243 deterior
758 216 825 247 erit;
836 221 880 242 aut
895 217 919 246 Α
932 216 1058 250 dogmate
1072 216 1190 243 maxime
1201 213 1386 242 abhorrentia.
1403 212 1525 247 Denique
1542 212 1612 240 hanc
1626 211 1714 247 ipsam

85 259 233 295 Stephanus
244 260 381 287 diaconus
390 282 398 293 ,
412 262 459 296 qui
472 263 573 296 primus
592 263 720 297 martyrio
738 266 880 289 coronatus

82 311 132 337 est,
152 306 242 332 minor
254 305 366 340 futurus
374 311 414 334 est
430 307 459 334 in
475 315 554 343 regno
575 307 699 335 caelorum
715 307 804 334 multis
826 308 881 342 cpi-

82 352 184 386 scopis,
202 357 229 378 et
247 351 389 380 Timotheo
409 361 441 379 ac
456 352 526 386 Tito,
544 361 607 385 quos
629 358 658 380 ut
680 353 808 388 subjicere
829 361 882 380 non

82 401 184 429 audeo,
197 399 239 425 ita
259 407 307 425 nec
319 404 491 434 anteponere.
517 399 588 427 ldem
609 400 794 435 episcopatum
819 404 878 427 tan-

81 451 170 478 quam
186 451 333 472 summum
348 445 376 471 in
392 444 513 473 Ecclesia
529 445 652 473 ordinem
669 445 782 472 maximi
806 445 881 480 facit,

80 491 223 525 episcopo
241 491 423 518 commissam
446 499 507 519 esse
524 491 674 519 Ecclesiam
698 492 786 524 docet,
803 492 882 527 eique

81 537 281 572 principatum
306 537 444 564 attribuit.
460 537 581 572 Epistola
608 538 686 565 tertia
705 538 739 565 ad
754 536 882 572 Nepotia-

80 591 174 610 num:
204 582 283 611 Sciat
305 584 454 619 cpiscopus,
472 585 515 611 cui
534 585 675 612 commissa
696 589 735 612 est
750 583 881 618 Ecclesia,

80 637 167 663 quem
197 629 396 663 dispensationi
423 637 568 663 pauperum
598 637 718 664 curaque
742 629 880 664 prte/iciat.

81 675 221 711 Epistola
234 676 268 703 ad
281 675 474 711 Theophilum,
486 675 519 703 de
527 675 632 703 Joanne
646 677 776 711 episcopo
787 675 884 703 Hiero.

82 723 281 759 solymitano:
297 723 362 755 Aut,
378 724 454 758 quasi
471 724 600 758 pontifex,
623 723 725 750 cunctis
746 723 883 758 tequaliter

80 771 220 806 imperet:
235 774 294 801 aut,
316 771 393 805 quasi
422 770 541 796 imitator
558 770 688 805 Apostoli,
704 770 883 797 uniuersorum

82 815 173 842 saluti
187 822 224 842 ea:
235 823 312 850 ecquo
322 815 427 842 serviat.
438 814 641 842 Commentario
654 815 680 842 in
699 814 808 847 lsaiam,
822 822 880 849 cap.

82 860 280 892 sztPonam,
296 860 395 895 inquit,
410 859 539 895 principes
554 864 611 887 tuos
626 860 653 886 in
667 867 772 895 pacem,
789 865 813 886 et
824 860 882 894 cpi-

84 914 186 941 scopos
198 911 260 933 tuos
276 906 302 932 in
318 905 454 940 justitiam
468 906 552 938 u‘;tin
562 913 612 940 quo
625 905 770 940 Scriptura:
784 910 883 933 sancta

84 952 256 979 admiranda
269 951 406 985 majestas,
422 950 491 985 quod
507 951 637 985 principes
663 950 766 985 futuros
792 950 883 979 Eccle-

82 999 135 1026 sizc
150 999 292 1033 episcopos
305 997 461 1023 nominauit.
476 996 505 1023 ln
517 996 646 1031 Catalogo
659 996 822 1031 scriptorum
837 1004 882 1024 ec-

82 1044 331 1073 clesiasticos-um:
348 1042 520 1077 Polycarpus,
533 1041 646 1070 Joannis
670 1042 782 1077 apostoli
801 1042 883 1069 disci-

82 1091 180 1126 pulus,
199 1096 225 1117 et
242 1090 276 1116 ab
300 1097 330 1116 eo
355 1088 477 1124 Smyrna:
486 1089 620 1124 episcopus
636 1088 784 1121 ordinatus,
801 1090 882 1115 totius

84 1137 162 1164 Asiae
176 1136 302 1171 princeps
312 1135 375 1170 fuit.
390 1134 595 1162 Commentario
607 1134 635 1160 in
648 1133 744 1162 Isaiam
762 1142 821 1169 cap.
834 1142 880 1161 tu:

86 1181 141 1209 Sed
155 1186 182 1208 ct
201 1181 238 1207 ad
251 1185 355 1207 nostros
372 1180 503 1215 principes
516 1179 609 1214 referri
622 1183 716 1214 potest,
732 1180 755 1206 si
766 1183 881 1206 atterunt

87 1227 242 1261 subjectum
252 1226 305 1253 sibi
318 1225 428 1260 plebem,
447 1230 473 1252 et
494 1233 620 1260 pauperes
640 1225 815 1257 delinquentes
832 1233 883 1259 pu-

90 1273 157 1300 blice
172 1277 292 1307 arguant
305 1276 384 1306 atque
393 1270 567 1305 confundant,
584 1270 710 1298 divitibus
721 1275 808 1297 autent
823 1278 882 1297 nta-

87 1318 151 1353 jora
168 1317 342 1353 peccantibus
358 1325 389 1343 tte
402 1321 497 1343 nutum
516 1316 621 1351 quidem
644 1316 730 1350 facere
754 1315 880 1349 audeant,

91 1369 145 1391 etc.
162 1362 199 1392 Et
209 1370 273 1397 cap.
288 1370 322 1388 v:
347 1362 498 1389 Abutamur
512 1361 559 1388 hoc
579 1361 726 1388 testimonio
744 1361 882 1388 adversum

92 1409 226 1443 principes
241 1407 379 1440 Ecclesia,
392 1408 438 1442 qui
454 1407 486 1434 de
507 1415 583 1433 mane
598 1410 758 1442 consurgunt
785 1405 820 1433 ad
841 1414 882 1434 sc-

93 1455 220 1482 ctattdam
233 1454 359 1486 siceram,
379 1457 404 1480 et
428 1452 567 1480 bibendum
588 1453 715 1487 usquead
736 1461 880 1489 vesperam,

94 1506 145 1529 etc.
162 1500 371 1532 Commentario
383 1499 409 1527 in
430 1499 520 1526 Titum
539 1507 600 1535 cap.
615 1508 640 1527 ιε
659 1499 797 1528 Noncnim
809 1503 880 1536 Apo-

931 265 1058 292 ordinum
1078 265 1281 293 distinctionem
1305 273 1320 292 a
1347 262 1518 297 temporibus
1544 261 1715 296 apostolicis,

931 309 987 338 imo
1003 310 1036 337 ab
1052 310 1119 345 ipsis
1127 311 1257 345 apostolis
1269 309 1383 337 arcessit
1400 307 1594 342 Hieronymus.
1609 305 1639 332 In
1655 306 1715 340 ipss

931 355 1003 383 enim
1019 355 1053 382 ad
1065 355 1209 391 Evagrium
1223 355 1348 390 epistola,
1363 361 1444 388 quam
1461 351 1609 379 adversarii
1625 355 1716 378 tanto-

931 409 995 436 pere
1007 401 1163 434 sollicitant,
1180 402 1238 429 haec
1254 401 1350 428 habet:
1369 399 1403 427 Ut
1419 399 1534 426 sciamus
1558 398 1714 424 traditiones

932 448 1090 482 apostolicus
1115 452 1234 482 sumptas
1262 447 1295 473 de
1326 446 1411 473 Veteri
1429 444 1615 476 Testamento,
1644 443 1715 478 quod

931 495 1021 520 Aaron
1033 499 1058 520 ct
1073 493 1124 528 filii
1154 493 1210 528 ejus
1226 498 1304 528 atque
1331 492 1416 519 levita:
1441 491 1471 517 in
1486 489 1581 524 templo
1597 489 1715 523 fuerunt,

932 539 980 566 Itoc
995 538 1046 566 sibi
1054 539 1178 574 episcopi,
1193 537 1337 573 presbyteri
1358 542 1381 564 et
1405 535 1511 563 diaconi
1534 534 1665 561 vindicent
1686 533 1715 559 in

933 585 1064 613 Ecclesia.
1081 584 1132 612 Ubi
1143 584 1232 620 primo
1240 589 1332 619 aperta
1342 583 1481 611 distinctio
1492 581 1617 610 ordinum
1629 589 1635 607 :
1645 580 1716 608 alius

932 631 1005 659 enim
1019 630 1087 659 ordo
1100 630 1228 663 Aaronis,
1242 630 1300 657 sive
1313 629 1413 657 summi
1428 627 1586 660 sacerdotis,
1604 626 1650 661 qui
1668 633 1716 660 per

932 676 1118 719 excellentiam
1138 681 1204 719 pun
1217 677 1231 702 ὁ
1258 675 1356 711 ἱερεὺς,
1373 674 1414 701 vel
1439 673 1520 701 etiam
1538 677 1626 702 ωτι-ππ
1649 675 1717 714 pun

932 713 1009 752 511:1
1032 726 1109 764 pun.
1133 713 1176 749 vel
1197 727 1257 751 n21
1278 726 1358 754 nam,
1383 720 1414 747 ὃν
1440 718 1615 755 ἁναραδάχην
1631 713 1701 764 προσ

931 769 1110 805 αγορεύουσι·
1162 766 1288 802 σημαίνει
1317 766 1346 793 δὲ
1374 765 1514 801 ἀρχιερέα,
1542 769 1572 791 ut
1595 763 1716 798 loquitur

933 810 1084 846 Josephus;
1101 811 1173 838 alius
1184 811 1303 838 ﬁliorum
1317 811 1433 838 Aaronis
1444 831 1451 843 ,
1474 818 1521 837 seu
1540 807 1716 836 sccundario-

934 866 995 885 rum
1013 858 1196 891 sacerdotum,
1207 857 1254 890 οὒς
1270 857 1383 892 χαναίας
1411 857 1540 889 καλοῦσι,
1558 855 1717 890 simpliciter

932 908 1024 936 nuru,
1048 903 1090 931 vel
1117 911 1179 931 cum
1198 903 1379 931 diminutione
1410 907 1527 933 Dtuv‘m
1557 907 1640 932 Dim:
1673 910 1716 928 sa-

932 951 1047 977 cerdotes
1077 949 1185 983 idiottz,
1213 950 1256 977 vel
1284 949 1354 977 κατὰ
1377 949 1478 985 μέρος;
1503 949 1573 976 alius
1601 949 1717 982 denique

932 995 1076 1023 levitarum
1091 1003 1098 1022 :
1126 1002 1243 1030 quorum
1260 995 1369 1022 diversa
1384 994 1471 1022 ollicia
1489 1000 1515 1021 et
1533 994 1678 1028 dignitates
1690 995 1716 1020 in

931 1039 1075 1075 Scriptura
1089 1039 1258 1068 referuntur.
1273 1039 1376 1067 Aaroni
1403 1044 1506 1072 autem,
1535 1047 1584 1067 seu
1608 1046 1717 1067 summo

932 1086 1067 1114 sacerdoti
1081 1086 1241 1124 episcopum
1250 1106 1258 1119 ,
1274 1085 1462 1113 sacerdotibus
1474 1084 1643 1113 secundat-iis
1655 1092 1716 1120 pre-

933 1133 1058 1168 sbyteros
1072 1152 1080 1165 ,
1104 1132 1194 1160 levitis
1219 1131 1352 1160 diaconos
1363 1131 1390 1158 in
1416 1130 1538 1159 Ecclesia
1554 1131 1718 1166 respondero

931 1179 1027 1207 asserit
1043 1178 1235 1214 Hieronymus.
1256 1177 1401 1212 Secundo,
1417 1177 1499 1213 hujus
1522 1177 1649 1205 ordinum
1661 1178 1717 1205 dis-

932 1224 1073 1253 tinctionis
1104 1224 1296 1259 antiquitatem
1322 1224 1568 1258 auctoritatemque
1585 1223 1716 1259 depingit,

931 1280 965 1299 ex
977 1271 1129 1306 apostolico
1138 1271 1211 1298 enim
1223 1270 1370 1298 traditione
1383 1274 1474 1297 natam
1484 1270 1517 1297 ad
1533 1277 1583 1297 sua
1595 1274 1718 1304 tempora

931 1317 1083 1344 derivatam
1107 1315 1198 1343 docet.
1221 1315 1378 1343 Blondellus
1407 1315 1435 1343 in
1451 1315 1583 1350 Apologia
1602 1315 1636 1342 ad
1660 1315 1719 1343 haec

931 1361 1035 1389 nullam
1048 1361 1273 1389 observationem
1301 1361 1432 1394 adhibet,
1455 1361 1664 1389 elucidationcm
1687 1361 1716 1388 in

932 1412 1009 1436 sexta
1021 1407 1094 1434 illius
1109 1407 1200 1442 operis
1215 1406 1336 1434 sectione
1350 1406 1496 1441 promittit,
1512 1414 1573 1434 cum
1589 1411 1644 1434 tres
1660 1411 1718 1434 tan-

933 1459 990 1482 tum
1006 1453 1142 1482 sectiones
1153 1452 1278 1480 ediderit.
1294 1451 1347 1479 Sed
1359 1452 1423 1487 quid
1437 1452 1469 1479 ad
1482 1452 1539 1479 haec
1554 1453 1718 1487 respondere

931 1500 1062 1536 potuerit,
1078 1499 1146 1527 satis
1161 1498 1326 1533 perspicitur
1338 1506 1372 1525 ex
1394 1498 1429 1525 iis
1440 1518 1448 1531 ,
1465 1505 1526 1535 quae
1551 1498 1578 1525 in
1591 1497 1718 1533 Prolego-

93 1547 177 1574 stolas
192 1546 322 1573 Ecclesiw
331 1547 475 1580 principem
490 1546 605 1581 formans
616 1550 687 1573 vetat
700 1551 755 1574 esse
768 1547 882 1582 pugilem
895 1556 916 1584 ε
933 1546 1022 1573 menis
1035 1545 1068 1572 ad
1081 1542 1339 1573 Pseudo-lsidorum
1356 1543 1476 1578 scripsit,
1489 1544 1588 1571 misera
1606 1548 1634 1571 et
1646 1543 1717 1572 inle-

94 1597 119 1622 et
130 1593 351 1628 pancratiasten;
370 1600 432 1627 qua:
444 1596 537 1627 postea
551 1593 667 1627 explicat
688 1592 736 1619 lib.
752 1601 761 1620 1
784 1593 881 1620 adver-

95 1649 142 1669 sus
152 1639 342 1670 Iovinianum,
353 1637 444 1673 Neque
458 1638 526 1666 enim
542 1638 656 1674 pugilem
663 1638 785 1666 describit
797 1647 881 1666 sermo

95 1684 270 1720 apostolicus,
298 1684 343 1710 sed
364 1684 514 1718 pontiﬁcem
529 1684 655 1711 instituit.
670 1684 756 1720 Epist.
769 1685 799 1712 5:
812 1685 882 1712 Pru—

96 1732 237 1765 denterque
257 1729 361 1756 Ennius
373 1738 382 1756 :
399 1739 408 1755 ‹
419 1729 506 1762 Plebs,
520 1730 616 1764 inquit,
633 1731 661 1757 in
679 1731 727 1757 hoc
741 1731 796 1765 regi
811 1735 883 1758 antc-

96 1781 146 1803 stat
160 1776 238 1807 loco;
265 1775 327 1802 licet
351 1775 500 1810 lacrymare
525 1775 610 1810 plebi,
638 1776 692 1811 regi
705 1776 809 1803 honeste
829 1784 882 1803 non

95 1821 166 1848 licet.
185 1829 196 1846 ι
226 1819 261 1847 Ut
275 1821 351 1855 regi,
363 1821 401 1847 sic
415 1821 533 1854 episcopo
541 1828 552 1852 ;
572 1820 625 1846 imo
650 1821 736 1847 minus
749 1821 880 1856 episcopo,

97 1875 174 1902 quam
182 1866 249 1901 regi.
259 1865 326 1899 Quae
334 1873 396 1893 cum
409 1865 573 1901 Hieronymo
584 1865 652 1893 adeo
662 1866 717 1893 sint
725 1866 880 1899 familiaria,

98 1912 177 1938 etiam
192 1911 240 1938 illa
256 1919 317 1945 qua:
333 1911 361 1938 in
378 1911 514 1946 psalmum
530 1919 592 1938 xuv
613 1911 664 1939 sub
687 1912 747 1946 ejus
772 1913 882 1941 nomine

97 1957 210 1992 legimus
221 1956 412 1991 praetereunda
427 1964 482 1984 non
495 1956 633 1984 videntur:
647 1957 793 1984 Constituit
802 1957 880 1986 Chri-

97 2009 152 2030 stus
166 2007 273 2030 sanctos
301 2010 363 2029 suos
375 2010 454 2037 super
468 2010 555 2029 omnes
580 2002 701 2037 populos.
730 2002 763 2030 In
779 2005 882 2031 nomine

97 2050 163 2076 enim
175 2048 225 2075 Dei
241 2048 386 2074 dilatatam
399 2052 438 2075 est
456 2047 629 2083 anngelium
643 2048 670 2075 in
685 2048 805 2076 omnibus
820 2049 881 2084 ﬁni-

99 2094 143 2121 bus
157 2094 262 2125 mundi,
285 2093 314 2120 in
332 2094 426 2129 quibus
436 2094 565 2129 principes
582 2094 718 2128 Ecclesiae,
730 2095 757 2121 id
771 2100 809 2122 est
823 2097 881 2130 epi-

99 2140 167 2175 scopi
178 2139 320 2166 constituti
331 2145 403 2167 sunt.
418 2139 552 2167 Praeterea
569 2139 751 2175 Hieronymus
761 2141 882 2168 necessi-

99 2189 177 2213 tatem
191 2185 292 2213 horum
304 2185 439 2221 graduum
457 2185 484 2212 in
500 2185 632 2219 Ecclesia,
646 2191 673 2213 et
686 2186 797 2221 quidem
822 2187 881 2221 epi-

99 2235 235 2266 scopatus,
250 2238 305 2258 non
312 2231 403 2259 minus
415 2239 496 2266 quam
508 2231 629 2266 lgnatius
642 2237 741 2259 tuetur.
757 2231 796 2259 lta
807 2233 880 2260 enim

99 2276 141 2304 ille
153 2278 178 2304 in
194 2276 310 2312 Dialogo
321 2277 454 2305 adversus
466 2276 655 2306 Luciierianos
671 2286 677 2304 :
696 2278 817 2306 Ecclesia
829 2287 882 2306 non

99 2327 146 2356 est,
157 2331 217 2357 quae
230 2331 283 2349 non
305 2322 382 2349 liabet
397 2324 556 2350 sacerdotes.
571 2322 646 2356 Quos
658 2328 749 2351 autem
766 2324 882 2351 voluerit

100 2369 265 2401 sacerdotes,
291 2368 349 2404 ipse
359 2370 428 2396 satis
441 2368 553 2401 indicat.
571 2369 606 2397 de
619 2369 722 2397 Hilario
748 2370 879 2405 loquens:

101 2414 241 2450 Episcopo:
263 2419 289 2441 et
309 2415 474 2449 presbyteros
483 2423 534 2442 non
547 2415 672 2448 habente;
699 2415 826 2451 idemque
847 2424 881 2443 ex

101 2460 185 2488 verbis
197 2460 377 2495 sequentibus
397 2465 518 2495 apparet.
543 2460 605 2494 Sed,
617 2461 721 2488 omissis
735 2462 826 2497 paucis
837 2461 882 2488 Ito-

101 2507 208 2533 utittibus
222 2526 230 2538 ,
251 2506 297 2541 qui
324 2506 375 2541 ipsi
393 2506 445 2532 sibi
467 2511 491 2533 et
503 2506 566 2533 laici
580 2511 641 2534 sunt
655 2512 680 2534 et
696 2508 820 2542 episcopi,
833 2515 882 2534 au-

102 2554 180 2581 sculta
189 2553 253 2589 quid
269 2554 300 2580 de
309 2554 382 2580 omni
393 2553 512 2581 Ecclesia
523 2555 689 2582 sentiendum
702 2555 745 2580 sit.
759 2553 837 2587 Quod
848 2561 880 2581 ex

103 2601 187 2627 eodem
202 2599 276 2626 libro
286 2599 423 2634 imprimis
435 2600 648 2634 comprobatur:
668 2599 796 2626 Ecclesiae
806 2599 880 2626 salus

104 2646 127 2671 in
146 2645 241 2672 summi
267 2644 414 2671 sacerdotis
431 2645 560 2680 dignitate
583 2646 694 2680 pendet;
724 2646 767 2672 cui
794 2645 881 2672 sinon

104 2699 183 2719 exsors
192 2691 328 2727 quwdam,
346 2697 371 2718 et
380 2690 413 2717 ab
426 2691 573 2718 hominibus
586 2691 701 2718 eminens
714 2691 792 2718 detur
809 2695 882 2725 pote-

104 2743 159 2770 stas,
174 2743 210 2766 tot
226 2739 255 2765 in
282 2737 407 2765 Ecclesia
430 2737 579 2772 cfﬁcientur
592 2737 745 2770 schismata,
763 2742 825 2773 quot
837 2745 881 2764 sa-

104 2784 216 2812 cerdotes.
226 2783 296 2818 Quae
309 2791 380 2818 pura
389 2787 454 2819 puta
469 2788 533 2812 sunt
547 2783 698 2820 lgnatiaoa,
709 2787 736 2812 et
753 2783 787 2813 ab
806 2782 881 2811 Acrii

145 2863 166 2879 "
179 2861 232 2891 lsa.
251 2869 298 2896 Ls,
318 2861 363 2889 l7.

932 1591 994 1618 licia
1005 1595 1032 1618 et
1046 1591 1156 1618 homine
1164 1590 1206 1617 vel
1218 1589 1298 1617 docto
1312 1590 1355 1617 vel
1372 1589 1457 1624 probo
1468 1597 1580 1625 prorsus
1594 1589 1715 1625 indigna.

933 1636 980 1664 Sic
995 1637 1067 1664 cnim
1081 1636 1247 1664 Turrianum
1270 1635 1455 1670 disputantem
1475 1636 1590 1664 inducit.
1611 1635 1641 1663 Si
1664 1636 1716 1670 fuit

932 1684 1081 1718 di/ferentia
1097 1684 1167 1710 inter
1187 1682 1300 1710 Aaronis
1314 1683 1385 1718 ﬁlios
1404 1687 1428 1710 et
1449 1683 1556 1716 levitas,
1585 1687 1647 1710 sunt
1667 1691 1716 1710 au-

933 1737 984 1757 tem
1004 1730 1069 1758 tales
1085 1730 1199 1766 episcopi
1219 1734 1244 1756 et
1256 1730 1411 1765 presbyteri,
1428 1731 1479 1765 fuit
1501 1738 1601 1765 semper
1621 1730 1716 1757 distin-

932 1777 983 1804 ctio
991 1784 1091 1804 eorum.
1103 1776 1185 1812 Atqui
1195 1784 1284 1803 uerum
1297 1777 1382 1811 prius,
1395 1780 1458 1803 teste
1469 1775 1578 1804 Hieron.
1593 1776 1669 1811 epist.
1682 1776 1716 1803 ad

933 1822 1087 1859 Evagrium.
1102 1823 1173 1851 Tum
1184 1831 1250 1851 vero
1260 1823 1468 1858 responsionem
1477 1831 1554 1851 suam
1564 1823 1714 1859 subjungit:

931 1870 1013 1906 Atqui
1031 1878 1083 1897 non
1091 1875 1152 1898 sunt
1167 1870 1233 1898 tales
1243 1870 1358 1905 episcopi
1370 1874 1394 1897 et
1407 1870 1569 1905 presbyteri;
1590 1870 1635 1897 sed
1659 1870 1716 1905 epi-

931 1917 1003 1952 scopi
1016 1917 1054 1952 (in
1068 1916 1162 1952 quibus
1191 1915 1364 1951 Hieronymo,
1387 1916 1440 1944 imo
1465 1916 1584 1951 apostolo
1608 1922 1716 1944 auctare

930 1963 1074 1998 presbyteri
1085 1962 1262 1997 continentur)
1275 1967 1301 1989 et
1311 1963 1427 1990 diaconi.
1443 1961 1514 1998 Ergo
1525 1963 1630 1997 fallitur
1646 1962 1715 1990 Tur-

931 2009 1035 2035 rianus.
1067 2008 1178 2035 Duabus
1200 2007 1324 2043 partibus
1349 2008 1407 2036 haec
1429 2009 1573 2043 responsio
1598 2013 1716 2041 constat,

931 2055 1055 2090 negativa
1069 2062 1134 2088 una,
1144 2054 1306 2081 allirmativa
1318 2055 1414 2082 altera.
1426 2054 1554 2090 Episcopi
1564 2060 1591 2083 et
1603 2057 1717 2091 presby-

931 2100 982 2128 teri
1000 2107 1056 2127 non
1073 2103 1138 2127 sunt
1153 2098 1270 2126 Aaronis
1296 2099 1345 2125 lilii
1359 2103 1387 2126 et
1416 2099 1517 2127 levitas:
1535 2101 1592 2128 haec
1616 2101 1715 2136 prima.

931 2144 1059 2180 Episcopi
1086 2144 1228 2171 ctdiaconi
1241 2147 1305 2171 sunt
1317 2143 1435 2172 Aaronis
1448 2145 1494 2172 lilii
1506 2149 1532 2172 et
1551 2145 1648 2178 levita,
1660 2146 1718 2174 haec

932 2191 1062 2219 secunda.
1083 2189 1136 2217 Sed
1151 2189 1216 2224 quid
1239 2189 1296 2216 haec
1307 2209 1315 2222 ,
1332 2190 1439 2224 amabo,
1467 2190 1501 2218 ad
1517 2191 1599 2218 verba
1622 2190 1718 2220 Hiero:

932 2237 1025 2273 nymi?
1038 2237 1079 2264 An
1098 2236 1250 2264 Turrianus
1267 2235 1335 2263 adeo
1349 2235 1486 2268 insanivit,
1502 2240 1533 2263 ut
1544 2236 1645 2264 diceret
1657 2235 1716 2271 epi-

933 2290 1031 2317 scopos
1056 2286 1084 2310 et
1109 2282 1284 2318 presbyteros
1310 2282 1378 2310 tales
1403 2289 1472 2314 esse,
1486 2281 1581 2316 quales
1607 2281 1718 2309 luerunt

931 2328 1048 2356 Aaronis
1061 2328 1109 2355 lilii
1138 2333 1164 2355 et
1183 2327 1292 2355 levitae?
1304 2327 1416 2354 minime
1426 2335 1501 2355 vero.
1516 2326 1564 2354 llle
1574 2327 1716 2355 nobiscum

932 2375 972 2402 sic
984 2374 1142 2409 disputavit,
1156 2382 1206 2409 pro
1216 2373 1344 2409 Epistolis
1353 2373 1535 2402 decretalibus
1546 2373 1593 2401 lib.
1606 2381 1638 2400 v:
1649 2373 1716 2400 Hice

932 2429 1055 2455 ronymus
1074 2420 1102 2447 in
1122 2419 1242 2455 Epistola
1257 2421 1292 2448 ad
1304 2420 1447 2456 Evagrium
1462 2420 1502 2446 ita
1516 2418 1715 2451 scribithuod

932 2467 1021 2493 Aaron
1032 2472 1056 2493 et
1067 2467 1119 2501 ﬁlii
1130 2466 1205 2501 ejus,
1221 2471 1299 2502 atque
1328 2466 1412 2494 levita:
1432 2466 1457 2493 in
1479 2465 1574 2500 templo
1599 2465 1715 2500 fuerunt,

932 2512 980 2540 hoc
1000 2513 1051 2539 sibi
1069 2513 1194 2548 episcopi,
1210 2512 1355 2547 presbyteri
1385 2516 1410 2539 et
1431 2511 1538 2538 diaconi
1548 2511 1575 2538 in
1597 2510 1716 2538 Ecclesia

931 2557 1157 2590 vindicenthuis
1169 2563 1258 2585 autem
1272 2558 1343 2585 dicat
1357 2566 1408 2584 non
1419 2557 1501 2592 fuisse
1513 2557 1541 2584 in
1556 2557 1652 2592 templo
1663 2557 1716 2592 dif-

931 2602 1070 2637 ferentiam
1086 2602 1154 2629 inter
1173 2610 1304 2628 summum
1315 2602 1477 2629 sacerdotem
1485 2602 1586 2636 Aaron,
1605 2607 1630 2630 et
1642 2603 1714 2637 ﬁlios

931 2648 986 2682 ejus
1002 2647 1114 2674 minares
1133 2648 1299 2675 sacerdotes?
1326 2647 1403 2680 Quod
1426 2648 1450 2675 si
1471 2648 1523 2683 [uit
1537 2641 1647 2683 semper,
1662 2649 1713 2684 fuit

932 2699 1012 2728 igitur
1024 2701 1134 2728 semper,
1146 2697 1254 2719 auctore
1264 2692 1436 2728 Hieronymo,
1453 2693 1604 2728 dtflerentia
1618 2695 1646 2720 in
1662 2693 1715 2721 Ec-

932 2738 1011 2765 clesla
1024 2738 1092 2765 inter
1108 2729 1241 2773 episcopos
1256 2742 1280 2765 et
1295 2738 1470 2773 presbyteros.
1488 2738 1551 2767 Haec
1563 2743 1628 2767 sunt
1642 2739 1709 2768 Tur-

931 2784 1002 2814 riani
1013 2783 1105 2819 verba,
1119 2792 1181 2820 quae
1196 2784 1295 2813 misere
1308 2784 1424 2814 detorsit
1435 2784 1602 2822 Blondellus,
1618 2790 1649 2814 ut
1659 2786 1714 2815 illis
