1866 3073
183 172 238 202 255

672 175 708 203 ὃ.
727 175 902 204 lCNATlUS.
919 190 955 196 —
971 173 1236 204 PROLEGOMENA.

1767 175 1820 202 256

183 232 389 269 responsionem
415 233 513 262 saltem
539 232 659 271 aliquam
675 243 807 271 reponere
820 235 968 264 videretur.
983 237 1008 265 Α
1021 234 1080 267 lito,
1093 235 1187 268 Caius,
1197 234 1343 270 Dionysius
1350 233 1522 267 Corinthins,
1531 233 1683 270 Dionysius
1693 233 1820 261 Alexan<

183 277 309 318 Disputat
320 279 473 308 Turrianus
483 281 517 308 de
525 281 632 310 Aarone
642 289 689 309 seu
699 290 808 310 summo
816 283 969 315 sacerdote,

183 328 212 352 et
224 324 287 352 ﬁliis
307 324 367 360 ejus
389 333 438 353 seu
456 326 609 355 minoribus
637 328 841 362 sacerdotibus;
871 337 969 357 eorum

183 370 246 398 loco
256 370 396 398 substituit
411 370 579 405 Blondellus,
601 372 629 400 in
643 379 806 409 argumento
825 373 967 408 Turriani,

183 416 301 445 Aaronis
316 417 387 445 ﬁlios
402 422 429 445 et
455 418 570 452 levitas;
585 426 618 446 ac
633 424 698 448 tunc
716 421 882 456 respondet,
910 429 966 449 non

182 470 245 492 esse
272 464 340 491 tales
361 465 503 500 episcopos
526 470 554 493 et
579 466 768 502 presbyteros;
790 467 863 502 quod
886 476 967 497 nemo

183 517 303 545 unquam
319 509 398 538 dixit.
416 511 451 538 At
465 519 516 539 nos
530 511 658 545 dicimus,
671 513 822 540 secundum
833 512 968 550 Hierony-

182 563 269 589 mum,
281 556 440 591 episcopum
463 557 628 592 respondere
654 557 767 590 Aaroni,
792 559 967 595 presbyteros

180 600 298 629 Aaronis
310 602 385 635 ﬁliis,
398 602 531 631 diaconos
561 603 661 631 levitis.
688 603 722 632 Et
733 611 795 632 cum
821 606 966 640 episcopus

181 647 320 676 vindicare
333 649 430 676 debeat
440 650 467 676 in
481 649 602 678 Ecclesia
625 650 651 678 id
666 650 740 685 quod
755 651 847 678 Aaron
869 650 923 678 fuit
937 651 965 679 in

181 693 292 728 templo,
304 693 508 722 distinctionem
525 695 630 723 ordinis
639 703 772 729 asserere,
784 696 966 731 prteeminen-

142 773 147 777 '
180 740 246 767 tiam
261 740 402 775 dignitatis
425 749 567 769 assumere
579 762 587 774 ,
600 741 797 777 subjectionem
815 750 830 770 a
848 743 963 779 presby-

135 785 145 806 ί
180 785 247 813 teris
275 786 413 821 postulare
439 795 472 814 ex
497 788 648 823 apostolica
670 788 815 816 traditione
844 792 963 818 tenetur.

179 831 252 858 Alibi
267 832 390 859 eamdem
398 833 631 867 comparationem
639 833 758 861 instituit
769 833 962 870 Hieronymus,

179 877 254 904 nulla
277 877 421 905 levitarum
444 883 493 906 aut
516 879 692 907 diaconorum
718 879 789 907 facta
812 882 960 909 mentione.

178 923 266 958 Epist.
280 923 314 951 ad
331 923 525 960 Nepotianum,
541 925 617 958 Quod
636 926 726 954 Aaron
749 932 774 954 et
800 927 872 962 ﬁlios
893 927 962 962 ejus,

178 969 226 996 hoc
248 971 397 1005 episcopum
407 991 415 1004 ,
439 977 464 998 et
492 971 655 1007 presbyteros
666 981 721 1000 esse
735 974 893 1001 noverimus.
909 973 963 1002 Ubi

177 1015 251 1043 clare
265 1016 410 1051 episcopus
436 1017 583 1052 singularis
607 1026 716 1047 summo
734 1020 880 1054 sacerdoti,
900 1027 963 1055 pre-

178 1061 280 1098 sbyteri
303 1063 456 1091 minoribus
476 1064 664 1092 sacerdotibus
689 1065 880 1094 conferuntur.
904 1065 963 1094 Hoc

177 1105 343 1142 Hieronymo
355 1108 476 1136 solemne
486 1113 538 1136 est.
554 1108 592 1136 Ita
607 1109 665 1144 ipse
677 1109 711 1137 de
724 1110 815 1145 seipso
829 1110 886 1145 jam
900 1118 963 1145 pre-

176 1152 286 1188 sbytero
310 1153 391 1188 epist.
417 1154 477 1181 99:
500 1154 626 1182 Omnium
649 1163 713 1190 pene
733 1156 838 1190 judicio
865 1157 961 1192 dignus

176 1207 279 1226 summa
303 1201 451 1228 sacerdotio
474 1202 642 1238 decernebar,
659 1204 712 1231 hoc
721 1209 764 1232 est
791 1205 959 1240 episcopatu.

177 1243 264 1280 Epist.
280 1245 332 1280 61,
359 1247 491 1276 adversus
510 1247 642 1277 Joannem
665 1249 958 1286 Bierosolymitanum:

178 1290 242 1318 Niu'
254 1299 295 1319 me
316 1292 400 1319 honor
425 1294 578 1328 sacerdotii,
604 1300 629 1322 et
643 1297 775 1324 veneratio
795 1297 908 1324 nominis
924 1306 962 1325 re-

175 1336 302 1371 frenaret,
328 1342 353 1365 et
365 1339 460 1366 scirem
473 1339 542 1368 illud
554 1341 878 1377 ApostolinNesciebam,
903 1343 961 1379 fra-

176 1388 240 1417 trea,
253 1385 316 1419 quia
326 1386 447 1421 pontifex
456 1392 496 1414 est
507 1396 518 1420 ;
535 1389 663 1423 scriptum
674 1395 712 1417 est
735 1390 804 1417 enim
814 1398 823 1416 :
838 1390 960 1425 Principi

174 1429 266 1464 populi
276 1431 315 1457 tui
329 1439 380 1458 non
391 1432 647 1469 moledices"',tqua
653 1435 838 1469 vociferatione
850 1441 875 1463 et
890 1435 961 1463 indi-

174 1476 299 1510 gnatione
309 1477 445 1504 verborum
469 1478 502 1505 de
528 1483 575 1506 tua
595 1481 747 1508 narratione
770 1480 960 1516 conquererer!

174 1519 236 1548 licet
247 1522 302 1557 ipse
314 1523 428 1550 nominis
447 1524 487 1551 tui
499 1528 622 1552 extenuet
642 1526 809 1561 dignitatem.
825 1535 884 1554 cum
907 1535 959 1562 pa-

1019 280 1138 315 drinus,
1161 280 1305 316 Philippus
1327 280 1473 316 episcopus
1483 279 1635 313 Cretensis,
1665 279 1818 313 Musanus.

1019 325 1169 360 Modestus,
1186 325 1466 360 thodon,Miltiades,
1477 325 1649 361 Apollonius,
1663 325 1818 361 Serapion.

1019 371 1187 408 Theophilus
1209 371 1403 405 Caesareensis,
1410 377 1464 400 etc.
1476 371 1508 399 Hi
1517 372 1620 407 aliique
1631 379 1704 400 sane
1717 379 1818 407 quam-

1018 417 1130 453 plurimi
1148 417 1232 445 multa
1250 418 1285 445 ad
1299 421 1495 452 argumentum
1511 416 1655 452 Epiphanii
1678 421 1818 452 opportu-

1017 463 1133 492 nissima
1158 464 1303 499 scripsere,
1317 471 1435 498 quorum
1468 463 1570 491 nullius
1589 463 1635 491 ille
1662 462 1816 495 meminit;

1017 516 1099 538 nemo
1116 515 1209 538 tamen
1223 518 1286 538 eum
1298 510 1349 538 hos
1359 517 1466 543 omnes,
1479 510 1604 545 aliosque
1619 514 1818 545 quospraeter-

1016 556 1065 591 iit,
1105 561 1153 584 aut
1171 557 1323 591 ignorasse,
1335 561 1382 584 aut
1396 557 1593 592 contempsisse
1605 557 1692 585 dicet.
1719 556 1817 584 Memi-

1017 605 1058 633 nit
1081 605 1192 640 quidem
1217 604 1395 640 epistolarum
1421 603 1573 631 Clementis
1598 602 1740 634 Romani.
1768 603 1815 630 sed

1015 651 1104 678 obiter
1119 654 1236 684 tantum,
1252 658 1307 678 non
1323 655 1354 678 ut
1370 650 1455 678 ullam
1479 658 1513 678 ex
1528 649 1563 678 iis
1584 649 1759 677 sententiam
1782 649 1814 677 ad

1015 695 1139 723 haeresim
1152 696 1272 731 aliquam
1284 694 1459 722 refellendam
1484 694 1696 729 transcriberct,
1713 694 1764 721 sed
1787 699 1815 721 ut

1014 743 1197 770 adulteratum
1210 743 1245 770 ab
1259 743 1394 770 haereticis
1408 742 1493 770 fuisse
1505 742 1605 769 librum
1618 741 1702 768 illum
1720 746 1813 768 osten-

1014 788 1100 822 deret,
1121 789 1168 824 qui
1196 789 1249 816 sub
1272 789 1422 816 Clementis
1442 787 1554 815 nomine
1581 786 1718 817 Periodus
1737 785 1812 814 Petri

1014 835 1173 862 vocabatur.
1187 834 1275 862 Verba
1289 834 1372 862 etiam
1388 834 1512 869 quaedam
1522 841 1554 861 ex
1569 833 1691 868 epistola
1703 833 1740 860 ad
1759 833 1810 861 Co-

1015 881 1131 909 rinthios
1144 881 1220 914 citat,
1233 889 1289 908 non
1302 885 1399 908 contra
1412 881 1566 913 htereticos,
1584 880 1631 907 scd
1646 884 1759 907 tantum
1780 885 1808 907 ut

1015 928 1111 964 probet
1125 928 1291 955 Clementem
1306 928 1502 963 {episcopatum
1519 927 1608 962 primo
1631 926 1806 962 repudiasse.

1013 974 1116 1002 Contra
1137 981 1232 1002 omnes
1259 974 1402 1002 haereticos
1427 973 1472 1001 sui
1497 973 1628 1008 temporis
1655 972 1806 1007 scripserat

1011 1019 1151 1049 Justinus:
1164 1028 1227 1048 eum
1242 1025 1335 1048 tamen
1353 1019 1439 1047 semel
1454 1024 1562 1047 tantum
1585 1019 1716 1047 nominat
1742 1018 1805 1054 Epi-

1012 1067 1142 1102 phanius,
1158 1074 1209 1094 nec
1223 1066 1251 1093 in
1265 1065 1350 1093 alium
1377 1065 1470 1097 ﬁnem,
1486 1073 1569 1100 quam
1600 1070 1631 1092 ut
1654 1064 1803 1092 Tatianum

1012 1111 1170 1140 btereticum
1199 1111 1238 1138 illi
1258 1112 1443 1148 synchronum
1468 1110 1554 1138 fuisse
1582 1111 1723 1138 ostendat.
1752 1109 1803 1137 Ire-

1013 1165 1102 1186 naeum
1128 1157 1273 1193 aliquoties
1296 1157 1383 1191 citat,
1406 1162 1436 1185 ut
1446 1157 1532 1185 labori
1544 1165 1595 1185 suo
1620 1162 1759 1192 parceret.
1776 1161 1802 1184 et

1012 1203 1200 1231 haereticorum
1216 1203 1359 1231 historiam
1375 1211 1407 1230 ex
1420 1203 1466 1231 illo
1475 1202 1722 1231 transcriberetzat
1741 1209 1801 1229 sen-

1011 1248 1111 1276 tentias
1123 1249 1228 1284 aliquas
1245 1256 1280 1276 ex
1295 1249 1391 1276 eodem
1406 1249 1441 1276 ad
1455 1248 1647 1276 haereticorum
1671 1248 1800 1283 dogmata

1011 1294 1177 1323 confutanda
1187 1303 1330 1330 nunquam
1348 1295 1469 1323 adducit.
1488 1295 1557 1329 lmo,
1573 1299 1602 1323 ut
1627 1295 1690 1336 ipse
1705 1294 1798 1322 obser-

1011 1344 1065 1373 vat,
1086 1339 1202 1369 [renatus
1217 1341 1306 1376 primo
1318 1341 1389 1368 libro
1411 1341 1555 1368 haereticos
1567 1345 1707 1374 recenset,
1732 1339 1796 1367 reli-

1010 1385 1072 1420 quis
1095 1385 1215 1414 refutat:
1239 1386 1380 1422 ἁκρότατα
1395 1386 1424 1413 δὲ
1439 1386 1539 1418 αὐτοὺς
1554 1387 1584 1413 ὲν
1601 1386 1640 1421 τῷ
1656 1385 1723 1422 ἑξῆς
1738 1385 1796 1411 δευ-

1009 1431 1081 1468 τέρῳ
1096 1431 1179 1459 αὐτοῦ
1195 1432 1266 1468 λόγῳ
1283 1432 1330 1459 καὶ
1354 1433 1411 1464 τοῖς
1426 1432 1516 1464 ἄλλοις
1531 1431 1655 1467 διήλεγξε
1673 1438 1796 1467 περιττο-

1008 1477 1106 1514 τέρως,
1136 1486 1198 1513 quae
1205 1479 1385 1514 negligentius
1394 1487 1408 1506 a
1417 1478 1528 1506 Petavio
1539 1486 1619 1507 versa
1629 1478 1670 1506 sic
1683 1478 1792 1513 refinge:

1010 1522 1064 1551 Eos
1085 1529 1173 1552 autem
1187 1524 1214 1551 in
1225 1525 1345 1559 proximo
1371 1533 1416 1552 seu
1430 1525 1545 1552 secundo
1566 1525 1635 1552 libro
1649 1524 1794 1552 accuratis-

172 1571 237 1594 trem
255 1575 319 1602 pene
328 1569 445 1596 omnium
455 1570 639 1606 episcoporum
657 1576 682 1598 et
696 1579 774 1606 opere
792 1576 817 1599 et
841 1580 958 1601 sermone
971 1573 993 1604 α
1009 1571 1085 1604 sime,
1097 1575 1123 1598 et
1141 1571 1169 1598 in
1183 1571 1291 1606 reliquis
1305 1579 1338 1598 ea;
1361 1571 1588 1606 ruperabundanti
1609 1571 1747 1606 refutauit.
1772 1570 1792 1598 E

173 1611 318 1647 despicias.
327 1613 388 1646 Quo
399 1615 534 1650 precipue
546 1620 670 1651 spectant
681 1624 714 1644 ea
727 1625 789 1652 qua;
799 1622 862 1645 ante
872 1618 958 1646 addu-

171 1657 273 1691 ximus,
289 1657 417 1686 Ecclesite
426 1659 500 1686 salus
522 1661 549 1687 in
562 1662 659 1688 summi
672 1662 816 1690 sacerdotia
829 1663 958 1698 dignitate

171 1703 273 1738 pendet.
288 1704 357 1732 Cum
376 1705 460 1740 igitur
476 1705 656 1743 Hieronymus
664 1707 699 1735 de
712 1708 887 1737 distinctione
897 1710 957 1745 epi-

174 1755 327 1784 scopatusa
343 1751 542 1788 presbyteratu,
556 1753 591 1781 de
600 1753 722 1788 ejusdem
736 1755 818 1783 etiam
831 1757 956 1791 praemi-

173 1795 264 1823 nentia
275 1800 358 1831 atque
365 1802 509 1832 potestate,
517 1799 551 1827 de
569 1800 731 1828 necessitate
740 1808 823 1836 porro
840 1806 868 1830 et
884 1803 956 1830 anti-

172 1840 277 1875 quitate
289 1846 345 1869 tam
359 1843 470 1878 copiase
482 1844 658 1879 disseruerit;
675 1846 749 1874 nulla
763 1842 878 1876 rationis
894 1856 957 1884 spe-

173 1885 216 1914 cie
230 1891 279 1914 aut
290 1887 408 1917 Aeriano
424 1890 547 1926 dogmati
558 1892 747 1925 consensisse,
760 1898 809 1921 aut
818 1893 955 1923 contcrtas

172 1930 269 1966 lguatii
283 1935 432 1963 sententias
448 1936 561 1964 minime
573 1936 676 1965 vidisse
690 1938 780 1972 putari
792 1943 890 1973 potest.

206 1976 373 2014 Hieronymo
393 1980 577 2016 Epiphaniam
594 1983 665 2010 mire
685 1984 837 2019 coniungit,
851 1992 884 2012 ex
899 1993 955 2020 quo

171 2022 227 2050 duo
238 2024 410 2057 potissimum
418 2026 556 2059 observat,
564 2028 663 2062 primo,
672 2035 735 2056 eum
752 2028 953 2064 lgnatianorum

171 2076 228 2096 non
250 2069 577 2106 meminisse;secundo,
599 2073 724 2108 quaedam
750 2074 874 2109 posuisse
890 2082 953 2102 cum

171 2113 319 2151 lgnatianis
336 2117 507 2151 apertissime
526 2119 687 2154 pugnantia.
706 2119 821 2155 Propter
833 2121 891 2149 haec
899 2121 954 2149 duo

171 2169 257 2189 unum
270 2169 305 2190 ex
323 2163 411 2191 tribus
425 2164 503 2199 sequi
517 2165 566 2198 ait,
592 2165 634 2193 vel
646 2165 829 2201 Epiphaniam
844 2171 954 2194 senten—

170 2208 223 2236 tias
237 2208 271 2236 de
282 2209 440 2244 episcopatu
456 2219 509 2238 non
526 2212 637 2245 vidisse,
650 2216 743 2247 utpote
757 2213 791 2240 ab
804 2213 952 2248 interpola-

1008 1617 1097 1652 primo
1108 1620 1200 1645 tamen
1219 1617 1301 1650 libro,
1318 1622 1411 1653 utpote
1419 1617 1551 1645 historico
1565 1622 1686 1650 tantum,
1698 1624 1789 1645 excer-

1008 1667 1053 1697 pta
1064 1663 1178 1698 protulit
1192 1662 1372 1698 Epiphanius,
1383 1664 1417 1691 ad
1432 1663 1583 1691 secundum
1597 1663 1682 1691 semel
1703 1671 1791 1698 respe-

1008 1707 1058 1740 xit,
1077 1708 1200 1743 reliquos
1211 1717 1351 1744 nunquam
1369 1709 1473 1744 attigit;
1485 1716 1520 1737 ne
1539 1717 1623 1738 unum
1636 1709 1746 1744 quidem
1759 1715 1789 1736 et

1008 1752 1042 1780 iis
1058 1753 1246 1781 testimonium
1275 1755 1407 1783 adversus
1423 1755 1567 1783 haereticos
1581 1754 1708 1788 adduxit,
1732 1754 1788 1782 Cle-

1007 1804 1126 1828 mentem
1137 1800 1354 1828 Alexandrinum
1365 1805 1392 1828 ct
1411 1800 1561 1828 Eusebium
1584 1801 1722 1833 nominat,
1745 1800 1787 1828 sed

1006 1846 1198 1874 tantummodo
1218 1850 1348 1881 tanquam
1364 1846 1416 1874 fide
1443 1847 1541 1882 dignos
1560 1850 1643 1874 testes
1672 1846 1787 1875 historia

1006 1897 1068 1925 quas
1077 1890 1110 1918 de
1121 1889 1150 1918 S.
1161 1889 1264 1918 Jacobo
1277 1896 1414 1920 narratur.

1042 1935 1142 1968 Quidni
1157 1940 1249 1963 autem
1269 1941 1297 1964 et
1319 1936 1345 1963 in
1363 1935 1513 1972 lgnatianis
1536 1943 1614 1972 asque
1637 1937 1663 1963 ei
1685 1936 1783 1970 ἀξιόπι-

1008 1989 1070 2014 στος
1082 1987 1142 2010 erat
1153 1981 1307 2011 Eusebius?
1320 1982 1488 2010 Clementem
1504 1982 1578 2010 hunc
1593 1982 1678 2010 etiam
1695 1982 1785 2009 adver-

1006 2035 1054 2055 sus
1068 2027 1209 2063 gentilium
1224 2028 1303 2062 deos,
1317 2035 1368 2056 nec
1379 2028 1458 2056 aliter
1468 2028 1544 2056 citat.
1559 2027 1699 2055 Prolixam
1711 2033 1784 2062 porro

1007 2073 1036 2101 S.
1052 2073 1183 2102 Methodii
1194 2074 1409 2109 disputationem
1421 2074 1534 2102 adducit
1548 2073 1682 2101 adversus
1697 2073 1784 2107 Orige-

1006 2127 1068 2147 nem
1083 2120 1121 2147 De
1140 2121 1344 2154 resurrectione,
1358 2125 1406 2149 aut
1419 2125 1449 2148 ut
1467 2120 1555 2148 labori
1580 2127 1632 2147 suo
1654 2123 1782 2155 parceret.

1006 2170 1053 2193 aut
1065 2170 1094 2193 ut
1108 2165 1238 2193 invidiam
1252 2166 1410 2194 declinaret.
1426 2165 1466 2192 Eo
1475 2165 1545 2192 enim
1563 2169 1678 2199 tempore
1696 2164 1784 2200 Orign

1006 2212 1047 2238 nis
1063 2219 1156 2239 nomen
1171 2211 1281 2246 ﬂorebat
1297 2212 1324 2239 in
1338 2212 1434 2239 mundo
1445 2231 1454 2244 ,
1467 2216 1499 2239 ut
1517 2211 1639 2246 loquitur
1656 2210 1782 2245 Hierony-

170 2256 229 2282 tore
245 2259 339 2290 postea
355 2255 490 2290 insertas;
505 2258 548 2285 vel
567 2258 696 2293 epistolas
721 2259 885 2292 nescivisse;
908 2259 952 2288 vel
969 2250 992 2278 Β
1003 2265 1077 2286 mus.
1100 2256 1129 2284 S.
1153 2258 1297 2286 Athanasii
1317 2257 1427 2293 quidem
1444 2257 1578 2292 integram
1593 2257 1738 2292 epistolam
1752 2254 1782 2283 ad

169 2303 299 2335 tanquam
324 2300 402 2328 ﬁctas
430 2303 642 2337 contempsisse;
674 2305 748 2339 quod
773 2305 951 2334 verisimilius

169 2350 257 2381 putat.
271 2345 303 2373 Et
315 2346 406 2380 primo
417 2347 529 2382 quidem
540 2347 642 2382 fateor,
654 2348 836 2385 Epiphanium
852 2351 950 2387 lgnatii

170 2391 198 2419 in
217 2392 296 2420 libris
310 2393 347 2419 De
361 2393 504 2421 [teretibus
512 2402 651 2430 nunquam
664 2398 836 2432 meminisse;
849 2403 876 2426 at
887 2407 951 2427 eum

170 2446 221 2466 nec
230 2439 372 2474 ignorasse
382 2440 446 2468 inde
455 2441 589 2475 sequitur,
597 2445 951 2481 neccontempsissemeque

170 2484 194 2512 si
205 2484 382 2520 ignoraverit,
399 2490 440 2513 tot
456 2486 502 2513 illo
529 2494 587 2514 aevo
598 2491 627 2514 et
641 2489 742 2522 optime
760 2489 910 2519 scientibus
923 2496 951 2519 et

169 2537 278 2558 summe
291 2531 504 2565 praedicantibus
519 2552 527 2565 ,
551 2533 713 2561 sententiam
741 2540 862 2564 nostram
894 2536 951 2565 ullo

170 2576 252 2604 modo
262 2576 344 2610 hedit,
356 2581 404 2604 aut
414 2577 540 2613 negantis
553 2580 706 2614 argumenti
726 2582 844 2616 speciem
863 2583 949 2611 ullam

170 2622 261 2650 habet.
279 2621 422 2657 lgnorasse
438 2631 493 2651 non
509 2625 643 2660 sequitur,
656 2626 721 2661 quia
732 2628 950 2663 quamplurimos

169 2673 295 2696 auctores
303 2669 506 2698 laudatissimos
520 2677 548 2699 et
556 2671 596 2699 ad
606 2679 662 2699 rem
673 2680 751 2700 suam
759 2675 951 2703 accommoda-

170 2714 292 2743 tissimas
304 2723 358 2743 non
374 2716 505 2750 laudavit,
530 2724 600 2752 quos
615 2722 707 2746 tamen
725 2727 789 2746 etim
809 2720 950 2755 ignorasse

168 2760 316 2788 verisimile
328 2769 382 2789 non
392 2766 443 2790 est.
455 2762 555 2796 Quales
563 2762 638 2791 fuere
647 2763 757 2799 Papias,
770 2764 948 2801 llegesippus,

169 2802 345 2840 Theophilus,
359 2806 556 2844 Athenagoras,
569 2808 725 2844 Pantaenus,
740 2809 858 2847 Agrippa
870 2832 878 2847 ,
893 2811 950 2841 Me-

204 2870 234 2887 ’⁸⁸
243 2874 302 2902 Act.
320 2883 400 2907 uin,
412 2876 438 2903 5.

1002 2302 1156 2338 Epictetum
1171 2304 1360 2338 transcripsit;
1382 2303 1430 2331 sed
1452 2307 1484 2331 ut
1505 2303 1712 2330 Dimmritarum
1733 2303 1781 2330 bte-

1001 2347 1076 2375 rcsin
1093 2347 1260 2376 luculentius
1276 2347 1452 2380 describeret,
1466 2347 1603 2382 simulque
1617 2352 1736 2379 caveret,
1751 2353 1781 2374 ne

1000 2392 1055 2421 illis
1065 2393 1191 2428 dogmata
1204 2393 1331 2429 aﬂingere
1343 2393 1402 2428 ipse
1417 2393 1565 2422 videretur.
1578 2392 1688 2421 Paulini
1705 2393 1780 2422 etiam

1000 2439 1198 2475 professionem
1222 2439 1283 2468 ﬁdei
1305 2440 1441 2476 adjunxit,
1465 2445 1496 2468 ut
1516 2449 1613 2469 eorum
1635 2440 1779 2469 Historiam

1000 2486 1099 2514 melius
1113 2486 1271 2514 illustraret.
1286 2486 1435 2514 Eusebium
1452 2486 1653 2515 Vercellensem
1666 2495 1697 2515 se
1720 2487 1778 2522 Scy-

1000 2531 1104 2566 tbopoli
1117 2531 1219 2559 vidisse
1235 2531 1305 2559 forte
1315 2537 1521 2560 commemorat.
1532 2532 1603 2566 Quid
1619 2533 1679 2568 ipse
1693 2533 1726 2561 de
1738 2532 1777 2563 iis,

999 2577 1047 2611 qui
1064 2583 1127 2605 ante
1142 2585 1205 2605 eum
1216 2582 1312 2606 contra
1326 2577 1444 2606 haereses
1455 2578 1638 2613 scripserant,
1656 2578 1775 2609 senserit,

999 2623 1044 2650 cui
1064 2624 1126 2652 usui
1141 2629 1234 2652 essent
1250 2625 1303 2652 sibi
1325 2625 1351 2652 in
1367 2631 1450 2660 opere
1471 2633 1522 2653 suo
1535 2625 1697 2657 condendo,
1715 2625 1776 2652 duo.

999 2670 1052 2698 bus
1062 2670 1236 2706 potissimum
1247 2671 1315 2699 locis
1328 2671 1456 2699 Ostendit.
1469 2671 1505 2699 Ut
1520 2672 1616 2700 haeresi
1629 2672 1774 2700 Valentini:

1005 2716 1137 2752 Ὀρῶντες
1157 2717 1197 2743 ὃτι
1216 2716 1290 2744 ἄλλοι
1307 2718 1486 2754 πεπονήκασι,
1512 2718 1583 2753 φημὶ
1605 2718 1635 2745 δὲ
1657 2718 1773 2754 Κλήμης.

999 2762 1046 2788 καὶ
1058 2762 1211 2797 Εἰρηναῖος,
1229 2762 1276 2789 καὶ
1291 2763 1455 2796 Ἱππόλυτος,
1473 2763 1520 2790 καὶ
1533 2763 1607 2791 ἄλλοι
1621 2763 1740 2795 πλειους,
1754 2760 1775 2788 oi

1000 2807 1046 2834 καὶ
1066 2807 1229 2843 θαυμαστῶς
1241 2807 1289 2844 τὴν
1302 2809 1361 2836 κατ’
1378 2808 1467 2836 αὐτῶν
1488 2808 1649 2844 πεποίηνται
1669 2809 1774 2844 ἀνατρα-
