1866 3073
86 116 137 144 ΞΣΊΊ

91 177 161 215 τεὴν,
182 177 215 205 οὒ
237 179 312 206 πάνυ
336 189 367 207 τι
384 182 427 218 τῷ
451 184 562 219 καμάτῳ
577 185 743 220 προσθεῖναι,
755 185 793 217 ὡς
808 187 900 222 προεῖ-

94 232 167 257 πον,
190 225 389 263 ἠθελήσαμεν,
416 230 593 263 ἱκανωθέντες
613 233 669 263 τοῖς
692 232 899 267 προειρημένοις

92 269 225 307 ἀνδράσι.
242 271 312 299 Cum
328 273 400 301 alios
417 283 518 311 quoque
539 277 672 305 videamus
692 278 760 305 hunc
781 279 898 306 laborem

93 317 423 351 suscepisseﬂlementem
433 321 534 355 dico,et
543 321 683 355 Irenazum,
691 329 716 350 et
726 323 898 360 Hippolytum

90 367 117 389 et
134 363 208 390 alios
224 364 387 399 complures,
398 368 445 401 qui
457 368 584 402 praeclare
593 377 683 396 eorum
693 370 817 405 dogmata
826 371 897 405 refu-

90 412 203 441 tarunt,
213 410 332 437 multum
340 411 450 445 laboris,
457 418 551 441 utante
557 415 623 448 dixi,
631 415 803 450 superaddere
811 416 897 443 nolui-

87 455 320 487 mus,prtzdictis
327 457 391 485 viris
397 459 522 486 contenti.
531 459 563 487 Et
570 461 664 489 haeresi
673 460 894 489 Manichaeorum:

85 500 171 535 Ἤδη
188 501 223 527 δὲ
237 501 354 538 ἀνδράσι
367 504 494 538 μεγάλοις
506 505 670 541 Θαυμαστῶς
684 507 744 534 κατ’
759 507 842 534 αὑτοῦ
853 509 896 534 ἀν-

83 547 247 582 τιρῥήσεις
262 547 312 574 τοῦ
328 548 440 584 ἐλέγχου
458 551 626 586 πεποίηνται·
645 552 779 588 Ἀρχελάῳ
795 554 843 589 μὲν
856 554 895 590 τῷ

83 593 258 629 ἔπεα-κόπῳ,
278 594 316 626 ὡς
330 596 500 632 προείρηται,
519 597 647 634 Ὡριγένει
662 599 705 632 δὲ,
719 599 756 631 ὡς
770 600 875 635 ἀκήκοα
885 619 893 632 ,

82 637 228 674 Εὖσεϐίῳ
237 639 265 665 δὲ
275 639 314 674 τῷ
326 641 503 677 Καισαρείας,
519 644 565 669 καὶ
575 643 696 679 Εὑσεῦίῳ
710 644 749 679 τῷ
767 645 892 680 'Epémg,

82 684 259 719 Σεραπίωνι
267 685 306 720 τῷ
314 685 452 721 Θμούεως,
462 687 610 724 Ἀθανασίῳ
625 689 664 725 τῷ
678 689 877 726 Ἀλεξανδρείας
884 712 892 724 ,

82 731 234 767 Γεωργέῳ
241 731 281 766 τῷ
290 732 460 766 Λαοδικείας,
476 734 667 772 Ἀπολλιναρίῳ
676 736 715 771 τῷ
723 737 891 770 Λαοδικείας,

83 777 180 812 Τίτῳ,
200 777 251 804 καὶ
268 778 376 811 πολλοῖς
389 779 443 806 τῶν
454 780 514 808 κατ’
528 781 620 808 αὐτοῦ.
638 782 718 809 Οὐδὲν
737 783 764 809 δὲ
777 782 892 820 λυπήσει

84 823 141 849 καὶ
158 824 221 850 ἀπὺ
237 825 289 860 τῆς
304 825 382 861 ἡμῶν
399 825 533 862 πτωχείας
548 827 625 862 ὀλίγα
639 829 679 860 εἰς
697 829 827 864 αἰσχύνην
844 829 890 856 τοῦ

84 869 220 897 ὲλεεινῡῦ
234 871 380 908 ἀνθρώπου
401 873 496 898 εἰπεῖν.
514 872 678 908 Iampridem
692 883 751 902 vero
771 875 889 902 admira-

86 915 159 942 biles
173 916 214 942 ad
233 916 309 944 illius
325 917 480 952 refutandus
489 927 589 946 errores
606 919 799 948 lucubrationes
811 922 889 949 edita:

85 965 154 986 sunt
167 968 179 987 :
203 961 277 988 velut
291 961 324 988 ab
345 963 475 990 Archelao
495 965 630 1000 episcopo,
647 971 676 992 ut
695 973 771 993 antea
789 967 888 995 dictum

85 1011 140 1039 est,
156 1007 287 1043 Origene,
299 1013 329 1035 ut
340 1010 499 1044 accepimus,
511 1010 624 1038 Eusebio
637 1012 797 1040 Caesareensi
812 1020 836 1041 et
847 1015 888 1042 al—

87 1058 148 1080 tero
183 1053 337 1087 Emeseno.
371 1055 513 1090 Serapione
546 1056 704 1091 Thmuensi,
739 1059 887 1087 Athanasio

86 1096 294 1132 Alexandrino,
311 1098 423 1135 Georgio
438 1100 595 1136 Laodiceno,
611 1103 777 1137 Apollinario
791 1105 888 1133 Laodi-

85 1152 168 1177 ωηο,
186 1143 261 1179 Tito,
277 1145 419 1181 multisque
431 1148 477 1182 qui
489 1147 611 1176 adversus
625 1149 701 1176 illum
715 1152 885 1186 scripserunt.

89 1188 155 1217 Non
172 1191 228 1217 erit
251 1195 340 1218 tamen
363 1192 512 1231 molestum,
534 1197 557 1224 si
568 1204 652 1231 pauca
664 1204 711 1231 pro
725 1197 815 1234 inopia
836 1207 887 1228 tto-

89 1240 162 1268 stra,
187 1236 225 1262 ad
239 1238 388 1271 augendam
405 1239 519 1277 infelicis
534 1245 712 1272 homuncionis
734 1247 884 1281 infantiam,

89 1281 230 1309 dicamus.
250 1282 348 1310 Plures
368 1283 412 1315 his
435 1289 581 1324 scriptores
601 1291 761 1324 catholicos,
777 1292 883 1326 opinor,

91 1335 148 1355 non
166 1329 324 1360 nominavit
337 1329 507 1369 Epiphanius
529 1335 557 1362 in
577 1335 655 1364 libris
674 1336 713 1363 De
731 1336 883 1372 haeresibus,

91 1378 214 1411 prolixis
237 1387 305 1406 sane
328 1384 354 1406 et
375 1379 538 1414 elaboratis;
562 1380 684 1409 infinitos
709 1381 792 1417 igitur
817 1390 885 1417 pene

93 1423 202 1453 omisit.
219 1428 248 1451 et
257 1432 290 1451 ex
303 1425 356 1452 illis
371 1432 441 1459 quos
456 1426 616 1460 nominavit,
631 1434 665 1454 ne
677 1435 757 1454 unam
773 1427 883 1462 quidem

95 1470 265 1497 sententiam
291 1470 415 1502 adduxit,
428 1478 481 1506 qua
497 1477 654 1506 argumenta
678 1480 727 1500 sua
742 1474 885 1501 confirma-

95 1519 147 1548 ret,
161 1520 210 1542 aut
225 1515 346 1543 haeretici
360 1516 511 1550 cujuspiam
527 1517 624 1551 dogma
638 1517 782 1546 refelleret.

129 1561 287 1588 Audiamus
301 1561 384 1596 igitur
396 1562 460 1596 quid
476 1562 509 1589 de
523 1561 674 1597 Epiphanio
695 1563 822 1591 observet
841 1565 883 1592 vir

95 1606 294 1640 doctissimus,
317 1607 383 1641 quid
403 1615 435 1634 ex
455 1607 645 1635 observatione
669 1609 788 1643 colligat.
818 1609 883 1644 Epi-

95 1653 220 1687 phanius,
237 1652 338 1687 inquit,
360 1652 448 1679 nullus
462 1651 664 1688 Ignatitmorum
680 1654 809 1686 meminit,
824 1654 883 1689 qui-

96 1699 141 1725 bus
157 1698 225 1725 nihil
249 1699 275 1725 in
299 1703 354 1725 tota
369 1699 527 1733 antiquitate
545 1697 668 1725 adversus
690 1699 764 1726 Aerii
778 1700 882 1734 opinis-

96 1752 153 1771 nem
168 1745 306 1771 disertius.
323 1743 395 1780 Ergo
410 1744 572 1780 uelepistolw
584 1749 644 1771 sunt
662 1749 752 1780 postea
769 1746 883 1780 interpo-

97 1790 175 1822 lalte,
194 1790 235 1817 vel
250 1799 294 1817 eas
311 1790 431 1822 nescivit,
448 1789 487 1817 vel
505 1790 668 1825 contempsit.
683 1789 757 1817 Nihil
772 1791 879 1818 horum.

98 1833 168 1861 Nihil
182 1836 257 1861 enim
274 1844 308 1863 ex
323 1841 379 1863 tota
391 1835 552 1870 antiquitate
575 1844 697 1871 unquam
714 1836 804 1863 attulit
818 1835 882 1871 Epi-

98 1881 213 1915 phanius
229 1882 263 1908 ad
277 1882 360 1909 ullam
380 1883 505 1910 heresim
530 1882 724 1916 refellendam;
740 1890 880 1916 nunquam

99 1926 259 1954 auctoritate
278 1932 401 1954 veterum
416 1935 483 1954 usus
503 1932 544 1954 est
561 1928 594 1954 ad
613 1927 698 1954 ullum
724 1927 880 1954 bzereticum

99 1972 318 2006 opprimendum.
343 1972 420 2000 Licet
441 1973 524 2008 igitur
548 1973 590 2000 hae
608 1974 674 2008 ipsae
696 1973 831 2008 epistolae,
850 1976 881 2000 ut

99 2025 143 2046 eas
159 2026 233 2046 nunc
248 2019 391 2052 habemus,
407 2018 549 2054 Epiphanii
560 2026 617 2046 aevo
631 2019 783 2046 exstiterint
796 2018 879 2053 (quod

100 2065 247 2092 certissime
259 2065 444 2099 cognoscitur,
457 2069 484 2091 et
501 2064 526 2092 id
543 2072 641 2100 negare
653 2072 707 2092 non
718 2069 807 2099 potest
817 2063 880 2091 Dal-

101 2110 182 2144 laeus,
203 2110 250 2145 qui
269 2118 331 2138 cum
351 2109 503 2143 Saimasio,
527 2109 669 2137 Blondello
687 2114 714 2137 et
738 2109 878 2137 Albertino

101 2157 204 2184 easdem
219 2164 281 2184 esse
301 2164 370 2191 quas
391 2156 526 2184 Eusebius
547 2161 574 2184 et
588 2156 755 2184 Athanasius
775 2156 879 2183 habue-

102 2208 170 2236 runt,
182 2203 294 2237 fatetur)
305 2203 329 2230 si
340 2211 388 2230 eas
401 2203 503 2238 optime
514 2203 620 2230 noverit
635 2207 662 2230 et
680 2203 791 2229 maximi
808 2201 878 2229 fece-

102 2248 142 2280 rit,
158 2253 184 2276 et
197 2248 231 2275 ad
245 2256 358 2275 manum
370 2248 452 2276 etiam
465 2256 526 2275 cum
543 2248 673 2276 scriberet
689 2248 824 2281 habuerit;
837 2247 880 2275 in-

102 2296 223 2323 credibile
234 2300 326 2322 tamen
342 2299 384 2323 est
396 2302 458 2321 eum
473 2295 593 2322 voluisse
608 2294 650 2321 vel
665 2302 748 2321 unam
769 2299 879 2322 senten-

103 2342 161 2368 tiam
175 2349 208 2369 ex
220 2341 254 2368 iis
268 2343 401 2369 adversus
415 2341 525 2368 Aerium
540 2341 685 2374 adducere,
701 2341 748 2375 qui
762 2341 835 2368 aliud
850 2341 878 2368 in

104 2393 152 2416 toto
162 2389 207 2415 illo
218 2396 300 2423 opere
313 2388 466 2415 institutum
480 2387 583 2419 habuit,
595 2391 622 2415 et
634 2387 660 2414 in
672 2388 744 2414 nulla
757 2395 877 2422 unquam

104 2435 279 2470 disputatione
303 2435 436 2462 adversus
459 2433 544 2461 ullum
571 2433 740 2466 haereticum,
756 2434 789 2461 ad
804 2434 877 2461 illius

105 2486 252 2517 argumenta
267 2480 434 2508 retundenda
448 2500 456 2514 ,
480 2480 522 2507 vel
549 2488 631 2507 unam
655 2480 817 2508 sententiam
843 2487 875 2507 ea

105 2533 213 2555 veterum
235 2527 329 2562 aliquo
347 2526 472 2554 adduxit.
488 2525 624 2559 Quorsum
647 2526 730 2560 igitur
747 2525 794 2561 qui
814 2526 874 2553 reli-

105 2581 164 2608 quos
178 2580 273 2600 omnes
287 2571 432 2607 praeteriit,
447 2572 580 2606 lgnatium
599 2571 686 2598 solum
701 2571 842 2598 laudaret?

133 2619 252 2647 Secunda
272 2619 432 2646 observatio
455 2626 488 2645 ex
508 2618 660 2653 Epiphanio
684 2619 766 2653 petita
790 2618 876 2646 multo

106 2667 272 2695 minusvalet.
287 2665 428 2698 Quadam,
442 2664 531 2699 inquit
543 2665 568 2691 in
583 2664 768 2698 disputatione
781 2664 877 2691 adver-

107 2721 144 2742 sus
154 2713 221 2741 Aenii
238 2713 355 2747 dogma,
368 2711 443 2746 ponit
462 2718 521 2737 cum
544 2709 695 2745 Ignatiauis
712 2710 876 2744 apertissime

107 2759 245 2795 pugnantia,
257 2759 312 2786 imo
324 2757 566 2795 totidemrmomtra
580 2764 612 2783 ex
632 2755 732 2792 Ignatii
746 2756 875 2791 epistolici

107 2794 256 2834 lucrare/sicis
277 2804 403 2839 legibus:
424 2794 517 2838 quibus
535 2802 706 2838 epistolarum
726 2802 823 2839 κυρίας
833 2803 876 2830 δό-

109 2853 145 2886 ξας
159 2851 255 2888 liqui-io
276 2850 371 2879 euertit
396 2848 569 2884 Epiphanius.
591 2848 621 2876 Si
643 2848 700 2877 bzec
720 2855 783 2876 vera
807 2848 873 2883 sint,

458 123 482 150 .l.
504 123 685 152 PEARSONII
705 123 866 153 V'lNDlClAE
886 125 1099 154 lGNATlANlE.
1123 142 1154 148 —
1168 126 1259 154 PARS
1277 126 1298 154 1.

1682 130 1736 158 258

912 188 937 216 Α
951 194 1005 213 non
1021 190 1126 214 tantum
1142 186 1214 214 Aerii
1227 190 1386 224 argumenta
1401 187 1530 215 leviterac
1543 187 1616 215 molli
1630 189 1736 217 brachio

949 231 1041 263 solvit,
1061 232 1107 259 sed
1131 237 1157 259 et
1173 232 1359 267 imprudenter
1372 241 1484 260 causam
1507 241 1584 261 suam
1605 234 1733 269 prodidit.

949 276 1050 304 Verum
1063 277 1141 304 aliter
1158 278 1236 312 plane
1250 285 1279 306 se
1290 286 1333 305 res
1348 278 1437 305 habet.
1459 278 1655 315 Distinguenda
1669 285 1734 308 sunt

948 325 1081 357 tempera,
1098 328 1125 350 et
1141 323 1270 351 Ecclesiae
1285 329 1384 357 status,
1405 325 1478 359 quod
1495 331 1621 354 accurate
1641 326 1734 354 obser—

946 371 993 394 vat
1007 367 1185 402 Epiphanius,
1201 373 1226 395 et
1243 369 1335 396 omnia
1350 369 1441 396 statim
1457 370 1536 404 plane
1551 371 1732 404 convenient;

947 414 1021 441 nulla
1038 415 1108 441 inter
1124 414 1257 449 lgnatium
1281 419 1308 442 et
1333 414 1515 450 Epiphanium
1540 416 1647 444 dissidii
1670 418 1732 445 vola

945 460 988 487 vel
1002 460 1146 496 vestigium
1162 461 1311 496 apparebit.
1322 460 1360 488 De
1375 465 1452 490 aetate
1467 461 1496 489 S.
1510 461 1587 491 Pauli
1600 464 1655 499 agit
1667 463 1730 499 Epi-

945 506 1073 541 phanius,
1086 505 1120 533 de
1132 515 1182 533 sua
1200 506 1330 541 ignatius.
1349 507 1393 534 Ille
1404 507 1436 534 de
1448 508 1571 536 ecclesiis
1584 511 1724 544 particula-

945 552 1021 579 ribns
1039 552 1159 578 nomium
1176 553 1305 580 omnibus
1325 555 1448 581 numeris
1464 555 1607 588 absolutis,
1621 560 1649 583 et
1663 556 1727 592 πλη-

946 596 1059 633 ρώματα
1074 597 1229 632 οἰκονομίας
1244 598 1334 626 adhuc
1355 599 1519 634 recepturis,
1546 599 1591 627 hic
1616 600 1650 628 de
1672 600 1728 636 jam

944 643 1023 677 plene
1041 643 1210 675 constitutis,
1223 649 1249 670 et
1264 645 1358 671 ultima
1375 645 1561 678 apostolorum
1588 653 1669 673 manu
1690 646 1720 673 cf

943 687 1068 715 formatis
1094 693 1176 722 atque
1191 689 1327 716 stabilitis.
1345 689 1381 716 ita
1397 690 1440 716 ille
1452 690 1486 717 de
1498 691 1579 717 Aerio
1591 691 1722 726 loquitur:

943 735 998 762 Οὐκ
1009 733 1079 761 οἶδεν
1092 735 1106 760 ὁ
1123 734 1171 770 τὴν
1194 735 1353 762 ἀκολουθίαν
1373 736 1422 770 τῆς
1436 736 1564 771 ἀληθείας
1583 738 1728 773 ἀγνοήσας.

935 780 989 806 -καὶ
1001 781 1131 815 ἱστορίαις
1147 780 1309 816 paea-am,-
1328 782 1365 817 μὴ
1382 781 1510 816 ἐντυχὼν,
1527 782 1568 808 ὃτι
1582 783 1641 809 νέου
1653 783 1727 815 ὄντος

940 826 988 852 τοῦ
1001 826 1177 862 κηρύγματος
1186 827 1252 862 πρὸς
1262 828 1296 854 τὰ
1307 827 1492 854 ὑποπίπτοντα
1501 828 1618 864 ἔγραφεν
1630 830 1644 855 ὁ
1653 829 1727 864 ἆγκς

904 877 925 905 Β
945 871 1113 903 Ἀπόστολος.
1132 872 1255 899 Veritatis
1269 873 1313 900 ille
1324 874 1417 900 seriem
1430 874 1566 908 ignorans,
1580 883 1625 902 nec
1637 875 1664 902 in
1682 883 1726 902 rc-

938 917 1130 945 conditioribus
1145 917 1262 945 historiis
1276 923 1393 945 versatus
1404 927 1455 945 non
1468 919 1592 954 intelligit
1604 926 1726 947 sanctum

937 963 1108 998 Apostolum,
1124 971 1183 990 cum
1206 971 1294 990 recens
1309 968 1376 990 esset
1396 963 1533 1000 Evangelii
1557 965 1724 999 praedicatio,

936 1017 983 1044 pro
1000 1018 1026 1036 re
1041 1014 1104 1036 nata
1115 1009 1262 1044 scripsisse.
1276 1009 1395 1042 Scilicet,
1409 1011 1555 1038 utoccasio
1563 1019 1596 1038 ex
1608 1012 1726 1039 circum-

937 1057 1045 1084 stantiis
1061 1057 1134 1084 illius
1151 1057 1282 1092 temporis
1297 1064 1326 1085 sc
1340 1057 1447 1090 obtulit,
1471 1065 1520 1085 sua
1537 1058 1638 1094 scripta
1654 1063 1724 1086 teni-

937 1103 1040 1137 peravit
1051 1103 1211 1138 Apostolus.
1226 1104 1252 1131 lu
1267 1104 1404 1138 aliquibus
1422 1103 1489 1131 locis
1505 1109 1571 1132 tunc
1593 1105 1725 1140 tetnporis

936 1153 995 1175 erat
1009 1148 1156 1185 episcopus
1173 1157 1234 1176 cum
1251 1149 1385 1182 diaconis,
1403 1149 1524 1176 nondum
1542 1149 1640 1177 ibidem
1656 1158 1724 1177 con-

935 1194 1038 1222 stitutis
1053 1195 1229 1230 presbyteris,
1243 1195 1278 1222 ob
1294 1195 1458 1230 paucitatem
1470 1195 1605 1228 fidelium;
1618 1196 1646 1223 in
1661 1197 1723 1224 aliis

934 1244 1011 1269 erant
1023 1240 1173 1277 presbyteri
1183 1249 1246 1268 cum
1261 1240 1396 1274 diaconis,
1411 1241 1531 1268 nondum
1546 1241 1644 1269 ibidem
1657 1250 1723 1270 con-

935 1289 1032 1315 stituto
1048 1288 1192 1323 episccpo,
1209 1287 1283 1321 quod
1300 1287 1447 1322 quisquam
1467 1295 1499 1314 ea
1520 1286 1660 1315 funetioue
1680 1289 1722 1316 di-

934 1341 1005 1369 gnus
1019 1333 1107 1360 adhuc
1122 1333 1194 1360 haud
1206 1333 1381 1367 reperiretur.
1398 1332 1461 1360 llaec
1475 1341 1509 1360 ex
1530 1334 1720 1362 reconditiori-

934 1379 986 1406 bus
1008 1379 1130 1406 historiis
1150 1379 1281 1406 hauserat
1296 1378 1477 1414 Epiphanius,
1499 1387 1569 1414 quas
1583 1387 1637 1407 non
1653 1389 1719 1408 con-

934 1424 1056 1460 spexisset
1079 1424 1131 1459 ipsi
1156 1425 1300 1452 videbatur
1313 1424 1421 1451 Acrius.
1436 1424 1524 1456 Οὕτω,
1540 1425 1645 1460 inquit,
1660 1426 1721 1454 κατ’

933 1470 1020 1497 ἐκεῖνο
1037 1469 1132 1505 καιροῦ
1144 1467 1213 1506 ἦσαν
1229 1470 1253 1496 οἱ
1267 1470 1354 1502 τόποι,
1367 1470 1413 1497 καὶ
1428 1470 1482 1506 γὰρ
1502 1471 1617 1498 ἕκαστον
1647 1475 1721 1509 πρᾶ-

933 1523 991 1550 γμα
997 1516 1046 1542 οὐκ
1056 1516 1102 1542 ἀπ’
1111 1516 1199 1552 ἀρχῆς
1212 1516 1246 1543 τὰ
1265 1516 1354 1543 πάντα
1368 1516 1457 1552 ἔσχεν·
1475 1517 1542 1544 ἀλλὰ
1558 1518 1719 1553 προὸαίνον-

896 1549 917 1579 c
933 1549 978 1593 τος
991 1561 1038 1588 τοῦ
1052 1549 1195 1597 χρόνοι).
1210 1562 1278 1598 πρὸς
1292 1549 1430 1591 τελείωσιν
1439 1563 1493 1590 τῶν
1511 1549 1608 1600 χρειῶν
1620 1573 1720 1600 κατηρ-

933 1605 1030 1637 τίςετο.
1056 1606 1101 1633 Ita
1129 1614 1175 1640 per
1199 1606 1268 1633 illud
1295 1612 1394 1642 tempus
1422 1608 1574 1635 istiusmodi
1601 1609 1720 1636 locorum

933 1656 1018 1678 status
1030 1651 1151 1684 exstitit;
1166 1652 1260 1679 etenim
1275 1660 1436 1688 unaque-que
1452 1661 1491 1680 res
1509 1662 1560 1680 non
1584 1655 1615 1681 ab
1641 1655 1719 1682 initio

932 1696 1052 1723 omnibus
1069 1697 1185 1724 numeris
1203 1698 1325 1724 absoluta
1338 1699 1409 1733 fuit;
1431 1699 1477 1725 scd
1496 1700 1649 1734 procedente
1671 1701 1718 1728 de-

932 1749 1003 1768 mum
1018 1746 1146 1777 tempore,
1160 1751 1191 1770 ea
1205 1751 1262 1778 qure
1277 1743 1312 1770 ad
1327 1745 1513 1779 perfectionem
1533 1746 1650 1772 omnium
1673 1753 1720 1773 ne-

932 1788 1083 1818 cessitatum
1095 1789 1236 1823 pertinent,
1252 1790 1397 1817 constituta
1418 1794 1491 1818 sunt.
1515 1789 1592 1823 Quod
1614 1791 1668 1818 late
1684 1798 1717 1819 ex

932 1832 1021 1860 Veteri
1035 1833 1209 1861 Testamento
1228 1835 1335 1869 probat.
1357 1840 1384 1862 et
1397 1835 1438 1863 sic
1456 1837 1628 1873 intelligenda
1643 1838 1718 1873 Apo-

931 1878 994 1906 stoli
1005 1879 1088 1906 verba
1102 1880 1211 1911 asserit,
1233 1885 1260 1907 et
1275 1880 1326 1907 hoc
1342 1888 1397 1907 uno
1419 1880 1598 1909 fundamento
1613 1883 1715 1917 posito,

930 1931 1010 1952 ruere
1022 1932 1117 1952 omnes
1129 1925 1204 1952 Aerii
1216 1925 1384 1959 objectiones
1396 1926 1544 1960 concludit,
1563 1932 1590 1955 et
1605 1936 1654 1955 nos
1667 1936 1716 1962 pa-

930 1968 996 1995 riter
1009 1976 1118 1996 omncm
1130 1969 1360 2003 contrarietatem,
1373 1974 1401 1996 et
1413 1977 1475 1997 cum
1485 1969 1632 2006 lgnatianis
1642 1972 1716 1999 ἐναν-

929 2016 1085 2049 τιοφάνειαν
1100 2016 1195 2043 eodem
1214 2016 1271 2043 tolli
1284 2020 1422 2051 putamus.

965 2061 1127 2090 Examinato
1156 2063 1273 2097 septimo
1302 2063 1407 2098 capite,
1436 2063 1560 2099 sequitur
1586 2069 1713 2092 octavum

930 2117 991 2137 eum
1004 2110 1055 2136 hoc
1070 2109 1148 2136 titulo
1163 2118 1170 2136 :
1185 2109 1280 2144 Ignota
1298 2109 1461 2137 Tertulliano
1474 2111 1554 2145 fuisse
1570 2111 1714 2146 lgnatiana

929 2155 1126 2182 demonstratur
1145 2155 1258 2190 quinque
1275 2157 1446 2191 argumentis.
1461 2156 1512 2184 Sed
1529 2158 1654 2192 quintum
1672 2162 1712 2184 te-

895 2218 917 2245 D
929 2201 985 2228 lum
1001 2201 1101 2229 fatetur
1112 2201 1290 2229 Usserianum
1304 2202 1437 2237 lgnatium
1456 2211 1509 2230 non
1526 2202 1626 2236 ferire;
1646 2211 1714 2238 qua-

931 2251 994 2274 tuor
1009 2248 1101 2282 itaque
1113 2249 1302 2276 tantummodo
1327 2248 1406 2276 nobis
1423 2253 1527 2276 restant
1546 2249 1712 2283 repellenda.

929 2292 1034 2326 Primo,
1056 2294 1134 2321 docet
1154 2294 1181 2321 id
1209 2293 1395 2322 Tertullianus
1414 2295 1486 2329 quod
1504 2294 1647 2329 lgnaliaute
1664 2295 1713 2322 do-

929 2339 1022 2366 ctrinae
1035 2344 1076 2367 est
1088 2340 1267 2367 contrarium.
1281 2339 1351 2375 Ergo
1363 2347 1425 2368 eum
1438 2341 1561 2367 nescivit.
1575 2340 1712 2367 Adversus

928 2385 1001 2412 enim
1020 2385 1199 2420 apostolicum
1214 2387 1302 2413 virum
1321 2391 1347 2413 et
1369 2391 1516 2420 martyrem
1546 2386 1596 2413 sibi
1616 2390 1711 2413 notum

928 2437 1069 2465 nunquam
1095 2431 1244 2466 quidquam
1269 2432 1417 2459 docuisset.
1445 2431 1512 2458 Mira
1540 2431 1597 2459 haec
1614 2439 1711 2459 conse-

928 2478 1038 2511 quentia
1052 2477 1084 2505 de
1095 2477 1215 2512 quolibet
1227 2477 1371 2512 scriptore,
1388 2478 1421 2505 de
1434 2477 1604 2504 Tertulliano
1620 2478 1710 2505 maxi-

927 2530 972 2550 me
985 2523 1120 2551 miranda.
1136 2524 1316 2559 Nunquamne
1337 2530 1367 2552 ut
1380 2525 1526 2560 Quisquam
1542 2525 1643 2560 aliquid
1664 2526 1710 2553 doc

927 2570 1025 2602 cuerit,
1041 2571 1114 2604 quod
1131 2575 1204 2598 esset
1223 2571 1289 2598 viris
1309 2571 1468 2605 apostolicis
1479 2576 1526 2598 aut
1542 2572 1709 2607 martyribus

927 2616 1000 2642 notis
1013 2615 1181 2643 adversans?
1190 2617 1232 2642 An
1248 2616 1300 2643 viri
1311 2617 1455 2651 apostolici
1469 2622 1496 2644 et
1508 2622 1640 2653 martyres
1651 2625 1710 2644 nta-

923 2662 994 2698 joris
1009 2670 1128 2697 unquam
1144 2662 1315 2690 auctoritatis
1329 2662 1415 2694 fuere,
1428 2670 1510 2698 quam
1527 2663 1577 2698 ipsi
1592 2663 1708 2698 apostoli

925 2713 953 2737 et
967 2709 1159 2744 evangelista?
1173 2708 1283 2735 illorum
1297 2713 1370 2736 certe
1381 2709 1514 2736 doctrinm
1529 2709 1650 2736 nonnulli
1663 2709 1710 2736 ali-

926 2756 1035 2790 quando
1048 2755 1256 2788 contradixere;
1273 2763 1328 2782 non
1344 2754 1547 2790 Scripntrarum
1559 2755 1649 2788 inscii,
1662 2761 1709 2782 aut

925 2809 1019 2830 earum
1042 2802 1213 2829 auctaritatis
1229 2806 1440 2837 contemptores,
1462 2802 1510 2829 sed
1527 2802 1567 2828 vel
1582 2801 1708 2828 inadver-

926 2849 1008 2876 tentia
1022 2848 1106 2883 ducti,
1123 2849 1164 2876 vel
1179 2848 1337 2884 praeiudicio
1347 2848 1441 2885 aliquo
1455 2848 1570 2884 abrepti.
1587 2848 1627 2875 Au
1640 2846 1707 2874 Ter-
