1866 3073
160 134 214 163 259

708 131 735 158 S.
756 128 928 158 lGNATlUS.
941 144 975 149 ——
989 126 1256 156 PROLEGOMENA.

1743 122 1818 151 260

164 193 295 220 tnllianus
315 192 384 220 adeo
407 191 514 220 subacti
530 191 636 226 iudicii,
652 190 723 218 adeo
743 190 828 217 sedati
845 188 948 224 ingenii
956 180 986 217 ’λ
1000 186 1197 220 Tcrtullianus,
1220 186 1273 214 nisi
1297 184 1371 222 quod
1396 190 1423 213 et
1445 185 1586 221 lgnatius.,
1599 183 1672 211 Cum
1700 187 1817 210 autem

164 239 216 266 iuit
226 243 256 266 ut
271 238 337 266 nulli
352 245 472 273 unquam
485 238 545 265 viro
557 237 584 264 in
596 236 716 264 Ecclesia
729 235 827 263 celebri
842 240 949 263 comra-

164 285 277 315 dice‘ret.
293 292 354 312 cum
365 284 423 319 ipse
437 284 471 311 ab
480 283 601 311 Ecclesia
610 282 765 316 recesserit,
778 287 805 310 et
815 282 948 309 adversus

164 339 226 359 eam
241 331 440 366 quamplurima
453 330 550 358 acerbe
567 334 595 357 et
611 329 766 365 petulanter
787 329 949 364 scripserit?

164 376 309 410 Phalerea,
324 377 366 404 vel
380 377 446 412 ipsis
459 377 598 412 judicibus
616 375 791 409 adversariis,
808 377 865 403 haec
879 383 948 403 con-

165 424 306 459 sequentia
321 431 374 450 non
398 428 440 451 cst
453 424 620 451 necessaria.
646 424 684 451 De
698 423 759 451 aliis
778 423 862 456 enim,
881 423 948 450 Ter-

164 469 278 497 tulliano
290 469 456 504 junioribus.
466 477 536 504 quos
550 469 654 505 lgnatio
668 469 806 497 contraria
820 469 949 496 docuisse

164 516 232 549 vult,
247 515 284 543 ita
299 516 420 550 disputat
431 515 550 542 Dallams
560 536 568 549 ,
586 519 618 542 ut
638 515 676 542 illi
695 515 737 542 vel
751 514 946 551 ignoraverint,

163 562 205 589 vel
225 561 276 589 ista
293 561 393 597 quibus
410 561 551 589 contraria
563 556 713 589 docuerint
727 561 755 589 in
772 561 875 598 lgnatio
891 569 947 589 non

162 608 291 640 viderint,
300 608 342 635 vel
353 608 485 642 epistolas
496 612 626 643 tanquam
636 607 713 635 ﬁctas
721 615 770 634 ora
776 608 945 643 tempserint.

163 653 191 681 Si
206 659 295 681 autem
310 653 368 681 haec
382 654 415 681 de
427 653 489 681 aliis
509 654 563 681 dici
587 653 709 688 possint,
730 661 780 681 cur
800 662 854 681 non
873 658 901 681 et
914 654 948 682 de

161 697 350 725 Tertulliano?
364 697 445 725 Certe
460 696 622 730 Salmasius,
638 697 803 730 Blondcllus,
818 701 845 724 et
856 696 948 724 Alber-

161 745 236 772 tinus
249 745 320 772 banc
333 745 557 779 consequentiam
579 744 671 779 potius
695 744 880 777 admitterent,
899 743 947 779 qui

160 791 291 826 epistolas
303 791 349 818 diu
359 795 422 818 ante
435 798 523 818 aevum
533 791 696 818 Tertulliani
711 791 788 818 [ictas
799 795 945 825 putarunt;

160 844 188 866 et
211 839 235 866 si
257 837 373 866 Dallmus
396 845 450 865 non
472 838 615 870 admittat,
640 838 667 864 in
689 838 875 873 disputatione
896 846 944 866 sua

999 233 1118 269 lgnatius
1130 233 1222 266 addat,
1237 233 1322 269 χωρὶς
1332 231 1446 264 τούτων,
1460 232 1516 258 sine
1526 230 1667 266 episcopis,
1684 228 1820 264 presby—

1000 279 1063 306 teris
1075 284 1101 306 et
1116 279 1238 307 diaconis
1253 278 1373 306 Ecclesia
1389 286 1441 305 non
1452 282 1574 310 uocatur,
1587 277 1686 304 eadem
1702 275 1820 302 notio—

998 332 1033 352 ne
1048 324 1107 352 sine
1121 324 1206 352 dubio
1226 323 1334 351 locutus
1351 327 1393 351 est
1408 322 1607 355 Tertullianus,
1629 321 1738 349 saltem
1753 319 1820 346 ad—

998 370 1052 398 huc
1077 370 1105 397 in
1122 369 1243 398 Ecclesia
1267 369 1403 398 catholica
1424 376 1548 396 manens.
1570 367 1638 394 Nam
1660 374 1747 394 cum:
1770 364 1819 392 de

996 415 1122 451 ecclesiis
1137 415 1298 450 apostolicis
1308 415 1441 450 loquitur,
1455 414 1512 442 haec
1523 413 1606 441 habet
1624 422 1631 440 :
1647 412 1818 440 Habemus

998 467 1022 489 et
1035 462 1148 489 Joannis
1163 461 1284 488 alumnas
1297 461 1430 488 ecclesias.
1446 460 1517 487 Nam
1536 459 1587 487 etsi
1608 458 1819 494 Apocalypsin

998 507 1120 535 Marcion
1136 513 1251 542 respuat,
1264 508 1328 534 ordo
1344 512 1432 534 tamen
1452 507 1634 541 episcoporum
1654 505 1693 532 ad
1707 505 1794 539 erigi
1805 520 1818 525 ‹

999 563 1057 582 nem
1078 562 1197 582 recensus
1223 555 1251 581 in
1272 553 1403 581 Joannem
1426 554 1508 581 stabit
1528 557 1676 580 auctorem.
1701 551 1740 579 Et
1766 551 1817 577 De

991 600 1205 639 (praescriptione
1228 600 1428 632 haereticorum,
1452 606 1512 634 cap.
1537 597 1592 626 32:
1611 597 1707 625 Edunt
1734 605 1816 632 ergo

998 645 1114 680 origines
1130 643 1302 672 ecclesiarum
1313 652 1439 677 suarum;
1461 644 1580 671 evolvunt
1595 640 1723 670 ordinm
1742 641 1816 676 epi-

998 701 1136 728 scoporum
1155 700 1282 724 suorum,
1295 693 1334 719 ita
1352 700 1398 726 per
1409 692 1584 718 successiones
1603 690 1639 717 ad
1652 689 1741 717 initia
1755 692 1816 716 de-

998 744 1157 771 currentem,
1174 743 1202 765 ut
1221 739 1323 773 primus
1341 738 1387 765 ille
1399 738 1536 772 episcopus
1548 737 1665 772 aliquem
1685 743 1720 763 ea:
1735 744 1815 771 apo.

997 786 1073 812 stolis
1096 785 1135 812 vel
1158 785 1310 820 apostolicis
1324 785 1398 817 viris,
1414 784 1459 819 qui
1471 789 1558 810 tamen
1578 791 1640 810 cum
1659 782 1813 815 apostolis

997 832 1210 866 perseveraverit,
1233 831 1354 857 habuerit
1378 834 1515 857 auctorem
1535 833 1561 856 et
1581 833 1809 855 antecessorem.

161 885 324 920 principium
338 885 414 920 petit,
430 884 495 912 dum
506 892 539 912 ex
555 884 722 911 Tertulliauo
734 885 774 911 sic
785 884 882 919 probet
890 885 948 919 cpi-
963 876 984 903 Β
1000 877 1058 904 Hoc
1070 878 1140 904 enim
1157 876 1235 904 modo
1251 875 1379 904 Ecclesia
1391 876 1544 911 apostolicae
1558 883 1652 902 census
1665 883 1733 901 suos
1753 875 1809 901 de-

161 932 246 959 stolas
257 939 311 958 non
326 931 476 964 exstitisse,
487 938 549 959 cum
563 935 754 966 argumentum
770 930 838 957 nihil
851 931 946 964 valeat,

161 976 214 1004 nisi
229 977 292 1012 quis
307 977 439 1004 concedat
451 976 561 1004 easdem
576 980 639 1011 post
650 975 811 1004 Tertulliani
825 980 947 1011 tempora

160 1022 246 1050 fuisse
266 1023 434 1058 suppositas.
455 1021 484 1050 Si
498 1023 571 1049 enim
587 1026 651 1050 ante
664 1021 863 1049 Tertullianum
889 1021 947 1049 iue—

161 1073 226 1096 runt
240 1068 318 1103 llctaa,
334 1072 362 1096 et
377 1068 466 1103 potuit
480 1068 525 1095 ille
540 1075 721 1102 coanoscere,
732 1072 759 1094 et
771 1066 865 1094 debuit
878 1073 947 1094 cono

160 1118 292 1142 temnere.

196 1159 250 1188 Sed
265 1160 374 1188 interim
394 1160 535 1187 videamus
552 1159 683 1195 quidnam
705 1159 772 1187 illud
786 1158 948 1186 Tertulliani

159 1205 298 1233 decretum
311 1206 356 1238 sit,
378 1205 452 1240 quod
467 1204 638 1240 lgnatianum
659 1203 727 1231 adeo
747 1207 839 1238 aperte
859 1202 948 1238 reﬁgit

160 1255 187 1279 et
201 1251 351 1286 proculcat.
366 1250 469 1285 Nempe
483 1260 489 1277 :
505 1249 555 1277 Ubi
577 1255 628 1277 tres
640 1269 648 1283 ,
665 1249 784 1276 Ecclesia
805 1254 843 1276 est
854 1270 862 1283 ,
886 1249 947 1276 licet

159 1297 234 1326 laici.
258 1297 322 1324 Haec.
344 1295 539 1324 Tertullianus.
569 1295 604 1322 At
626 1295 757 1330 lgnatius,
785 1295 869 1330 χωρὶς
885 1294 947 1321 τού-

159 1352 231 1376 των,
249 1343 275 1371 id
288 1348 330 1371 est
353 1343 414 1370 sine
431 1341 584 1378 episcopis,
598 1341 765 1376 presbyteris
783 1345 811 1368 et
824 1341 948 1368 diaconis

159 1389 292 1424 ἐκκλησία
306 1389 337 1415 οὐ
349 1388 480 1415 καλεῖται.
494 1387 593 1421 Quaero
608 1387 708 1421 primo,
723 1386 770 1414 ubi
783 1386 841 1414 haec
853 1394 869 1414 a
881 1386 948 1414 Ter-

161 1435 274 1462 tulliano
285 1435 461 1463 scribuntur?
474 1433 675 1468 Respondetur,
688 1433 758 1460 libro
773 1432 810 1459 De
823 1433 948 1460 exhorta-

160 1483 230 1509 tione
241 1482 385 1510 castitatis.
399 1482 434 1509 At
448 1481 478 1509 S.
500 1481 670 1516 Augustinus
693 1480 891 1507 Tertullianum
908 1479 948 1507 fa-

999 924 1088 959 ferunt
1101 931 1111 950 :
1126 923 1195 950 sicut
1209 922 1406 958 Smyrnteorum
1423 922 1545 950 Ecclesia
1562 922 1752 957 Polgcarpum
1769 921 1809 948 ab

997 969 1102 997 Joanne
1121 969 1281 997 collocatum
1303 969 1399 1004 refert;
1430 970 1500 997 sicut
1522 969 1706 996 Romanorum
1734 968 1811 997 Cle-

998 1022 1111 1044 mentem
1127 1025 1144 1043 a
1165 1016 1248 1043 Petro
1267 1016 1420 1043 ordinatum
1441 1016 1545 1044 itidem.
1568 1015 1686 1043 Perinde
1701 1017 1810 1052 utique

998 1069 1023 1090 et
1038 1068 1134 1091 uetera
1149 1063 1280 1096 esltibent,
1297 1071 1362 1098 quos
1377 1063 1409 1090 ab
1422 1063 1551 1098 apostolis
1564 1063 1591 1090 in
1607 1063 1807 1098 episcopatum

998 1110 1156 1137 constitutos
1171 1110 1310 1145 apostolici
1324 1110 1432 1137 seminis
1445 1109 1566 1136 traduces
1577 1109 1704 1136 habeant.
1722 1108 1807 1136 Cum

999 1154 1082 1190 igitur
1104 1155 1216 1190 proprie
1243 1159 1271 1182 et
1299 1154 1436 1182 catholice
1458 1155 1492 1182 de
1507 1154 1631 1183 Ecclesia
1652 1154 1806 1189 loquitur.

999 1201 1117 1228 Ostendit
1138 1208 1168 1228 se
1193 1200 1266 1228 idem
1292 1200 1405 1228 omnino
1431 1200 1533 1227 sentire
1556 1200 1630 1235 quod
1655 1200 1807 1227 sentiebat

998 1247 1129 1282 lgnatius,
1157 1254 1218 1274 eam
1243 1247 1302 1274 sine
1325 1247 1456 1282 episcopo
1482 1247 1617 1281 integram
1644 1253 1709 1274 esse
1737 1254 1806 1274 non

999 1301 1090 1328 posse.
1108 1292 1146 1321 De
1160 1293 1295 1321 vocabulo
1314 1293 1425 1329 quidem
1442 1292 1570 1320 Ecclesiae
1591 1293 1627 1320 ita
1652 1300 1728 1328 saepe
1754 1293 1805 1321 lo-

998 1340 1108 1376 quitur,
1129 1344 1159 1367 ut
1180 1344 1209 1368 et
1233 1340 1370 1368 haereticis
1389 1340 1509 1373 tribuat;
1527 1347 1598 1375 quos
1618 1340 1646 1367 in
1665 1339 1804 1368 Ecclesia

998 1386 1108 1420 proprie
1136 1385 1209 1412 dicta
1234 1393 1296 1413 esse
1318 1393 1369 1413 nec
1390 1385 1463 1420 ipse,
1483 1393 1533 1413 nec
1545 1386 1698 1420 quisquam
1721 1385 1804 1412 alius

999 1432 1119 1468 agnovit.
1134 1432 1261 1465 Faciunt,
1277 1432 1376 1468 inquit,
1389 1432 1463 1467 favos
1477 1437 1503 1459 et
1514 1440 1615 1467 uesptr;
1631 1432 1740 1466 faciunt
1755 1440 1802 1459 cc-

1001 1481 1092 1508 :lesias
1104 1485 1128 1508 et
1140 1480 1341 1513 Marcionistw;
1356 1481 1403 1508 sed
1412 1489 1494 1516 quam
1509 1480 1602 1515 inique
1614 1479 1682 1507 illud
1692 1486 1803 1506 nomen

159 1532 233 1556 ctum
246 1528 404 1556 lizereticum
419 1528 499 1555 docet
509 1527 645 1554 secundas
660 1525 782 1561 nuptias,
795 1530 892 1553 contra
902 1525 949 1554 do-
962 1547 984 1576 Ο
1001 1527 1034 1554 iis
1047 1527 1213 1555 attribuatur
1235 1528 1316 1555 docet
1329 1537 1336 1555 :
1354 1527 1440 1554 Habet
1459 1527 1564 1562 quidem
1580 1526 1630 1553 illa
1653 1525 1801 1555 ecclesias.

159 1574 274 1601 ctrinam
299 1574 494 1608 apostolicam,
521 1578 653 1609 tanquam
677 1579 771 1609 stupra
796 1575 946 1607 damnare,

158 1619 231 1654 quod
251 1619 278 1646 in
299 1627 333 1647 eo
351 1627 434 1655 opere
453 1619 528 1647 facit.
548 1619 602 1653 Qui
624 1625 715 1647 autem
730 1627 824 1648 contra
845 1620 948 1648 doctri-

158 1672 221 1691 nam
239 1665 416 1700 apostolicam
434 1666 553 1700 scripsit,
577 1666 640 1693 licet
663 1665 693 1693 S.
720 1665 797 1693 Pauli
817 1666 947 1701 epistolas

159 1716 263 1743 nosset,
277 1719 368 1739 nonne
383 1717 410 1738 et
425 1716 521 1739 contra
537 1711 707 1747 lgnatianam
720 1712 840 1740 scribere
848 1712 946 1747 potuit,

158 1755 222 1783 licet
237 1759 298 1791 ejus
313 1757 445 1791 epistolas
469 1757 542 1785 haud
568 1758 752 1793 ignoraverit?
767 1758 846 1786 Hunc
857 1759 947 1794 ipsum

157 1801 258 1828 librum
274 1801 446 1837 Niccpliorus
459 1808 594 1830 memorat
606 1808 736 1839 tanquam
753 1805 885 1831 adversus
897 1803 948 1831 Ec-

158 1848 270 1875 clesiam
285 1849 428 1883 scriptum,
447 1849 494 1876 καὶ
513 1849 604 1881 ξδικῶς
619 1850 688 1877 κατὰ
700 1850 750 1885 τῆς
762 1850 877 1877 καθόλου
890 1849 948 1877 Ἐκ-

157 1895 273 1930 adquia;
299 1895 387 1931 βίϐλον
411 1896 560 1924 συντάττει·
585 1897 661 1923 οὐδὲν
675 1897 702 1924 δὲ
721 1895 802 1932 ἦττον
819 1897 866 1923 καὶ
884 1897 948 1933 περὶ

159 1940 337 1978 Σωφροσύνης
349 1942 441 1979 ἕτερον
457 1943 627 1979 σύγγραμμα.
642 1943 813 1974 καταλείπει,
826 1943 873 1969 καὶ
884 1943 948 1979 περὶ

158 1986 334 2022 Μονογαμιας
356 1987 457 2024 ἕτερον.
476 1988 545 2015 Cum
573 1989 655 2024 igitur
678 1993 773 2016 contra
795 1988 948 2016 Ecclesium

159 2031 323 2059 catholicam
335 2033 477 2067 scriberet,
495 2034 553 2061 hate
571 2033 687 2061 habuit:
706 2033 756 2061 Ubi
782 2038 845 2066 tres,
863 2033 949 2061 Eccle-

158 2077 201 2104 sia
211 2081 259 2110 est,
273 2077 334 2105 licet
346 2078 421 2106 laici.
435 2079 541 2107 Pariter
552 2085 579 2107 et
589 2079 622 2106 de
634 2079 698 2115 fuga
706 2079 733 2107 in
749 2080 948 2115 persecutione,

156 2125 214 2161 jam
229 2125 348 2153 adultior
359 2126 525 2155 Montanisla
541 2128 568 2155 in
583 2128 657 2155 hunc
678 2128 790 2155 modum
805 2127 925 2162 loquitur
939 2137 946 2155 :

160 2171 222 2199 Non
235 2176 308 2207 potes
321 2173 470 2200 discurrere
480 2182 526 2208 per
538 2174 677 2209 singulos?
698 2175 734 2201 sit
751 2174 798 2201 tibi
811 2179 836 2201 et
853 2175 881 2201 in
899 2175 949 2201 tri-

999 1573 1044 1600 scd
1061 1582 1123 1600 suas
1149 1579 1204 1601 tam
1222 1578 1342 1609 posteros
1356 1581 1438 1609 quam
1460 1573 1618 1604 adulteras;
1637 1579 1758 1607 quarum
1776 1573 1803 1597 sl

998 1627 1103 1646 censum
1116 1620 1245 1653 requiras,
1260 1619 1367 1654 facilius
1383 1619 1560 1654 apostolicum
1575 1618 1698 1646 invenias
1714 1625 1800 1653 quam

999 1664 1185 1699 apostolicum.
1195 1664 1233 1692 De
1244 1664 1366 1692 Ecclesia
1380 1665 1462 1692 etiam
1474 1663 1589 1698 myStice
1605 1663 1735 1698 loquitur
1746 1661 1800 1690 lib.

998 1710 1037 1737 De
1051 1711 1192 1744 pudicitia,
1203 1718 1265 1745 cap.
1280 1711 1312 1738 2|
1331 1720 1338 1738 :
1356 1709 1428 1737 Nam
1450 1715 1476 1737 et
1497 1709 1620 1736 Ecclesia
1642 1710 1754 1744 proprie
1773 1713 1800 1735 et

998 1757 1182 1792 principaliter
1209 1758 1264 1792 ipse
1286 1761 1326 1784 est
1351 1757 1473 1792 spiritus,
1496 1757 1524 1783 in
1541 1764 1593 1791 quo
1622 1760 1662 1782 est
1686 1755 1799 1784 trinitas

998 1804 1077 1830 unius
1087 1803 1248 1836 diuinitatis,
1264 1801 1354 1835 Pater,
1377 1807 1402 1829 et
1427 1802 1534 1833 Filius,
1553 1806 1578 1829 et
1593 1801 1716 1836 Spiritus
1731 1809 1798 1828 san-

999 1854 1067 1875 ctus.
1085 1848 1165 1875 Illam
1178 1848 1327 1875 Ecclesiam
1349 1852 1507 1883 congregat,
1524 1856 1606 1883 quam
1618 1847 1754 1874 Dominus
1769 1848 1798 1872 in

999 1894 1083 1921 tribus
1095 1895 1194 1929 posuit.
1207 1894 1291 1929 Atque
1304 1895 1345 1920 ita
1357 1894 1452 1921 exinde
1466 1894 1547 1920 etiam
1563 1901 1692 1920 numerus
1706 1893 1797 1920 omnis

998 1941 1084 1976 quiin
1101 1941 1169 1968 hanc
1183 1941 1262 1976 fidem
1280 1940 1479 1976 conspiraverit,
1497 1939 1618 1967 Ecclesia
1632 1940 1666 1967 ab
1684 1944 1798 1967 auctore

998 1992 1023 2014 et
1037 1992 1217 2014 consecratore
1230 1992 1359 2014 censetur.
1379 1986 1412 2013 Et
1426 1987 1485 2014 ideo
1498 1986 1621 2013 Ecclesia
1631 1987 1741 2021 quidem
1752 1987 1799 2013 de-

998 2033 1063 2060 licta
1083 2033 1209 2066 donabit,
1232 2033 1278 2059 sed
1296 2032 1418 2060 Ecclesia
1432 2032 1552 2067 Spiritus
1571 2041 1619 2067 per
1639 2032 1798 2068 spiritalem

999 2080 1128 2106 hominem
1141 2099 1148 2112 ,
1163 2088 1214 2106 non
1231 2079 1350 2106 Ecclesia
1371 2087 1496 2106 numerus
1510 2079 1707 2114 episcoporum.
1723 2079 1798 2107 Cum

999 2126 1082 2162 igitur
1094 2125 1278 2153 Tertulliauus
1299 2132 1372 2152 nunc
1395 2124 1525 2152 Ecclesia:
1545 2125 1714 2152 vocabulum
1733 2132 1787 2160 pro

999 2173 1057 2208 prie
1069 2176 1170 2205 sumat,
1184 2179 1233 2206 pro
1249 2171 1309 2204 tali,
1325 2171 1439 2203 scilicet,
1458 2171 1568 2206 qualem
1585 2171 1706 2206 apostoli
1727 2179 1797 2198 con-

159 2217 206 2246 bus
223 2217 352 2246 Ecclesia.
369 2218 433 2247 Haec
447 2220 492 2247 ille
502 2228 535 2247 ex
548 2220 777 2250 Montanistarum
785 2221 944 2256 disciplina;
962 2219 984 2246 D
999 2218 1164 2251 stituerunt,
1186 2225 1261 2245 nunc
1281 2217 1441 2252 improprie,
1456 2224 1483 2245 et
1501 2217 1527 2244 in
1546 2217 1600 2244 alia
1615 2217 1748 2249 notione,
1765 2222 1797 2244 nt

159 2273 254 2294 contra
265 2274 348 2302 quam
361 2266 420 2301 ipse
431 2267 584 2295 catholicus
599 2269 707 2304 scripsit
719 2278 726 2296 :
743 2268 830 2296 Hodie
840 2269 946 2305 presby-

159 2318 214 2344 ter.
230 2314 275 2348 qui
297 2321 357 2340 cras
376 2314 481 2340 laicus:
495 2322 556 2341 nam
577 2319 601 2340 et
617 2314 694 2342 laicis
713 2316 889 2343 sacerdotalia
903 2316 947 2344 in-

156 2359 282 2395 jungunt.
300 2359 384 2386 Aliter
402 2359 436 2386 de
452 2359 504 2386 hac
523 2359 581 2394 ipsa
597 2367 626 2386 re
645 2360 754 2388 locutus
768 2365 810 2388 est
826 2361 891 2389 dum
906 2370 950 2390 ca-

160 2406 279 2433 tholicus
294 2405 345 2433 fuit
359 2415 366 2432 :
381 2405 431 2432 Ubi
447 2410 511 2437 tres,
527 2405 555 2431 id
572 2411 608 2432 est
621 2404 701 2433 Pater
714 2412 738 2433 et
752 2406 838 2434 Filius
850 2413 874 2435 et
887 2407 948 2443 Spi—

162 2451 230 2478 ritus
254 2456 374 2484 sanctus,
396 2450 433 2477 ibi
460 2449 580 2477 Ecclesia
602 2457 660 2485 qua:
683 2452 763 2478 trium
787 2460 880 2488 corpus
898 2457 948 2481 est.

161 2497 300 2532 Quidquid
312 2502 402 2525 autem
418 2497 452 2524 de
476 2497 523 2524 illo
546 2496 608 2524 loco
623 2498 741 2525 senserit
755 2507 761 2526 :
779 2498 828 2526 Ubi
843 2500 894 2527 duo
909 2500 949 2527 vel

163 2547 215 2570 tres
230 2543 258 2570 in
270 2543 373 2570 nomine
386 2550 442 2569 mea
454 2547 657 2578 congregantur,
666 2551 712 2579 ego
724 2544 752 2570 in
764 2545 847 2571 medio
859 2553 949 2572 eorum

162 2595 221 2614 sum
236 2588 270 2621 ",
280 2587 313 2615 de
328 2588 472 2623 praesentia
484 2588 588 2616 Cbristl
603 2589 629 2616 id
646 2590 766 2624 accepit,
779 2599 839 2625 qua:
855 2591 949 2626 aliquo

163 2641 245 2661 sensu
261 2632 409 2661 Ecclesiam
425 2633 515 2661 facere
529 2634 646 2667 videtur,
656 2635 707 2662 etsi
719 2634 845 2663 Christus
858 2636 883 2662 id
895 2643 948 2663 non

163 2679 271 2707 dixerit.
287 2678 326 2706 Ita
346 2680 403 2714 ipse
417 2680 494 2713 alibi,
511 2678 545 2706 In
557 2688 609 2707 uno
627 2685 653 2708 et
664 2680 748 2707 altero
764 2679 883 2708 Ecclesia
898 2685 948 2713 est,

165 2724 283 2753 Ecclesia
308 2734 367 2753 vero
392 2726 526 2754 Christus.
552 2726 630 2759 Quod
654 2726 724 2753 adeo
745 2734 798 2754 non
816 2731 949 2762 repugnat

163 2769 276 2806 lgnatio,
293 2777 322 2799 ut
337 2773 394 2807 ipse
403 2772 486 2800 etiam
505 2772 606 2799 dixerit
619 2781 626 2798 :
642 2771 691 2800 Ubi
705 2777 745 2799 est
765 2772 886 2799 Christus
898 2772 947 2799 Je-

162 2821 219 2850 sus,
232 2817 287 2843 illic
299 2817 432 2843 catholica
448 2815 577 2843 Ecclesia.
594 2815 667 2843 Nihil
678 2816 770 2851 itaque
781 2816 871 2844 adhuc
880 2816 949 2844 dixit

215 2875 236 2890 "
252 2873 349 2901 Matth.
366 2881 443 2907 mn,
460 2873 506 2900 ‘20.

999 2271 1061 2291 cum
1076 2264 1201 2298 spiritum
1215 2269 1277 2290 esse
1292 2261 1369 2295 dicit,
1381 2270 1444 2290 cum
1458 2262 1530 2290 idem
1552 2269 1656 2289 nomen
1680 2261 1796 2289 haereti—

998 2318 1094 2338 corum
1109 2310 1289 2337 conventibus
1306 2309 1412 2342 tribuit,
1434 2312 1482 2336 aut
1503 2309 1592 2337 tribus
1616 2308 1707 2341 lnicis,
1723 2315 1797 2343 quos

999 2356 1057 2391 ipse
1071 2355 1225 2384 sacerdotes
1242 2359 1322 2383 vocat
1337 2363 1418 2382 sensu
1434 2355 1538 2390 aliquo,
1558 2354 1626 2390 (tam
1650 2354 1726 2382 enim
1748 2361 1797 2380 ve-

998 2409 1059 2429 rum
1075 2405 1118 2429 est
1139 2409 1173 2429 ex
1197 2400 1357 2428 Tertulliani
1380 2400 1527 2434 sententia,
1548 2399 1623 2435 quod
1647 2404 1706 2427 tres
1730 2399 1796 2426 laici

999 2452 1063 2474 sunt
1078 2451 1133 2475 tres
1147 2447 1314 2480 sacerdotes,
1329 2454 1413 2481 quam
1426 2446 1500 2481 quod
1516 2446 1562 2473 ubi
1579 2452 1636 2474 tres
1652 2445 1728 2478 laici,
1743 2444 1797 2472 Eo-

999 2494 1081 2521 clesia
1097 2494 1150 2528 est)
1168 2501 1240 2524 cum.
1257 2493 1382 2528 inquam,
1398 2498 1453 2520 tam
1477 2491 1630 2527 improprie
1647 2492 1683 2519 de
1701 2491 1796 2519 Eccle-

988 2539 1040 2567 ‘sia
1060 2540 1199 2575 loquatur,
1211 2539 1278 2567 illud
1289 2539 1429 2568 decretum
1442 2539 1586 2574 lgnatiano
1599 2539 1718 2566 minime
1729 2546 1796 2566 con-

999 2586 1113 2613 trarium
1132 2590 1184 2619 est,
1206 2593 1268 2613 cum
1293 2586 1415 2622 lgnatius
1437 2586 1471 2613 de
1494 2585 1619 2613 Ecclesia
1644 2585 1796 2620 proprieet

1000 2631 1104 2667 integre
1121 2636 1231 2666 accepta
1255 2632 1400 2667 loquatur,
1423 2631 1520 2659 eodem
1550 2631 1637 2658 modo
1653 2638 1712 2666 quo
1729 2630 1794 2658 alibi

1000 2677 1184 2706 Tertullianus
1198 2699 1206 2712 ,
1222 2673 1279 2714 quti
1294 2679 1323 2706 S.
1339 2678 1511 2714 Cyprianus,
1527 2679 1575 2714 qui
1590 2679 1795 2707 Tertullianum

999 2725 1158 2758 magistrum
1175 2726 1302 2753 vocavit:
1318 2725 1366 2752 Illi
1378 2730 1440 2752 sunt
1460 2725 1600 2756 Ecclesia.
1617 2725 1694 2759 plebs
1707 2733 1795 2753 sacer-

999 2769 1062 2797 doti
1078 2770 1197 2798 adunata
1210 2791 1217 2803 ,
1235 2776 1260 2797 et
1285 2771 1388 2805 pastori
1403 2779 1451 2797 suo
1465 2779 1529 2805 great
1545 2771 1702 2800 adiutarent.
1721 2771 1796 2798 Unde

999 2816 1066 2844 scire
1076 2817 1151 2844 debes
1162 2818 1311 2852 episcopum
1322 2817 1349 2844 in
1362 2816 1480 2844 Ecclesia
1492 2825 1558 2850 esse,
1568 2822 1593 2844 st
1605 2816 1758 2845 Ecclesium
1769 2818 1794 2844 in
