  <div class='ocr_page' id='page_1' title='image "/cluster/home/n/w/nwhite01/storage/ocr_20150623/5/njp.32101077772372/168.png"; bbox 0 0 1866 3073; ppageno 0'>
   <div class='ocr_carea' id='block_1_1' title="bbox 66 111 131 138">
    <p class='ocr_par' dir='ltr' id='par_1_1' title="bbox 66 111 131 138">
     <span class='ocr_line' id='line_1_1' title="bbox 66 111 131 138; baseline 0 0"><span class='ocrx_word' id='word_1_1' title='bbox 66 111 131 138; x_wconf 61' lang='grc' dir='ltr'>ξω</span> 
     </span>
    </p>
   </div>
   <div class='ocr_carea' id='block_1_2' title="bbox 446 111 1183 142">
    <p class='ocr_par' dir='ltr' id='par_1_2' title="bbox 446 111 1183 140">
     <span class='ocr_line' id='line_1_2' title="bbox 446 111 1183 140; baseline 0 0"><span class='ocrx_word' id='word_1_2' title='bbox 446 114 472 140; x_wconf 84' lang='lat' dir='ltr'><strong>J.</strong></span> <span class='ocrx_word' id='word_1_3' title='bbox 494 112 674 140; x_wconf 73' lang='lat' dir='ltr'><strong>PEAltSONIl</strong></span> <span class='ocrx_word' id='word_1_4' title='bbox 692 111 850 140; x_wconf 63' lang='lat' dir='ltr'><strong>VlNDlCIA‘Z</strong></span> <span class='ocrx_word' id='word_1_5' title='bbox 871 111 1082 140; x_wconf 58' lang='grc' dir='ltr'><strong>ΙΟΝΑΤΙΛΝᾹἝ.</strong></span> <span class='ocrx_word' id='word_1_6' title='bbox 1103 129 1138 134; x_wconf 87' lang='grc'><strong>-</strong></span> <span class='ocrx_word' id='word_1_7' title='bbox 1157 113 1183 140; x_wconf 85' lang='grc' dir='ltr'><strong>Ρ.</strong></span> 
     </span>
    </p>
   </div>
   <div class='ocr_carea' id='block_1_3' title="bbox 548 111 1285 142">
    <p class='ocr_par' dir='ltr' id='par_1_3' title="bbox 548 111 1285 142">
     <span class='ocr_line' id='line_1_3' title="bbox 548 111 1285 142; baseline 0.001 -2"><span class='ocrx_word' id='word_1_8' title='bbox 548 112 674 140; x_wconf 73' lang='lat' dir='ltr'><strong>lltSONll</strong></span> <span class='ocrx_word' id='word_1_9' title='bbox 692 111 850 140; x_wconf 71' lang='lat' dir='ltr'><strong>VlNDlChE</strong></span> <span class='ocrx_word' id='word_1_10' title='bbox 871 111 1082 140; x_wconf 66' lang='grc' dir='ltr'><strong>ΙΟΝΑΤΙΛΝᾹῖ.</strong></span> <span class='ocrx_word' id='word_1_11' title='bbox 1103 129 1138 134; x_wconf 87' lang='grc'><strong>-</strong></span> <span class='ocrx_word' id='word_1_12' title='bbox 1157 113 1248 141; x_wconf 69' lang='lat' dir='ltr'><strong>PARS</strong></span> <span class='ocrx_word' id='word_1_13' title='bbox 1266 114 1285 142; x_wconf 80' lang='grc' dir='ltr'><strong>ι.</strong></span> 
     </span>
    </p>
   </div>
   <div class='ocr_carea' id='block_1_4' title="bbox 1681 115 1734 143">
    <p class='ocr_par' dir='ltr' id='par_1_4' title="bbox 1681 115 1734 143">
     <span class='ocr_line' id='line_1_4' title="bbox 1681 115 1734 143; baseline 0.019 -1"><span class='ocrx_word' id='word_1_14' title='bbox 1681 115 1734 143; x_wconf 62' lang='grc'><strong>20⁵2</strong></span> 
     </span>
    </p>
   </div>
   <div class='ocr_carea' id='block_1_5' title="bbox 70 169 1732 207">
    <p class='ocr_par' dir='ltr' id='par_1_5' title="bbox 70 169 1732 207">
     <span class='ocr_line' id='line_1_5' title="bbox 70 169 1732 207; baseline 0.002 -10"><span class='ocrx_word' id='word_1_15' title='bbox 70 171 225 204; x_wconf 72' lang='lat' dir='ltr'><strong>episcopo.</strong></span> <span class='ocrx_word' id='word_1_16' title='bbox 241 174 268 196; x_wconf 78' lang='lat' dir='ltr'><strong>et</strong></span> <span class='ocrx_word' id='word_1_17' title='bbox 286 171 309 197; x_wconf 74' lang='lat' dir='ltr'><strong>si</strong></span> <span class='ocrx_word' id='word_1_18' title='bbox 320 170 368 207; x_wconf 87' lang='lat' dir='ltr'><strong>qui</strong></span> <span class='ocrx_word' id='word_1_19' title='bbox 386 179 451 198; x_wconf 83' lang='lat' dir='ltr'><strong>cum</strong></span> <span class='ocrx_word' id='word_1_20' title='bbox 468 172 588 207; x_wconf 79' lang='lat' dir='ltr'><strong>episcopo</strong></span> <span class='ocrx_word' id='word_1_21' title='bbox 606 180 657 198; x_wconf 89' lang='lat' dir='ltr'><strong>non</strong></span> <span class='ocrx_word' id='word_1_22' title='bbox 669 176 745 205; x_wconf 74' lang='lat' dir='ltr'><strong>sunt,</strong></span> <span class='ocrx_word' id='word_1_23' title='bbox 756 173 783 198; x_wconf 84' lang='lat' dir='ltr'><strong>iu</strong></span> <span class='ocrx_word' id='word_1_24' title='bbox 799 171 891 198; x_wconf 84' lang='lat' dir='ltr'><strong>Eccle—</strong></span> <span class='ocrx_word' id='word_1_25' title='bbox 905 173 928 201; x_wconf 80' lang='grc' dir='ltr'>Α</span> <span class='ocrx_word' id='word_1_26' title='bbox 944 169 1119 199; x_wconf 67' lang='lat' dir='ltr'><strong>Marcionita:</strong></span> <span class='ocrx_word' id='word_1_27' title='bbox 1142 176 1216 198; x_wconf 85' lang='lat' dir='ltr'><strong>notat</strong></span> <span class='ocrx_word' id='word_1_28' title='bbox 1229 192 1235 204; x_wconf 91' lang='lat'><strong>,</strong></span> <span class='ocrx_word' id='word_1_29' title='bbox 1258 172 1304 207; x_wconf 86' lang='lat' dir='ltr'><strong>qui</strong></span> <span class='ocrx_word' id='word_1_30' title='bbox 1328 171 1463 200; x_wconf 74' lang='lat' dir='ltr'><strong>Christum</strong></span> <span class='ocrx_word' id='word_1_31' title='bbox 1482 173 1640 206; x_wconf 71' lang='lat' dir='ltr'><strong>phantasma</strong></span> <span class='ocrx_word' id='word_1_32' title='bbox 1663 173 1732 200; x_wconf 78' lang='lat' dir='ltr'><strong>dire-</strong></span> 
     </span>
    </p>
   </div>
   <div class='ocr_carea' id='block_1_6' title="bbox 72 216 889 251">
    <p class='ocr_par' dir='ltr' id='par_1_6' title="bbox 72 216 889 251">
     <span class='ocr_line' id='line_1_6' title="bbox 72 216 889 251; baseline 0.002 -10"><span class='ocrx_word' id='word_1_33' title='bbox 72 216 122 241; x_wconf 76' lang='lat' dir='ltr'><strong>sin</strong></span> <span class='ocrx_word' id='word_1_34' title='bbox 137 223 195 241; x_wconf 85' lang='lat' dir='ltr'><strong>non</strong></span> <span class='ocrx_word' id='word_1_35' title='bbox 211 223 280 245; x_wconf 73' lang='lat' dir='ltr'><strong>esse.</strong></span> <span class='ocrx_word' id='word_1_36' title='bbox 298 216 382 250; x_wconf 88' lang='lat' dir='ltr'><strong>epist.</strong></span> <span class='ocrx_word' id='word_1_37' title='bbox 399 216 453 249; x_wconf 83' lang='lat'><strong>69;</strong></span> <span class='ocrx_word' id='word_1_38' title='bbox 476 217 570 244; x_wconf 85' lang='lat' dir='ltr'><strong>eodem</strong></span> <span class='ocrx_word' id='word_1_39' title='bbox 586 224 640 251; x_wconf 89' lang='lat' dir='ltr'><strong>quo</strong></span> <span class='ocrx_word' id='word_1_40' title='bbox 655 216 768 251; x_wconf 87' lang='lat' dir='ltr'><strong>Optatus</strong></span> <span class='ocrx_word' id='word_1_41' title='bbox 788 216 889 251; x_wconf 85' lang='lat' dir='ltr'><strong>pariter</strong></span> 
     </span>
    </p>
   </div>
   <div class='ocr_carea' id='block_1_7' title="bbox 73 261 889 298">
    <p class='ocr_par' dir='ltr' id='par_1_7' title="bbox 73 261 889 298">
     <span class='ocr_line' id='line_1_7' title="bbox 73 261 889 298; baseline 0.001 -10"><span class='ocrx_word' id='word_1_42' title='bbox 73 261 266 289; x_wconf 73' lang='lat' dir='ltr'><strong>Africanus:</strong></span> <span class='ocrx_word' id='word_1_43' title='bbox 289 261 414 289; x_wconf 72' lang='lat' dir='ltr'><strong>Ecclesia</strong></span> <span class='ocrx_word' id='word_1_44' title='bbox 429 268 501 289; x_wconf 81' lang='lat' dir='ltr'><strong>certa</strong></span> <span class='ocrx_word' id='word_1_45' title='bbox 520 264 641 298; x_wconf 63' lang='lat' dir='ltr'><strong>quietiam</strong></span> <span class='ocrx_word' id='word_1_46' title='bbox 660 263 776 289; x_wconf 84' lang='lat' dir='ltr'><strong>membra</strong></span> <span class='ocrx_word' id='word_1_47' title='bbox 795 263 889 296; x_wconf 81' lang='lat' dir='ltr'><strong>habet,</strong></span> 
     </span>
    </p>
   </div>
   <div class='ocr_carea' id='block_1_8' title="bbox 74 308 888 343">
    <p class='ocr_par' dir='ltr' id='par_1_8' title="bbox 74 308 888 343">
     <span class='ocr_line' id='line_1_8' title="bbox 74 308 888 343; baseline 0.001 -9"><span class='ocrx_word' id='word_1_48' title='bbox 74 308 242 342; x_wconf 72' lang='lat' dir='ltr'><strong>episcopos,</strong></span> <span class='ocrx_word' id='word_1_49' title='bbox 255 308 437 343; x_wconf 70' lang='lat' dir='ltr'><strong>presbyteros,</strong></span> <span class='ocrx_word' id='word_1_50' title='bbox 452 309 575 336; x_wconf 77' lang='lat' dir='ltr'><strong>diaconos</strong></span> <span class='ocrx_word' id='word_1_51' title='bbox 597 314 621 336; x_wconf 84' lang='lat' dir='ltr'><strong>et</strong></span> <span class='ocrx_word' id='word_1_52' title='bbox 637 310 739 335; x_wconf 84' lang='lat' dir='ltr'><strong>turbam</strong></span> <span class='ocrx_word' id='word_1_53' title='bbox 753 309 888 343; x_wconf 83' lang='lat' dir='ltr'><strong>ﬁdelium;</strong></span> 
     </span>
    </p>
   </div>
   <div class='ocr_carea' id='block_1_9' title="bbox 74 354 890 389">
    <p class='ocr_par' dir='ltr' id='par_1_9' title="bbox 74 354 890 389">
     <span class='ocr_line' id='line_1_9' title="bbox 74 354 890 389; baseline 0.002 -9"><span class='ocrx_word' id='word_1_54' title='bbox 74 354 187 381; x_wconf 83' lang='lat' dir='ltr'><strong>eodem</strong></span> <span class='ocrx_word' id='word_1_55' title='bbox 202 362 262 389; x_wconf 92' lang='lat' dir='ltr'><strong>quo</strong></span> <span class='ocrx_word' id='word_1_56' title='bbox 284 355 382 382; x_wconf 72' lang='lat' dir='ltr'><strong>V’ictor</strong></span> <span class='ocrx_word' id='word_1_57' title='bbox 399 355 521 384; x_wconf 72' lang='lat' dir='ltr'><strong>Vitensis</strong></span> <span class='ocrx_word' id='word_1_58' title='bbox 545 355 625 383; x_wconf 85' lang='lat' dir='ltr'><strong>etiam</strong></span> <span class='ocrx_word' id='word_1_59' title='bbox 641 356 787 384; x_wconf 81' lang='lat' dir='ltr'><strong>Africanus</strong></span> <span class='ocrx_word' id='word_1_60' title='bbox 803 365 809 382; x_wconf 93' lang='lat'>:</span> <span class='ocrx_word' id='word_1_61' title='bbox 823 356 890 389; x_wconf 80' lang='lat' dir='ltr'><strong>Qui-</strong></span> 
     </span>
    </p>
   </div>
   <div class='ocr_carea' id='block_1_10' title="bbox 76 401 889 438">
    <p class='ocr_par' dir='ltr' id='par_1_10' title="bbox 76 401 889 438">
     <span class='ocr_line' id='line_1_10' title="bbox 76 401 889 438; baseline 0.004 -12"><span class='ocrx_word' id='word_1_62' title='bbox 76 401 134 427; x_wconf 68' lang='lat' dir='ltr'><strong>bus</strong></span> <span class='ocrx_word' id='word_1_63' title='bbox 149 406 248 427; x_wconf 83' lang='lat' dir='ltr'><strong>autem</strong></span> <span class='ocrx_word' id='word_1_64' title='bbox 259 409 405 436; x_wconf 80' lang='lat' dir='ltr'><strong>persequar</strong></span> <span class='ocrx_word' id='word_1_65' title='bbox 418 402 573 437; x_wconf 73' lang='lat' dir='ltr'><strong>[luminibus</strong></span> <span class='ocrx_word' id='word_1_66' title='bbox 584 402 772 438; x_wconf 82' lang='lat' dir='ltr'><strong>lacrymarum,</strong></span> <span class='ocrx_word' id='word_1_67' title='bbox 785 403 889 438; x_wconf 86' lang='lat' dir='ltr'><strong>quando</strong></span> 
     </span>
    </p>
   </div>
   <div class='ocr_carea' id='block_1_11' title="bbox 75 447 889 483">
    <p class='ocr_par' dir='ltr' id='par_1_11' title="bbox 75 447 889 483">
     <span class='ocr_line' id='line_1_11' title="bbox 75 447 889 483; baseline 0 -9"><span class='ocrx_word' id='word_1_68' title='bbox 75 447 245 483; x_wconf 72' lang='lat' dir='ltr'><strong>episcopos,</strong></span> <span class='ocrx_word' id='word_1_69' title='bbox 273 448 450 482; x_wconf 70' lang='lat' dir='ltr'><strong>presbyteros,</strong></span> <span class='ocrx_word' id='word_1_70' title='bbox 476 448 610 480; x_wconf 78' lang='lat' dir='ltr'><strong><em>diaconos,</em></strong></span> <span class='ocrx_word' id='word_1_71' title='bbox 634 452 660 474; x_wconf 84' lang='lat' dir='ltr'><strong>et</strong></span> <span class='ocrx_word' id='word_1_72' title='bbox 683 448 739 474; x_wconf 85' lang='lat' dir='ltr'><strong>alia</strong></span> <span class='ocrx_word' id='word_1_73' title='bbox 763 447 889 475; x_wconf 63' lang='lat' dir='ltr'><strong>Ecclesia:</strong></span> 
     </span>
    </p>
   </div>
   <div class='ocr_carea' id='block_1_12' title="bbox 75 494 667 522">
    <p class='ocr_par' dir='ltr' id='par_1_12' title="bbox 75 494 667 522">
     <span class='ocr_line' id='line_1_12' title="bbox 75 494 667 522; baseline 0.002 -2"><span class='ocrx_word' id='word_1_74' title='bbox 75 495 215 521; x_wconf 69' lang='lat' dir='ltr'><strong>membra</strong></span> <span class='ocrx_word' id='word_1_75' title='bbox 231 494 267 520; x_wconf 86' lang='lat' dir='ltr'><strong>ad</strong></span> <span class='ocrx_word' id='word_1_76' title='bbox 282 494 407 521; x_wconf 66' lang='lat' dir='ltr'><strong>exsilium</strong></span> <span class='ocrx_word' id='word_1_77' title='bbox 423 495 502 521; x_wconf 83' lang='lat' dir='ltr'><strong>eremi</strong></span> <span class='ocrx_word' id='word_1_78' title='bbox 516 495 667 522; x_wconf 74' lang='lat' dir='ltr'><strong>destinavit.</strong></span> 
     </span>
    </p>
   </div>
   <div class='ocr_carea' id='block_1_13' title="bbox 120 537 885 573">
    <p class='ocr_par' dir='ltr' id='par_1_13' title="bbox 120 537 885 573">
     <span class='ocr_line' id='line_1_13' title="bbox 120 537 885 573; baseline -0.001 -8"><span class='ocrx_word' id='word_1_79' title='bbox 120 538 282 570; x_wconf 81' lang='lat' dir='ltr'><strong>Secundo,</strong></span> <span class='ocrx_word' id='word_1_80' title='bbox 298 538 401 573; x_wconf 88' lang='lat' dir='ltr'><strong>colligit</strong></span> <span class='ocrx_word' id='word_1_81' title='bbox 422 538 555 572; x_wconf 76' lang='lat' dir='ltr'><strong>lgnatium</strong></span> <span class='ocrx_word' id='word_1_82' title='bbox 575 542 699 565; x_wconf 88' lang='lat' dir='ltr'><strong>nostrum</strong></span> <span class='ocrx_word' id='word_1_83' title='bbox 718 537 885 564; x_wconf 85' lang='lat' dir='ltr'><strong>Tcrtulliano</strong></span> 
     </span>
    </p>
   </div>
   <div class='ocr_carea' id='block_1_14' title="bbox 77 583 885 619">
    <p class='ocr_par' dir='ltr' id='par_1_14' title="bbox 77 583 885 619">
     <span class='ocr_line' id='line_1_14' title="bbox 77 583 885 619; baseline 0.001 -8"><span class='ocrx_word' id='word_1_84' title='bbox 77 584 179 612; x_wconf 82' lang='lat' dir='ltr'><strong>fuisse</strong></span> <span class='ocrx_word' id='word_1_85' title='bbox 208 584 352 619; x_wconf 81' lang='lat' dir='ltr'><strong>ignotum,</strong></span> <span class='ocrx_word' id='word_1_86' title='bbox 367 583 431 618; x_wconf 85' lang='lat' dir='ltr'><strong>quia</strong></span> <span class='ocrx_word' id='word_1_87' title='bbox 452 591 514 610; x_wconf 89' lang='lat' dir='ltr'><strong>cum</strong></span> <span class='ocrx_word' id='word_1_88' title='bbox 536 591 586 610; x_wconf 86' lang='lat' dir='ltr'><strong>non</strong></span> <span class='ocrx_word' id='word_1_89' title='bbox 601 583 688 611; x_wconf 82' lang='lat' dir='ltr'><strong>solum</strong></span> <span class='ocrx_word' id='word_1_90' title='bbox 711 588 885 612; x_wconf 70' lang='lat' dir='ltr'><strong>antecessores</strong></span> 
     </span>
    </p>
   </div>
   <div class='ocr_carea' id='block_1_15' title="bbox 75 630 888 665">
    <p class='ocr_par' dir='ltr' id='par_1_15' title="bbox 75 630 888 665">
     <span class='ocr_line' id='line_1_15' title="bbox 75 630 888 665; baseline 0 -8"><span class='ocrx_word' id='word_1_91' title='bbox 75 639 164 659; x_wconf 75' lang='lat' dir='ltr'><strong>suos.</strong></span> <span class='ocrx_word' id='word_1_92' title='bbox 180 631 231 657; x_wconf 78' lang='lat' dir='ltr'><strong>sed</strong></span> <span class='ocrx_word' id='word_1_93' title='bbox 252 630 371 664; x_wconf 82' lang='lat' dir='ltr'><strong>ipsorum</strong></span> <span class='ocrx_word' id='word_1_94' title='bbox 386 630 467 656; x_wconf 84' lang='lat' dir='ltr'><strong>etiam</strong></span> <span class='ocrx_word' id='word_1_95' title='bbox 488 630 720 657; x_wconf 74' lang='lat' dir='ltr'><strong>Ita’resiurcharum</strong></span> <span class='ocrx_word' id='word_1_96' title='bbox 739 635 888 665; x_wconf 80' lang='lat' dir='ltr'><strong>contempo-</strong></span> 
     </span>
    </p>
   </div>
   <div class='ocr_carea' id='block_1_16' title="bbox 80 675 887 711">
    <p class='ocr_par' dir='ltr' id='par_1_16' title="bbox 80 675 887 711">
     <span class='ocr_line' id='line_1_16' title="bbox 80 675 887 711; baseline 0.002 -9"><span class='ocrx_word' id='word_1_97' title='bbox 80 679 163 703; x_wconf 82' lang='lat' dir='ltr'><strong>rales</strong></span> <span class='ocrx_word' id='word_1_98' title='bbox 184 676 348 702; x_wconf 79' lang='lat' dir='ltr'><strong><em>nominatim</em></strong></span> <span class='ocrx_word' id='word_1_99' title='bbox 365 680 514 708; x_wconf 79' lang='lat' dir='ltr'><strong>recenseat,</strong></span> <span class='ocrx_word' id='word_1_100' title='bbox 531 675 667 711; x_wconf 85' lang='lat' dir='ltr'><strong>Ignotium</strong></span> <span class='ocrx_word' id='word_1_101' title='bbox 687 684 719 702; x_wconf 83' lang='lat' dir='ltr'><strong>ne</strong></span> <span class='ocrx_word' id='word_1_102' title='bbox 741 678 887 704; x_wconf 81' lang='lat' dir='ltr'><strong>nominauit</strong></span> 
     </span>
    </p>
   </div>
   <div class='ocr_carea' id='block_1_17' title="bbox 76 720 889 756">
    <p class='ocr_par' dir='ltr' id='par_1_17' title="bbox 76 720 889 756">
     <span class='ocr_line' id='line_1_17' title="bbox 76 720 889 756; baseline 0.004 -10"><span class='ocrx_word' id='word_1_103' title='bbox 76 721 222 754; x_wconf 81' lang='lat' dir='ltr'><strong>quidem;</strong></span> <span class='ocrx_word' id='word_1_104' title='bbox 246 720 389 748; x_wconf 75' lang='lat' dir='ltr'><strong>videmnus</strong></span> <span class='ocrx_word' id='word_1_105' title='bbox 411 729 493 756; x_wconf 85' lang='lat' dir='ltr'><strong>quam</strong></span> <span class='ocrx_word' id='word_1_106' title='bbox 510 725 591 749; x_wconf 88' lang='lat' dir='ltr'><strong>recte.</strong></span> <span class='ocrx_word' id='word_1_107' title='bbox 615 721 799 750; x_wconf 87' lang='lat' dir='ltr'><strong>Tertullianus</strong></span> <span class='ocrx_word' id='word_1_108' title='bbox 820 723 889 750; x_wconf 86' lang='lat' dir='ltr'><strong>scri-</strong></span> 
     </span>
    </p>
   </div>
   <div class='ocr_carea' id='block_1_18' title="bbox 79 765 887 803">
    <p class='ocr_par' dir='ltr' id='par_1_18' title="bbox 79 765 887 803">
     <span class='ocr_line' id='line_1_18' title="bbox 79 765 887 803; baseline 0.002 -10"><span class='ocrx_word' id='word_1_109' title='bbox 79 767 158 794; x_wconf 79' lang='lat' dir='ltr'><strong>hens</strong></span> <span class='ocrx_word' id='word_1_110' title='bbox 175 767 316 794; x_wconf 81' lang='lat' dir='ltr'><strong>adversus</strong></span> <span class='ocrx_word' id='word_1_111' title='bbox 325 765 539 800; x_wconf 77' lang='lat' dir='ltr'><strong>Valentinianos,</strong></span> <span class='ocrx_word' id='word_1_112' title='bbox 551 768 678 795; x_wconf 88' lang='lat' dir='ltr'><strong>observat</strong></span> <span class='ocrx_word' id='word_1_113' title='bbox 692 768 780 803; x_wconf 90' lang='lat' dir='ltr'><strong>primo</strong></span> <span class='ocrx_word' id='word_1_114' title='bbox 791 776 887 796; x_wconf 89' lang='lat' dir='ltr'><strong>eorum</strong></span> 
     </span>
    </p>
   </div>
   <div class='ocr_carea' id='block_1_19' title="bbox 77 812 886 849">
    <p class='ocr_par' dir='ltr' id='par_1_19' title="bbox 77 812 886 849">
     <span class='ocr_line' id='line_1_19' title="bbox 77 812 886 849; baseline 0.005 -11"><span class='ocrx_word' id='word_1_115' title='bbox 77 812 232 847; x_wconf 71' lang='lat' dir='ltr'><strong>originem</strong></span> <span class='ocrx_word' id='word_1_116' title='bbox 252 813 280 839; x_wconf 93' lang='lat' dir='ltr'><strong>in</strong></span> <span class='ocrx_word' id='word_1_117' title='bbox 297 812 453 846; x_wconf 80' lang='lat' dir='ltr'><strong>Valentino,</strong></span> <span class='ocrx_word' id='word_1_118' title='bbox 467 813 526 848; x_wconf 82' lang='lat' dir='ltr'><strong>ejus</strong></span> <span class='ocrx_word' id='word_1_119' title='bbox 543 821 677 849; x_wconf 82' lang='lat' dir='ltr'><strong>sequaces</strong></span> <span class='ocrx_word' id='word_1_120' title='bbox 691 819 776 848; x_wconf 85' lang='lat' dir='ltr'><strong>notat,</strong></span> <span class='ocrx_word' id='word_1_121' title='bbox 790 814 886 842; x_wconf 88' lang='lat' dir='ltr'><strong>Colar-</strong></span> 
     </span>
    </p>
   </div>
   <div class='ocr_carea' id='block_1_20' title="bbox 79 847 923 893">
    <p class='ocr_par' dir='ltr' id='par_1_20' title="bbox 79 847 923 893">
     <span class='ocr_line' id='line_1_20' title="bbox 79 847 923 893; baseline 0.005 -10"><span class='ocrx_word' id='word_1_122' title='bbox 79 857 208 888; x_wconf 68' lang='lat' dir='ltr'><strong>lusum,</strong></span> <span class='ocrx_word' id='word_1_123' title='bbox 222 857 410 890; x_wconf 69' lang='lat' dir='ltr'><strong>Ptolemaeum,</strong></span> <span class='ocrx_word' id='word_1_124' title='bbox 421 857 624 892; x_wconf 84' lang='lat' dir='ltr'><strong>lleracleonem,</strong></span> <span class='ocrx_word' id='word_1_125' title='bbox 639 858 805 893; x_wconf 90' lang='lat' dir='ltr'><strong>Secundum,</strong></span> <span class='ocrx_word' id='word_1_126' title='bbox 818 859 886 887; x_wconf 79' lang='lat' dir='ltr'><strong>Mar-</strong></span> <span class='ocrx_word' id='word_1_127' title='bbox 902 847 923 876; x_wconf 78' lang='grc' dir='ltr'><strong><em>Β</em></strong></span> 
     </span>
    </p>
   </div>
   <div class='ocr_carea' id='block_1_21' title="bbox 78 902 884 939">
    <p class='ocr_par' dir='ltr' id='par_1_21' title="bbox 78 902 884 939">
     <span class='ocr_line' id='line_1_21' title="bbox 78 902 884 939; baseline 0.005 -10"><span class='ocrx_word' id='word_1_128' title='bbox 78 910 152 930; x_wconf 85' lang='lat' dir='ltr'><strong>cum</strong></span> <span class='ocrx_word' id='word_1_129' title='bbox 169 907 202 930; x_wconf 81' lang='lat' dir='ltr'><strong>et.</strong></span> <span class='ocrx_word' id='word_1_130' title='bbox 218 902 405 936; x_wconf 86' lang='lat' dir='ltr'><strong>Theotimum,</strong></span> <span class='ocrx_word' id='word_1_131' title='bbox 426 904 472 939; x_wconf 88' lang='lat' dir='ltr'><strong>qui</strong></span> <span class='ocrx_word' id='word_1_132' title='bbox 488 905 613 939; x_wconf 85' lang='lat' dir='ltr'><strong>quamvis</strong></span> <span class='ocrx_word' id='word_1_133' title='bbox 634 904 818 932; x_wconf 82' lang='lat' dir='ltr'><strong>Valentiniani</strong></span> <span class='ocrx_word' id='word_1_134' title='bbox 841 906 884 933; x_wconf 92' lang='lat' dir='ltr'><strong>di-</strong></span> 
     </span>
    </p>
   </div>
   <div class='ocr_carea' id='block_1_22' title="bbox 79 948 882 986">
    <p class='ocr_par' dir='ltr' id='par_1_22' title="bbox 79 948 882 986">
     <span class='ocr_line' id='line_1_22' title="bbox 79 948 882 986; baseline 0.005 -11"><span class='ocrx_word' id='word_1_135' title='bbox 79 953 238 981; x_wconf 62' lang='lat' dir='ltr'><strong>serentur,</strong></span> <span class='ocrx_word' id='word_1_136' title='bbox 257 948 372 975; x_wconf 86' lang='lat' dir='ltr'><strong>multum</strong></span> <span class='ocrx_word' id='word_1_137' title='bbox 390 953 480 976; x_wconf 88' lang='lat' dir='ltr'><strong>tamen</strong></span> <span class='ocrx_word' id='word_1_138' title='bbox 495 957 510 976; x_wconf 86' lang='lat' dir='ltr'><strong>a</strong></span> <span class='ocrx_word' id='word_1_139' title='bbox 524 949 667 978; x_wconf 88' lang='lat' dir='ltr'><strong>Valentino</strong></span> <span class='ocrx_word' id='word_1_140' title='bbox 681 951 882 986; x_wconf 78' lang='lat' dir='ltr'><strong>discrepabant.</strong></span> 
     </span>
    </p>
   </div>
   <div class='ocr_carea' id='block_1_23' title="bbox 80 995 884 1032">
    <p class='ocr_par' dir='ltr' id='par_1_23' title="bbox 80 995 884 1032">
     <span class='ocr_line' id='line_1_23' title="bbox 80 995 884 1032; baseline 0.007 -11"><span class='ocrx_word' id='word_1_141' title='bbox 80 995 199 1022; x_wconf 76' lang='lat' dir='ltr'><strong>Statuit</strong></span> <span class='ocrx_word' id='word_1_142' title='bbox 214 996 298 1030; x_wconf 79' lang='lat' dir='ltr'><strong>igitur</strong></span> <span class='ocrx_word' id='word_1_143' title='bbox 312 996 401 1030; x_wconf 89' lang='lat' dir='ltr'><strong>primo</strong></span> <span class='ocrx_word' id='word_1_144' title='bbox 416 1004 478 1023; x_wconf 89' lang='lat' dir='ltr'><strong>eum</strong></span> <span class='ocrx_word' id='word_1_145' title='bbox 494 997 690 1032; x_wconf 85' lang='lat' dir='ltr'><strong>principalibus</strong></span> <span class='ocrx_word' id='word_1_146' title='bbox 709 1006 789 1032; x_wconf 77' lang='lat' dir='ltr'><strong>agere</strong></span> <span class='ocrx_word' id='word_1_147' title='bbox 800 1019 807 1031; x_wconf 93' lang='lat'><strong>,</strong></span> <span class='ocrx_word' id='word_1_148' title='bbox 828 1007 884 1028; x_wconf 89' lang='lat' dir='ltr'><strong>non</strong></span> 
     </span>
    </p>
   </div>
   <div class='ocr_carea' id='block_1_24' title="bbox 79 1040 884 1078">
    <p class='ocr_par' dir='ltr' id='par_1_24' title="bbox 79 1040 884 1078">
     <span class='ocr_line' id='line_1_24' title="bbox 79 1040 884 1078; baseline 0.005 -12"><span class='ocrx_word' id='word_1_149' title='bbox 79 1048 148 1066; x_wconf 76' lang='lat' dir='ltr'><strong>cum</strong></span> <span class='ocrx_word' id='word_1_150' title='bbox 163 1040 295 1073; x_wconf 69' lang='lat' dir='ltr'><strong>ducibus,</strong></span> <span class='ocrx_word' id='word_1_151' title='bbox 311 1045 340 1068; x_wconf 93' lang='lat' dir='ltr'><strong>ut</strong></span> <span class='ocrx_word' id='word_1_152' title='bbox 352 1041 483 1076; x_wconf 85' lang='lat' dir='ltr'><strong>loquitur,</strong></span> <span class='ocrx_word' id='word_1_153' title='bbox 498 1043 663 1076; x_wconf 75' lang='lat' dir='ltr'><strong>passivorum</strong></span> <span class='ocrx_word' id='word_1_154' title='bbox 675 1043 884 1078; x_wconf 81' lang='lat' dir='ltr'><strong>discipulorum,-</strong></span> 
     </span>
    </p>
   </div>
   <div class='ocr_carea' id='block_1_25' title="bbox 79 1086 883 1122">
    <p class='ocr_par' dir='ltr' id='par_1_25' title="bbox 79 1086 883 1122">
     <span class='ocr_line' id='line_1_25' title="bbox 79 1086 883 1122; baseline 0.005 -10"><span class='ocrx_word' id='word_1_155' title='bbox 79 1086 244 1119; x_wconf 73' lang='lat' dir='ltr'><strong>secnndo,</strong></span> <span class='ocrx_word' id='word_1_156' title='bbox 272 1087 419 1114; x_wconf 78' lang='lat' dir='ltr'><strong>lectoribus</strong></span> <span class='ocrx_word' id='word_1_157' title='bbox 445 1087 607 1122; x_wconf 83' lang='lat' dir='ltr'><strong>persuadere</strong></span> <span class='ocrx_word' id='word_1_158' title='bbox 632 1093 746 1115; x_wconf 71' lang='lat' dir='ltr'><strong>conatur</strong></span> <span class='ocrx_word' id='word_1_159' title='bbox 774 1097 802 1115; x_wconf 88' lang='lat' dir='ltr'><strong>se</strong></span> <span class='ocrx_word' id='word_1_160' title='bbox 829 1097 883 1116; x_wconf 90' lang='lat' dir='ltr'><strong>non</strong></span> 
     </span>
    </p>
   </div>
   <div class='ocr_carea' id='block_1_26' title="bbox 81 1132 883 1169">
    <p class='ocr_par' dir='ltr' id='par_1_26' title="bbox 81 1132 883 1169">
     <span class='ocr_line' id='line_1_26' title="bbox 81 1132 883 1169; baseline 0.005 -10"><span class='ocrx_word' id='word_1_161' title='bbox 81 1132 211 1160; x_wconf 76' lang='lat' dir='ltr'><strong>ﬁnxisse</strong></span> <span class='ocrx_word' id='word_1_162' title='bbox 222 1133 365 1164; x_wconf 86' lang='lat' dir='ltr'><strong>materias,</strong></span> <span class='ocrx_word' id='word_1_163' title='bbox 385 1133 437 1160; x_wconf 92' lang='lat' dir='ltr'><strong>hoc</strong></span> <span class='ocrx_word' id='word_1_164' title='bbox 448 1137 500 1166; x_wconf 74' lang='lat' dir='ltr'><strong>est,</strong></span> <span class='ocrx_word' id='word_1_165' title='bbox 514 1134 640 1169; x_wconf 79' lang='lat' dir='ltr'><strong>dogmata</strong></span> <span class='ocrx_word' id='word_1_166' title='bbox 655 1134 708 1162; x_wconf 90' lang='lat' dir='ltr'><strong>illis</strong></span> <span class='ocrx_word' id='word_1_167' title='bbox 725 1135 883 1163; x_wconf 83' lang='lat' dir='ltr'><strong>attribuisse</strong></span> 
     </span>
    </p>
   </div>
   <div class='ocr_carea' id='block_1_27' title="bbox 80 1178 883 1214">
    <p class='ocr_par' dir='ltr' id='par_1_27' title="bbox 80 1178 883 1214">
     <span class='ocr_line' id='line_1_27' title="bbox 80 1178 883 1214; baseline 0.006 -10"><span class='ocrx_word' id='word_1_168' title='bbox 80 1185 151 1212; x_wconf 66' lang='lat' dir='ltr'><strong>quae</strong></span> <span class='ocrx_word' id='word_1_169' title='bbox 171 1178 227 1213; x_wconf 77' lang='lat' dir='ltr'><strong>ipsi</strong></span> <span class='ocrx_word' id='word_1_170' title='bbox 246 1186 301 1206; x_wconf 91' lang='lat' dir='ltr'><strong>non</strong></span> <span class='ocrx_word' id='word_1_171' title='bbox 311 1179 510 1214; x_wconf 81' lang='lat' dir='ltr'><strong>propalabant;</strong></span> <span class='ocrx_word' id='word_1_172' title='bbox 524 1179 598 1214; x_wconf 88' lang='lat' dir='ltr'><strong>quod</strong></span> <span class='ocrx_word' id='word_1_173' title='bbox 612 1187 644 1208; x_wconf 86' lang='lat' dir='ltr'><strong>ea</strong></span> <span class='ocrx_word' id='word_1_174' title='bbox 663 1188 717 1207; x_wconf 91' lang='lat' dir='ltr'><strong>non</strong></span> <span class='ocrx_word' id='word_1_175' title='bbox 730 1181 817 1208; x_wconf 90' lang='lat' dir='ltr'><strong>solum</strong></span> <span class='ocrx_word' id='word_1_176' title='bbox 835 1190 883 1208; x_wconf 88' lang='lat' dir='ltr'><strong>an-</strong></span> 
     </span>
    </p>
   </div>
   <div class='ocr_carea' id='block_1_28' title="bbox 83 1225 883 1260">
    <p class='ocr_par' dir='ltr' id='par_1_28' title="bbox 83 1225 883 1260">
     <span class='ocr_line' id='line_1_28' title="bbox 83 1225 883 1260; baseline 0.006 -9"><span class='ocrx_word' id='word_1_177' title='bbox 83 1229 238 1251; x_wconf 66' lang='lat' dir='ltr'><strong>tecessores</strong></span> <span class='ocrx_word' id='word_1_178' title='bbox 255 1225 308 1258; x_wconf 69' lang='lat' dir='ltr'><strong>sui,</strong></span> <span class='ocrx_word' id='word_1_179' title='bbox 323 1225 369 1253; x_wconf 87' lang='lat' dir='ltr'><strong>sed</strong></span> <span class='ocrx_word' id='word_1_180' title='bbox 383 1225 505 1260; x_wconf 85' lang='lat' dir='ltr'><strong>ipsorum</strong></span> <span class='ocrx_word' id='word_1_181' title='bbox 521 1226 758 1254; x_wconf 68' lang='lat' dir='ltr'><strong>haresiarcharum</strong></span> <span class='ocrx_word' id='word_1_182' title='bbox 772 1233 883 1255; x_wconf 84' lang='lat' dir='ltr'><strong>contem-</strong></span> 
     </span>
    </p>
   </div>
   <div class='ocr_carea' id='block_1_29' title="bbox 83 1269 882 1307">
    <p class='ocr_par' dir='ltr' id='par_1_29' title="bbox 83 1269 882 1307">
     <span class='ocr_line' id='line_1_29' title="bbox 83 1269 882 1307; baseline 0.006 -12"><span class='ocrx_word' id='word_1_183' title='bbox 83 1269 199 1303; x_wconf 67' lang='grc' dir='ltr'><strong>ρον-δια</strong></span> <span class='ocrx_word' id='word_1_184' title='bbox 213 1270 431 1298; x_wconf 72' lang='lat' dir='ltr'><strong>instructissimis</strong></span> <span class='ocrx_word' id='word_1_185' title='bbox 445 1271 618 1298; x_wconf 76' lang='lat' dir='ltr'><strong>voluminibus</strong></span> <span class='ocrx_word' id='word_1_186' title='bbox 633 1277 657 1299; x_wconf 87' lang='lat' dir='ltr'><strong>et</strong></span> <span class='ocrx_word' id='word_1_187' title='bbox 679 1273 845 1307; x_wconf 82' lang='lat' dir='ltr'><strong>protulerunt</strong></span> <span class='ocrx_word' id='word_1_188' title='bbox 857 1279 882 1300; x_wconf 83' lang='lat' dir='ltr'><strong>et</strong></span> 
     </span>
    </p>
   </div>
   <div class='ocr_carea' id='block_1_30' title="bbox 85 1315 882 1352">
    <p class='ocr_par' dir='ltr' id='par_1_30' title="bbox 85 1315 882 1352">
     <span class='ocr_line' id='line_1_30' title="bbox 85 1315 882 1352; baseline 0.006 -11"><span class='ocrx_word' id='word_1_189' title='bbox 85 1315 263 1342; x_wconf 73' lang='lat' dir='ltr'><strong>retuderunt.</strong></span> <span class='ocrx_word' id='word_1_190' title='bbox 275 1315 379 1343; x_wconf 78' lang='lat' dir='ltr'><strong>Deinde</strong></span> <span class='ocrx_word' id='word_1_191' title='bbox 394 1323 443 1344; x_wconf 87' lang='lat' dir='ltr'><strong>eos</strong></span> <span class='ocrx_word' id='word_1_192' title='bbox 459 1317 592 1349; x_wconf 85' lang='lat' dir='ltr'><strong>nominat,</strong></span> <span class='ocrx_word' id='word_1_193' title='bbox 606 1317 653 1352; x_wconf 88' lang='lat' dir='ltr'><strong>qui</strong></span> <span class='ocrx_word' id='word_1_194' title='bbox 667 1318 712 1344; x_wconf 88' lang='lat' dir='ltr'><strong>illa</strong></span> <span class='ocrx_word' id='word_1_195' title='bbox 725 1318 882 1346; x_wconf 88' lang='lat' dir='ltr'><strong>instructis-</strong></span> 
     </span>
    </p>
   </div>
   <div class='ocr_carea' id='block_1_31' title="bbox 83 1361 881 1398">
    <p class='ocr_par' dir='ltr' id='par_1_31' title="bbox 83 1361 881 1398">
     <span class='ocr_line' id='line_1_31' title="bbox 83 1361 881 1398; baseline 0.006 -11"><span class='ocrx_word' id='word_1_196' title='bbox 83 1361 162 1388; x_wconf 80' lang='lat' dir='ltr'><strong>sima</strong></span> <span class='ocrx_word' id='word_1_197' title='bbox 178 1362 326 1389; x_wconf 73' lang='lat' dir='ltr'><strong>volumina</strong></span> <span class='ocrx_word' id='word_1_198' title='bbox 342 1361 488 1397; x_wconf 82' lang='lat' dir='ltr'><strong>scripsere,</strong></span> <span class='ocrx_word' id='word_1_199' title='bbox 499 1363 598 1398; x_wconf 86' lang='lat' dir='ltr'><strong>quibus</strong></span> <span class='ocrx_word' id='word_1_200' title='bbox 612 1371 706 1391; x_wconf 88' lang='lat' dir='ltr'><strong>omnes</strong></span> <span class='ocrx_word' id='word_1_201' title='bbox 718 1364 778 1392; x_wconf 88' lang='lat' dir='ltr'><strong>illas</strong></span> <span class='ocrx_word' id='word_1_202' title='bbox 793 1365 881 1393; x_wconf 61' lang='lat' dir='ltr'><strong>hcere-</strong></span> 
     </span>
    </p>
   </div>
   <div class='ocr_carea' id='block_1_32' title="bbox 86 1407 880 1445">
    <p class='ocr_par' dir='ltr' id='par_1_32' title="bbox 86 1407 880 1445">
     <span class='ocr_line' id='line_1_32' title="bbox 86 1407 880 1445; baseline 0.005 -11"><span class='ocrx_word' id='word_1_203' title='bbox 86 1408 160 1434; x_wconf 76' lang='lat' dir='ltr'><strong>ticas</strong></span> <span class='ocrx_word' id='word_1_204' title='bbox 176 1407 326 1442; x_wconf 85' lang='lat' dir='ltr'><strong>opiniones</strong></span> <span class='ocrx_word' id='word_1_205' title='bbox 337 1413 525 1442; x_wconf 79' lang='lat' dir='ltr'><strong>exposuerunt</strong></span> <span class='ocrx_word' id='word_1_206' title='bbox 536 1413 618 1444; x_wconf 88' lang='lat' dir='ltr'><strong>atque</strong></span> <span class='ocrx_word' id='word_1_207' title='bbox 629 1409 749 1436; x_wconf 80' lang='lat' dir='ltr'><strong>refutaru</strong></span> <span class='ocrx_word' id='word_1_208' title='bbox 755 1415 794 1443; x_wconf 83' lang='lat' dir='ltr'><strong>nt,</strong></span> <span class='ocrx_word' id='word_1_209' title='bbox 810 1419 880 1445; x_wconf 86' lang='lat' dir='ltr'><strong>quos</strong></span> 
     </span>
    </p>
   </div>
   <div class='ocr_carea' id='block_1_33' title="bbox 84 1452 879 1492">
    <p class='ocr_par' dir='ltr' id='par_1_33' title="bbox 84 1452 879 1492">
     <span class='ocr_line' id='line_1_33' title="bbox 84 1452 879 1492; baseline 0.006 -13"><span class='ocrx_word' id='word_1_210' title='bbox 84 1452 148 1486; x_wconf 80' lang='lat' dir='ltr'><strong>ipse</strong></span> <span class='ocrx_word' id='word_1_211' title='bbox 163 1454 239 1480; x_wconf 88' lang='lat' dir='ltr'><strong>utin</strong></span> <span class='ocrx_word' id='word_1_212' title='bbox 257 1453 310 1480; x_wconf 91' lang='lat' dir='ltr'><strong>hoc</strong></span> <span class='ocrx_word' id='word_1_213' title='bbox 331 1454 469 1481; x_wconf 89' lang='lat' dir='ltr'><strong>scribendi</strong></span> <span class='ocrx_word' id='word_1_214' title='bbox 489 1462 587 1489; x_wconf 83' lang='lat' dir='ltr'><strong>genere</strong></span> <span class='ocrx_word' id='word_1_215' title='bbox 608 1460 772 1490; x_wconf 88' lang='lat' dir='ltr'><strong>assequatur</strong></span> <span class='ocrx_word' id='word_1_216' title='bbox 793 1461 879 1492; x_wconf 89' lang='lat' dir='ltr'><strong>optat.</strong></span> 
     </span>
    </p>
   </div>
   <div class='ocr_carea' id='block_1_34' title="bbox 87 1498 878 1539">
    <p class='ocr_par' dir='ltr' id='par_1_34' title="bbox 87 1498 878 1539">
     <span class='ocr_line' id='line_1_34' title="bbox 87 1498 878 1539; baseline 0.006 -13"><span class='ocrx_word' id='word_1_217' title='bbox 87 1498 197 1526; x_wconf 74' lang='lat' dir='ltr'><strong>Horum</strong></span> <span class='ocrx_word' id='word_1_218' title='bbox 213 1500 321 1534; x_wconf 89' lang='lat' dir='ltr'><strong>primus</strong></span> <span class='ocrx_word' id='word_1_219' title='bbox 333 1499 457 1527; x_wconf 76' lang='lat' dir='ltr'><strong>Justinus</strong></span> <span class='ocrx_word' id='word_1_220' title='bbox 470 1501 638 1536; x_wconf 79' lang='lat' dir='ltr'><strong>philosophus</strong></span> <span class='ocrx_word' id='word_1_221' title='bbox 658 1506 683 1528; x_wconf 92' lang='lat' dir='ltr'><strong>et</strong></span> <span class='ocrx_word' id='word_1_222' title='bbox 698 1508 810 1537; x_wconf 78' lang='lat' dir='ltr'><strong>martyr,</strong></span> <span class='ocrx_word' id='word_1_223' title='bbox 832 1504 878 1539; x_wconf 89' lang='lat' dir='ltr'><strong>qui</strong></span> 
     </span>
    </p>
   </div>
   <div class='ocr_carea' id='block_1_35' title="bbox 89 1545 878 1584">
    <p class='ocr_par' dir='ltr' id='par_1_35' title="bbox 89 1545 878 1584">
     <span class='ocr_line' id='line_1_35' title="bbox 89 1545 878 1584; baseline 0.006 -12"><span class='ocrx_word' id='word_1_224' title='bbox 89 1553 144 1572; x_wconf 90' lang='lat' dir='ltr'><strong>non</strong></span> <span class='ocrx_word' id='word_1_225' title='bbox 159 1550 271 1572; x_wconf 78' lang='lat' dir='ltr'><strong>tantum</strong></span> <span class='ocrx_word' id='word_1_226' title='bbox 296 1550 388 1572; x_wconf 83' lang='lat' dir='ltr'><strong>contra</strong></span> <span class='ocrx_word' id='word_1_227' title='bbox 411 1545 573 1574; x_wconf 66' lang='lat' dir='ltr'><strong>Marciorum</strong></span> <span class='ocrx_word' id='word_1_228' title='bbox 596 1547 711 1582; x_wconf 77' lang='lat' dir='ltr'><strong>insignia</strong></span> <span class='ocrx_word' id='word_1_229' title='bbox 735 1548 878 1584; x_wconf 81' lang='lat' dir='ltr'><strong>volumina,</strong></span> 
     </span>
    </p>
   </div>
   <div class='ocr_carea' id='block_1_36' title="bbox 87 1591 879 1630">
    <p class='ocr_par' dir='ltr' id='par_1_36' title="bbox 87 1591 879 1630">
     <span class='ocr_line' id='line_1_36' title="bbox 87 1591 879 1630; baseline 0.008 -13"><span class='ocrx_word' id='word_1_230' title='bbox 87 1591 137 1618; x_wconf 75' lang='lat' dir='ltr'><strong>sed</strong></span> <span class='ocrx_word' id='word_1_231' title='bbox 152 1596 181 1618; x_wconf 87' lang='lat' dir='ltr'><strong>et</strong></span> <span class='ocrx_word' id='word_1_232' title='bbox 196 1591 282 1618; x_wconf 77' lang='lat' dir='ltr'><strong>alium</strong></span> <span class='ocrx_word' id='word_1_233' title='bbox 301 1591 397 1619; x_wconf 82' lang='lat' dir='ltr'><strong>librum</strong></span> <span class='ocrx_word' id='word_1_234' title='bbox 414 1597 507 1619; x_wconf 80' lang='lat' dir='ltr'><strong>contra</strong></span> <span class='ocrx_word' id='word_1_235' title='bbox 520 1601 608 1620; x_wconf 71' lang='lat' dir='ltr'><strong>omnes</strong></span> <span class='ocrx_word' id='word_1_236' title='bbox 631 1594 739 1621; x_wconf 62' lang='lat' dir='ltr'><strong>litoreae;</strong></span> <span class='ocrx_word' id='word_1_237' title='bbox 764 1596 879 1630; x_wconf 73' lang='lat' dir='ltr'><strong>scripsit,</strong></span> 
     </span>
    </p>
   </div>
   <div class='ocr_carea' id='block_1_37' title="bbox 88 1637 880 1675">
    <p class='ocr_par' dir='ltr' id='par_1_37' title="bbox 88 1637 880 1675">
     <span class='ocr_line' id='line_1_37' title="bbox 88 1637 880 1675; baseline 0.008 -11"><span class='ocrx_word' id='word_1_238' title='bbox 88 1642 120 1664; x_wconf 84' lang='lat' dir='ltr'><strong>ut</strong></span> <span class='ocrx_word' id='word_1_239' title='bbox 134 1642 254 1665; x_wconf 77' lang='lat' dir='ltr'><strong>testatur</strong></span> <span class='ocrx_word' id='word_1_240' title='bbox 267 1637 450 1674; x_wconf 78' lang='lat' dir='ltr'><strong>Hieronymus</strong></span> <span class='ocrx_word' id='word_1_241' title='bbox 476 1639 502 1665; x_wconf 93' lang='lat' dir='ltr'><strong>in</strong></span> <span class='ocrx_word' id='word_1_242' title='bbox 517 1639 658 1675; x_wconf 84' lang='lat' dir='ltr'><strong>Catalogo.</strong></span> <span class='ocrx_word' id='word_1_243' title='bbox 677 1639 820 1670; x_wconf 87' lang='lat' dir='ltr'><strong>Secundus</strong></span> <span class='ocrx_word' id='word_1_244' title='bbox 837 1647 880 1670; x_wconf 88' lang='lat' dir='ltr'><strong>est</strong></span> 
     </span>
    </p>
   </div>
   <div class='ocr_carea' id='block_1_38' title="bbox 91 1683 879 1721">
    <p class='ocr_par' dir='ltr' id='par_1_38' title="bbox 91 1683 879 1721">
     <span class='ocr_line' id='line_1_38' title="bbox 91 1683 879 1721; baseline 0.008 -11"><span class='ocrx_word' id='word_1_245' title='bbox 91 1683 232 1711; x_wconf 70' lang='lat' dir='ltr'><strong>Miltiades</strong></span> <span class='ocrx_word' id='word_1_246' title='bbox 250 1684 422 1712; x_wconf 74' lang='lat' dir='ltr'><strong>ecclesiarum</strong></span> <span class='ocrx_word' id='word_1_247' title='bbox 435 1685 569 1720; x_wconf 74' lang='lat' dir='ltr'><strong>sophista,</strong></span> <span class='ocrx_word' id='word_1_248' title='bbox 586 1694 666 1721; x_wconf 89' lang='lat' dir='ltr'><strong>quem</strong></span> <span class='ocrx_word' id='word_1_249' title='bbox 678 1707 685 1720; x_wconf 94' lang='lat'><strong>,</strong></span> <span class='ocrx_word' id='word_1_250' title='bbox 699 1687 794 1715; x_wconf 83' lang='lat' dir='ltr'><strong>eodem</strong></span> <span class='ocrx_word' id='word_1_251' title='bbox 817 1687 879 1717; x_wconf 86' lang='lat' dir='ltr'><strong>Hie-</strong></span> 
     </span>
    </p>
   </div>
   <div class='ocr_carea' id='block_1_39' title="bbox 91 1731 878 1766">
    <p class='ocr_par' dir='ltr' id='par_1_39' title="bbox 91 1731 878 1766">
     <span class='ocr_line' id='line_1_39' title="bbox 91 1731 878 1766; baseline 0.006 -9"><span class='ocrx_word' id='word_1_252' title='bbox 91 1738 206 1766; x_wconf 81' lang='lat' dir='ltr'><strong>ronymo</strong></span> <span class='ocrx_word' id='word_1_253' title='bbox 224 1735 309 1764; x_wconf 69' lang='lat' dir='ltr'><strong>teste,</strong></span> <span class='ocrx_word' id='word_1_254' title='bbox 325 1731 429 1758; x_wconf 86' lang='lat' dir='ltr'><strong>scimus</strong></span> <span class='ocrx_word' id='word_1_255' title='bbox 447 1732 590 1766; x_wconf 69' lang='lat' dir='ltr'><strong>scripsisse</strong></span> <span class='ocrx_word' id='word_1_256' title='bbox 611 1732 744 1761; x_wconf 82' lang='lat' dir='ltr'><strong>adversus</strong></span> <span class='ocrx_word' id='word_1_257' title='bbox 769 1733 878 1762; x_wconf 80' lang='lat' dir='ltr'><strong>Monta-</strong></span> 
     </span>
    </p>
   </div>
   <div class='ocr_carea' id='block_1_40' title="bbox 93 1776 879 1813">
    <p class='ocr_par' dir='ltr' id='par_1_40' title="bbox 93 1776 879 1813">
     <span class='ocr_line' id='line_1_40' title="bbox 93 1776 879 1813; baseline 0.005 -10"><span class='ocrx_word' id='word_1_258' title='bbox 93 1784 157 1803; x_wconf 84' lang='lat' dir='ltr'><strong>num</strong></span> <span class='ocrx_word' id='word_1_259' title='bbox 176 1776 298 1804; x_wconf 78' lang='lat' dir='ltr'><strong>volumen</strong></span> <span class='ocrx_word' id='word_1_260' title='bbox 312 1778 484 1811; x_wconf 72' lang='lat' dir='ltr'><strong>prweipuum.</strong></span> <span class='ocrx_word' id='word_1_261' title='bbox 498 1777 606 1805; x_wconf 87' lang='lat' dir='ltr'><strong>Tertius</strong></span> <span class='ocrx_word' id='word_1_262' title='bbox 626 1783 668 1806; x_wconf 88' lang='lat' dir='ltr'><strong>est</strong></span> <span class='ocrx_word' id='word_1_263' title='bbox 681 1778 816 1813; x_wconf 75' lang='lat' dir='ltr'><strong>lrenaeus,</strong></span> <span class='ocrx_word' id='word_1_264' title='bbox 831 1787 879 1807; x_wconf 91' lang='lat' dir='ltr'><strong>cu-</strong></span> 
     </span>
    </p>
   </div>
   <div class='ocr_carea' id='block_1_41' title="bbox 91 1822 877 1857">
    <p class='ocr_par' dir='ltr' id='par_1_41' title="bbox 91 1822 877 1857">
     <span class='ocr_line' id='line_1_41' title="bbox 91 1822 877 1857; baseline 0.005 -8"><span class='ocrx_word' id='word_1_265' title='bbox 91 1822 136 1857; x_wconf 80' lang='lat' dir='ltr'><strong>jus</strong></span> <span class='ocrx_word' id='word_1_266' title='bbox 155 1823 402 1851; x_wconf 77' lang='lat' dir='ltr'><strong>instructissimum</strong></span> <span class='ocrx_word' id='word_1_267' title='bbox 416 1823 544 1851; x_wconf 83' lang='lat' dir='ltr'><strong>volumen</strong></span> <span class='ocrx_word' id='word_1_268' title='bbox 559 1824 690 1853; x_wconf 77' lang='lat' dir='ltr'><strong>adversus</strong></span> <span class='ocrx_word' id='word_1_269' title='bbox 708 1824 877 1853; x_wconf 82' lang='lat' dir='ltr'><strong>Valentinia-</strong></span> 
     </span>
    </p>
   </div>
   <div class='ocr_carea' id='block_1_42' title="bbox 95 1867 877 1906">
    <p class='ocr_par' dir='ltr' id='par_1_42' title="bbox 95 1867 877 1906">
     <span class='ocr_line' id='line_1_42' title="bbox 95 1867 877 1906; baseline 0.008 -13"><span class='ocrx_word' id='word_1_270' title='bbox 95 1875 142 1894; x_wconf 88' lang='lat' dir='ltr'><strong>nos</strong></span> <span class='ocrx_word' id='word_1_271' title='bbox 152 1871 251 1894; x_wconf 79' lang='lat' dir='ltr'><strong>exstat.</strong></span> <span class='ocrx_word' id='word_1_272' title='bbox 259 1867 390 1901; x_wconf 86' lang='lat' dir='ltr'><strong>Quartus,</strong></span> <span class='ocrx_word' id='word_1_273' title='bbox 405 1876 485 1903; x_wconf 91' lang='lat' dir='ltr'><strong>quem</strong></span> <span class='ocrx_word' id='word_1_274' title='bbox 501 1868 647 1896; x_wconf 84' lang='lat' dir='ltr'><strong>Proculum</strong></span> <span class='ocrx_word' id='word_1_275' title='bbox 665 1870 798 1904; x_wconf 79' lang='lat' dir='ltr'><strong>nominat,</strong></span> <span class='ocrx_word' id='word_1_276' title='bbox 815 1871 877 1906; x_wconf 88' lang='lat' dir='ltr'><strong>quis</strong></span> 
     </span>
    </p>
   </div>
   <div class='ocr_carea' id='block_1_43' title="bbox 95 1912 873 1950">
    <p class='ocr_par' dir='ltr' id='par_1_43' title="bbox 95 1912 873 1950">
     <span class='ocr_line' id='line_1_43' title="bbox 95 1912 873 1950; baseline 0.006 -11"><span class='ocrx_word' id='word_1_277' title='bbox 95 1912 129 1939; x_wconf 81' lang='lat' dir='ltr'><strong>sit</strong></span> <span class='ocrx_word' id='word_1_278' title='bbox 146 1913 296 1947; x_wconf 79' lang='lat' dir='ltr'><strong>ambigitur</strong></span> <span class='ocrx_word' id='word_1_279' title='bbox 308 1932 316 1946; x_wconf 87' lang='lat'><strong>,</strong></span> <span class='ocrx_word' id='word_1_280' title='bbox 340 1920 402 1947; x_wconf 63' lang='lat' dir='ltr'><strong>qua:</strong></span> <span class='ocrx_word' id='word_1_281' title='bbox 425 1913 575 1948; x_wconf 86' lang='lat' dir='ltr'><strong>scripserit,</strong></span> <span class='ocrx_word' id='word_1_282' title='bbox 592 1915 704 1949; x_wconf 90' lang='lat' dir='ltr'><strong>opinor,</strong></span> <span class='ocrx_word' id='word_1_283' title='bbox 721 1915 873 1950; x_wconf 81' lang='lat' dir='ltr'><strong>ignoratur.</strong></span> 
     </span>
    </p>
   </div>
   <div class='ocr_carea' id='block_1_44' title="bbox 93 1957 875 1995">
    <p class='ocr_par' dir='ltr' id='par_1_44' title="bbox 93 1957 875 1995">
     <span class='ocr_line' id='line_1_44' title="bbox 93 1957 875 1995; baseline 0.008 -10"><span class='ocrx_word' id='word_1_284' title='bbox 93 1957 150 1986; x_wconf 73' lang='lat' dir='ltr'><strong>Jan!</strong></span> <span class='ocrx_word' id='word_1_285' title='bbox 163 1967 231 1986; x_wconf 82' lang='lat' dir='ltr'><strong>vero</strong></span> <span class='ocrx_word' id='word_1_286' title='bbox 248 1967 284 1986; x_wconf 90' lang='lat' dir='ltr'><strong>an</strong></span> <span class='ocrx_word' id='word_1_287' title='bbox 295 1967 404 1994; x_wconf 65' lang='lat' dir='ltr'><strong>aequum</strong></span> <span class='ocrx_word' id='word_1_288' title='bbox 417 1960 535 1994; x_wconf 84' lang='lat' dir='ltr'><strong>postulat</strong></span> <span class='ocrx_word' id='word_1_289' title='bbox 548 1961 590 1988; x_wconf 88' lang='lat' dir='ltr'><strong>vir</strong></span> <span class='ocrx_word' id='word_1_290' title='bbox 601 1961 777 1990; x_wconf 83' lang='lat' dir='ltr'><strong>doctissimus</strong></span> <span class='ocrx_word' id='word_1_291' title='bbox 789 1983 796 1995; x_wconf 88' lang='lat'><strong>,</strong></span> <span class='ocrx_word' id='word_1_292' title='bbox 812 1971 875 1991; x_wconf 90' lang='lat' dir='ltr'><strong>cum</strong></span> 
     </span>
    </p>
   </div>
   <div class='ocr_carea' id='block_1_45' title="bbox 96 2005 875 2044">
    <p class='ocr_par' dir='ltr' id='par_1_45' title="bbox 96 2005 875 2044">
     <span class='ocr_line' id='line_1_45' title="bbox 96 2005 875 2044; baseline 0.008 -12"><span class='ocrx_word' id='word_1_293' title='bbox 96 2005 217 2040; x_wconf 80' lang='lat' dir='ltr'><strong>requirit,</strong></span> <span class='ocrx_word' id='word_1_294' title='bbox 239 2012 270 2033; x_wconf 90' lang='lat' dir='ltr'><strong>ut</strong></span> <span class='ocrx_word' id='word_1_295' title='bbox 281 2005 401 2042; x_wconf 75' lang='lat' dir='ltr'><strong>lgnatius</strong></span> <span class='ocrx_word' id='word_1_296' title='bbox 412 2007 464 2034; x_wconf 89' lang='lat' dir='ltr'><strong>hoc</strong></span> <span class='ocrx_word' id='word_1_297' title='bbox 477 2007 537 2034; x_wconf 93' lang='lat' dir='ltr'><strong>loco</strong></span> <span class='ocrx_word' id='word_1_298' title='bbox 552 2008 624 2035; x_wconf 83' lang='lat' dir='ltr'><strong>inter</strong></span> <span class='ocrx_word' id='word_1_299' title='bbox 636 2008 686 2036; x_wconf 85' lang='lat' dir='ltr'><strong>hos</strong></span> <span class='ocrx_word' id='word_1_300' title='bbox 700 2013 819 2044; x_wconf 86' lang='lat' dir='ltr'><strong>quatuor</strong></span> <span class='ocrx_word' id='word_1_301' title='bbox 833 2011 875 2038; x_wconf 83' lang='lat' dir='ltr'><strong>vi-</strong></span> 
     </span>
    </p>
   </div>
   <div class='ocr_carea' id='block_1_46' title="bbox 98 2052 876 2092">
    <p class='ocr_par' dir='ltr' id='par_1_46' title="bbox 98 2052 876 2092">
     <span class='ocr_line' id='line_1_46' title="bbox 98 2052 876 2092; baseline 0.006 -13"><span class='ocrx_word' id='word_1_302' title='bbox 98 2060 139 2080; x_wconf 80' lang='lat' dir='ltr'><strong>ros</strong></span> <span class='ocrx_word' id='word_1_303' title='bbox 152 2057 331 2086; x_wconf 86' lang='lat' dir='ltr'><strong>memoretur,</strong></span> <span class='ocrx_word' id='word_1_304' title='bbox 343 2057 391 2080; x_wconf 90' lang='lat' dir='ltr'><strong>aut</strong></span> <span class='ocrx_word' id='word_1_305' title='bbox 405 2053 513 2088; x_wconf 83' lang='lat' dir='ltr'><strong>penitus</strong></span> <span class='ocrx_word' id='word_1_306' title='bbox 527 2052 697 2082; x_wconf 87' lang='lat' dir='ltr'><strong>Tertulliano</strong></span> <span class='ocrx_word' id='word_1_307' title='bbox 709 2055 818 2088; x_wconf 78' lang='lat' dir='ltr'><strong>ignotus</strong></span> <span class='ocrx_word' id='word_1_308' title='bbox 831 2057 876 2092; x_wconf 91' lang='lat' dir='ltr'><strong>ju-</strong></span> 
     </span>
    </p>
   </div>
   <div class='ocr_carea' id='block_1_47' title="bbox 97 2096 876 2135">
    <p class='ocr_par' dir='ltr' id='par_1_47' title="bbox 97 2096 876 2135">
     <span class='ocr_line' id='line_1_47' title="bbox 97 2096 876 2135; baseline 0.006 -12"><span class='ocrx_word' id='word_1_309' title='bbox 97 2096 215 2124; x_wconf 85' lang='lat' dir='ltr'><strong>dicetur?</strong></span> <span class='ocrx_word' id='word_1_310' title='bbox 229 2097 271 2124; x_wconf 82' lang='lat' dir='ltr'><strong>An</strong></span> <span class='ocrx_word' id='word_1_311' title='bbox 295 2096 416 2132; x_wconf 75' lang='lat' dir='ltr'><strong>lgnatius</strong></span> <span class='ocrx_word' id='word_1_312' title='bbox 432 2099 675 2127; x_wconf 82' lang='lat' dir='ltr'><strong>instructissimum</strong></span> <span class='ocrx_word' id='word_1_313' title='bbox 697 2100 807 2135; x_wconf 88' lang='lat' dir='ltr'><strong>aliquod</strong></span> <span class='ocrx_word' id='word_1_314' title='bbox 828 2103 876 2129; x_wconf 92' lang='lat' dir='ltr'><strong>ad-</strong></span> 
     </span>
    </p>
   </div>
   <div class='ocr_carea' id='block_1_48' title="bbox 99 2143 874 2184">
    <p class='ocr_par' dir='ltr' id='par_1_48' title="bbox 99 2143 874 2184">
     <span class='ocr_line' id='line_1_48' title="bbox 99 2143 874 2184; baseline 0.006 -15"><span class='ocrx_word' id='word_1_315' title='bbox 99 2151 186 2171; x_wconf 67' lang='lat' dir='ltr'><strong>versus</strong></span> <span class='ocrx_word' id='word_1_316' title='bbox 203 2143 346 2172; x_wconf 77' lang='lat' dir='ltr'><strong>haereticos</strong></span> <span class='ocrx_word' id='word_1_317' title='bbox 367 2144 494 2172; x_wconf 81' lang='lat' dir='ltr'><strong>volumen</strong></span> <span class='ocrx_word' id='word_1_318' title='bbox 521 2145 647 2180; x_wconf 86' lang='lat' dir='ltr'><strong>scripsit?</strong></span> <span class='ocrx_word' id='word_1_319' title='bbox 661 2153 695 2172; x_wconf 91' lang='lat' dir='ltr'><strong>an</strong></span> <span class='ocrx_word' id='word_1_320' title='bbox 718 2145 762 2173; x_wconf 91' lang='lat' dir='ltr'><strong>ille</strong></span> <span class='ocrx_word' id='word_1_321' title='bbox 780 2154 874 2184; x_wconf 84' lang='lat' dir='ltr'><strong>eorum</strong></span> 
     </span>
    </p>
   </div>
   <div class='ocr_carea' id='block_1_49' title="bbox 101 2189 874 2227">
    <p class='ocr_par' dir='ltr' id='par_1_49' title="bbox 101 2189 874 2227">
     <span class='ocr_line' id='line_1_49' title="bbox 101 2189 874 2227; baseline 0.006 -11"><span class='ocrx_word' id='word_1_322' title='bbox 101 2189 216 2222; x_wconf 85' lang='lat' dir='ltr'><strong>nomina,</strong></span> <span class='ocrx_word' id='word_1_323' title='bbox 230 2193 326 2218; x_wconf 70' lang='lat' dir='ltr'><strong>aetates</strong></span> <span class='ocrx_word' id='word_1_324' title='bbox 339 2194 366 2217; x_wconf 87' lang='lat' dir='ltr'><strong>et</strong></span> <span class='ocrx_word' id='word_1_325' title='bbox 381 2190 540 2225; x_wconf 88' lang='lat' dir='ltr'><strong>opinionum</strong></span> <span class='ocrx_word' id='word_1_326' title='bbox 564 2195 691 2226; x_wconf 87' lang='lat' dir='ltr'><strong>portenta</strong></span> <span class='ocrx_word' id='word_1_327' title='bbox 708 2192 874 2227; x_wconf 79' lang='lat' dir='ltr'><strong>exploravit,</strong></span> 
     </span>
    </p>
   </div>
   <div class='ocr_carea' id='block_1_50' title="bbox 100 2235 874 2273">
    <p class='ocr_par' dir='ltr' id='par_1_50' title="bbox 100 2235 874 2273">
     <span class='ocr_line' id='line_1_50' title="bbox 100 2235 874 2273; baseline 0.006 -12"><span class='ocrx_word' id='word_1_328' title='bbox 100 2239 123 2261; x_wconf 80' lang='lat' dir='ltr'><strong>ct</strong></span> <span class='ocrx_word' id='word_1_329' title='bbox 136 2235 160 2261; x_wconf 92' lang='lat' dir='ltr'><strong>in</strong></span> <span class='ocrx_word' id='word_1_330' title='bbox 170 2239 295 2270; x_wconf 88' lang='lat' dir='ltr'><strong>apertum</strong></span> <span class='ocrx_word' id='word_1_331' title='bbox 307 2235 455 2270; x_wconf 85' lang='lat' dir='ltr'><strong>produxit?</strong></span> <span class='ocrx_word' id='word_1_332' title='bbox 465 2244 499 2263; x_wconf 82' lang='lat' dir='ltr'><strong>an</strong></span> <span class='ocrx_word' id='word_1_333' title='bbox 510 2244 702 2272; x_wconf 88' lang='lat' dir='ltr'><strong>perversorum</strong></span> <span class='ocrx_word' id='word_1_334' title='bbox 717 2239 874 2273; x_wconf 84' lang='lat' dir='ltr'><strong>dogmatum</strong></span> 
     </span>
    </p>
   </div>
   <div class='ocr_carea' id='block_1_51' title="bbox 102 2280 874 2318">
    <p class='ocr_par' dir='ltr' id='par_1_51' title="bbox 102 2280 874 2318">
     <span class='ocr_line' id='line_1_51' title="bbox 102 2280 874 2318; baseline 0.006 -11"><span class='ocrx_word' id='word_1_335' title='bbox 102 2280 225 2308; x_wconf 78' lang='lat' dir='ltr'><strong>insaniam</strong></span> <span class='ocrx_word' id='word_1_336' title='bbox 241 2285 289 2308; x_wconf 92' lang='lat' dir='ltr'><strong>aut</strong></span> <span class='ocrx_word' id='word_1_337' title='bbox 306 2281 469 2314; x_wconf 87' lang='lat' dir='ltr'><strong>rationibus,</strong></span> <span class='ocrx_word' id='word_1_338' title='bbox 486 2286 534 2310; x_wconf 90' lang='lat' dir='ltr'><strong>aut</strong></span> <span class='ocrx_word' id='word_1_339' title='bbox 549 2282 699 2318; x_wconf 73' lang='lat' dir='ltr'><strong>Scriptum</strong></span> <span class='ocrx_word' id='word_1_340' title='bbox 708 2284 874 2313; x_wconf 87' lang='lat' dir='ltr'><strong>testimoniis</strong></span> 
     </span>
    </p>
   </div>
   <div class='ocr_carea' id='block_1_52' title="bbox 102 2326 874 2363">
    <p class='ocr_par' dir='ltr' id='par_1_52' title="bbox 102 2326 874 2363">
     <span class='ocr_line' id='line_1_52' title="bbox 102 2326 874 2363; baseline 0.005 -10"><span class='ocrx_word' id='word_1_341' title='bbox 102 2326 206 2354; x_wconf 76' lang='lat' dir='ltr'><strong>retudit!</strong></span> <span class='ocrx_word' id='word_1_342' title='bbox 220 2334 256 2354; x_wconf 89' lang='lat' dir='ltr'><strong>an</strong></span> <span class='ocrx_word' id='word_1_343' title='bbox 270 2334 302 2354; x_wconf 88' lang='lat' dir='ltr'><strong>ea</strong></span> <span class='ocrx_word' id='word_1_344' title='bbox 314 2330 393 2355; x_wconf 62' lang='lat' dir='ltr'><strong>aetate</strong></span> <span class='ocrx_word' id='word_1_345' title='bbox 403 2328 481 2361; x_wconf 80' lang='lat' dir='ltr'><strong>vixit,</strong></span> <span class='ocrx_word' id='word_1_346' title='bbox 497 2336 550 2363; x_wconf 88' lang='lat' dir='ltr'><strong>qua</strong></span> <span class='ocrx_word' id='word_1_347' title='bbox 563 2328 700 2362; x_wconf 81' lang='lat' dir='ltr'><strong>Justinus,</strong></span> <span class='ocrx_word' id='word_1_348' title='bbox 715 2334 762 2357; x_wconf 89' lang='lat' dir='ltr'><strong>aut</strong></span> <span class='ocrx_word' id='word_1_349' title='bbox 775 2329 874 2358; x_wconf 84' lang='lat' dir='ltr'><strong>Miltia-</strong></span> 
     </span>
    </p>
   </div>
   <div class='ocr_carea' id='block_1_53' title="bbox 102 2371 874 2407">
    <p class='ocr_par' dir='ltr' id='par_1_53' title="bbox 102 2371 874 2407">
     <span class='ocr_line' id='line_1_53' title="bbox 102 2371 874 2407; baseline 0.004 -8"><span class='ocrx_word' id='word_1_350' title='bbox 102 2371 150 2404; x_wconf 79' lang='lat' dir='ltr'><strong>des,</strong></span> <span class='ocrx_word' id='word_1_351' title='bbox 164 2375 210 2399; x_wconf 86' lang='lat' dir='ltr'><strong>aut</strong></span> <span class='ocrx_word' id='word_1_352' title='bbox 225 2371 362 2404; x_wconf 72' lang='lat' dir='ltr'><strong>irenteus,</strong></span> <span class='ocrx_word' id='word_1_353' title='bbox 377 2372 425 2407; x_wconf 88' lang='lat' dir='ltr'><strong>qui</strong></span> <span class='ocrx_word' id='word_1_354' title='bbox 444 2372 489 2400; x_wconf 87' lang='lat' dir='ltr'><strong>hic</strong></span> <span class='ocrx_word' id='word_1_355' title='bbox 503 2373 740 2401; x_wconf 67' lang='lat' dir='ltr'><strong>heresiarcharum</strong></span> <span class='ocrx_word' id='word_1_356' title='bbox 757 2379 874 2402; x_wconf 79' lang='lat' dir='ltr'><strong>contem~</strong></span> 
     </span>
    </p>
   </div>
   <div class='ocr_carea' id='block_1_54' title="bbox 103 2417 873 2456">
    <p class='ocr_par' dir='ltr' id='par_1_54' title="bbox 103 2417 873 2456">
     <span class='ocr_line' id='line_1_54' title="bbox 103 2417 873 2456; baseline 0.006 -12"><span class='ocrx_word' id='word_1_357' title='bbox 103 2419 195 2452; x_wconf 72' lang='lat' dir='ltr'><strong>paraui</strong></span> <span class='ocrx_word' id='word_1_358' title='bbox 214 2417 415 2446; x_wconf 84' lang='lat' dir='ltr'><strong>nominantur?</strong></span> <span class='ocrx_word' id='word_1_359' title='bbox 432 2426 467 2446; x_wconf 89' lang='lat' dir='ltr'><strong>an</strong></span> <span class='ocrx_word' id='word_1_360' title='bbox 478 2427 509 2447; x_wconf 81' lang='lat' dir='ltr'><strong>ea</strong></span> <span class='ocrx_word' id='word_1_361' title='bbox 529 2419 570 2446; x_wconf 88' lang='lat' dir='ltr'><strong>vel</strong></span> <span class='ocrx_word' id='word_1_362' title='bbox 587 2420 665 2454; x_wconf 89' lang='lat' dir='ltr'><strong>copia</strong></span> <span class='ocrx_word' id='word_1_363' title='bbox 681 2420 721 2448; x_wconf 83' lang='lat' dir='ltr'><strong>vel</strong></span> <span class='ocrx_word' id='word_1_364' title='bbox 740 2421 873 2456; x_wconf 81' lang='lat' dir='ltr'><strong>elegantia</strong></span> 
     </span>
    </p>
   </div>
   <div class='ocr_carea' id='block_1_55' title="bbox 104 2464 873 2501">
    <p class='ocr_par' dir='ltr' id='par_1_55' title="bbox 104 2464 873 2501">
     <span class='ocr_line' id='line_1_55' title="bbox 104 2464 873 2501; baseline 0.004 -10"><span class='ocrx_word' id='word_1_365' title='bbox 104 2464 205 2499; x_wconf 74' lang='lat' dir='ltr'><strong>scripsit,</strong></span> <span class='ocrx_word' id='word_1_366' title='bbox 222 2468 253 2491; x_wconf 91' lang='lat' dir='ltr'><strong>ut</strong></span> <span class='ocrx_word' id='word_1_367' title='bbox 267 2471 330 2491; x_wconf 88' lang='lat' dir='ltr'><strong>eum</strong></span> <span class='ocrx_word' id='word_1_368' title='bbox 351 2464 380 2491; x_wconf 92' lang='lat' dir='ltr'><strong>in</strong></span> <span class='ocrx_word' id='word_1_369' title='bbox 395 2471 477 2499; x_wconf 85' lang='lat' dir='ltr'><strong>opere</strong></span> <span class='ocrx_word' id='word_1_370' title='bbox 499 2464 552 2492; x_wconf 87' lang='lat' dir='ltr'><strong>isto</strong></span> <span class='ocrx_word' id='word_1_371' title='bbox 567 2465 753 2494; x_wconf 86' lang='lat' dir='ltr'><strong>Tertullianus</strong></span> <span class='ocrx_word' id='word_1_372' title='bbox 768 2471 873 2501; x_wconf 86' lang='lat' dir='ltr'><strong>optaret</strong></span> 
     </span>
    </p>
   </div>
   <div class='ocr_carea' id='block_1_56' title="bbox 104 2509 873 2547">
    <p class='ocr_par' dir='ltr' id='par_1_56' title="bbox 104 2509 873 2547">
     <span class='ocr_line' id='line_1_56' title="bbox 104 2509 873 2547; baseline 0.003 -9"><span class='ocrx_word' id='word_1_373' title='bbox 104 2510 214 2546; x_wconf 67' lang='lat' dir='ltr'><strong>assequi?</strong></span> <span class='ocrx_word' id='word_1_374' title='bbox 229 2509 306 2537; x_wconf 85' lang='lat' dir='ltr'><strong>Nihil</strong></span> <span class='ocrx_word' id='word_1_375' title='bbox 327 2511 428 2538; x_wconf 90' lang='lat' dir='ltr'><strong>horum</strong></span> <span class='ocrx_word' id='word_1_376' title='bbox 450 2510 478 2537; x_wconf 92' lang='lat' dir='ltr'><strong>in</strong></span> <span class='ocrx_word' id='word_1_377' title='bbox 500 2509 604 2546; x_wconf 76' lang='lat' dir='ltr'><strong>lgnatio</strong></span> <span class='ocrx_word' id='word_1_378' title='bbox 624 2512 786 2546; x_wconf 83' lang='lat' dir='ltr'><strong>reperimus,</strong></span> <span class='ocrx_word' id='word_1_379' title='bbox 812 2520 873 2547; x_wconf 65' lang='lat' dir='ltr'><strong>quae</strong></span> 
     </span>
    </p>
   </div>
   <div class='ocr_carea' id='block_1_57' title="bbox 103 2556 872 2592">
    <p class='ocr_par' dir='ltr' id='par_1_57' title="bbox 103 2556 872 2592">
     <span class='ocr_line' id='line_1_57' title="bbox 103 2556 872 2592; baseline 0.003 -8"><span class='ocrx_word' id='word_1_380' title='bbox 103 2557 178 2584; x_wconf 81' lang='lat' dir='ltr'><strong>omnia</strong></span> <span class='ocrx_word' id='word_1_381' title='bbox 197 2557 224 2583; x_wconf 90' lang='lat' dir='ltr'><strong>in</strong></span> <span class='ocrx_word' id='word_1_382' title='bbox 240 2556 296 2584; x_wconf 84' lang='lat' dir='ltr'><strong>illis</strong></span> <span class='ocrx_word' id='word_1_383' title='bbox 311 2556 523 2591; x_wconf 84' lang='lat' dir='ltr'><strong>spectabantur,</strong></span> <span class='ocrx_word' id='word_1_384' title='bbox 544 2565 615 2592; x_wconf 79' lang='lat' dir='ltr'><strong>quos</strong></span> <span class='ocrx_word' id='word_1_385' title='bbox 632 2557 781 2585; x_wconf 84' lang='lat' dir='ltr'><strong>nominavit</strong></span> <span class='ocrx_word' id='word_1_386' title='bbox 803 2558 872 2586; x_wconf 86' lang='lat' dir='ltr'><strong>Ter-</strong></span> 
     </span>
    </p>
   </div>
   <div class='ocr_carea' id='block_1_58' title="bbox 104 2604 869 2638">
    <p class='ocr_par' dir='ltr' id='par_1_58' title="bbox 104 2604 869 2638">
     <span class='ocr_line' id='line_1_58' title="bbox 104 2604 869 2638; baseline 0.003 -8"><span class='ocrx_word' id='word_1_387' title='bbox 104 2604 223 2636; x_wconf 79' lang='lat' dir='ltr'><strong>tullianus,</strong></span> <span class='ocrx_word' id='word_1_388' title='bbox 240 2607 268 2631; x_wconf 80' lang='lat' dir='ltr'><strong>et</strong></span> <span class='ocrx_word' id='word_1_389' title='bbox 285 2607 397 2638; x_wconf 85' lang='lat' dir='ltr'><strong>propter</strong></span> <span class='ocrx_word' id='word_1_390' title='bbox 420 2611 482 2638; x_wconf 62' lang='lat' dir='ltr'><strong>qua:</strong></span> <span class='ocrx_word' id='word_1_391' title='bbox 504 2610 552 2631; x_wconf 91' lang='lat' dir='ltr'><strong>eos</strong></span> <span class='ocrx_word' id='word_1_392' title='bbox 574 2605 686 2631; x_wconf 90' lang='lat' dir='ltr'><strong>omnino</strong></span> <span class='ocrx_word' id='word_1_393' title='bbox 709 2605 869 2633; x_wconf 88' lang='lat' dir='ltr'><strong>nominavit.</strong></span> 
     </span>
    </p>
   </div>
   <div class='ocr_carea' id='block_1_59' title="bbox 103 2648 868 2686">
    <p class='ocr_par' dir='ltr' id='par_1_59' title="bbox 103 2648 868 2686">
     <span class='ocr_line' id='line_1_59' title="bbox 103 2648 868 2686; baseline 0.003 -9"><span class='ocrx_word' id='word_1_394' title='bbox 103 2650 222 2678; x_wconf 65' lang='lat' dir='ltr'><strong>Alisonem</strong></span> <span class='ocrx_word' id='word_1_395' title='bbox 245 2655 288 2678; x_wconf 81' lang='lat' dir='ltr'><strong>est</strong></span> <span class='ocrx_word' id='word_1_396' title='bbox 309 2650 395 2684; x_wconf 87' lang='lat' dir='ltr'><strong>igitur</strong></span> <span class='ocrx_word' id='word_1_397' title='bbox 416 2648 550 2685; x_wconf 84' lang='lat' dir='ltr'><strong>Ignatium</strong></span> <span class='ocrx_word' id='word_1_398' title='bbox 575 2650 645 2677; x_wconf 88' lang='lat' dir='ltr'><strong>inter</strong></span> <span class='ocrx_word' id='word_1_399' title='bbox 661 2651 722 2679; x_wconf 80' lang='lat' dir='ltr'><strong>illos</strong></span> <span class='ocrx_word' id='word_1_400' title='bbox 736 2659 868 2686; x_wconf 65' lang='lat' dir='ltr'><strong>quaerere,</strong></span> 
     </span>
    </p>
   </div>
   <div class='ocr_carea' id='block_1_60' title="bbox 103 2695 869 2733">
    <p class='ocr_par' dir='ltr' id='par_1_60' title="bbox 103 2695 869 2733">
     <span class='ocr_line' id='line_1_60' title="bbox 103 2695 869 2733; baseline -0.001 -8"><span class='ocrx_word' id='word_1_401' title='bbox 103 2698 203 2733; x_wconf 80' lang='lat' dir='ltr'><strong>iniquum</strong></span> <span class='ocrx_word' id='word_1_402' title='bbox 218 2697 361 2732; x_wconf 84' lang='lat' dir='ltr'><strong>ﬂagitare;</strong></span> <span class='ocrx_word' id='word_1_403' title='bbox 373 2695 571 2724; x_wconf 81' lang='lat' dir='ltr'><strong>Tertullianum</strong></span> <span class='ocrx_word' id='word_1_404' title='bbox 586 2696 721 2724; x_wconf 70' lang='lat' dir='ltr'><strong>affirmare</strong></span> <span class='ocrx_word' id='word_1_405' title='bbox 737 2697 797 2725; x_wconf 91' lang='lat' dir='ltr'><strong>ideo</strong></span> <span class='ocrx_word' id='word_1_406' title='bbox 807 2705 869 2724; x_wconf 86' lang='lat' dir='ltr'><strong>eum</strong></span> 
     </span>
    </p>
   </div>
   <div class='ocr_carea' id='block_1_61' title="bbox 103 2743 868 2781">
    <p class='ocr_par' dir='ltr' id='par_1_61' title="bbox 103 2743 868 2781">
     <span class='ocr_line' id='line_1_61' title="bbox 103 2743 868 2781; baseline 0 -9"><span class='ocrx_word' id='word_1_407' title='bbox 103 2746 185 2779; x_wconf 79' lang='lat' dir='ltr'><strong>penitus</strong></span> <span class='ocrx_word' id='word_1_408' title='bbox 200 2746 356 2781; x_wconf 83' lang='lat' dir='ltr'><strong>ignorasse,</strong></span> <span class='ocrx_word' id='word_1_409' title='bbox 373 2743 448 2778; x_wconf 89' lang='lat' dir='ltr'><strong>quod</strong></span> <span class='ocrx_word' id='word_1_410' title='bbox 466 2751 499 2772; x_wconf 85' lang='lat' dir='ltr'><strong>eo</strong></span> <span class='ocrx_word' id='word_1_411' title='bbox 523 2744 575 2772; x_wconf 90' lang='lat' dir='ltr'><strong>loci</strong></span> <span class='ocrx_word' id='word_1_412' title='bbox 599 2752 652 2771; x_wconf 91' lang='lat' dir='ltr'><strong>non</strong></span> <span class='ocrx_word' id='word_1_413' title='bbox 674 2745 868 2777; x_wconf 68' lang='lat' dir='ltr'><strong>nominaverit,</strong></span> 
     </span>
    </p>
   </div>
   <div class='ocr_carea' id='block_1_62' title="bbox 103 2789 524 2818">
    <p class='ocr_par' dir='ltr' id='par_1_62' title="bbox 103 2789 524 2818">
     <span class='ocr_line' id='line_1_62' title="bbox 103 2789 524 2818; baseline -0.005 0"><span class='ocrx_word' id='word_1_414' title='bbox 103 2795 129 2818; x_wconf 73' lang='lat' dir='ltr'><strong>at)</strong></span> <span class='ocrx_word' id='word_1_415' title='bbox 137 2791 198 2818; x_wconf 84' lang='lat' dir='ltr'><strong>omni</strong></span> <span class='ocrx_word' id='word_1_416' title='bbox 210 2790 322 2818; x_wconf 84' lang='lat' dir='ltr'><strong>ratione</strong></span> <span class='ocrx_word' id='word_1_417' title='bbox 336 2789 458 2816; x_wconf 87' lang='lat' dir='ltr'><strong>alienum</strong></span> <span class='ocrx_word' id='word_1_418' title='bbox 473 2793 524 2816; x_wconf 90' lang='lat' dir='ltr'><strong>est.</strong></span> 
     </span>
    </p>
   </div>
   <div class='ocr_carea' id='block_1_63' title="bbox 128 2834 867 2870">
    <p class='ocr_par' dir='ltr' id='par_1_63' title="bbox 128 2834 867 2870">
     <span class='ocr_line' id='line_1_63' title="bbox 128 2834 867 2870; baseline 0 -7"><span class='ocrx_word' id='word_1_419' title='bbox 128 2835 214 2870; x_wconf 50' lang='lat' dir='ltr'><strong>Tertio,</strong></span> <span class='ocrx_word' id='word_1_420' title='bbox 232 2835 419 2863; x_wconf 77' lang='lat' dir='ltr'><strong>Tertullianus</strong></span> <span class='ocrx_word' id='word_1_421' title='bbox 431 2834 514 2869; x_wconf 75' lang='lat' dir='ltr'><strong>fuisse</strong></span> <span class='ocrx_word' id='word_1_422' title='bbox 525 2843 678 2870; x_wconf 74' lang='lat' dir='ltr'><strong>prtecoquos</strong></span> <span class='ocrx_word' id='word_1_423' title='bbox 695 2840 720 2862; x_wconf 80' lang='lat' dir='ltr'><strong>et</strong></span> <span class='ocrx_word' id='word_1_424' title='bbox 735 2835 867 2863; x_wconf 70' lang='lat' dir='ltr'><strong>abortivo:</strong></span> 
     </span>
    </p>
   </div>
   <div class='ocr_carea' id='block_1_64' title="bbox 940 217 1730 254">
    <p class='ocr_par' dir='ltr' id='par_1_64' title="bbox 940 217 1730 254">
     <span class='ocr_line' id='line_1_64' title="bbox 940 217 1730 254; baseline 0.003 -11"><span class='ocrx_word' id='word_1_425' title='bbox 940 217 1106 252; x_wconf 77' lang='lat' dir='ltr'><strong>rent;idque</strong></span> <span class='ocrx_word' id='word_1_426' title='bbox 1116 218 1210 252; x_wconf 80' lang='lat' dir='ltr'><strong>probat</strong></span> <span class='ocrx_word' id='word_1_427' title='bbox 1223 226 1258 245; x_wconf 76' lang='lat' dir='ltr'><strong>ea:</strong></span> <span class='ocrx_word' id='word_1_428' title='bbox 1278 217 1381 244; x_wconf 83' lang='lat' dir='ltr'><strong>Joanne</strong></span> <span class='ocrx_word' id='word_1_429' title='bbox 1403 218 1531 252; x_wconf 82' lang='lat' dir='ltr'><strong>apostolo.</strong></span> <span class='ocrx_word' id='word_1_430' title='bbox 1552 218 1587 245; x_wconf 78' lang='lat' dir='ltr'><strong>At</strong></span> <span class='ocrx_word' id='word_1_431' title='bbox 1607 217 1730 254; x_wconf 73' lang='lat' dir='ltr'><strong>Ignatiur</strong></span> 
     </span>
    </p>
   </div>
   <div class='ocr_carea' id='block_1_65' title="bbox 938 263 1726 297">
    <p class='ocr_par' dir='ltr' id='par_1_65' title="bbox 938 263 1726 297">
     <span class='ocr_line' id='line_1_65' title="bbox 938 263 1726 297; baseline 0.004 -10"><span class='ocrx_word' id='word_1_432' title='bbox 938 269 1028 287; x_wconf 86' lang='lat' dir='ltr'><strong>eorum</strong></span> <span class='ocrx_word' id='word_1_433' title='bbox 1052 263 1201 289; x_wconf 82' lang='lat' dir='ltr'><strong>doctrinam</strong></span> <span class='ocrx_word' id='word_1_434' title='bbox 1221 263 1374 297; x_wconf 75' lang='lat' dir='ltr'><strong>perstringit</strong></span> <span class='ocrx_word' id='word_1_435' title='bbox 1400 271 1409 289; x_wconf 90' lang='lat'><em>:</em></span> <span class='ocrx_word' id='word_1_436' title='bbox 1434 271 1493 290; x_wconf 85' lang='lat' dir='ltr'><strong>eum</strong></span> <span class='ocrx_word' id='word_1_437' title='bbox 1516 263 1599 297; x_wconf 79' lang='lat' dir='ltr'><strong>igitur</strong></span> <span class='ocrx_word' id='word_1_438' title='bbox 1626 263 1726 290; x_wconf 62' lang='lat' dir='ltr'><strong>Joan&#39;ri</strong></span> 
     </span>
    </p>
   </div>
   <div class='ocr_carea' id='block_1_66' title="bbox 941 307 1728 340">
    <p class='ocr_par' dir='ltr' id='par_1_66' title="bbox 941 307 1728 340">
     <span class='ocr_line' id='line_1_66' title="bbox 941 307 1728 340; baseline 0.003 -7"><span class='ocrx_word' id='word_1_439' title='bbox 941 311 1032 334; x_wconf 81' lang='lat' dir='ltr'><strong>testem</strong></span> <span class='ocrx_word' id='word_1_440' title='bbox 1056 307 1200 334; x_wconf 75' lang='lat' dir='ltr'><strong>addidisset</strong></span> <span class='ocrx_word' id='word_1_441' title='bbox 1219 307 1412 340; x_wconf 81' lang='lat' dir='ltr'><strong>Tertullianus,</strong></span> <span class='ocrx_word' id='word_1_442' title='bbox 1430 309 1453 334; x_wconf 76' lang='lat' dir='ltr'><strong>ti</strong></span> <span class='ocrx_word' id='word_1_443' title='bbox 1478 308 1607 335; x_wconf 80' lang='lat' dir='ltr'><strong>hominem</strong></span> <span class='ocrx_word' id='word_1_444' title='bbox 1631 313 1728 335; x_wconf 72' lang='lat' dir='ltr'><strong>nouat.</strong></span> 
     </span>
    </p>
   </div>
   <div class='ocr_carea' id='block_1_67' title="bbox 940 351 1730 389">
    <p class='ocr_par' dir='ltr' id='par_1_67' title="bbox 940 351 1730 389">
     <span class='ocr_line' id='line_1_67' title="bbox 940 351 1730 389; baseline 0.005 -12"><span class='ocrx_word' id='word_1_445' title='bbox 940 351 1024 384; x_wconf 85' lang='lat' dir='ltr'><strong>Quasi</strong></span> <span class='ocrx_word' id='word_1_446' title='bbox 1041 360 1106 379; x_wconf 80' lang='lat' dir='ltr'><strong>vero</strong></span> <span class='ocrx_word' id='word_1_447' title='bbox 1128 353 1225 388; x_wconf 82' lang='lat' dir='ltr'><strong>lgnatii</strong></span> <span class='ocrx_word' id='word_1_448' title='bbox 1251 353 1410 381; x_wconf 86' lang='lat' dir='ltr'><strong>testimonio</strong></span> <span class='ocrx_word' id='word_1_449' title='bbox 1435 361 1505 389; x_wconf 88' lang='lat' dir='ltr'><strong>opus</strong></span> <span class='ocrx_word' id='word_1_450' title='bbox 1519 358 1591 381; x_wconf 88' lang='lat' dir='ltr'><strong>esset</strong></span> <span class='ocrx_word' id='word_1_451' title='bbox 1610 354 1643 381; x_wconf 88' lang='lat' dir='ltr'><strong>ad</strong></span> <span class='ocrx_word' id='word_1_452' title='bbox 1669 361 1730 381; x_wconf 87' lang='lat' dir='ltr'><strong>eam</strong></span> 
     </span>
    </p>
   </div>
   <div class='ocr_carea' id='block_1_68' title="bbox 939 398 1730 434">
    <p class='ocr_par' dir='ltr' id='par_1_68' title="bbox 939 398 1730 434">
     <span class='ocr_line' id='line_1_68' title="bbox 939 398 1730 434; baseline 0.001 -9"><span class='ocrx_word' id='word_1_453' title='bbox 939 405 1008 430; x_wconf 82' lang='lat' dir='ltr'><strong>rem,</strong></span> <span class='ocrx_word' id='word_1_454' title='bbox 1021 398 1100 433; x_wconf 87' lang='lat' dir='ltr'><strong>cujus</strong></span> <span class='ocrx_word' id='word_1_455' title='bbox 1114 402 1210 426; x_wconf 80' lang='lat' dir='ltr'><strong>testem</strong></span> <span class='ocrx_word' id='word_1_456' title='bbox 1227 399 1380 434; x_wconf 83' lang='lat' dir='ltr'><strong>apostolum</strong></span> <span class='ocrx_word' id='word_1_457' title='bbox 1398 399 1503 426; x_wconf 83' lang='lat' dir='ltr'><strong>habuit.</strong></span> <span class='ocrx_word' id='word_1_458' title='bbox 1522 399 1579 427; x_wconf 89' lang='lat' dir='ltr'><strong>lmo</strong></span> <span class='ocrx_word' id='word_1_459' title='bbox 1597 407 1660 427; x_wconf 90' lang='lat' dir='ltr'><strong>vero</strong></span> <span class='ocrx_word' id='word_1_460' title='bbox 1676 409 1730 427; x_wconf 84' lang='lat' dir='ltr'><strong>non</strong></span> 
     </span>
    </p>
   </div>
   <div class='ocr_carea' id='block_1_69' title="bbox 938 445 1730 479">
    <p class='ocr_par' dir='ltr' id='par_1_69' title="bbox 938 445 1730 479">
     <span class='ocr_line' id='line_1_69' title="bbox 938 445 1730 479; baseline 0.004 -9"><span class='ocrx_word' id='word_1_461' title='bbox 938 448 1044 471; x_wconf 90' lang='lat' dir='ltr'><strong>tantum</strong></span> <span class='ocrx_word' id='word_1_462' title='bbox 1064 452 1133 479; x_wconf 81' lang='lat' dir='ltr'><strong>opus</strong></span> <span class='ocrx_word' id='word_1_463' title='bbox 1154 452 1208 471; x_wconf 91' lang='lat' dir='ltr'><strong>non</strong></span> <span class='ocrx_word' id='word_1_464' title='bbox 1230 449 1288 472; x_wconf 87' lang='lat' dir='ltr'><strong>erat</strong></span> <span class='ocrx_word' id='word_1_465' title='bbox 1313 449 1343 472; x_wconf 90' lang='lat' dir='ltr'><strong>ut</strong></span> <span class='ocrx_word' id='word_1_466' title='bbox 1361 453 1422 472; x_wconf 87' lang='lat' dir='ltr'><strong>eum</strong></span> <span class='ocrx_word' id='word_1_467' title='bbox 1444 445 1602 478; x_wconf 83' lang='lat' dir='ltr'><strong>adhiberet;</strong></span> <span class='ocrx_word' id='word_1_468' title='bbox 1629 446 1676 473; x_wconf 89' lang='lat' dir='ltr'><strong>sed</strong></span> <span class='ocrx_word' id='word_1_469' title='bbox 1703 451 1730 473; x_wconf 81' lang='lat' dir='ltr'><strong>et</strong></span> 
     </span>
    </p>
   </div>
   <div class='ocr_carea' id='block_1_70' title="bbox 938 489 1728 523">
    <p class='ocr_par' dir='ltr' id='par_1_70' title="bbox 938 489 1728 523">
     <span class='ocr_line' id='line_1_70' title="bbox 938 489 1728 523; baseline 0.003 -7"><span class='ocrx_word' id='word_1_470' title='bbox 938 489 1054 516; x_wconf 86' lang='lat' dir='ltr'><strong>absurde</strong></span> <span class='ocrx_word' id='word_1_471' title='bbox 1070 489 1191 523; x_wconf 82' lang='lat' dir='ltr'><strong>fecisset,</strong></span> <span class='ocrx_word' id='word_1_472' title='bbox 1216 490 1238 517; x_wconf 88' lang='lat' dir='ltr'><strong>si</strong></span> <span class='ocrx_word' id='word_1_473' title='bbox 1261 490 1443 518; x_wconf 84' lang='lat' dir='ltr'><strong>adhibuisset.</strong></span> <span class='ocrx_word' id='word_1_474' title='bbox 1463 489 1570 518; x_wconf 85' lang='lat' dir='ltr'><strong>Primos</strong></span> <span class='ocrx_word' id='word_1_475' title='bbox 1588 492 1661 518; x_wconf 86' lang='lat' dir='ltr'><strong>enim</strong></span> <span class='ocrx_word' id='word_1_476' title='bbox 1680 499 1728 518; x_wconf 90' lang='lat' dir='ltr'><strong>au-</strong></span> 
     </span>
    </p>
   </div>
   <div class='ocr_carea' id='block_1_71' title="bbox 936 535 1728 572">
    <p class='ocr_par' dir='ltr' id='par_1_71' title="bbox 936 535 1728 572">
     <span class='ocr_line' id='line_1_71' title="bbox 936 535 1728 572; baseline 0.004 -10"><span class='ocrx_word' id='word_1_477' title='bbox 936 539 1025 562; x_wconf 89' lang='lat' dir='ltr'><strong>ctores</strong></span> <span class='ocrx_word' id='word_1_478' title='bbox 1037 535 1097 569; x_wconf 84' lang='lat' dir='ltr'><strong>cjus</strong></span> <span class='ocrx_word' id='word_1_479' title='bbox 1112 536 1256 563; x_wconf 73' lang='lat' dir='ltr'><strong>sententia:</strong></span> <span class='ocrx_word' id='word_1_480' title='bbox 1271 540 1360 568; x_wconf 87' lang='lat' dir='ltr'><strong>notat,</strong></span> <span class='ocrx_word' id='word_1_481' title='bbox 1381 541 1407 564; x_wconf 87' lang='lat' dir='ltr'><strong>et</strong></span> <span class='ocrx_word' id='word_1_482' title='bbox 1426 543 1521 564; x_wconf 87' lang='lat' dir='ltr'><strong>eorum</strong></span> <span class='ocrx_word' id='word_1_483' title='bbox 1538 537 1728 572; x_wconf 85' lang='lat' dir='ltr'><strong>antiquitatem</strong></span> 
     </span>
    </p>
   </div>
   <div class='ocr_carea' id='block_1_72' title="bbox 936 582 1728 620">
    <p class='ocr_par' dir='ltr' id='par_1_72' title="bbox 936 582 1728 620">
     <span class='ocr_line' id='line_1_72' title="bbox 936 582 1728 620; baseline 0.004 -11"><span class='ocrx_word' id='word_1_484' title='bbox 936 582 1050 616; x_wconf 86' lang='lat' dir='ltr'><strong>probat;</strong></span> <span class='ocrx_word' id='word_1_485' title='bbox 1069 583 1187 610; x_wconf 87' lang='lat' dir='ltr'><strong>ostendit</strong></span> <span class='ocrx_word' id='word_1_486' title='bbox 1201 590 1249 610; x_wconf 90' lang='lat' dir='ltr'><strong>eos</strong></span> <span class='ocrx_word' id='word_1_487' title='bbox 1261 583 1328 610; x_wconf 86' lang='lat' dir='ltr'><strong>adeo</strong></span> <span class='ocrx_word' id='word_1_488' title='bbox 1340 591 1510 619; x_wconf 73' lang='lat' dir='ltr'><strong>prmcoquos,</strong></span> <span class='ocrx_word' id='word_1_489' title='bbox 1523 589 1554 611; x_wconf 91' lang='lat' dir='ltr'><strong>ut</strong></span> <span class='ocrx_word' id='word_1_490' title='bbox 1566 589 1644 612; x_wconf 74' lang='lat' dir='ltr'><strong>actate</strong></span> <span class='ocrx_word' id='word_1_491' title='bbox 1660 593 1728 620; x_wconf 86' lang='lat' dir='ltr'><strong>apo—</strong></span> 
     </span>
    </p>
   </div>
   <div class='ocr_carea' id='block_1_73' title="bbox 938 627 1728 666">
    <p class='ocr_par' dir='ltr' id='par_1_73' title="bbox 938 627 1728 666">
     <span class='ocr_line' id='line_1_73' title="bbox 938 627 1728 666; baseline 0.006 -12"><span class='ocrx_word' id='word_1_492' title='bbox 938 627 1070 655; x_wconf 80' lang='lat' dir='ltr'><strong>stolorum</strong></span> <span class='ocrx_word' id='word_1_493' title='bbox 1086 629 1255 662; x_wconf 78' lang='lat' dir='ltr'><strong>exstiterint;</strong></span> <span class='ocrx_word' id='word_1_494' title='bbox 1277 630 1302 657; x_wconf 88' lang='lat' dir='ltr'><strong>id</strong></span> <span class='ocrx_word' id='word_1_495' title='bbox 1327 637 1392 656; x_wconf 81' lang='lat' dir='ltr'><strong>vero</strong></span> <span class='ocrx_word' id='word_1_496' title='bbox 1407 634 1437 656; x_wconf 94' lang='lat' dir='ltr'><strong>ut</strong></span> <span class='ocrx_word' id='word_1_497' title='bbox 1451 630 1603 663; x_wconf 80' lang='lat' dir='ltr'><strong>conﬁrmet,</strong></span> <span class='ocrx_word' id='word_1_498' title='bbox 1618 636 1728 666; x_wconf 82' lang='lat' dir='ltr'><strong>aposto-</strong></span> 
     </span>
    </p>
   </div>
   <div class='ocr_carea' id='block_1_74' title="bbox 938 673 1727 710">
    <p class='ocr_par' dir='ltr' id='par_1_74' title="bbox 938 673 1727 710">
     <span class='ocr_line' id='line_1_74' title="bbox 938 673 1727 710; baseline 0.005 -10"><span class='ocrx_word' id='word_1_499' title='bbox 938 673 994 700; x_wconf 92' lang='lat' dir='ltr'><strong>lum</strong></span> <span class='ocrx_word' id='word_1_500' title='bbox 1021 675 1108 708; x_wconf 87' lang='lat' dir='ltr'><strong>lpsum</strong></span> <span class='ocrx_word' id='word_1_501' title='bbox 1132 679 1228 702; x_wconf 87' lang='lat' dir='ltr'><strong>testem</strong></span> <span class='ocrx_word' id='word_1_502' title='bbox 1258 675 1380 708; x_wconf 84' lang='lat' dir='ltr'><strong>adducit,</strong></span> <span class='ocrx_word' id='word_1_503' title='bbox 1407 676 1452 710; x_wconf 93' lang='lat' dir='ltr'><strong>qui</strong></span> <span class='ocrx_word' id='word_1_504' title='bbox 1473 683 1521 703; x_wconf 89' lang='lat' dir='ltr'><strong>eos</strong></span> <span class='ocrx_word' id='word_1_505' title='bbox 1541 676 1727 704; x_wconf 78' lang='lat' dir='ltr'><strong>Antichristus</strong></span> 
     </span>
    </p>
   </div>
   <div class='ocr_carea' id='block_1_75' title="bbox 938 720 1725 756">
    <p class='ocr_par' dir='ltr' id='par_1_75' title="bbox 938 720 1725 756">
     <span class='ocr_line' id='line_1_75' title="bbox 938 720 1725 756; baseline 0.006 -10"><span class='ocrx_word' id='word_1_506' title='bbox 938 720 1124 755; x_wconf 82' lang='lat' dir='ltr'><strong>pronuntiavit</strong></span> <span class='ocrx_word' id='word_1_507' title='bbox 1139 725 1267 756; x_wconf 81' lang='lat' dir='ltr'><strong>negantes</strong></span> <span class='ocrx_word' id='word_1_508' title='bbox 1288 721 1428 749; x_wconf 91' lang='lat' dir='ltr'><strong>Christum</strong></span> <span class='ocrx_word' id='word_1_509' title='bbox 1449 721 1476 749; x_wconf 92' lang='lat' dir='ltr'><strong>in</strong></span> <span class='ocrx_word' id='word_1_510' title='bbox 1501 730 1583 750; x_wconf 87' lang='lat' dir='ltr'><strong>carne</strong></span> <span class='ocrx_word' id='word_1_511' title='bbox 1608 723 1725 752; x_wconf 71' lang='lat' dir='ltr'><strong>venisse.</strong></span> 
     </span>
    </p>
   </div>
   <div class='ocr_carea' id='block_1_76' title="bbox 937 765 1722 803">
    <p class='ocr_par' dir='ltr' id='par_1_76' title="bbox 937 765 1722 803">
     <span class='ocr_line' id='line_1_76' title="bbox 937 765 1722 803; baseline 0.005 -11"><span class='ocrx_word' id='word_1_512' title='bbox 937 765 997 792; x_wconf 87' lang='lat' dir='ltr'><strong>.lam</strong></span> <span class='ocrx_word' id='word_1_513' title='bbox 1015 773 1079 793; x_wconf 88' lang='lat' dir='ltr'><strong>vero</strong></span> <span class='ocrx_word' id='word_1_514' title='bbox 1091 774 1173 801; x_wconf 90' lang='lat' dir='ltr'><strong>quam</strong></span> <span class='ocrx_word' id='word_1_515' title='bbox 1188 767 1337 794; x_wconf 86' lang='lat' dir='ltr'><strong>absurdum</strong></span> <span class='ocrx_word' id='word_1_516' title='bbox 1363 767 1461 796; x_wconf 83' lang='lat' dir='ltr'><strong>fuisset</strong></span> <span class='ocrx_word' id='word_1_517' title='bbox 1485 767 1580 803; x_wconf 81' lang='lat' dir='ltr'><strong>lgnatii</strong></span> <span class='ocrx_word' id='word_1_518' title='bbox 1597 769 1722 796; x_wconf 86' lang='lat' dir='ltr'><strong>testimo—</strong></span> 
     </span>
    </p>
   </div>
   <div class='ocr_carea' id='block_1_77' title="bbox 939 811 1723 850">
    <p class='ocr_par' dir='ltr' id='par_1_77' title="bbox 939 811 1723 850">
     <span class='ocr_line' id='line_1_77' title="bbox 939 811 1723 850; baseline 0.006 -12"><span class='ocrx_word' id='word_1_519' title='bbox 939 811 1014 838; x_wconf 92' lang='lat' dir='ltr'><strong>nium</strong></span> <span class='ocrx_word' id='word_1_520' title='bbox 1032 812 1158 847; x_wconf 78' lang='lat' dir='ltr'><strong>adjicere,</strong></span> <span class='ocrx_word' id='word_1_521' title='bbox 1171 813 1218 848; x_wconf 91' lang='lat' dir='ltr'><strong>qui</strong></span> <span class='ocrx_word' id='word_1_522' title='bbox 1239 819 1264 840; x_wconf 88' lang='lat' dir='ltr'><strong>a.</strong></span> <span class='ocrx_word' id='word_1_523' title='bbox 1282 813 1313 840; x_wconf 92' lang='lat' dir='ltr'><strong>D.</strong></span> <span class='ocrx_word' id='word_1_524' title='bbox 1330 814 1379 841; x_wconf 83' lang='lat' dir='ltr'><strong>l07</strong></span> <span class='ocrx_word' id='word_1_525' title='bbox 1400 814 1542 849; x_wconf 86' lang='lat' dir='ltr'><strong>scripsisse</strong></span> <span class='ocrx_word' id='word_1_526' title='bbox 1557 815 1723 850; x_wconf 80' lang='lat' dir='ltr'><strong>perhibetur,</strong></span> 
     </span>
    </p>
   </div>
   <div class='ocr_carea' id='block_1_78' title="bbox 937 857 1725 895">
    <p class='ocr_par' dir='ltr' id='par_1_78' title="bbox 937 857 1725 895">
     <span class='ocr_line' id='line_1_78' title="bbox 937 857 1725 895; baseline 0.005 -11"><span class='ocrx_word' id='word_1_527' title='bbox 937 861 961 884; x_wconf 85' lang='lat' dir='ltr'><strong>et</strong></span> <span class='ocrx_word' id='word_1_528' title='bbox 976 857 1161 892; x_wconf 85' lang='lat' dir='ltr'><strong>phantasticos</strong></span> <span class='ocrx_word' id='word_1_529' title='bbox 1173 859 1330 887; x_wconf 79' lang='lat' dir='ltr'><strong>damnasse.</strong></span> <span class='ocrx_word' id='word_1_530' title='bbox 1350 860 1391 886; x_wconf 84' lang='lat' dir='ltr'><strong>An</strong></span> <span class='ocrx_word' id='word_1_531' title='bbox 1410 867 1442 887; x_wconf 82' lang='lat' dir='ltr'><strong>ex</strong></span> <span class='ocrx_word' id='word_1_532' title='bbox 1462 860 1538 888; x_wconf 88' lang='lat' dir='ltr'><strong>illius</strong></span> <span class='ocrx_word' id='word_1_533' title='bbox 1551 861 1674 895; x_wconf 89' lang='lat' dir='ltr'><strong>epistolis</strong></span> <span class='ocrx_word' id='word_1_534' title='bbox 1693 862 1725 888; x_wconf 94' lang='lat' dir='ltr'><strong>li-</strong></span> 
     </span>
    </p>
   </div>
   <div class='ocr_carea' id='block_1_79' title="bbox 935 904 1723 940">
    <p class='ocr_par' dir='ltr' id='par_1_79' title="bbox 935 904 1723 940">
     <span class='ocr_line' id='line_1_79' title="bbox 935 904 1723 940; baseline 0.008 -12"><span class='ocrx_word' id='word_1_535' title='bbox 935 910 1019 937; x_wconf 86' lang='lat' dir='ltr'><strong>quere</strong></span> <span class='ocrx_word' id='word_1_536' title='bbox 1031 904 1129 938; x_wconf 90' lang='lat' dir='ltr'><strong>potuit,</strong></span> <span class='ocrx_word' id='word_1_537' title='bbox 1144 909 1198 931; x_wconf 89' lang='lat' dir='ltr'><strong>tam</strong></span> <span class='ocrx_word' id='word_1_538' title='bbox 1213 912 1373 940; x_wconf 66' lang='lat' dir='ltr'><strong>praecoques</strong></span> <span class='ocrx_word' id='word_1_539' title='bbox 1390 905 1565 933; x_wconf 85' lang='lat' dir='ltr'><strong>Marcionitas</strong></span> <span class='ocrx_word' id='word_1_540' title='bbox 1581 906 1676 940; x_wconf 79' lang='lat' dir='ltr'><strong>fuisse,</strong></span> <span class='ocrx_word' id='word_1_541' title='bbox 1694 912 1723 934; x_wconf 93' lang='lat' dir='ltr'><strong>ut</strong></span> 
     </span>
    </p>
   </div>
   <div class='ocr_carea' id='block_1_80' title="bbox 935 949 1724 986">
    <p class='ocr_par' dir='ltr' id='par_1_80' title="bbox 935 949 1724 986">
     <span class='ocr_line' id='line_1_80' title="bbox 935 949 1724 986; baseline 0.008 -12"><span class='ocrx_word' id='word_1_542' title='bbox 935 952 1080 983; x_wconf 62' lang='lat' dir='ltr'><strong>antequam</strong></span> <span class='ocrx_word' id='word_1_543' title='bbox 1093 949 1121 976; x_wconf 91' lang='lat' dir='ltr'><strong>S.</strong></span> <span class='ocrx_word' id='word_1_544' title='bbox 1142 949 1263 977; x_wconf 83' lang='lat' dir='ltr'><strong>Joannes</strong></span> <span class='ocrx_word' id='word_1_545' title='bbox 1283 951 1426 985; x_wconf 86' lang='lat' dir='ltr'><strong>epistolam</strong></span> <span class='ocrx_word' id='word_1_546' title='bbox 1442 951 1563 986; x_wconf 89' lang='lat' dir='ltr'><strong>scripsit,</strong></span> <span class='ocrx_word' id='word_1_547' title='bbox 1581 960 1628 980; x_wconf 90' lang='lat' dir='ltr'><strong>eos</strong></span> <span class='ocrx_word' id='word_1_548' title='bbox 1639 953 1724 980; x_wconf 84' lang='lat' dir='ltr'><strong>exsti-</strong></span> 
     </span>
    </p>
   </div>
   <div class='ocr_carea' id='block_1_81' title="bbox 935 993 1725 1032">
    <p class='ocr_par' dir='ltr' id='par_1_81' title="bbox 935 993 1725 1032">
     <span class='ocr_line' id='line_1_81' title="bbox 935 993 1725 1032; baseline 0.005 -12"><span class='ocrx_word' id='word_1_549' title='bbox 935 993 1000 1020; x_wconf 86' lang='lat' dir='ltr'><strong>tisse</strong></span> <span class='ocrx_word' id='word_1_550' title='bbox 1011 999 1180 1029; x_wconf 88' lang='lat' dir='ltr'><strong>compertum</strong></span> <span class='ocrx_word' id='word_1_551' title='bbox 1197 996 1251 1023; x_wconf 79' lang='lat' dir='ltr'><strong>sit?</strong></span> <span class='ocrx_word' id='word_1_552' title='bbox 1263 996 1303 1023; x_wconf 81' lang='lat' dir='ltr'><strong>An</strong></span> <span class='ocrx_word' id='word_1_553' title='bbox 1323 997 1396 1032; x_wconf 90' lang='lat' dir='ltr'><strong>quod</strong></span> <span class='ocrx_word' id='word_1_554' title='bbox 1419 996 1540 1032; x_wconf 82' lang='lat' dir='ltr'><strong>lgnatius</strong></span> <span class='ocrx_word' id='word_1_555' title='bbox 1560 997 1640 1024; x_wconf 91' lang='lat' dir='ltr'><strong>morti</strong></span> <span class='ocrx_word' id='word_1_556' title='bbox 1659 997 1725 1024; x_wconf 77' lang='lat' dir='ltr'><strong>vici-</strong></span> 
     </span>
    </p>
   </div>
   <div class='ocr_carea' id='block_1_82' title="bbox 935 1042 1722 1077">
    <p class='ocr_par' dir='ltr' id='par_1_82' title="bbox 935 1042 1722 1077">
     <span class='ocr_line' id='line_1_82' title="bbox 935 1042 1722 1077; baseline 0.008 -11"><span class='ocrx_word' id='word_1_557' title='bbox 935 1047 986 1066; x_wconf 90' lang='lat' dir='ltr'><strong>nus</strong></span> <span class='ocrx_word' id='word_1_558' title='bbox 1001 1046 1122 1069; x_wconf 86' lang='lat' dir='ltr'><strong>moneret</strong></span> <span class='ocrx_word' id='word_1_559' title='bbox 1135 1042 1316 1075; x_wconf 80' lang='lat' dir='ltr'><strong>Christianos,</strong></span> <span class='ocrx_word' id='word_1_560' title='bbox 1334 1048 1364 1071; x_wconf 88' lang='lat' dir='ltr'><strong>ut</strong></span> <span class='ocrx_word' id='word_1_561' title='bbox 1387 1044 1438 1071; x_wconf 87' lang='lat' dir='ltr'><strong>sibi</strong></span> <span class='ocrx_word' id='word_1_562' title='bbox 1462 1049 1590 1071; x_wconf 84' lang='lat' dir='ltr'><strong>caverent</strong></span> <span class='ocrx_word' id='word_1_563' title='bbox 1619 1044 1654 1071; x_wconf 87' lang='lat' dir='ltr'><strong>ab</strong></span> <span class='ocrx_word' id='word_1_564' title='bbox 1677 1045 1722 1077; x_wconf 86' lang='lat' dir='ltr'><strong>iis,</strong></span> 
     </span>
    </p>
   </div>
   <div class='ocr_carea' id='block_1_83' title="bbox 933 1085 1724 1124">
    <p class='ocr_par' dir='ltr' id='par_1_83' title="bbox 933 1085 1724 1124">
     <span class='ocr_line' id='line_1_83' title="bbox 933 1085 1724 1124; baseline 0.006 -13"><span class='ocrx_word' id='word_1_565' title='bbox 933 1085 979 1119; x_wconf 90' lang='lat' dir='ltr'><strong>qui</strong></span> <span class='ocrx_word' id='word_1_566' title='bbox 1005 1085 1100 1113; x_wconf 83' lang='lat' dir='ltr'><strong>falsam</strong></span> <span class='ocrx_word' id='word_1_567' title='bbox 1124 1087 1278 1114; x_wconf 84' lang='lat' dir='ltr'><strong>doctrinam</strong></span> <span class='ocrx_word' id='word_1_568' title='bbox 1305 1088 1332 1114; x_wconf 94' lang='lat' dir='ltr'><strong>in</strong></span> <span class='ocrx_word' id='word_1_569' title='bbox 1359 1087 1483 1115; x_wconf 77' lang='lat' dir='ltr'><strong>Ecclesia</strong></span> <span class='ocrx_word' id='word_1_570' title='bbox 1506 1096 1634 1124; x_wconf 83' lang='lat' dir='ltr'><strong>spargere</strong></span> <span class='ocrx_word' id='word_1_571' title='bbox 1658 1093 1724 1116; x_wconf 91' lang='lat' dir='ltr'><strong>tunc</strong></span> 
     </span>
    </p>
   </div>
   <div class='ocr_carea' id='block_1_84' title="bbox 933 1131 1720 1168">
    <p class='ocr_par' dir='ltr' id='par_1_84' title="bbox 933 1131 1720 1168">
     <span class='ocr_line' id='line_1_84' title="bbox 933 1131 1720 1168; baseline 0.004 -10"><span class='ocrx_word' id='word_1_572' title='bbox 933 1132 1063 1166; x_wconf 80' lang='lat' dir='ltr'><strong>temporis</strong></span> <span class='ocrx_word' id='word_1_573' title='bbox 1084 1133 1264 1167; x_wconf 85' lang='lat' dir='ltr'><strong>conabantur,</strong></span> <span class='ocrx_word' id='word_1_574' title='bbox 1284 1134 1346 1161; x_wconf 89' lang='lat' dir='ltr'><strong>inde</strong></span> <span class='ocrx_word' id='word_1_575' title='bbox 1365 1134 1530 1162; x_wconf 84' lang='lat' dir='ltr'><strong>concludere</strong></span> <span class='ocrx_word' id='word_1_576' title='bbox 1549 1134 1638 1168; x_wconf 90' lang='lat' dir='ltr'><strong>potuit</strong></span> <span class='ocrx_word' id='word_1_577' title='bbox 1653 1131 1720 1162; x_wconf 84' lang='lat' dir='ltr'><strong>Ter-</strong></span> 
     </span>
    </p>
   </div>
   <div class='ocr_carea' id='block_1_85' title="bbox 934 1176 1722 1209">
    <p class='ocr_par' dir='ltr' id='par_1_85' title="bbox 934 1176 1722 1209">
     <span class='ocr_line' id='line_1_85' title="bbox 934 1176 1722 1209; baseline 0.006 -7"><span class='ocrx_word' id='word_1_578' title='bbox 934 1176 1074 1209; x_wconf 86' lang='lat' dir='ltr'><strong>tullianus,</strong></span> <span class='ocrx_word' id='word_1_579' title='bbox 1093 1186 1140 1206; x_wconf 86' lang='lat' dir='ltr'><strong>eos</strong></span> <span class='ocrx_word' id='word_1_580' title='bbox 1159 1179 1252 1206; x_wconf 87' lang='lat' dir='ltr'><strong>eadem</strong></span> <span class='ocrx_word' id='word_1_581' title='bbox 1269 1183 1309 1206; x_wconf 89' lang='lat' dir='ltr'><strong>tot</strong></span> <span class='ocrx_word' id='word_1_582' title='bbox 1324 1179 1404 1206; x_wconf 86' lang='lat' dir='ltr'><strong>annis</strong></span> <span class='ocrx_word' id='word_1_583' title='bbox 1420 1183 1484 1207; x_wconf 88' lang='lat' dir='ltr'><strong>ante</strong></span> <span class='ocrx_word' id='word_1_584' title='bbox 1504 1179 1650 1207; x_wconf 80' lang='lat' dir='ltr'><strong>docuisse?</strong></span> <span class='ocrx_word' id='word_1_585' title='bbox 1669 1180 1722 1207; x_wconf 79' lang='lat' dir='ltr'><strong>Sed</strong></span> 
     </span>
    </p>
   </div>
   <div class='ocr_carea' id='block_1_86' title="bbox 933 1223 1722 1260">
    <p class='ocr_par' dir='ltr' id='par_1_86' title="bbox 933 1223 1722 1260">
     <span class='ocr_line' id='line_1_86' title="bbox 933 1223 1722 1260; baseline 0.006 -12"><span class='ocrx_word' id='word_1_586' title='bbox 933 1230 1013 1257; x_wconf 83' lang='lat' dir='ltr'><strong>neque</strong></span> <span class='ocrx_word' id='word_1_587' title='bbox 1027 1223 1080 1256; x_wconf 80' lang='lat' dir='ltr'><strong>hic,</strong></span> <span class='ocrx_word' id='word_1_588' title='bbox 1092 1224 1191 1259; x_wconf 90' lang='lat' dir='ltr'><strong>inquit,</strong></span> <span class='ocrx_word' id='word_1_589' title='bbox 1213 1233 1293 1260; x_wconf 81' lang='lat' dir='ltr'><strong>neque</strong></span> <span class='ocrx_word' id='word_1_590' title='bbox 1309 1226 1412 1260; x_wconf 77' lang='lat' dir='ltr'><strong>uspiam</strong></span> <span class='ocrx_word' id='word_1_591' title='bbox 1428 1226 1456 1252; x_wconf 88' lang='lat' dir='ltr'><strong>in</strong></span> <span class='ocrx_word' id='word_1_592' title='bbox 1472 1230 1525 1252; x_wconf 90' lang='lat' dir='ltr'><strong>toto</strong></span> <span class='ocrx_word' id='word_1_593' title='bbox 1541 1230 1633 1253; x_wconf 81' lang='lat' dir='ltr'><strong>contra</strong></span> <span class='ocrx_word' id='word_1_594' title='bbox 1647 1225 1722 1254; x_wconf 77' lang='lat' dir='ltr'><strong>Mar-</strong></span> 
     </span>
    </p>
   </div>
   <div class='ocr_carea' id='block_1_87' title="bbox 932 1268 1721 1307">
    <p class='ocr_par' dir='ltr' id='par_1_87' title="bbox 932 1268 1721 1307">
     <span class='ocr_line' id='line_1_87' title="bbox 932 1268 1721 1307; baseline 0.008 -13"><span class='ocrx_word' id='word_1_595' title='bbox 932 1268 1031 1295; x_wconf 82' lang='lat' dir='ltr'><strong>cionem</strong></span> <span class='ocrx_word' id='word_1_596' title='bbox 1049 1278 1123 1304; x_wconf 80' lang='lat' dir='ltr'><strong>opere</strong></span> <span class='ocrx_word' id='word_1_597' title='bbox 1139 1270 1239 1305; x_wconf 84' lang='lat' dir='ltr'><strong>lgnntii</strong></span> <span class='ocrx_word' id='word_1_598' title='bbox 1253 1272 1383 1304; x_wconf 80' lang='lat' dir='ltr'><strong>meminit,</strong></span> <span class='ocrx_word' id='word_1_599' title='bbox 1405 1272 1479 1307; x_wconf 76' lang='lat' dir='ltr'><strong>cujus</strong></span> <span class='ocrx_word' id='word_1_600' title='bbox 1495 1277 1549 1299; x_wconf 89' lang='lat' dir='ltr'><strong>tam</strong></span> <span class='ocrx_word' id='word_1_601' title='bbox 1570 1273 1662 1300; x_wconf 65' lang='lat' dir='ltr'><strong>multae</strong></span> <span class='ocrx_word' id='word_1_602' title='bbox 1682 1273 1721 1300; x_wconf 81' lang='lat' dir='ltr'><strong>le-</strong></span> 
     </span>
    </p>
   </div>
   <div class='ocr_carea' id='block_1_88' title="bbox 931 1315 1720 1352">
    <p class='ocr_par' dir='ltr' id='par_1_88' title="bbox 931 1315 1720 1352">
     <span class='ocr_line' id='line_1_88' title="bbox 931 1315 1720 1352; baseline 0.008 -12"><span class='ocrx_word' id='word_1_603' title='bbox 931 1319 1031 1349; x_wconf 85' lang='lat' dir='ltr'><strong>guntur</strong></span> <span class='ocrx_word' id='word_1_604' title='bbox 1045 1315 1168 1342; x_wconf 72' lang='lat' dir='ltr'><strong>adversus</strong></span> <span class='ocrx_word' id='word_1_605' title='bbox 1181 1316 1345 1344; x_wconf 80' lang='lat' dir='ltr'><strong>Marcionica</strong></span> <span class='ocrx_word' id='word_1_606' title='bbox 1361 1318 1486 1352; x_wconf 81' lang='lat' dir='ltr'><strong>ﬁgmenta</strong></span> <span class='ocrx_word' id='word_1_607' title='bbox 1498 1320 1642 1347; x_wconf 69' lang='lat' dir='ltr'><strong>sententia.</strong></span> <span class='ocrx_word' id='word_1_608' title='bbox 1662 1319 1720 1346; x_wconf 86' lang='lat' dir='ltr'><strong>Non</strong></span> 
     </span>
    </p>
   </div>
   <div class='ocr_carea' id='block_1_89' title="bbox 931 1361 1719 1400">
    <p class='ocr_par' dir='ltr' id='par_1_89' title="bbox 931 1361 1719 1400">
     <span class='ocr_line' id='line_1_89' title="bbox 931 1361 1719 1400; baseline 0.009 -13"><span class='ocrx_word' id='word_1_609' title='bbox 931 1361 1058 1388; x_wconf 87' lang='lat' dir='ltr'><strong>meminit</strong></span> <span class='ocrx_word' id='word_1_610' title='bbox 1071 1362 1181 1396; x_wconf 85' lang='lat' dir='ltr'><strong>quidem</strong></span> <span class='ocrx_word' id='word_1_611' title='bbox 1204 1363 1313 1398; x_wconf 85' lang='lat' dir='ltr'><strong>lgnatii,</strong></span> <span class='ocrx_word' id='word_1_612' title='bbox 1340 1364 1388 1398; x_wconf 88' lang='lat' dir='ltr'><strong>qui</strong></span> <span class='ocrx_word' id='word_1_613' title='bbox 1411 1363 1512 1391; x_wconf 91' lang='lat' dir='ltr'><strong>nullius</strong></span> <span class='ocrx_word' id='word_1_614' title='bbox 1532 1366 1673 1400; x_wconf 91' lang='lat' dir='ltr'><strong>meminit;</strong></span> <span class='ocrx_word' id='word_1_615' title='bbox 1690 1367 1719 1394; x_wconf 85' lang='lat' dir='ltr'><strong>in</strong></span> 
     </span>
    </p>
   </div>
   <div class='ocr_carea' id='block_1_90' title="bbox 932 1408 1722 1446">
    <p class='ocr_par' dir='ltr' id='par_1_90' title="bbox 932 1408 1722 1446">
     <span class='ocr_line' id='line_1_90' title="bbox 932 1408 1722 1446; baseline 0.008 -11"><span class='ocrx_word' id='word_1_616' title='bbox 932 1412 989 1436; x_wconf 86' lang='lat' dir='ltr'><strong>toto</strong></span> <span class='ocrx_word' id='word_1_617' title='bbox 1002 1413 1094 1435; x_wconf 87' lang='lat' dir='ltr'><strong>contra</strong></span> <span class='ocrx_word' id='word_1_618' title='bbox 1111 1408 1274 1436; x_wconf 83' lang='lat' dir='ltr'><strong>Marcionem</strong></span> <span class='ocrx_word' id='word_1_619' title='bbox 1290 1417 1371 1444; x_wconf 85' lang='lat' dir='ltr'><strong>opere</strong></span> <span class='ocrx_word' id='word_1_620' title='bbox 1387 1417 1437 1437; x_wconf 86' lang='lat' dir='ltr'><strong>nec</strong></span> <span class='ocrx_word' id='word_1_621' title='bbox 1451 1417 1535 1437; x_wconf 94' lang='lat' dir='ltr'><strong>unum</strong></span> <span class='ocrx_word' id='word_1_622' title='bbox 1548 1411 1658 1446; x_wconf 85' lang='lat' dir='ltr'><strong>quidem</strong></span> <span class='ocrx_word' id='word_1_623' title='bbox 1675 1420 1722 1441; x_wconf 38' lang='lat' dir='ltr'><strong>ec,</strong></span> 
     </span>
    </p>
   </div>
   <div class='ocr_carea' id='block_1_91' title="bbox 931 1454 1720 1492">
    <p class='ocr_par' dir='ltr' id='par_1_91' title="bbox 931 1454 1720 1492">
     <span class='ocr_line' id='line_1_91' title="bbox 931 1454 1720 1492; baseline 0.006 -11"><span class='ocrx_word' id='word_1_624' title='bbox 931 1454 1115 1483; x_wconf 88' lang='lat' dir='ltr'><strong>clesiasticum</strong></span> <span class='ocrx_word' id='word_1_625' title='bbox 1124 1455 1286 1489; x_wconf 87' lang='lat' dir='ltr'><strong>scriptorem</strong></span> <span class='ocrx_word' id='word_1_626' title='bbox 1299 1455 1381 1488; x_wconf 87' lang='lat' dir='ltr'><strong>citat;</strong></span> <span class='ocrx_word' id='word_1_627' title='bbox 1395 1454 1553 1491; x_wconf 88' lang='lat' dir='ltr'><strong>Scripturis,</strong></span> <span class='ocrx_word' id='word_1_628' title='bbox 1565 1458 1720 1492; x_wconf 83' lang='lat' dir='ltr'><strong>traditioue,</strong></span> 
     </span>
    </p>
   </div>
   <div class='ocr_carea' id='block_1_92' title="bbox 931 1502 1720 1538">
    <p class='ocr_par' dir='ltr' id='par_1_92' title="bbox 931 1502 1720 1538">
     <span class='ocr_line' id='line_1_92' title="bbox 931 1502 1720 1538; baseline 0.008 -10"><span class='ocrx_word' id='word_1_629' title='bbox 931 1502 1084 1530; x_wconf 88' lang='lat' dir='ltr'><strong>rationibus</strong></span> <span class='ocrx_word' id='word_1_630' title='bbox 1108 1507 1210 1537; x_wconf 82' lang='lat' dir='ltr'><strong>pugnat</strong></span> <span class='ocrx_word' id='word_1_631' title='bbox 1232 1506 1259 1529; x_wconf 88' lang='lat' dir='ltr'><strong>et</strong></span> <span class='ocrx_word' id='word_1_632' title='bbox 1281 1502 1392 1537; x_wconf 89' lang='lat' dir='ltr'><strong>quidem</strong></span> <span class='ocrx_word' id='word_1_633' title='bbox 1418 1502 1584 1538; x_wconf 86' lang='lat' dir='ltr'><strong>lgnatianis,</strong></span> <span class='ocrx_word' id='word_1_634' title='bbox 1611 1513 1662 1534; x_wconf 89' lang='lat' dir='ltr'><strong>nec</strong></span> <span class='ocrx_word' id='word_1_635' title='bbox 1686 1513 1720 1534; x_wconf 86' lang='lat' dir='ltr'><strong>ex</strong></span> 
     </span>
    </p>
   </div>
   <div class='ocr_carea' id='block_1_93' title="bbox 932 1547 1721 1584">
    <p class='ocr_par' dir='ltr' id='par_1_93' title="bbox 932 1547 1721 1584">
     <span class='ocr_line' id='line_1_93' title="bbox 932 1547 1721 1584; baseline 0.005 -9"><span class='ocrx_word' id='word_1_636' title='bbox 932 1548 1036 1584; x_wconf 87' lang='lat' dir='ltr'><strong>lgnatio</strong></span> <span class='ocrx_word' id='word_1_637' title='bbox 1050 1548 1212 1575; x_wconf 90' lang='lat' dir='ltr'><strong>nominatim</strong></span> <span class='ocrx_word' id='word_1_638' title='bbox 1233 1547 1395 1575; x_wconf 88' lang='lat' dir='ltr'><strong>sententiam</strong></span> <span class='ocrx_word' id='word_1_639' title='bbox 1411 1548 1542 1582; x_wconf 83' lang='lat' dir='ltr'><strong>aliquam,</strong></span> <span class='ocrx_word' id='word_1_640' title='bbox 1561 1557 1612 1578; x_wconf 89' lang='lat' dir='ltr'><strong>nec</strong></span> <span class='ocrx_word' id='word_1_641' title='bbox 1623 1558 1656 1578; x_wconf 86' lang='lat' dir='ltr'><strong>ex</strong></span> <span class='ocrx_word' id='word_1_642' title='bbox 1667 1551 1721 1584; x_wconf 80' lang='lat' dir='ltr'><strong>alio</strong></span> 
     </span>
    </p>
   </div>
   <div class='ocr_carea' id='block_1_94' title="bbox 931 1592 1719 1629">
    <p class='ocr_par' dir='ltr' id='par_1_94' title="bbox 931 1592 1719 1629">
     <span class='ocr_line' id='line_1_94' title="bbox 931 1592 1719 1629; baseline 0.005 -8"><span class='ocrx_word' id='word_1_643' title='bbox 931 1594 1061 1629; x_wconf 84' lang='lat' dir='ltr'><strong>quopiam</strong></span> <span class='ocrx_word' id='word_1_644' title='bbox 1075 1593 1216 1621; x_wconf 88' lang='lat' dir='ltr'><strong>describit.</strong></span> <span class='ocrx_word' id='word_1_645' title='bbox 1244 1592 1272 1620; x_wconf 91' lang='lat' dir='ltr'><strong>Si</strong></span> <span class='ocrx_word' id='word_1_646' title='bbox 1296 1592 1418 1628; x_wconf 84' lang='lat' dir='ltr'><strong>lgnatius</strong></span> <span class='ocrx_word' id='word_1_647' title='bbox 1434 1594 1566 1628; x_wconf 82' lang='lat' dir='ltr'><strong>epistolas</strong></span> <span class='ocrx_word' id='word_1_648' title='bbox 1583 1595 1645 1623; x_wconf 86' lang='lat' dir='ltr'><strong>ideo</strong></span> <span class='ocrx_word' id='word_1_649' title='bbox 1664 1605 1719 1625; x_wconf 90' lang='lat' dir='ltr'><strong>non</strong></span> 
     </span>
    </p>
   </div>
   <div class='ocr_carea' id='block_1_95' title="bbox 930 1638 1720 1676">
    <p class='ocr_par' dir='ltr' id='par_1_95' title="bbox 930 1638 1720 1676">
     <span class='ocr_line' id='line_1_95' title="bbox 930 1638 1720 1676; baseline 0.005 -11"><span class='ocrx_word' id='word_1_650' title='bbox 930 1639 1075 1674; x_wconf 84' lang='lat' dir='ltr'><strong>scripsisse</strong></span> <span class='ocrx_word' id='word_1_651' title='bbox 1090 1638 1222 1666; x_wconf 87' lang='lat' dir='ltr'><strong>dicendus</strong></span> <span class='ocrx_word' id='word_1_652' title='bbox 1237 1642 1295 1671; x_wconf 87' lang='lat' dir='ltr'><strong>cst;</strong></span> <span class='ocrx_word' id='word_1_653' title='bbox 1312 1645 1408 1665; x_wconf 88' lang='lat' dir='ltr'><strong>omnes</strong></span> <span class='ocrx_word' id='word_1_654' title='bbox 1422 1639 1505 1666; x_wconf 85' lang='lat' dir='ltr'><strong>etiam</strong></span> <span class='ocrx_word' id='word_1_655' title='bbox 1524 1639 1587 1667; x_wconf 89' lang='lat' dir='ltr'><strong>libri</strong></span> <span class='ocrx_word' id='word_1_656' title='bbox 1607 1641 1653 1676; x_wconf 88' lang='lat' dir='ltr'><strong>qui</strong></span> <span class='ocrx_word' id='word_1_657' title='bbox 1669 1641 1720 1670; x_wconf 83' lang='lat' dir='ltr'><strong>ali-</strong></span> 
     </span>
    </p>
   </div>
   <div class='ocr_carea' id='block_1_96' title="bbox 929 1683 1719 1720">
    <p class='ocr_par' dir='ltr' id='par_1_96' title="bbox 929 1683 1719 1720">
     <span class='ocr_line' id='line_1_96' title="bbox 929 1683 1719 1720; baseline 0.004 -8"><span class='ocrx_word' id='word_1_658' title='bbox 929 1685 995 1719; x_wconf 88' lang='lat' dir='ltr'><strong>quid</strong></span> <span class='ocrx_word' id='word_1_659' title='bbox 1009 1684 1139 1720; x_wconf 71' lang='lat' dir='ltr'><strong>przeclare</strong></span> <span class='ocrx_word' id='word_1_660' title='bbox 1157 1688 1252 1711; x_wconf 90' lang='lat' dir='ltr'><strong>contra</strong></span> <span class='ocrx_word' id='word_1_661' title='bbox 1274 1683 1468 1711; x_wconf 81' lang='lat' dir='ltr'><strong>Marcionicam</strong></span> <span class='ocrx_word' id='word_1_662' title='bbox 1492 1685 1616 1713; x_wconf 67' lang='lat' dir='ltr'><strong>haeresim</strong></span> <span class='ocrx_word' id='word_1_663' title='bbox 1630 1689 1719 1715; x_wconf 88' lang='lat' dir='ltr'><strong>conti-</strong></span> 
     </span>
    </p>
   </div>
   <div class='ocr_carea' id='block_1_97' title="bbox 929 1729 1715 1764">
    <p class='ocr_par' dir='ltr' id='par_1_97' title="bbox 929 1729 1715 1764">
     <span class='ocr_line' id='line_1_97' title="bbox 929 1729 1715 1764; baseline 0.004 -7"><span class='ocrx_word' id='word_1_664' title='bbox 929 1737 994 1757; x_wconf 89' lang='lat' dir='ltr'><strong>nere</strong></span> <span class='ocrx_word' id='word_1_665' title='bbox 1016 1730 1200 1764; x_wconf 82' lang='lat' dir='ltr'><strong>reperiuntur,</strong></span> <span class='ocrx_word' id='word_1_666' title='bbox 1221 1729 1306 1764; x_wconf 88' lang='lat' dir='ltr'><strong>spurii</strong></span> <span class='ocrx_word' id='word_1_667' title='bbox 1326 1734 1354 1756; x_wconf 87' lang='lat' dir='ltr'><strong>et</strong></span> <span class='ocrx_word' id='word_1_668' title='bbox 1381 1729 1559 1758; x_wconf 87' lang='lat' dir='ltr'><strong>commentitii</strong></span> <span class='ocrx_word' id='word_1_669' title='bbox 1584 1733 1715 1760; x_wconf 87' lang='lat' dir='ltr'><strong>censendi</strong></span> 
     </span>
    </p>
   </div>
   <div class='ocr_carea' id='block_1_98' title="bbox 929 1775 1718 1809">
    <p class='ocr_par' dir='ltr' id='par_1_98' title="bbox 929 1775 1718 1809">
     <span class='ocr_line' id='line_1_98' title="bbox 929 1775 1718 1809; baseline 0.004 -5"><span class='ocrx_word' id='word_1_670' title='bbox 929 1781 1003 1804; x_wconf 81' lang='lat' dir='ltr'><strong>sunt.</strong></span> <span class='ocrx_word' id='word_1_671' title='bbox 1021 1775 1206 1804; x_wconf 88' lang='lat' dir='ltr'><strong>Tertullianus</strong></span> <span class='ocrx_word' id='word_1_672' title='bbox 1226 1784 1280 1803; x_wconf 92' lang='lat' dir='ltr'><strong>non</strong></span> <span class='ocrx_word' id='word_1_673' title='bbox 1296 1780 1400 1803; x_wconf 86' lang='lat' dir='ltr'><strong>tantum</strong></span> <span class='ocrx_word' id='word_1_674' title='bbox 1416 1776 1443 1802; x_wconf 94' lang='lat' dir='ltr'><strong>in</strong></span> <span class='ocrx_word' id='word_1_675' title='bbox 1469 1776 1531 1809; x_wconf 85' lang='lat' dir='ltr'><strong>hoc,</strong></span> <span class='ocrx_word' id='word_1_676' title='bbox 1549 1778 1596 1805; x_wconf 84' lang='lat' dir='ltr'><strong>sed</strong></span> <span class='ocrx_word' id='word_1_677' title='bbox 1616 1778 1644 1806; x_wconf 91' lang='lat' dir='ltr'><strong>in</strong></span> <span class='ocrx_word' id='word_1_678' title='bbox 1661 1784 1718 1807; x_wconf 91' lang='lat' dir='ltr'><strong>toto</strong></span> 
     </span>
    </p>
   </div>
   <div class='ocr_carea' id='block_1_99' title="bbox 928 1822 1717 1857">
    <p class='ocr_par' dir='ltr' id='par_1_99' title="bbox 928 1822 1717 1857">
     <span class='ocr_line' id='line_1_99' title="bbox 928 1822 1717 1857; baseline 0.006 -9"><span class='ocrx_word' id='word_1_679' title='bbox 928 1822 1000 1857; x_wconf 93' lang='lat' dir='ltr'><strong>quod</strong></span> <span class='ocrx_word' id='word_1_680' title='bbox 1018 1826 1109 1850; x_wconf 81' lang='lat' dir='ltr'><strong>exstat</strong></span> <span class='ocrx_word' id='word_1_681' title='bbox 1128 1829 1221 1857; x_wconf 85' lang='lat' dir='ltr'><strong>opere,</strong></span> <span class='ocrx_word' id='word_1_682' title='bbox 1242 1822 1343 1849; x_wconf 86' lang='lat' dir='ltr'><strong>nullam</strong></span> <span class='ocrx_word' id='word_1_683' title='bbox 1366 1830 1486 1857; x_wconf 90' lang='lat' dir='ltr'><strong>unquam</strong></span> <span class='ocrx_word' id='word_1_684' title='bbox 1502 1825 1664 1852; x_wconf 86' lang='lat' dir='ltr'><strong>sententiam</strong></span> <span class='ocrx_word' id='word_1_685' title='bbox 1683 1834 1717 1856; x_wconf 79' lang='lat' dir='ltr'><strong>ex</strong></span> 
     </span>
    </p>
   </div>
   <div class='ocr_carea' id='block_1_100' title="bbox 927 1868 1718 1903">
    <p class='ocr_par' dir='ltr' id='par_1_100' title="bbox 927 1868 1718 1903">
     <span class='ocr_line' id='line_1_100' title="bbox 927 1868 1718 1903; baseline 0.005 -9"><span class='ocrx_word' id='word_1_686' title='bbox 927 1868 984 1895; x_wconf 93' lang='lat' dir='ltr'><strong>ullo</strong></span> <span class='ocrx_word' id='word_1_687' title='bbox 999 1868 1132 1903; x_wconf 79' lang='lat' dir='ltr'><strong>scriptore</strong></span> <span class='ocrx_word' id='word_1_688' title='bbox 1154 1868 1341 1896; x_wconf 85' lang='lat' dir='ltr'><strong>ecclesiastico</strong></span> <span class='ocrx_word' id='word_1_689' title='bbox 1357 1869 1469 1896; x_wconf 86' lang='lat' dir='ltr'><strong>totidem</strong></span> <span class='ocrx_word' id='word_1_690' title='bbox 1492 1869 1583 1897; x_wconf 91' lang='lat' dir='ltr'><strong>verbis</strong></span> <span class='ocrx_word' id='word_1_691' title='bbox 1608 1872 1718 1902; x_wconf 74' lang='lat' dir='ltr'><strong>nomine</strong></span> 
     </span>
    </p>
   </div>
   <div class='ocr_carea' id='block_1_101' title="bbox 927 1912 1716 1948">
    <p class='ocr_par' dir='ltr' id='par_1_101' title="bbox 927 1912 1716 1948">
     <span class='ocr_line' id='line_1_101' title="bbox 927 1912 1716 1948; baseline 0.005 -8"><span class='ocrx_word' id='word_1_692' title='bbox 927 1913 1009 1941; x_wconf 86' lang='lat' dir='ltr'><strong>citato</strong></span> <span class='ocrx_word' id='word_1_693' title='bbox 1023 1914 1167 1948; x_wconf 74' lang='lat' dir='ltr'><strong>execrpsit.</strong></span> <span class='ocrx_word' id='word_1_694' title='bbox 1183 1912 1337 1941; x_wconf 83' lang='lat' dir='ltr'><strong>Barnabam</strong></span> <span class='ocrx_word' id='word_1_695' title='bbox 1356 1912 1492 1948; x_wconf 90' lang='lat' dir='ltr'><strong>nominat,</strong></span> <span class='ocrx_word' id='word_1_696' title='bbox 1504 1915 1552 1942; x_wconf 84' lang='lat' dir='ltr'><strong>sed</strong></span> <span class='ocrx_word' id='word_1_697' title='bbox 1576 1920 1605 1943; x_wconf 89' lang='lat' dir='ltr'><strong>ut</strong></span> <span class='ocrx_word' id='word_1_698' title='bbox 1622 1922 1716 1944; x_wconf 87' lang='lat' dir='ltr'><strong>aucto-</strong></span> 
     </span>
    </p>
   </div>
   <div class='ocr_carea' id='block_1_102' title="bbox 927 1958 1716 1995">
    <p class='ocr_par' dir='ltr' id='par_1_102' title="bbox 927 1958 1716 1995">
     <span class='ocr_line' id='line_1_102' title="bbox 927 1958 1716 1995; baseline 0.006 -10"><span class='ocrx_word' id='word_1_699' title='bbox 927 1966 984 1986; x_wconf 90' lang='lat' dir='ltr'><strong>rem</strong></span> <span class='ocrx_word' id='word_1_700' title='bbox 1000 1959 1122 1993; x_wconf 75' lang='lat' dir='ltr'><strong>epistolze</strong></span> <span class='ocrx_word' id='word_1_701' title='bbox 1136 1959 1169 1986; x_wconf 88' lang='lat' dir='ltr'><strong>ad</strong></span> <span class='ocrx_word' id='word_1_702' title='bbox 1185 1958 1324 1992; x_wconf 64' lang='lat' dir='ltr'><strong>Hebraeos,</strong></span> <span class='ocrx_word' id='word_1_703' title='bbox 1346 1967 1406 1995; x_wconf 71' lang='lat' dir='ltr'><strong>quae</strong></span> <span class='ocrx_word' id='word_1_704' title='bbox 1426 1969 1500 1988; x_wconf 92' lang='lat' dir='ltr'><strong>nunc</strong></span> <span class='ocrx_word' id='word_1_705' title='bbox 1515 1958 1542 1988; x_wconf 89' lang='lat' dir='ltr'><strong>S.</strong></span> <span class='ocrx_word' id='word_1_706' title='bbox 1561 1961 1638 1990; x_wconf 90' lang='lat' dir='ltr'><strong>Pauli</strong></span> <span class='ocrx_word' id='word_1_707' title='bbox 1655 1970 1716 1991; x_wconf 88' lang='lat' dir='ltr'><strong>cre-</strong></span> 
     </span>
    </p>
   </div>
   <div class='ocr_carea' id='block_1_103' title="bbox 926 2003 1715 2040">
    <p class='ocr_par' dir='ltr' id='par_1_103' title="bbox 926 2003 1715 2040">
     <span class='ocr_line' id='line_1_103' title="bbox 926 2003 1715 2040; baseline 0.008 -10"><span class='ocrx_word' id='word_1_708' title='bbox 926 2003 1010 2031; x_wconf 88' lang='lat' dir='ltr'><strong>ditur.</strong></span> <span class='ocrx_word' id='word_1_709' title='bbox 1031 2003 1158 2031; x_wconf 87' lang='lat' dir='ltr'><strong>llermam</strong></span> <span class='ocrx_word' id='word_1_710' title='bbox 1184 2005 1259 2037; x_wconf 85' lang='lat' dir='ltr'><strong>citat,</strong></span> <span class='ocrx_word' id='word_1_711' title='bbox 1289 2013 1371 2040; x_wconf 84' lang='lat' dir='ltr'><strong>quem</strong></span> <span class='ocrx_word' id='word_1_712' title='bbox 1397 2013 1470 2034; x_wconf 92' lang='lat' dir='ltr'><strong>nunc</strong></span> <span class='ocrx_word' id='word_1_713' title='bbox 1487 2011 1516 2034; x_wconf 88' lang='lat' dir='ltr'><strong>ut</strong></span> <span class='ocrx_word' id='word_1_714' title='bbox 1527 2008 1715 2036; x_wconf 87' lang='lat' dir='ltr'><strong>authenticum</strong></span> 
     </span>
    </p>
   </div>
   <div class='ocr_carea' id='block_1_104' title="bbox 926 2050 1715 2088">
    <p class='ocr_par' dir='ltr' id='par_1_104' title="bbox 926 2050 1715 2088">
     <span class='ocr_line' id='line_1_104' title="bbox 926 2050 1715 2088; baseline 0.006 -11"><span class='ocrx_word' id='word_1_715' title='bbox 926 2050 1055 2083; x_wconf 87' lang='lat' dir='ltr'><strong>admittit,</strong></span> <span class='ocrx_word' id='word_1_716' title='bbox 1070 2057 1143 2077; x_wconf 85' lang='lat' dir='ltr'><strong>nunc</strong></span> <span class='ocrx_word' id='word_1_717' title='bbox 1157 2054 1190 2088; x_wconf 6' lang='lat' dir='ltr'><strong>qut</strong></span> <span class='ocrx_word' id='word_1_718' title='bbox 1206 2051 1391 2086; x_wconf 84' lang='lat' dir='ltr'><strong>apocrypbum</strong></span> <span class='ocrx_word' id='word_1_719' title='bbox 1410 2052 1529 2087; x_wconf 83' lang='lat' dir='ltr'><strong>despuit.</strong></span> <span class='ocrx_word' id='word_1_720' title='bbox 1549 2051 1715 2082; x_wconf 82' lang='lat' dir='ltr'><strong>Clementem</strong></span> 
     </span>
    </p>
   </div>
   <div class='ocr_carea' id='block_1_105' title="bbox 926 2095 1709 2134">
    <p class='ocr_par' dir='ltr' id='par_1_105' title="bbox 926 2095 1709 2134">
     <span class='ocr_line' id='line_1_105' title="bbox 926 2095 1709 2134; baseline 0.006 -12"><span class='ocrx_word' id='word_1_721' title='bbox 926 2095 1020 2123; x_wconf 75' lang='lat' dir='ltr'><strong>laudat</strong></span> <span class='ocrx_word' id='word_1_722' title='bbox 1042 2100 1073 2123; x_wconf 92' lang='lat' dir='ltr'><strong>ut</strong></span> <span class='ocrx_word' id='word_1_723' title='bbox 1098 2095 1191 2123; x_wconf 55' lang='lat' dir='ltr'><strong>Romae</strong></span> <span class='ocrx_word' id='word_1_724' title='bbox 1212 2097 1383 2131; x_wconf 89' lang='lat' dir='ltr'><strong>episcopum,</strong></span> <span class='ocrx_word' id='word_1_725' title='bbox 1398 2105 1451 2124; x_wconf 92' lang='lat' dir='ltr'><strong>non</strong></span> <span class='ocrx_word' id='word_1_726' title='bbox 1468 2103 1498 2125; x_wconf 93' lang='lat' dir='ltr'><strong>ut</strong></span> <span class='ocrx_word' id='word_1_727' title='bbox 1512 2097 1632 2134; x_wconf 64' lang='lat' dir='ltr'><strong>epistolae</strong></span> <span class='ocrx_word' id='word_1_728' title='bbox 1643 2101 1709 2127; x_wconf 84' lang='lat' dir='ltr'><strong>seri-</strong></span> 
     </span>
    </p>
   </div>
   <div class='ocr_carea' id='block_1_106' title="bbox 926 2141 1715 2181">
    <p class='ocr_par' dir='ltr' id='par_1_106' title="bbox 926 2141 1715 2181">
     <span class='ocr_line' id='line_1_106' title="bbox 926 2141 1715 2181; baseline 0.005 -13"><span class='ocrx_word' id='word_1_729' title='bbox 926 2146 1042 2177; x_wconf 83' lang='lat' dir='ltr'><strong>ptorem.</strong></span> <span class='ocrx_word' id='word_1_730' title='bbox 1055 2141 1227 2169; x_wconf 89' lang='lat' dir='ltr'><strong>Christianos</strong></span> <span class='ocrx_word' id='word_1_731' title='bbox 1243 2142 1349 2177; x_wconf 85' lang='lat' dir='ltr'><strong>aliquot</strong></span> <span class='ocrx_word' id='word_1_732' title='bbox 1361 2141 1395 2168; x_wconf 81' lang='lat' dir='ltr'><strong>ad</strong></span> <span class='ocrx_word' id='word_1_733' title='bbox 1415 2148 1513 2178; x_wconf 72' lang='lat' dir='ltr'><strong>gentes,</strong></span> <span class='ocrx_word' id='word_1_734' title='bbox 1533 2145 1603 2180; x_wconf 81' lang='grc' dir='ltr'>πρὸς</span> <span class='ocrx_word' id='word_1_735' title='bbox 1621 2145 1715 2181; x_wconf 84' lang='grc' dir='ltr'><strong>’Ἐλλη-</strong></span> 
     </span>
    </p>
   </div>
   <div class='ocr_carea' id='block_1_107' title="bbox 892 2186 1712 2222">
    <p class='ocr_par' dir='ltr' id='par_1_107' title="bbox 892 2186 1712 2222">
     <span class='ocr_line' id='line_1_107' title="bbox 892 2186 1712 2222; baseline 0.006 -9"><span class='ocrx_word' id='word_1_736' title='bbox 892 2195 914 2222; x_wconf 77' lang='grc' dir='ltr'><strong>ι)</strong></span> <span class='ocrx_word' id='word_1_737' title='bbox 927 2195 985 2219; x_wconf 84' lang='grc' dir='ltr'><strong>νας,</strong></span> <span class='ocrx_word' id='word_1_738' title='bbox 1002 2186 1139 2222; x_wconf 80' lang='lat' dir='ltr'><strong>Opuscula</strong></span> <span class='ocrx_word' id='word_1_739' title='bbox 1154 2186 1320 2220; x_wconf 85' lang='lat' dir='ltr'><strong>condidisse,</strong></span> <span class='ocrx_word' id='word_1_740' title='bbox 1336 2187 1413 2221; x_wconf 85' lang='lat' dir='ltr'><strong>dicit,</strong></span> <span class='ocrx_word' id='word_1_741' title='bbox 1426 2189 1563 2217; x_wconf 88' lang='lat' dir='ltr'><strong>neminem</strong></span> <span class='ocrx_word' id='word_1_742' title='bbox 1576 2191 1712 2218; x_wconf 87' lang='lat' dir='ltr'><strong>nominat.</strong></span> 
     </span>
    </p>
   </div>
   <div class='ocr_carea' id='block_1_108' title="bbox 926 2233 1715 2268">
    <p class='ocr_par' dir='ltr' id='par_1_108' title="bbox 926 2233 1715 2268">
     <span class='ocr_line' id='line_1_108' title="bbox 926 2233 1715 2268; baseline 0.003 -7"><span class='ocrx_word' id='word_1_743' title='bbox 926 2233 1075 2268; x_wconf 89' lang='lat' dir='ltr'><strong>Cujusdam</strong></span> <span class='ocrx_word' id='word_1_744' title='bbox 1096 2234 1154 2261; x_wconf 65' lang='lat' dir='ltr'><strong>hzrc</strong></span> <span class='ocrx_word' id='word_1_745' title='bbox 1176 2234 1260 2261; x_wconf 87' lang='lat' dir='ltr'><strong>verba</strong></span> <span class='ocrx_word' id='word_1_746' title='bbox 1280 2234 1394 2261; x_wconf 86' lang='lat' dir='ltr'><strong>recitare</strong></span> <span class='ocrx_word' id='word_1_747' title='bbox 1420 2235 1526 2262; x_wconf 89' lang='lat' dir='ltr'><strong>videtur</strong></span> <span class='ocrx_word' id='word_1_748' title='bbox 1549 2245 1556 2263; x_wconf 86' lang='lat'><strong>:</strong></span> <span class='ocrx_word' id='word_1_749' title='bbox 1584 2233 1715 2268; x_wconf 80' lang='lat' dir='ltr'><strong>Quoniam</strong></span> 
     </span>
    </p>
   </div>
   <div class='ocr_carea' id='block_1_109' title="bbox 925 2277 1714 2316">
    <p class='ocr_par' dir='ltr' id='par_1_109' title="bbox 925 2277 1714 2316">
     <span class='ocr_line' id='line_1_109' title="bbox 925 2277 1714 2316; baseline 0.005 -12"><span class='ocrx_word' id='word_1_750' title='bbox 925 2277 1029 2313; x_wconf 83' lang='lat' dir='ltr'><strong>quidem</strong></span> <span class='ocrx_word' id='word_1_751' title='bbox 1045 2277 1203 2313; x_wconf 65' lang='lat' dir='ltr'><strong>desponsata</strong></span> <span class='ocrx_word' id='word_1_752' title='bbox 1220 2283 1259 2305; x_wconf 73' lang='lat' dir='ltr'><strong>est</strong></span> <span class='ocrx_word' id='word_1_753' title='bbox 1283 2277 1382 2312; x_wconf 78' lang='lat' dir='ltr'><strong>Maria,</strong></span> <span class='ocrx_word' id='word_1_754' title='bbox 1397 2278 1497 2307; x_wconf 76' lang='lat' dir='ltr'><strong>idcirco</strong></span> <span class='ocrx_word' id='word_1_755' title='bbox 1511 2285 1536 2308; x_wconf 89' lang='lat' dir='ltr'><strong>et</strong></span> <span class='ocrx_word' id='word_1_756' title='bbox 1556 2280 1588 2307; x_wconf 86' lang='lat' dir='ltr'><strong>ab</strong></span> <span class='ocrx_word' id='word_1_757' title='bbox 1610 2282 1714 2316; x_wconf 83' lang='lat' dir='ltr'><strong>angelo,</strong></span> 
     </span>
    </p>
   </div>
   <div class='ocr_carea' id='block_1_110' title="bbox 924 2321 1715 2359">
    <p class='ocr_par' dir='ltr' id='par_1_110' title="bbox 924 2321 1715 2359">
     <span class='ocr_line' id='line_1_110' title="bbox 924 2321 1715 2359; baseline 0.006 -11"><span class='ocrx_word' id='word_1_758' title='bbox 924 2327 949 2349; x_wconf 82' lang='lat' dir='ltr'><strong>et</strong></span> <span class='ocrx_word' id='word_1_759' title='bbox 966 2321 998 2348; x_wconf 88' lang='lat' dir='ltr'><strong>ab</strong></span> <span class='ocrx_word' id='word_1_760' title='bbox 1013 2322 1131 2357; x_wconf 78' lang='lat' dir='ltr'><strong>apostolo</strong></span> <span class='ocrx_word' id='word_1_761' title='bbox 1150 2322 1285 2350; x_wconf 87' lang='lat' dir='ltr'><strong>mulierem</strong></span> <span class='ocrx_word' id='word_1_762' title='bbox 1308 2325 1505 2358; x_wconf 82' lang='lat' dir='ltr'><strong>pronuntiatam</strong></span> <span class='ocrx_word' id='word_1_763' title='bbox 1526 2332 1535 2351; x_wconf 91' lang='lat'><em>:</em></span> <span class='ocrx_word' id='word_1_764' title='bbox 1555 2323 1715 2359; x_wconf 69' lang='lat' dir='ltr'><strong>desponsata</strong></span> 
     </span>
    </p>
   </div>
   <div class='ocr_carea' id='block_1_111' title="bbox 924 2369 1712 2406">
    <p class='ocr_par' dir='ltr' id='par_1_111' title="bbox 924 2369 1712 2406">
     <span class='ocr_line' id='line_1_111' title="bbox 924 2369 1712 2406; baseline 0.004 -11"><span class='ocrx_word' id='word_1_765' title='bbox 924 2369 994 2396; x_wconf 83' lang='lat' dir='ltr'><strong>enim</strong></span> <span class='ocrx_word' id='word_1_766' title='bbox 1012 2369 1206 2404; x_wconf 83' lang='lat' dir='ltr'><strong>quodammodo</strong></span> <span class='ocrx_word' id='word_1_767' title='bbox 1229 2374 1329 2405; x_wconf 88' lang='lat' dir='ltr'><strong>nupta;</strong></span> <span class='ocrx_word' id='word_1_768' title='bbox 1348 2371 1394 2398; x_wconf 88' lang='lat' dir='ltr'><strong>scd</strong></span> <span class='ocrx_word' id='word_1_769' title='bbox 1417 2378 1450 2397; x_wconf 87' lang='lat' dir='ltr'><strong>an</strong></span> <span class='ocrx_word' id='word_1_770' title='bbox 1475 2371 1576 2406; x_wconf 91' lang='lat' dir='ltr'><strong>scripta</strong></span> <span class='ocrx_word' id='word_1_771' title='bbox 1599 2370 1712 2404; x_wconf 78' lang='lat' dir='ltr'><strong>fuerint,</strong></span> 
     </span>
    </p>
   </div>
   <div class='ocr_carea' id='block_1_112' title="bbox 924 2416 1714 2452">
    <p class='ocr_par' dir='ltr' id='par_1_112' title="bbox 924 2416 1714 2452">
     <span class='ocr_line' id='line_1_112' title="bbox 924 2416 1714 2452; baseline 0.003 -9"><span class='ocrx_word' id='word_1_772' title='bbox 924 2423 978 2443; x_wconf 91' lang='lat' dir='ltr'><strong>non</strong></span> <span class='ocrx_word' id='word_1_773' title='bbox 993 2416 1082 2450; x_wconf 86' lang='lat' dir='ltr'><strong>docet,</strong></span> <span class='ocrx_word' id='word_1_774' title='bbox 1094 2421 1121 2443; x_wconf 90' lang='lat' dir='ltr'><strong>et</strong></span> <span class='ocrx_word' id='word_1_775' title='bbox 1141 2416 1198 2452; x_wconf 89' lang='lat' dir='ltr'><strong>ipsa</strong></span> <span class='ocrx_word' id='word_1_776' title='bbox 1220 2416 1297 2444; x_wconf 84' lang='lat' dir='ltr'><strong>atl&#39;ert</strong></span> <span class='ocrx_word' id='word_1_777' title='bbox 1316 2422 1421 2445; x_wconf 87' lang='lat' dir='ltr'><strong>tantum</strong></span> <span class='ocrx_word' id='word_1_778' title='bbox 1443 2421 1473 2445; x_wconf 89' lang='lat' dir='ltr'><strong>ut</strong></span> <span class='ocrx_word' id='word_1_779' title='bbox 1494 2417 1602 2445; x_wconf 79' lang='lat' dir='ltr'><strong>refutet.</strong></span> <span class='ocrx_word' id='word_1_780' title='bbox 1627 2417 1714 2445; x_wconf 83' lang='lat' dir='ltr'><strong>Justi-</strong></span> 
     </span>
    </p>
   </div>
   <div class='ocr_carea' id='block_1_113' title="bbox 924 2462 1713 2498">
    <p class='ocr_par' dir='ltr' id='par_1_113' title="bbox 924 2462 1713 2498">
     <span class='ocr_line' id='line_1_113' title="bbox 924 2462 1713 2498; baseline 0.003 -8"><span class='ocrx_word' id='word_1_781' title='bbox 924 2471 1001 2497; x_wconf 90' lang='lat' dir='ltr'><strong>num,</strong></span> <span class='ocrx_word' id='word_1_782' title='bbox 1017 2463 1159 2497; x_wconf 68' lang='lat' dir='ltr'><strong>lt&#39;enaaum,</strong></span> <span class='ocrx_word' id='word_1_783' title='bbox 1179 2464 1338 2498; x_wconf 87' lang='lat' dir='ltr'><strong>Miltiadem,</strong></span> <span class='ocrx_word' id='word_1_784' title='bbox 1355 2462 1501 2492; x_wconf 82' lang='lat' dir='ltr'><strong>Proculum</strong></span> <span class='ocrx_word' id='word_1_785' title='bbox 1518 2466 1602 2492; x_wconf 78' lang='lat' dir='ltr'><strong>semel</strong></span> <span class='ocrx_word' id='word_1_786' title='bbox 1623 2465 1713 2492; x_wconf 85' lang='lat' dir='ltr'><strong>nomi-</strong></span> 
     </span>
    </p>
   </div>
   <div class='ocr_carea' id='block_1_114' title="bbox 923 2509 1710 2545">
    <p class='ocr_par' dir='ltr' id='par_1_114' title="bbox 923 2509 1710 2545">
     <span class='ocr_line' id='line_1_114' title="bbox 923 2509 1710 2545; baseline -0.001 -9"><span class='ocrx_word' id='word_1_787' title='bbox 923 2512 981 2543; x_wconf 85' lang='lat' dir='ltr'><strong>nat,</strong></span> <span class='ocrx_word' id='word_1_788' title='bbox 996 2517 1066 2544; x_wconf 87' lang='lat' dir='ltr'><strong>quos</strong></span> <span class='ocrx_word' id='word_1_789' title='bbox 1080 2515 1106 2537; x_wconf 89' lang='lat' dir='ltr'><strong>et</strong></span> <span class='ocrx_word' id='word_1_790' title='bbox 1122 2517 1152 2537; x_wconf 89' lang='lat' dir='ltr'><strong>se</strong></span> <span class='ocrx_word' id='word_1_791' title='bbox 1163 2510 1241 2544; x_wconf 85' lang='lat' dir='ltr'><strong>sequi</strong></span> <span class='ocrx_word' id='word_1_792' title='bbox 1257 2510 1398 2545; x_wconf 81' lang='lat' dir='ltr'><strong>professus</strong></span> <span class='ocrx_word' id='word_1_793' title='bbox 1409 2514 1460 2538; x_wconf 86' lang='lat' dir='ltr'><strong>est.</strong></span> <span class='ocrx_word' id='word_1_794' title='bbox 1475 2509 1576 2538; x_wconf 62' lang='lat' dir='ltr'><strong>Praeter</strong></span> <span class='ocrx_word' id='word_1_795' title='bbox 1589 2510 1639 2538; x_wconf 84' lang='lat' dir='ltr'><strong>hns</strong></span> <span class='ocrx_word' id='word_1_796' title='bbox 1655 2510 1710 2543; x_wconf 69' lang='lat' dir='ltr'><strong>ille,</strong></span> 
     </span>
    </p>
   </div>
   <div class='ocr_carea' id='block_1_115' title="bbox 923 2554 1712 2590">
    <p class='ocr_par' dir='ltr' id='par_1_115' title="bbox 923 2554 1712 2590">
     <span class='ocr_line' id='line_1_115' title="bbox 923 2554 1712 2590; baseline -0.001 -9"><span class='ocrx_word' id='word_1_797' title='bbox 923 2555 970 2589; x_wconf 90' lang='lat' dir='ltr'><strong>qui</strong></span> <span class='ocrx_word' id='word_1_798' title='bbox 984 2554 1373 2590; x_wconf 41' lang='lat' dir='ltr'><strong>quamplurimos‘haereticos,</strong></span> <span class='ocrx_word' id='word_1_799' title='bbox 1389 2555 1521 2582; x_wconf 87' lang='lat' dir='ltr'><strong>ducentos</strong></span> <span class='ocrx_word' id='word_1_800' title='bbox 1536 2562 1606 2590; x_wconf 89' lang='lat' dir='ltr'><strong>pene</strong></span> <span class='ocrx_word' id='word_1_801' title='bbox 1622 2555 1712 2582; x_wconf 83' lang='lat' dir='ltr'><strong>ethni—</strong></span> 
     </span>
    </p>
   </div>
   <div class='ocr_carea' id='block_1_116' title="bbox 922 2600 1711 2636">
    <p class='ocr_par' dir='ltr' id='par_1_116' title="bbox 922 2600 1711 2636">
     <span class='ocr_line' id='line_1_116' title="bbox 922 2600 1711 2636; baseline 0 -8"><span class='ocrx_word' id='word_1_802' title='bbox 922 2608 969 2628; x_wconf 86' lang='lat' dir='ltr'><strong>cos</strong></span> <span class='ocrx_word' id='word_1_803' title='bbox 981 2600 1083 2632; x_wconf 83' lang='lat' dir='ltr'><strong>laudat,</strong></span> <span class='ocrx_word' id='word_1_804' title='bbox 1104 2601 1239 2627; x_wconf 84' lang='lat' dir='ltr'><strong>neminem</strong></span> <span class='ocrx_word' id='word_1_805' title='bbox 1257 2606 1291 2627; x_wconf 79' lang='lat' dir='ltr'><strong>ex</strong></span> <span class='ocrx_word' id='word_1_806' title='bbox 1314 2601 1494 2636; x_wconf 85' lang='lat' dir='ltr'><strong>scriptoribus</strong></span> <span class='ocrx_word' id='word_1_807' title='bbox 1518 2601 1711 2629; x_wconf 78' lang='lat' dir='ltr'><strong>ecclesiastici:</strong></span> 
     </span>
    </p>
   </div>
   <div class='ocr_carea' id='block_1_117' title="bbox 922 2645 1711 2681">
    <p class='ocr_par' dir='ltr' id='par_1_117' title="bbox 922 2645 1711 2681">
     <span class='ocr_line' id='line_1_117' title="bbox 922 2645 1711 2681; baseline 0 -7"><span class='ocrx_word' id='word_1_808' title='bbox 922 2647 1066 2674; x_wconf 85' lang='lat' dir='ltr'><strong>nominare</strong></span> <span class='ocrx_word' id='word_1_809' title='bbox 1080 2645 1208 2681; x_wconf 81' lang='lat' dir='ltr'><strong>dignatus</strong></span> <span class='ocrx_word' id='word_1_810' title='bbox 1230 2651 1284 2680; x_wconf 86' lang='lat' dir='ltr'><strong>est;</strong></span> <span class='ocrx_word' id='word_1_811' title='bbox 1301 2649 1328 2673; x_wconf 87' lang='lat' dir='ltr'><strong>et</strong></span> <span class='ocrx_word' id='word_1_812' title='bbox 1347 2654 1380 2673; x_wconf 85' lang='lat' dir='ltr'><strong>ex</strong></span> <span class='ocrx_word' id='word_1_813' title='bbox 1395 2654 1489 2674; x_wconf 91' lang='lat' dir='ltr'><strong>eorum</strong></span> <span class='ocrx_word' id='word_1_814' title='bbox 1506 2655 1574 2680; x_wconf 90' lang='lat' dir='ltr'><strong>quos</strong></span> <span class='ocrx_word' id='word_1_815' title='bbox 1587 2648 1711 2675; x_wconf 90' lang='lat' dir='ltr'><strong>nominat</strong></span> 
     </span>
    </p>
   </div>
   <div class='ocr_carea' id='block_1_118' title="bbox 922 2690 1711 2727">
    <p class='ocr_par' dir='ltr' id='par_1_118' title="bbox 922 2690 1711 2727">
     <span class='ocr_line' id='line_1_118' title="bbox 922 2690 1711 2727; baseline 0 -7"><span class='ocrx_word' id='word_1_816' title='bbox 922 2692 1031 2727; x_wconf 83' lang='lat' dir='ltr'><strong>scriptis</strong></span> <span class='ocrx_word' id='word_1_817' title='bbox 1043 2699 1075 2718; x_wconf 90' lang='lat' dir='ltr'><strong>ne</strong></span> <span class='ocrx_word' id='word_1_818' title='bbox 1090 2699 1143 2718; x_wconf 91' lang='lat' dir='ltr'><strong>una</strong></span> <span class='ocrx_word' id='word_1_819' title='bbox 1155 2690 1264 2726; x_wconf 88' lang='lat' dir='ltr'><strong>quidem</strong></span> <span class='ocrx_word' id='word_1_820' title='bbox 1280 2692 1414 2720; x_wconf 90' lang='lat' dir='ltr'><strong>sententia</strong></span> <span class='ocrx_word' id='word_1_821' title='bbox 1437 2693 1470 2720; x_wconf 91' lang='lat' dir='ltr'><strong>ad</strong></span> <span class='ocrx_word' id='word_1_822' title='bbox 1485 2693 1642 2720; x_wconf 82' lang='lat' dir='ltr'><strong>refutandos</strong></span> <span class='ocrx_word' id='word_1_823' title='bbox 1658 2693 1711 2720; x_wconf 63' lang='lat' dir='ltr'><strong>ha-</strong></span> 
     </span>
    </p>
   </div>
   <div class='ocr_carea' id='block_1_119' title="bbox 920 2737 1709 2774">
    <p class='ocr_par' dir='ltr' id='par_1_119' title="bbox 920 2737 1709 2774">
     <span class='ocr_line' id='line_1_119' title="bbox 920 2737 1709 2774; baseline -0.001 -8"><span class='ocrx_word' id='word_1_824' title='bbox 920 2739 1032 2770; x_wconf 89' lang='lat' dir='ltr'><strong>reticos,</strong></span> <span class='ocrx_word' id='word_1_825' title='bbox 1059 2741 1106 2764; x_wconf 90' lang='lat' dir='ltr'><strong>aut</strong></span> <span class='ocrx_word' id='word_1_826' title='bbox 1130 2737 1282 2765; x_wconf 90' lang='lat' dir='ltr'><strong>doctrinam</strong></span> <span class='ocrx_word' id='word_1_827' title='bbox 1302 2738 1421 2774; x_wconf 86' lang='lat' dir='ltr'><strong>aliquam</strong></span> <span class='ocrx_word' id='word_1_828' title='bbox 1440 2738 1624 2766; x_wconf 88' lang='lat' dir='ltr'><strong>Christianam</strong></span> <span class='ocrx_word' id='word_1_829' title='bbox 1643 2746 1709 2766; x_wconf 77' lang='lat' dir='ltr'><strong>cor.-</strong></span> 
     </span>
    </p>
   </div>
   <div class='ocr_carea' id='block_1_120' title="bbox 921 2785 1708 2820">
    <p class='ocr_par' dir='ltr' id='par_1_120' title="bbox 921 2785 1708 2820">
     <span class='ocr_line' id='line_1_120' title="bbox 921 2785 1708 2820; baseline 0 -8"><span class='ocrx_word' id='word_1_830' title='bbox 921 2785 1094 2816; x_wconf 85' lang='lat' dir='ltr'><strong>tirmaudanl,</strong></span> <span class='ocrx_word' id='word_1_831' title='bbox 1121 2788 1250 2819; x_wconf 82' lang='lat' dir='ltr'><strong>tanquam</strong></span> <span class='ocrx_word' id='word_1_832' title='bbox 1274 2785 1442 2817; x_wconf 82' lang='lat' dir='ltr'><strong>testimonio,</strong></span> <span class='ocrx_word' id='word_1_833' title='bbox 1470 2789 1518 2812; x_wconf 91' lang='lat' dir='ltr'><strong>aut</strong></span> <span class='ocrx_word' id='word_1_834' title='bbox 1544 2785 1595 2812; x_wconf 88' lang='lat' dir='ltr'><strong>sub</strong></span> <span class='ocrx_word' id='word_1_835' title='bbox 1616 2785 1708 2820; x_wconf 90' lang='lat' dir='ltr'><strong>specie</strong></span> 
     </span>
    </p>
   </div>
   <div class='ocr_carea' id='block_1_121' title="bbox 921 2831 1707 2868">
    <p class='ocr_par' dir='ltr' id='par_1_121' title="bbox 921 2831 1707 2868">
     <span class='ocr_line' id='line_1_121' title="bbox 921 2831 1707 2868; baseline -0.003 -8"><span class='ocrx_word' id='word_1_836' title='bbox 921 2831 1093 2860; x_wconf 86' lang='lat' dir='ltr'><strong>auctoritatis</strong></span> <span class='ocrx_word' id='word_1_837' title='bbox 1104 2832 1202 2859; x_wconf 71' lang='lat' dir='ltr'><strong>utitur.</strong></span> <span class='ocrx_word' id='word_1_838' title='bbox 1217 2831 1360 2860; x_wconf 84' lang='lat' dir='ltr'><strong>Silentium</strong></span> <span class='ocrx_word' id='word_1_839' title='bbox 1375 2832 1457 2868; x_wconf 87' lang='lat' dir='ltr'><strong>igitur</strong></span> <span class='ocrx_word' id='word_1_840' title='bbox 1472 2831 1631 2859; x_wconf 71' lang='lat' dir='ltr'><strong>Tertulliani</strong></span> <span class='ocrx_word' id='word_1_841' title='bbox 1641 2831 1707 2858; x_wconf 80' lang='lat' dir='ltr'><strong>nihil</strong></span> 
     </span>
    </p>
   </div>
  </div>
