1866 3073
157 124 210 152 265

679 132 708 159 5.
729 129 902 159 IGNATIUS.
915 143 949 149 —
967 127 1237 156 PROLEGOMENA.

1739 128 1799 158 ’σι

153 189 849 229 sdlgnatiiepistoliciauctoritatemimminuendam
856 187 937 215 valet.
954 190 977 218 Α
990 186 1095 218 ducere,
1112 186 1235 212 idoneum
1248 184 1422 220 conﬁrmandi
1437 186 1469 213 de
1489 186 1611 220 proximo
1624 195 1688 221 μιη
1703 187 1801 214 disci—

187 240 302 274 Quarto,
323 239 457 275 lgnatium
476 241 602 265 nostrum
623 243 678 263 non
701 240 807 263 tantum
833 234 941 262 Tertul-

154 287 238 318 liano,
251 287 298 314 sed
315 291 341 313 et
353 285 494 313 catholicis
507 283 629 318 ejusdem
645 282 694 310 aevi
714 282 837 317 ignotum
854 280 942 308 fuisse

154 332 265 360 aliunde
290 331 478 366 deprehendit.
507 329 638 361 Scilicet,
669 327 793 355 catholici
834 327 939 360 lapsos,

154 377 235 403 etiam
247 375 366 407 moechos,
382 383 428 410 per
442 374 621 409 paenitentiam
635 373 663 400 in
682 372 829 399 Ecclesium
842 372 942 398 admit-

155 422 253 449 tebant.
269 421 458 452 Tertullianus,
474 419 595 446 Montani
611 423 735 452 sectator,
747 418 795 445 lib.
811 417 849 445 De
862 418 942 453 pudi-

154 467 230 501 citia,
247 467 389 493 catholicos
404 469 548 501 Oppugnat.
562 464 684 500 Ignatius
701 465 774 490 docet
789 465 941 499 paenitentes

154 521 209 540 esse
225 513 414 548 suscipiendos.
442 511 511 548 Ergo
533 519 580 539 nec
601 510 774 542 Tertulliano,
790 518 835 537 nec
850 510 942 536 catho-

153 559 213 587 licis
227 563 303 586 notus
319 559 381 593 fuit.
395 558 445 584 Ain
459 565 535 591 vero,
551 564 616 592 ergo
632 563 683 583 nec
696 555 875 588 Tertulliano,
891 563 942 583 nec

153 604 296 632 catholicis
308 610 388 631 notus
401 605 462 637 luit,
477 604 520 631 vel
541 603 614 638 quod
631 602 702 629 idem
722 607 774 634 est,
791 606 818 629 et
835 601 942 629 Tertul-

154 651 226 678 liano
239 657 266 679 et
283 650 425 678 catholicis
442 650 552 685 ignotus
572 649 641 676 fuit?
657 649 738 684 idque
760 648 824 675 hinc
846 648 942 682 depre-

153 695 234 722 hendi
249 695 346 730 putas?
368 693 521 729 Utrumque
546 700 620 721 certe
646 701 700 720 non
725 693 861 728 sequitur.
889 692 942 719 Pro

153 739 287 766 alterutro
302 738 412 774 quidem
431 738 535 773 species
549 738 639 773 aliqua
659 738 811 773 argumenti
825 742 879 770 est,
893 745 942 773 pro

153 789 270 820 utroque
291 785 376 812 nulla.
399 783 479 812 Liber
494 784 604 819 quidem
621 783 659 810 De
670 784 800 818 pudicitia
815 783 853 811 ita
871 784 942 811 scri-

153 837 216 867 ptus
229 836 281 864 est,
296 838 326 859 ut
350 831 510 866 plerumque
531 831 620 866 primo
633 830 842 865 Psychicorum,
856 830 883 857 id
900 833 943 857 est

152 878 352 906 catholicorum
367 877 484 912 objecta,
503 876 566 904 dein
588 876 749 904 Tertulliani
766 875 942 904 Montanistte

153 924 347 959 responsiones
361 923 513 951 contineat.
527 922 639 958 Objecta
654 927 745 950 autem
761 922 806 949 illa
824 922 866 950 vel
879 929 940 949 om-

154 970 197 997 nia
216 974 243 997 et
257 970 315 997 sola
329 969 450 1003 fuerunt,
465 977 526 1004 qua:
548 969 675 996 catholici
693 969 831 996 hatreticis
856 976 942 1004 oppo-

154 1017 264 1048 nebant,
284 1022 311 1044 et
324 1016 358 1044 ad
372 1024 434 1052 quae
449 1023 464 1043 a
480 1015 649 1043 Tertulliano
672 1016 878 1050 responsionem
894 1024 942 1043 ex-

153 1064 312 1098 spectabant
334 1068 415 1098 atque
430 1063 622 1098 postulabant;
641 1063 715 1097 quod
732 1062 755 1090 si
770 1061 874 1090 factum
890 1070 943 1097 pu—

154 1111 254 1141 tentus,
277 1112 335 1135 tum
350 1108 538 1136 Tertullianus
553 1108 660 1135 censeri
679 1115 734 1134 non
756 1112 846 1143 potest
864 1107 944 1143 lgna-

154 1154 222 1182 tium
244 1155 305 1182 ideo
322 1155 475 1189 ignorasse,
497 1155 563 1190 quia
591 1161 655 1182 eum
683 1161 739 1181 non
764 1154 942 1187 nominabat;

154 1209 242 1236 neque
253 1202 326 1228 enim
343 1209 393 1236 pro
405 1209 434 1229 se
446 1201 590 1229 nominare
603 1201 702 1236 potuit,
714 1208 802 1236 neque
814 1201 944 1228 adversus

152 1248 338 1275 senotninare
351 1247 455 1281 debuit,
483 1248 535 1275 nisi
554 1255 601 1275 eos
622 1252 740 1280 tantum,
762 1255 879 1283 quorum
895 1255 945 1274 au-

152 1294 266 1322 ctoritas
280 1293 306 1320 ei
323 1293 515 1328 objiciebatur.
535 1292 583 1320 Vel
597 1293 704 1326 objecta
724 1293 782 1321 haec
798 1292 944 1320 Tertullia-

153 1348 206 1368 nus
218 1340 270 1368 sibi
287 1340 339 1375 ipsi
353 1339 427 1373 fecit,
444 1348 506 1367 cum
526 1340 631 1368 delectu
650 1343 678 1367 et
701 1347 751 1374 pro
770 1339 896 1371 arbitrio,
917 1342 945 1365 et

152 1393 208 1413 non
232 1393 266 1413 ex
280 1385 440 1422 praescripto
454 1386 666 1418 catholicorum,
684 1385 758 1421 quod
778 1384 945 1413 verisimilli-

120 1423 124 1428 ’
152 1439 227 1459 mum
242 1438 302 1466 est;
319 1436 346 1460 et
368 1436 426 1459 tum
452 1431 515 1459 inde
537 1432 628 1468 colligi
648 1432 724 1459 nullo
744 1431 826 1459 modo
844 1434 943 1466 potest,

151 1479 280 1506 omnibus
296 1479 369 1506 illius
383 1478 433 1506 aevi
456 1478 599 1506 catholicis
614 1478 737 1513 ignotum
758 1477 845 1505 fuisse
862 1476 944 1512 lgna-

152 1525 226 1553 tiunr
239 1529 375 1557 nostrum,
393 1524 467 1559 quod
485 1523 672 1551 Tertullianus
694 1531 757 1550 eum
775 1531 829 1551 non
856 1523 945 1551 nomi-

152 1571 269 1604 naverit,
288 1571 335 1606 qui
351 1570 458 1605 objecta
471 1577 525 1596 non
537 1570 571 1597 ab
590 1569 644 1597 illis
655 1569 770 1604 accepit,
781 1575 871 1604 neque
883 1575 943 1596 om-

152 1617 197 1645 nia
219 1625 280 1653 quae
301 1617 340 1644 illi
364 1617 486 1651 objicere
499 1620 546 1643 aut
559 1620 671 1651 possent
685 1620 733 1643 aut
750 1615 868 1643 solerent
889 1618 945 1642 tra-

151 1664 245 1696 ctavit,
267 1664 315 1692 sed
332 1664 389 1698 ipse
405 1663 457 1691 sibi
467 1667 548 1698 prout
559 1663 609 1698 ipsi
620 1663 709 1690 visum
718 1666 760 1689 est
770 1661 880 1695 objecit,
890 1667 946 1695 quo

153 1710 261 1738 facilius
276 1712 404 1738 solveret.
417 1709 488 1737 Male
499 1710 583 1745 igitur
598 1708 640 1736 vir
655 1707 833 1736 doctissimus
843 1712 870 1734 et
880 1706 946 1734 Ter-

153 1757 269 1784 tulliauo
287 1762 314 1784 et
327 1756 471 1784 catholicis
487 1755 540 1783 hoc
556 1758 717 1790 argumento
741 1753 876 1788 lguatium
897 1759 946 1779 no-

153 1807 241 1830 strum
258 1803 379 1838 ignotum
396 1802 481 1830 fuisse
492 1802 606 1837 colligit.
623 1801 658 1828 At
675 1800 799 1836 quaedam
811 1799 846 1827 de
859 1798 946 1826 eccle-

153 1849 273 1876 siasticis
289 1848 472 1884 scriptoribus
496 1848 670 1875 adduxerunt
684 1847 725 1873 vel
749 1845 888 1878 catholici,
905 1844 946 1872 vel

154 1894 340 1922 Tertullianus
361 1902 412 1930 pro
433 1894 568 1922 catholica
594 1893 746 1925 sententia;
772 1893 823 1919 hoc
850 1891 944 1918 saltem

154 1940 248 1975 negari
264 1940 370 1968 videtur
385 1948 440 1968 non
457 1948 548 1976 posse.
564 1940 619 1967 Cur
634 1947 689 1967 non
708 1939 792 1974 igitur
811 1938 944 1973 lgnatium

155 1987 227 2015 inter
253 1987 458 2014 ecclesiasticos
485 1987 634 2022 scriptores
661 1985 860 2016 nominarunt,
892 1984 946 2012 nisi

154 2033 229 2069 quod
244 2040 308 2060 eum
324 2040 378 2060 non
393 2033 545 2060 noverunt?
567 2031 739 2067 Respondeo,
758 2031 781 2058 si
799 2031 871 2057 ullus
885 2037 946 2057 om—

157 2080 223 2106 nino
243 2082 274 2105 ut
294 2078 496 2106 ecclesiasticus
519 2078 637 2112 scripto‘r
660 2077 687 2104 in
704 2077 750 2104 illo
765 2084 848 2111 opere
864 2074 948 2102 fuerit

156 2124 234 2151 testis
249 2122 411 2158 productus,
428 2131 500 2151 unus
521 2128 628 2150 tantum
653 2122 714 2155 fuit,
741 2122 856 2155 scilicet,
878 2121 945 2149 Iler-

156 2177 236 2197 mas:
255 2169 303 2204 qui
320 2173 411 2196 tamen
426 2176 478 2195 non
504 2173 534 2196 ut
554 2169 768 2201 ecclesiasticus,
791 2168 838 2195 sed
853 2172 884 2194 ut
897 2175 945 2195 ca—

990 231 1091 267 ptiuam
1102 231 1301 266 magistrorum.
1312 230 1352 257 Ita
1363 231 1554 259 auctoritatem
1567 232 1629 266 ejus
1641 232 1800 265 diminuit,

990 285 1072 312 quem
1099 276 1158 312 ipse
1179 276 1306 311 producit
1327 285 1334 303 :
1350 280 1377 304 et
1394 277 1446 304 hoc
1465 277 1548 305 etiam
1569 277 1636 305 fecit
1649 285 1716 305 cum
1733 285 1799 305 non

991 322 1123 350 Barnabas!
1140 323 1227 358 ipsius
1258 322 1401 357 epistolam
1426 323 1534 355 citaret,
1563 323 1610 351 sed
1635 330 1695 350 eam
1725 331 1802 358 quae

991 368 1093 403 scripta
1115 373 1159 396 est
1181 368 1215 395 ad
1241 367 1381 400 Hebraos,
1397 376 1459 402 quae
1473 376 1548 396 nunc
1568 368 1596 395 in
1611 376 1722 396 canone
1735 374 1798 402 est,

991 419 1019 441 et
1033 413 1063 440 S.
1090 413 1168 441 Pauli
1191 413 1311 448 Epistula
1340 414 1470 441 creditur.
1486 413 1544 441 lmo
1560 422 1625 441 vero
1648 422 1799 450 quorsum

991 459 1120 487 catholici
1137 459 1318 491 Tertulliano,
1331 459 1372 486 vel
1398 459 1456 494 ipse
1478 459 1531 487 sibi
1552 460 1685 496 objiceret
1704 462 1799 489 testi—

991 509 1114 536 monium
1134 509 1277 543 scriptoris
1293 508 1329 535 ah
1343 507 1466 536 Ecclesia
1481 513 1587 536 tantum
1602 509 1724 544 probati,
1742 509 1798 544 qui

992 559 1077 583 totam
1089 556 1176 590 ipsam
1192 554 1342 582 Ecclesiam
1359 555 1462 590 sprevit
1473 563 1505 582 ac
1524 555 1652 590 despuit?
1671 555 1729 584 Sed
1746 564 1797 584 re—

992 609 1057 629 vera
1073 601 1211 637 lgnatiana
1227 601 1291 628 talia
1307 608 1361 628 non
1375 606 1464 634 erant,
1492 605 1522 628 ut
1543 609 1559 628 a
1585 601 1736 630 catholicis
1762 602 1796 629 in

992 649 1043 676 hac
1054 656 1138 676 causa
1159 652 1233 676 recte
1254 652 1282 675 et
1307 648 1429 683 apposite
1457 648 1672 682 adhiberentur;
1695 657 1798 684 neque

991 695 1065 722 enim
1081 695 1259 730 quaestionem
1273 694 1443 729 spectabant,
1457 702 1518 729 qua
1528 699 1597 723 tunc
1614 695 1795 730 agitabatur,

992 747 1083 775 neque
1104 740 1138 767 ad
1165 740 1364 767 catholicorum
1381 740 1543 767 sententiam
1564 741 1795 768 conﬁrmandam

993 786 1046 813 nisi
1063 786 1174 813 obtorto
1187 786 1260 814 collo
1279 785 1377 813 adduci
1393 790 1551 821 potuerunt,
1571 791 1620 814 aut
1634 795 1698 814 cum
1719 787 1795 814 scri-

993 835 1072 865 ptura
1085 831 1191 859 Hermae
1210 832 1351 868 conjungi,
1371 841 1430 867 quin
1449 833 1508 860 sola
1527 834 1640 861 melius
1657 839 1744 866 amat,
1760 839 1795 862 ut

992 877 1115 912 loquitur
1126 877 1326 907 Tertullianus.
1341 878 1462 912 Quaestio
1477 879 1551 907 enim
1567 884 1637 912 erat,
1654 889 1689 907 an
1703 881 1793 908 Chri-

992 924 1084 957 stiani,
1104 924 1139 952 ob
1158 925 1263 952 crimen
1288 925 1413 952 moechis:
1427 925 1506 961 ejecti
1528 933 1577 961 per
1595 927 1792 961 penitentiam

992 971 1077 1006 recipi
1095 971 1122 998 in
1136 971 1287 999 Ecclesium
1301 972 1442 1000 deberent.
1464 972 1587 1008 lgnatit‘ts
1608 979 1702 1001 autem
1719 975 1792 1002 nihil

992 1016 1026 1043 de
1039 1015 1154 1044 moechis
1168 1016 1260 1049 habet,
1273 1016 1343 1044 nihil
1354 1017 1389 1044 de
1405 1017 1450 1050 iis,
1465 1018 1512 1053 qui
1524 1019 1589 1046 dum
1607 1019 1681 1046 intra
1696 1020 1791 1047 eccle-

993 1061 1062 1088 siam
1082 1066 1156 1093 sunt,
1179 1066 1227 1089 aut
1247 1061 1324 1095 illud,
1340 1067 1387 1090 aut
1402 1063 1477 1090 aliud
1497 1063 1616 1098 quodvis
1635 1072 1719 1099 grave
1740 1065 1793 1092 cri-

993 1114 1056 1134 men
1085 1111 1255 1142 perpetrant.
1282 1106 1330 1134 llle
1353 1107 1388 1134 ad
1410 1108 1544 1135 unitatem
1570 1108 1791 1136 ecclesiasticam

995 1153 1120 1181 hortatur
1147 1152 1400 1188 Philadelphenses,
1433 1158 1462 1182 et
1480 1154 1514 1181 ad
1536 1161 1704 1182 consensum
1725 1162 1791 1182 cum

993 1201 1122 1235 episcopo
1146 1207 1198 1228 suo
1228 1209 1236 1228 :
1259 1201 1394 1236 Quotquot
1421 1201 1491 1228 enim
1518 1201 1567 1228 Dei
1592 1206 1655 1228 sunt
1675 1207 1700 1228 et
1721 1201 1791 1228 Jmt

994 1243 1222 1280 Christi,linquit,
1238 1246 1284 1273 isti
1298 1254 1359 1272 cum
1373 1254 1403 1273 eo
1420 1251 1482 1273 sunt
1495 1253 1505 1273 :
1520 1252 1546 1273 et
1556 1252 1683 1282 quotquot
1698 1248 1792 1282 utique

993 1291 1146 1326 paenitentes
1170 1292 1276 1318 veniunt
1300 1293 1329 1319 in
1353 1293 1482 1320 unitatem
1512 1292 1648 1326 Ecclesic,
1672 1294 1719 1321 isti
1740 1293 1790 1320 Dei

993 1342 1083 1365 erunt.
1101 1338 1140 1366 Ac
1154 1347 1252 1366 rursus
1265 1345 1327 1374 post
1340 1347 1426 1374 pauca
1445 1348 1452 1366 :
1471 1339 1521 1367 Ubi
1537 1339 1633 1367 divisio
1644 1345 1683 1367 est
1694 1345 1719 1367 et
1734 1341 1789 1372 ira,

995 1383 1065 1411 Deus
1076 1391 1128 1410 non
1147 1384 1260 1411 habitat.
1279 1384 1407 1412 Omnibus
1425 1385 1511 1420 igitur
1531 1386 1719 1420 penitentibus
1744 1385 1789 1412 di-

994 1431 1075 1457 mittit
1090 1430 1172 1464 Deus,
1186 1431 1208 1457 si
1220 1431 1362 1465 preniteant
1376 1432 1404 1458 in
1419 1432 1549 1459 unitatem
1571 1431 1633 1463 Dei,
1655 1437 1682 1459 et
1701 1431 1789 1458 conci-

995 1477 1062 1505 lium
1076 1478 1202 1513 episcopi.
1220 1477 1284 1505 limc
1298 1477 1418 1513 lgnatius
1432 1482 1526 1506 uester
1545 1478 1580 1506 de
1605 1479 1743 1506 haereticis
1762 1482 1789 1506 et

996 1523 1181 1551 schismaticis
1195 1523 1318 1558 loquitur
1333 1523 1367 1550 ad
1387 1524 1520 1551 unitatem
1535 1523 1665 1552 Ecclesia:
1679 1528 1707 1552 et
1725 1532 1789 1552 con-

996 1569 1089 1597 cilium
1106 1569 1228 1605 episcopi
1244 1570 1433 1597 redeuntibus.
1455 1569 1555 1597 Omnia
1568 1578 1630 1605 quaa
1643 1575 1789 1606 utramque

996 1616 1160 1644 sententiam
1176 1616 1342 1644 antecedunt
1359 1621 1407 1644 aut
1428 1621 1591 1652 sequuntur,
1610 1617 1662 1644 hoc
1674 1618 1787 1645 verissi-

996 1670 1071 1689 mum
1089 1669 1151 1689 esse
1165 1662 1306 1690 evincunt.
1321 1662 1396 1690 Nihil
1413 1663 1459 1690 ille
1474 1663 1508 1690 de
1527 1664 1656 1695 moechis,
1672 1664 1741 1690 nihil
1755 1664 1787 1691 de

995 1709 1116 1741 sicariis,
1133 1708 1167 1735 de
1185 1708 1337 1736 idololatris
1360 1709 1438 1737 nihil.
1457 1708 1573 1744 Φεύγετε
1591 1709 1727 1746 μερισμὸν
1742 1710 1786 1736 καὶ

996 1754 1250 1787 κακοδιδασκαλιας,
1271 1755 1370 1790 inquit,
1395 1759 1423 1784 et
1449 1755 1502 1783 boc
1524 1763 1717 1791 argumentum
1735 1756 1787 1783 late

994 1800 1182 1836 persequitur.
1202 1800 1392 1829 Schismaticis
1412 1806 1440 1829 et
1457 1802 1594 1829 haereticis
1616 1803 1786 1837 persistenti-

994 1845 1047 1873 bus
1060 1850 1192 1873 aaternum
1215 1847 1381 1882 supplicium
1406 1847 1538 1879 minatur,
1562 1847 1785 1882 resipiscentihus

995 1892 1177 1926 receptionem
1198 1893 1294 1920 suadet
1307 1897 1335 1920 et
1349 1894 1465 1920 salutem
1481 1894 1608 1928 spondet,
1625 1895 1729 1929 quibus
1742 1901 1785 1922 re-

995 1937 1086 1972 ceptio
1097 1938 1124 1964 in
1138 1937 1288 1965 Ecclesium
1300 1943 1396 1973 negata
1415 1947 1555 1974 nunquam
1570 1938 1634 1966 fuit.
1651 1940 1710 1967 lmo
1726 1947 1784 1974 gra-

995 1985 1107 2013 vissima
1124 1989 1235 2020 peccata
1253 1991 1329 2013 extra
1342 1985 1491 2013 Ecclesiam
1505 1993 1519 2012 a
1534 1986 1724 2014 schismaticis
1741 1992 1786 2014 aut

995 2031 1133 2059 haereticis
1148 2036 1314 2066 perpetrata,
1335 2032 1418 2059 etiam
1443 2031 1617 2060 Montanlstis
1635 2033 1783 2067 judicihns,

995 2078 1178 2113 receptionem
1191 2078 1218 2104 in
1230 2077 1378 2105 Ecclesium
1393 2078 1589 2113 pmttitentihus
1604 2085 1661 2105 non
1676 2078 1784 2113 praeclu-

995 2124 1104 2151 debant.
1116 2123 1239 2150 Cuienim
1248 2124 1355 2150 dubium
1365 2130 1414 2155 est,
1424 2124 1462 2150 ait
1471 2123 1660 2151 Tertullianus
1670 2124 1721 2152 hoc
1730 2125 1785 2158 ipso

996 2168 1035 2196 De
1049 2169 1176 2204 pudicitia
1191 2169 1270 2202 libro,
1283 2170 1435 2196 lurreticum
1456 2171 1622 2197 institutione
1641 2171 1783 2206 deceptum,

157 2216 273 2243 nonicus
290 2214 408 2248 scriptor
421 2215 532 2249 produci
545 2215 662 2247 videtur,
685 2214 718 2241 ad
733 2214 812 2248 cujus
827 2214 943 2241 auctori-
959 2221 980 2248 ι)
994 2216 1098 2250 cognito
1110 2216 1273 2250 postmodum
1285 2224 1358 2249 casu,
1374 2221 1398 2242 et
1413 2217 1564 2250 poenitentia
1578 2217 1697 2250 expiato,
1712 2223 1734 2243 et
1747 2225 1784 2244 ee-

156 2265 240 2290 tatem
265 2261 481 2289 imminuendam
501 2260 685 2288 Tertullianus
701 2261 856 2295 respondet,
870 2259 945 2295 quod

157 2310 216 2343 ejus
230 2309 363 2343 scriptura
379 2308 468 2334 divino
485 2308 657 2334 instrumento
676 2315 725 2334 non
748 2308 883 2334 meruisset
902 2307 945 2334 in-

158 2355 229 2387 cidi;
249 2355 322 2390 quod
337 2362 418 2381 nemo
429 2361 549 2388 unquam
567 2353 753 2387 respondisset
767 2353 800 2380 de
822 2357 943 2385 auctore,

159 2402 205 2435 qui
220 2407 236 2427 a
250 2400 360 2427 nemine
381 2406 431 2433 pro
444 2399 577 2426 canonico
594 2398 749 2430 haberetur,
762 2403 808 2424 aut
821 2398 867 2433 qui
880 2398 946 2425 sim-

159 2446 267 2481 pliciter
280 2450 310 2473 ut
320 2446 525 2473 ecclesiasticus
538 2444 726 2471 tantummodo
739 2450 943 2479 proponeretur.

158 2491 294 2519 Praeterea
319 2491 506 2518 Tertullianus
528 2490 628 2518 diserte
655 2494 733 2517 cavet
758 2491 785 2517 in
808 2491 860 2518 hoc
887 2491 946 2525 ipso

158 2545 252 2572 opere,
268 2545 302 2565 ne
315 2537 474 2572 quisquam,
495 2541 592 2572 praeter
615 2536 764 2571 scriptores
785 2537 944 2569 canonicos,

159 2591 220 2610 eam
242 2583 317 2610 litem
336 2583 478 2618 disceptet.
497 2582 563 2610 Nam
582 2590 636 2610 non
650 2587 754 2610 tantum
782 2583 815 2610 ad
840 2582 947 2610 llermte

162 2628 312 2662 Pastorem,
334 2637 396 2657 cum
418 2630 492 2664 picto
519 2634 629 2664 pastore
653 2629 681 2656 in
707 2629 790 2657 calice
814 2630 946 2657 collatum

160 2675 307 2710 respondet
324 2685 330 2702 :
345 2676 378 2702 At
393 2684 439 2711 ego
453 2676 509 2711 ejus
524 2675 646 2703 Pastoris
671 2676 816 2710 scripturas
839 2675 945 2707 haurio,

160 2721 205 2756 qui
223 2730 273 2748 non
283 2727 367 2756 potest
379 2722 479 2757 frangi,
492 2722 538 2750 sed
554 2727 582 2749 et
601 2730 663 2749 cum
679 2729 728 2756 pro
743 2729 793 2748 sua
808 2721 946 2750 sententia

160 2767 312 2794 Barnabam
339 2767 445 2801 laudat,
463 2772 490 2794 et
503 2767 610 2795 Hermae
624 2767 743 2802 praefert,
766 2767 791 2794 id
817 2775 871 2793 non
887 2767 947 2793 sine

161 2811 318 2847 praefatione
333 2812 398 2840 facit
415 2822 420 2838 :
443 2812 507 2839 Volo
528 2817 615 2839 tamen
633 2821 665 2839 ea:
689 2812 867 2839 redundantia
896 2811 948 2838 ali-

162 2857 237 2892 cujus
252 2858 330 2884 etiam
346 2857 448 2884 comitis
468 2857 646 2890 apostolorum
665 2857 840 2885 testimonium
857 2864 948 2886 super-

995 2262 1068 2288 niam
1085 2262 1217 2296 consequi,
1237 2266 1262 2288 et
1281 2262 1309 2288 in
1328 2262 1473 2289 Ecclesium
1491 2262 1595 2297 redigi?
1621 2261 1686 2290 Haec
1708 2263 1784 2298 igitur

995 2307 1137 2343 Ignatiana
1148 2308 1181 2335 ad
1193 2315 1253 2335 eam
1265 2308 1443 2342 qurestionem
1460 2316 1513 2335 non
1529 2308 1702 2343 spectabant,
1712 2317 1758 2336 nec
1770 2317 1782 2335 ι

996 2353 1143 2380 catholicis
1158 2353 1285 2387 usurpari
1299 2353 1326 2379 in
1341 2360 1372 2380 ea
1395 2361 1424 2380 re
1445 2357 1584 2387 poterant;
1609 2353 1684 2388 quod
1707 2354 1783 2387 igitur

995 2398 1117 2433 lgnatius
1133 2404 1225 2426 noster
1239 2399 1265 2425 in
1282 2405 1314 2425 eo
1327 2399 1397 2425 libro
1409 2406 1462 2425 non
1476 2399 1643 2431 nominetur,
1662 2406 1712 2426 nec
1726 2407 1781 2426 cum

996 2444 1147 2476 catholicis,
1157 2444 1379 2472 necTertulliauo
1389 2445 1510 2480 ignotum
1520 2445 1606 2472 fuisse
1613 2446 1781 2473 ostenditJta

996 2491 1163 2525 conjecturis
1182 2499 1216 2519 ex
1235 2491 1394 2518 Tertulliani
1410 2491 1519 2518 silentio
1534 2492 1606 2518 male
1621 2492 1707 2523 natis,
1726 2491 1783 2519 toti-

996 2544 1049 2571 que
1055 2536 1245 2572 capitioctavo.
1258 2537 1329 2572 quod
1338 2536 1370 2563 ad
1382 2544 1432 2564 nos
1440 2541 1554 2571 spectat,
1561 2544 1727 2571 responsum
1736 2541 1779 2565 est.

1032 2582 1191 2616 Proximus,
1220 2583 1266 2611 cui
1289 2583 1400 2618 ignotus
1422 2582 1508 2610 fuisse
1538 2583 1643 2610 dicitur
1667 2583 1782 2619 lgnatius

997 2633 1100 2662 noster,
1113 2633 1156 2656 est
1170 2629 1253 2656 Caius
1268 2629 1390 2664 quidam,
1402 2633 1433 2656 ut
1445 2629 1564 2662 videtur,
1581 2630 1665 2665 cujus
1690 2633 1782 2666 scripta

997 2675 1090 2702 omnia
1105 2675 1254 2710 perierunt.
1271 2675 1300 2702 Si
1312 2675 1374 2702 libri
1386 2676 1446 2710 ejus
1457 2680 1607 2709 exstarent,
1622 2676 1695 2704 forte
1709 2684 1740 2704 ex
1753 2677 1782 2704 iis

997 2720 1100 2756 aliquid
1112 2721 1178 2748 certi
1190 2721 1363 2753 haberemus,
1373 2729 1427 2756 quo
1439 2722 1497 2748 haec
1509 2721 1670 2756 conjectura
1688 2723 1782 2758 liquido

997 2765 1084 2793 refelli
1107 2772 1212 2801 posset.
1240 2766 1318 2794 Nunc
1346 2775 1407 2794 cum
1438 2766 1624 2802 fragmentum
1649 2768 1781 2803 quoddam

998 2812 1187 2839 tantummodo
1202 2813 1273 2846 apud
1287 2812 1433 2840 Eusebium
1450 2817 1547 2844 exstet,
1567 2813 1651 2847 idque
1667 2815 1726 2841 sine
1739 2821 1770 2841 uo

998 2856 1081 2889 mine,
1099 2856 1143 2884 cui
1161 2862 1351 2889 aratunentum
1373 2857 1512 2886 innititur:
1531 2858 1618 2886 multo
1637 2859 1718 2888 nobis
1738 2859 1780 2887 dil-
