1866 3073
48 156 90 188 εεε

383 149 409 179 1.
428 148 609 179 PEARSONII
628 145 791 175 VINDICLE
819 141 1030 174 lGNA'I'lANtE.
1051 157 1086 164 —-
1103 141 1193 170 PARS
1212 141 1234 169 l.

1622 141 1677 170 2'6
1699 178 1706 186 υ

50 213 134 242 leilior
146 210 207 240 hac
222 210 377 247 provincia
400 210 533 243 redditur,
558 208 606 237 sed
625 212 654 236 et
677 206 785 241 conject

938 210 996 228 ιπον
1012 200 1228 236 καταγγέλλοντα
1244 198 1289 226 τὸν
1304 197 1432 236 xp-mv;
1461 195 1501 224 Ac
1519 197 1632 232 fortasse
1649 198 1675 225 id

50 258 122 288 simul
140 242 235 295 multo.
247 257 385 285 debilior.
412 255 441 283 Si
461 254 624 290 saepiuscule
649 252 733 280 Caius
751 251 796 279 ille
810 251 838 278 in
888 248 958 283 quod
971 248 1070 274 dicitur
1083 245 1206 272 credibile
1222 244 1363 277 videretur,
1379 242 1432 270 nisi
1453 243 1490 269 eis
1511 242 1677 277 refragaren-

50 305 117 333 libris
127 304 186 332 suis
204 302 350 339 lgnatium
365 307 491 331 nostrum
506 301 687 334 nominasset,
707 299 780 335 quod
805 298 840 325 ab

49 351 91 379 illo
100 349 158 378 ﬁeri
172 349 305 384 potuisse
322 356 405 377 nemo
415 353 499 380 certe,
511 354 608 382 prater
630 345 776 378 Dallteum,
793 351 842 372 ne-

50 402 107 431 gare
125 397 219 430 potest
237 393 324 428 (vixit
344 393 418 420 enim
444 391 526 419 tertio
551 390 667 424 saeculo,
695 393 840 424 postquam

50 441 113 469 ﬂete
125 441 263 468 dicuntur
282 439 381 475 lgnatii
401 438 524 474 epistolae
541 436 686 469 Salmasio,
699 440 728 464 et
745 435 843 462 Alber-

50 486 313 520 tiuo);nibiltamen
325 485 353 513 id
370 492 422 512 nos
430 484 519 519 juvat,
531 483 565 511 ad
575 489 647 518 quos
659 482 698 509 illi
712 488 767 508 non
782 488 843 516 per-

48 537 192 563 venerunt.
207 531 251 560 Ex
267 531 395 559 inutituto
410 529 543 561 auctoris,
556 533 584 556 et
605 527 687 556 modo
705 525 843 555 scribendi

49 578 114 606 nihil
130 585 272 614 reponere
286 576 390 608 licebit,
401 574 475 610 quod
488 574 522 602 de
535 574 647 606 Irenaeo,
662 571 842 604 Tertulliano,

49 624 201 660 Epiphanio
219 623 350 651 fecimus.
369 621 410 649 Ad
440 623 631 656 argumentum
652 617 734 653 igitur
750 624 766 644 e
786 614 842 644 fra-

49 674 159 705 gmento
183 669 352 705 productum
369 674 404 695 ex
420 665 480 694 solo
505 665 658 700 fragmento
677 662 846 698 respondere

49 724 209 752 possumus.
225 714 295 741 Illud
313 717 406 741 autem
427 712 471 740 sic
486 719 516 739 se
534 711 616 738 habet
633 719 640 737 :
656 710 782 737 Artemon
796 708 846 735 do-

50 764 122 789 cebat
137 761 278 789 Christum
288 767 344 787 esse
355 766 451 794 purum
465 762 490 784 et
502 757 601 784 nudum
611 756 753 788 hominem,
766 753 843 790 Ignar

52 808 105 834 tius
127 806 298 834 contrarium
319 804 418 831 docuit.
443 802 534 830 Recte.
554 801 606 834 Qui
625 801 793 829 Anemonem
807 807 848 826 se-

50 852 210 887 quebantur,
232 850 387 878 asserebant
410 848 561 875 doctrinam
593 854 670 873 suam
696 853 751 872 esse
777 844 848 871 anti-

50 907 141 933 quam,
159 906 244 933 usque
262 896 297 923 ad
320 895 452 922 Victorem
465 894 586 926 durasse,
602 901 619 919 α
635 891 782 927 Zephyrino
793 899 848 918 esse

51 950 194 972 mutatam.
209 943 292 971 Caius
310 941 434 977 producit
454 945 561 968 econtra
585 948 628 967 eos
643 939 689 974 qui
712 943 774 966 ante
799 936 849 964 Ze-

890 297 934 321 tur
947 293 1063 328 primum
1081 291 1185 327 quidem
1205 290 1300 317 divina:
1329 288 1486 324 Scriptum,
1507 288 1601 315 deinde
1622 287 1678 323 fra-

890 344 962 367 trum
973 338 1149 374 quorumdam
1160 337 1261 371 scripta
1280 334 1394 362 Victoris
1414 340 1492 362 aetate
1515 334 1677 369 antiquiora,

890 393 950 420 qua:
961 384 1001 411 illi
1016 383 1139 410 adversus
1159 387 1245 418 gentes
1264 390 1312 417 pro
1325 381 1445 413 veritate,
1471 384 1496 407 et
1519 384 1611 407 contra
1636 380 1677 406 sui

893 430 1017 466 temporis
1030 429 1166 457 haereticos
1180 428 1351 463 scripserunt.
1363 426 1499 454 Iustinum
1509 425 1637 460 intelligo,
1654 429 1678 451 et

894 476 1054 509 Miltiadem,
1079 480 1104 502 et
1129 474 1284 507 Tatianum,
1308 482 1339 500 ac
1364 473 1532 504 Clementem,
1561 471 1680 507 aliosque

892 522 1110 558 quamplurimas,
1127 521 1154 548 in
1164 528 1276 556 quorum
1291 519 1410 546 omnibus
1422 518 1496 545 libris
1511 517 1632 545 Christus
1650 520 1680 543 ut

893 568 964 596 Deus
979 572 1190 603 reprtesentatur.
1204 565 1275 594 Nam
1291 564 1386 592 lrenrei
1399 564 1513 599 quidem,
1528 568 1552 590 et
1573 562 1680 590 Melita-

896 614 950 647 nis,
965 618 990 641 et
1005 613 1165 648 reliquorum
1181 612 1280 647 scripta
1295 611 1352 646 quis
1372 616 1410 638 est
1430 610 1475 645 qui
1495 609 1607 644 ignoret,
1622 616 1680 644 qua:

895 659 1031 687 Christum
1055 658 1139 685 Deum
1158 657 1237 684 simul
1263 661 1341 691 atque
1364 655 1493 682 hominem
1515 654 1682 689 prcdicantf

895 705 1001 738 Quibus
1017 703 1107 731 verbis
1123 703 1221 730 videtis
1239 710 1301 730 cum
1324 701 1446 737 proferre
1461 701 1530 728 velle
1550 707 1682 735 quorum—

897 750 960 778 dam
976 750 1091 777 fratrum
1107 749 1219 784 scripta,
1237 753 1343 782 tempus
1357 747 1498 782 assignare
1514 750 1576 773 ante
1589 744 1681 773 Victo-

897 797 936 824 ris
951 801 1068 828 aztatem,
1087 800 1215 823 auctores
1236 795 1302 822 certi
1325 794 1432 830 generis
1449 792 1601 828 indigitare,
1622 799 1680 824 eos,

898 851 1006 878 nempe,
1023 843 1069 878 qui
1084 842 1215 870 adversus
1230 846 1324 876 gentes
1342 846 1369 868 et
1391 839 1533 867 haereticos
1552 839 1595 866 sui
1613 843 1682 866 tem-

863 880 884 908 Β
898 889 973 924 poris
987 896 1020 916 ex
1035 887 1158 923 professo
1173 888 1314 922 scripsere.
1326 886 1477 914 Observare
1492 885 1605 920 potestis
1619 884 1684 912 alio-

900 942 960 962 rum
973 934 1154 969 complurium
1166 933 1276 960 nomina
1287 933 1320 960 de
1332 932 1464 959 industria
1478 931 1512 958 ab
1525 931 1583 966 ipso
1599 929 1684 957 fuisse

50 991 194 1026 pingi-iitum
208 989 349 1023 scripsere,
361 987 407 1022 qui
424 985 559 1014 Christum
581 988 606 1012 et
630 983 712 1011 Deum
728 987 753 1010 et
767 981 850 1009 homi-
899 981 1013 1014 omissa,
1027 988 1122 1008 eorum
1144 980 1289 1015 praecipue,
1315 979 1361 1014 qui
1380 979 1498 1006 maxime
1517 982 1595 1006 erant
1616 977 1683 1005 noti.

51 1045 109 1064 um
121 1036 318 1072 praedicarunt.
335 1032 410 1060 Inter
421 1040 465 1059 eos
478 1031 615 1066 Ignatium
638 1039 691 1058 non
712 1030 849 1062 nominat;

50 1090 112 1118 ergo
125 1089 189 1109 eum
202 1078 355 1116 ignorabat.
370 1076 407 1106 Ut
418 1077 514 1104 Caium
535 1076 597 1103 ideo
613 1075 754 1110 ignorasse
769 1073 848 1110 lgna-

51 1129 118 1155 tium
131 1129 252 1156 constet,
269 1124 333 1159 quia
347 1131 411 1151 eum
426 1130 480 1149 non
494 1120 657 1152 nominavit,
677 1127 789 1147 necesse
804 1123 849 1146 est

55 1173 178 1200 utetiam
193 1174 303 1199 constet
327 1177 390 1197 eum
402 1175 509 1200 omnes.
530 1174 599 1202 quos
615 1166 686 1194 idem
705 1165 851 1201 scripsisse

56 1219 135 1253 norit,
147 1218 321 1246 nominasse.
333 1215 363 1243 Id
375 1222 440 1243 vero
450 1218 575 1242 constare
586 1219 641 1240 non
650 1215 758 1247 potest;
772 1214 852 1238 erant

56 1264 124 1292 enim
140 1260 340 1298 quamplurimi
358 1261 405 1296 qui
428 1264 491 1287 ante
507 1257 690 1293 Zephyrinum
704 1256 849 1291 scripsere,

58 1314 83 1337 et
94 1309 240 1338 Christum
255 1307 341 1335 Deum
360 1309 389 1334 et
404 1305 543 1333 hominem
555 1304 660 1336 dixere,
677 1310 747 1338 quos
761 1309 851 1337 neque

58 1355 136 1383 Caius
159 1355 300 1386 nominat,
325 1359 417 1387 neque
447 1351 590 1387 ignorasse
614 1348 769 1378 censendus
795 1351 847 1376 est.

59 1402 110 1431 Imo
123 1406 234 1430 certum
257 1405 300 1429 est
322 1399 421 1428 Caium
440 1398 594 1433 aliquorum
610 1395 766 1425 testimonia
781 1394 851 1422 omi-

59 1450 126 1478 sisse
138 1456 204 1484 qua
216 1447 355 1483 cognovit,
373 1449 410 1479 et,
425 1445 498 1480 quod
519 1451 578 1472 rem
592 1447 716 1471 nostram
736 1441 850 1477 propius

61 1500 174 1530 spectat,
198 1494 262 1521 ideo
279 1491 412 1519 nonnulla
431 1490 606 1526 praeteriisse,
623 1487 697 1523 quod
714 1495 746 1515 ea
761 1486 836 1515 omni

61 1541 107 1569 bus
121 1546 188 1568 nota
203 1542 327 1575 putaret,
349 1537 379 1565 in
400 1544 516 1572 quorum
533 1541 648 1563 numero
666 1532 763 1561 merito
783 1538 850 1560 sane

61 1586 179 1622 ignauus
192 1584 338 1621 ponendus
351 1588 394 1612 est
408 1583 532 1611 omnium
547 1580 723 1612 notissimus;
746 1578 849 1606 fatente

61 1633 137 1661 etiam
155 1632 218 1659 viro
253 1630 426 1663 doctissimo,
447 1629 471 1657 si
491 1627 622 1663 epistolas
643 1626 705 1654 illas
730 1624 850 1660 scripsit,

62 1687 103 1707 eas
124 1687 181 1707 non
196 1678 321 1714 potuisse
335 1683 390 1704 non
404 1675 531 1703 omnibus
555 1680 618 1701 esse
636 1671 850 1708 cognitissimas,

62 1726 117 1753 sine
140 1732 198 1760 qua
220 1723 374 1752 assertione
395 1724 587 1756 argumentum
618 1725 723 1754 negans
748 1716 851 1744 nullius

62 1775 130 1798 esset
146 1769 290 1806 ponderis.
311 1768 458 1799 Praeterea,
481 1765 548 1793 certi
573 1764 682 1799 generis
705 1763 852 1798 scriptores

64 1816 182 1845 incertus
205 1815 253 1843 ille
273 1817 371 1841 auctor
388 1811 483 1840 statuit
505 1812 667 1846 producere,
687 1816 742 1836 non
759 1811 852 1835 autem

65 1862 139 1894 alios.
159 1861 188 1888 in
199 1867 256 1896 quo
267 1867 369 1896 genere
385 1857 416 1886 S.
433 1857 554 1893 lgnatius
568 1855 681 1883 minime
691 1853 854 1882 recenseba-

65 1912 124 1940 tur,
140 1914 201 1939 eos,
216 1905 335 1935 scilicet,
347 1904 396 1939 qui
418 1903 548 1930 adversus
562 1905 657 1937 gentes
674 1900 853 1939 scripserunt,

67 1957 91 1979 et
104 1959 137 1980 ex
154 1950 283 1986 professo
300 1949 434 1977 adversus
449 1947 602 1976 hereticos.
625 1945 755 1973 Videmus
771 1944 855 1980 igitur

68 1997 137 2025 illius
169 1996 327 2024 institutum
351 1998 438 2029 atque
467 1986 640 2028 propositum
670 1990 756 2019 fuisse
787 1989 855 2017 tales

69 2048 190 2072 auctores
201 2043 364 2078 producere,
379 2040 468 2076 qualis
481 2039 601 2075 lgnatius
616 2046 671 2065 non
695 2037 767 2070 luit;
787 2036 857 2063 tales

69 2088 202 2121 omittere,
218 2087 310 2123 qualis
322 2086 443 2121 lgnatius
456 2084 569 2112 omnino
588 2082 650 2110 fuit.
678 2081 719 2109 Ex
748 2080 857 2109 silentio

70 2135 148 2170 igitur
163 2134 223 2161 Caii
237 2140 292 2160 non
305 2136 396 2168 potest
413 2130 507 2158 inferri
521 2129 656 2166 ignoratio
671 2127 779 2164 lgnatii.
794 2126 858 2155 “ac

70 2181 160 2208 omnia
183 2180 213 2207 in
234 2179 325 2206 verbis
345 2178 381 2205 ab
396 2177 513 2204 Eusebio
533 2175 652 2203 laudatis
674 2173 856 2209 reperiuntur.

864 1552 886 1582 C

899 1027 1017 1054 Causam
1030 1026 1112 1062 igitur
1122 1026 1206 1054 Caius
1221 1035 1274 1053 non
1289 1025 1450 1061 assignavit,
1464 1025 1498 1052 ob
1511 1032 1592 1060 quam
1608 1023 1684 1058 lgna-

899 1072 967 1099 tium
983 1072 1150 1105 nominaret;
1163 1080 1211 1099 cur
1223 1077 1312 1099 autem
1323 1079 1385 1099 eum
1398 1071 1543 1103 omitteret,
1554 1071 1683 1105 optimam

899 1123 927 1146 et
944 1119 1202 1154 opportunissimam
1224 1118 1351 1153 prodidit.
1368 1116 1477 1144 Nullum
1499 1116 1581 1151 igitur
1595 1124 1626 1143 ex
1647 1116 1684 1143 si-

901 1163 983 1191 lentio
999 1164 1080 1199 hujus
1093 1163 1237 1200 fragmenti
1248 1163 1351 1199 [gnatio
1365 1167 1459 1191 nostro
1476 1162 1637 1198 perieulum.

936 1209 1012 1237 Idem
1027 1209 1204 1245 judicandum
1218 1210 1250 1237 de
1277 1210 1408 1237 Clemente
1426 1209 1616 1241 Alexandrino,
1644 1209 1684 1236 in-

900 1255 968 1290 quit.
997 1255 1052 1283 imo
1076 1263 1141 1283 vero
1164 1259 1197 1283 de
1215 1255 1362 1283 Clementis
1381 1255 1556 1282 Alexandrini
1578 1254 1686 1282 silentio

900 1299 969 1327 nihil
979 1300 1081 1335 liquido
1097 1300 1236 1334 aﬂirmari,
1252 1301 1319 1328 nihil
1332 1300 1394 1328 inde
1408 1304 1483 1328 certo
1497 1300 1622 1328 concludi
1636 1308 1685 1335 po-

901 1349 964 1373 test.
987 1344 1194 1380 Quamplurima
1209 1346 1281 1374 enim
1299 1346 1359 1380 ejus
1375 1347 1475 1381 scripta
1494 1347 1641 1382 perierunt,
1657 1352 1686 1376 ut

906 1390 1141 1418 ’Υποτυπὼσεων
1153 1391 1216 1419 libri
1229 1400 1287 1423 vm,
1305 1391 1343 1418 De
1360 1393 1483 1426 paschale
1499 1393 1545 1421 lib.
1567 1402 1586 1427 ι,
1599 1393 1637 1420 De
1647 1394 1686 1427 ie-

898 1439 977 1474 junio
991 1439 1151 1475 disputatio,
1173 1439 1211 1467 De
1225 1440 1413 1467 obtrectatione
1426 1440 1473 1467 lib.
1488 1449 1507 1474 l,
1522 1440 1560 1467 De
1578 1442 1687 1468 canoni-

901 1485 948 1512 bus
975 1485 1159 1512 ecclesiasticis
1185 1489 1213 1512 et
1243 1485 1370 1512 adversus
1397 1485 1573 1514 Judaizautes
1600 1487 1647 1515 lib.
1668 1496 1686 1515 ι.

901 1528 1000 1557 Utrum
1020 1529 1116 1566 lgnatii
1131 1529 1159 1557 in
1175 1529 1228 1556 illis
1247 1529 1289 1557 vel
1307 1537 1401 1557 eorum
1416 1531 1508 1565 aliquo
1523 1532 1687 1565 meminerit,

902 1582 999 1609 necne,
1014 1582 1096 1602 nemo
1107 1579 1182 1603 certo
1196 1575 1331 1603 allirmare
1345 1580 1443 1610 potest.
1459 1575 1487 1604 In
1503 1576 1689 1604 Admonitione

902 1620 938 1647 ad
952 1624 1050 1655 gentes,
1066 1620 1093 1646 in
1107 1620 1195 1648 tribus
1210 1620 1352 1656 Padagogi
1368 1621 1456 1654 libris,
1475 1621 1503 1649 in
1529 1622 1689 1650 tractatibus

902 1665 1021 1699 duobus,
1040 1673 1158 1700 quorum
1175 1673 1248 1694 nunc
1266 1664 1349 1698 unus;
1366 1673 1439 1694 nunc
1453 1667 1522 1694 alter
1539 1667 1628 1695 locum
1641 1675 1690 1695 oc-

902 1712 958 1740 tari
972 1711 1035 1739 libri
1060 1711 1227 1739 Stromateon
1251 1713 1411 1747 occupabat,
1431 1713 1477 1748 qui
1499 1713 1556 1748 jam
1581 1714 1689 1741 tandem

903 1757 985 1785 ambo
1002 1762 1121 1788 exstant.
1135 1757 1238 1785 nullum
1254 1758 1367 1785 omnino
1381 1758 1542 1793 scriptorem
1557 1758 1690 1786 Christia-

903 1811 971 1832 num
997 1803 1123 1831 nominat
1146 1803 1282 1831 Clemens.
1314 1804 1349 1830 At
1375 1804 1404 1831 in
1426 1804 1502 1831 libris
1520 1801 1695 1830 Stromateon

903 1849 1031 1885 plurimos
1045 1849 1152 1884 gentiles
1169 1854 1194 1876 et
1219 1849 1384 1877 Christianos
1405 1849 1533 1882 nominat,
1556 1849 1690 1885 Ignatium

903 1904 1048 1931 nunquam.
1069 1895 1206 1923 Plurimos
1224 1895 1332 1930 quidem
1361 1895 1476 1930 gentiles
1494 1895 1628 1927 nominat,
1643 1895 1691 1922 sed

905 1943 970 1978 quid
987 1943 1039 1970 hoc
1056 1943 1089 1970 ad
1106 1942 1258 1978 Ignatium?
1274 1950 1327 1969 non
1345 1949 1447 1977 paucos
1469 1941 1551 1969 etiam
1577 1941 1691 1968 haereti-

906 1997 954 2016 cos
976 1988 1053 2021 citat,
1077 1988 1124 2016 sed
1143 1996 1193 2016 nec
1214 1988 1284 2015 inter
1301 1995 1349 2015 eos
1364 1986 1486 2023 lgnatius
1510 1987 1692 2023 requirendus

906 2038 958 2062 est.
976 2033 1153 2066 Christianos,
1173 2033 1224 2060 hoc
1243 2037 1286 2060 est
1307 2033 1455 2061 catholicos
1476 2041 1530 2061 non
1551 2033 1690 2068 plurimos,

907 2082 953 2109 sed
980 2080 1163 2116 paucissimos
1193 2080 1334 2114 nominat,
1356 2084 1412 2107 tres
1433 2084 1505 2106 certe
1528 2083 1644 2111 tantum,
1668 2079 1692 2106 si

908 2127 990 2155 modo
1002 2131 1030 2154 et
1045 2126 1085 2154 illi
1109 2126 1238 2153 catholici
1254 2133 1349 2153 omnes
1367 2125 1432 2159 sint,
1449 2125 1612 2157 Barnabam,
1629 2123 1692 2151 Cle-

909 2178 1039 2205 mentem,
1056 2171 1196 2205 Hermam,
1211 2179 1307 2199 outnes
1323 2175 1397 2198 certe
1413 2175 1542 2206 tanquam
1561 2170 1590 2198 S.
1607 2169 1694 2198 Paulo

70 2225 135 2254 Cum
149 2226 225 2254 enim
238 2225 363 2253 dicerent
377 2223 545 2251 Artemonici
560 2221 731 2257 antiquiores
748 2226 855 2252 omnes,
870 2226 898 2258 ι)
909 2226 1028 2252 οοωνοε,
1046 2223 1074 2246 et
1089 2222 1220 2253 tanquam
1242 2225 1338 2245 sacros
1361 2218 1452 2253 potius
1466 2225 1549 2253 quam
1564 2217 1693 2244 ecclesia-

71 2274 150 2300 etiam
162 2272 302 2308 apostolos
311 2292 320 2305 ,
334 2278 429 2298 eorum
447 2269 599 2297 doctrinam
615 2268 769 2300 tratlidisse,
784 2275 859 2294 earn-

71 2326 120 2354 que
134 2319 162 2346 in
178 2317 301 2346 Ecclesia
313 2316 479 2345 custoditam
492 2315 578 2343 fuisse
592 2321 679 2350 usque
692 2313 726 2342 ad
741 2312 859 2341 Victoris

71 2366 269 2400 episcopatum,
293 2368 320 2391 et
339 2362 391 2390 sub
413 2361 566 2397 Zephyrino
595 2359 722 2395 pontiﬁce
749 2359 859 2387 demum

71 2419 128 2439 esse
142 2410 342 2442 adulteratam;
357 2412 455 2437 contra
477 2408 538 2436 haec
565 2405 607 2434 sic
628 2405 712 2433 Caius
737 2405 792 2438 ille,
807 2404 860 2439 .qui

72 2458 120 2486 sub
135 2457 303 2492 Zephyrino,
316 2455 358 2482 vel
379 2462 433 2482 non
448 2453 535 2481 multo
547 2457 609 2488 post
628 2452 771 2487 scripsisse
782 2455 862 2486 puta-

71 2509 114 2532 tur
131 2513 140 2532 :
155 2501 212 2530 Ἦν
235 2502 258 2529 δ’
283 2501 317 2529 ἂν
341 2501 422 2536 τυχὸν
439 2499 550 2527 πιθανὸν
564 2499 595 2526 τδ
610 2498 766 2533 λεγόμενον,
784 2497 809 2523 εἰ
824 2495 861 2532 μὴ

70 2549 178 2586 πρῶτον
191 2549 243 2585 μὲν
259 2548 424 2576 ἀντέπιπτον
440 2546 532 2578 αὐτοῖς
548 2546 576 2572 αἱ
593 2545 663 2572 θεῖαι
679 2543 795 2580 Γραφαι·
814 2542 862 2569 καὶ

71 2595 192 2630 ἀδελφῶν
218 2594 247 2621 δέ
272 2601 353 2620 τινων
370 2592 429 2619 ἐστὶ
443 2591 596 2628 γράμματα
612 2589 784 2627 πρεσϐύτερα
808 2587 862 2615 τῶν

72 2641 199 2677 litat-copo;
214 2639 332 2676 χρόνων,
349 2638 368 2666 ἃ
383 2639 483 2665 ἐκεῖνοι
504 2637 575 2673 πρὸς
590 2637 625 2664 τὰ
646 2635 710 2671 ἔθνη
727 2634 798 2671 ὑπὲρ
814 2634 862 2670 τῆς

74 2686 210 2723 nubet“,
217 2685 266 2713 καὶ
281 2684 351 2721 πρὸς
367 2684 417 2716 τὰς
432 2683 493 2710 τότε
510 2682 629 2718 αἱρέσεις
645 2680 777 2717 ἔγραψαν·
792 2679 863 2714 λέγω

72 2735 98 2762 δὲ
117 2733 265 2763 Ἰωστίνου
280 2731 330 2760 καὶ
344 2730 502 2763 Μιλτιάδου,
513 2729 559 2756 καὶ
576 2727 720 2760 Τατιανοῦ,
735 2726 782 2754 καὶ
791 2726 864 2762 Κλή-

71 2789 177 2818 (tam,
205 2778 256 2807 καὶ
278 2777 382 2814 ἑτέρων
405 2775 546 2807 πλειόνων,
570 2775 600 2802 ἐν
621 2771 662 2806 οἷς
678 2774 763 2801 limat
780 2771 865 2799 θεολο-

71 2829 157 2863 τείαιι
173 2826 189 2853 ὁ
205 2823 339 2862 Χριστός.
355 2822 398 2850 Τὰ
412 2823 467 2859 γὰρ
479 2820 624 2857 Εἰρηναίου
639 2828 669 2847 τε
685 2819 732 2846 καὶ
747 2818 865 2846 Μελίτω-

70 2883 112 2907 νος
126 2874 176 2902 καὶ
191 2871 250 2900 τῶν
269 2868 374 2897 λοιπῶν
390 2868 431 2901 τις
445 2868 539 2903 ἀγνοεῖ
555 2865 656 2903 βιϐλία,
672 2865 737 2893 θεὸν
754 2864 801 2893 καὶ
816 2864 864 2893 ἄν·

235 2919 379 2947 Ρινηοι..
403 2914 463 2946 Gl.
489 2912 526 2944 V.

909 2265 994 2294 sticus
1018 2264 1175 2300 scriptores.
1195 2263 1327 2300 Κλήμης,
1351 2263 1450 2298 inquit,
1471 2263 1486 2289 ό
1501 2262 1660 2294 ἀπόστολος,
1679 2262 1694 2288 ὸ

908 2311 1055 2344 ἀπόστολος
1079 2310 1220 2347 Βαρνάϐας
1230 2331 1238 2343 ,
1256 2309 1336 2342 θείως
1352 2311 1369 2346 ἡ
1385 2309 1498 2346 δύναμις
1514 2310 1530 2345 ἡ
1547 2306 1586 2345 τῷ
1607 2308 1694 2345 Ἑρμᾷ

911 2357 970 2385 κατ’
992 2356 1162 2392 ἀποκάλυψιν
1184 2357 1311 2383 λαλοῦσα.
1336 2355 1502 2391 Scriptorem
1528 2355 1694 2383 catholicum

911 2405 1023 2433 secundi
1046 2403 1096 2431 arvi
1120 2410 1155 2430 ne
1171 2411 1255 2430 unum
1272 2401 1383 2437 quidem
1400 2402 1546 2429 nominat:
1567 2401 1590 2428 si
1614 2401 1696 2435 Igna‘

911 2451 979 2479 tium
991 2453 1143 2486 praetereat,
1155 2449 1276 2484 praeterit
1289 2452 1315 2475 et
1328 2447 1518 2484 Polycarpum,
1530 2451 1555 2473 et
1571 2445 1694 2481 Papiam,

911 2502 938 2525 et
953 2496 1132 2530 Quadratum,
1151 2500 1178 2522 et
1194 2495 1352 2528 Aristidem,
1368 2499 1396 2522 et
1409 2493 1557 2526 Justinum,
1574 2497 1602 2519 et
1618 2491 1696 2519 Meli-

912 2547 1015 2576 toncm,
1030 2547 1057 2570 et
1073 2543 1284 2578 Athenagoram,
1303 2545 1330 2568 et
1341 2540 1547 2575 Dionysium,et
1563 2537 1695 2574 Hippoly-

913 2595 982 2624 tum,
993 2593 1021 2617 et
1033 2588 1224 2625 Hegesippum,
1237 2593 1264 2616 et
1277 2588 1408 2615 Irenaeum
1419 2596 1427 2621 ;
1438 2594 1509 2622 quos
1524 2593 1620 2614 omnes
1632 2592 1695 2612 eum

913 2635 1082 2672 ignoravisse
1093 2642 1147 2662 non
1162 2639 1239 2670 puto,
1248 2634 1334 2670 magis
1346 2641 1428 2669 quam
1440 2632 1600 2668 magistrum
1615 2638 1697 2659 suum

913 2681 1083 2709 Pantaenum.
1110 2679 1163 2708 Sed
1178 2681 1275 2708 mirum
1295 2685 1345 2714 est,
1358 2680 1456 2716 inquit,
1470 2679 1516 2715 qui
1537 2678 1576 2706 vel
1589 2685 1622 2706 es
1643 2685 1697 2704 una

915 2727 1056 2755 Clementis
1065 2726 1098 2753 ad
1106 2726 1258 2753 Corinthios
1268 2726 1380 2761 epistola
1392 2726 1444 2754 tria
1451 2729 1592 2761 quatuorve
1601 2724 1659 2751 loco
1670 2724 1697 2750 in

916 2768 1088 2801 Stromateo'n
1097 2779 1171 2806 opere
1180 2771 1402 2806 descripsit;niltil
1411 2772 1438 2799 in
1450 2776 1504 2798 tam
1514 2770 1604 2797 multis
1617 2767 1632 2796 1
1633 2777 1697 2804 gna~

916 2819 957 2852 tii,
964 2827 994 2846 ne
1002 2818 1157 2846 sententiam
1165 2817 1269 2853 quidem
1276 2826 1356 2845 unam
1363 2818 1488 2853 reperisse
1495 2824 1575 2852 quam
1584 2820 1698 2853 notaret.

916 2864 971 2892 Cur
986 2872 1040 2892 non
1058 2869 1085 2891 et
1106 2863 1259 2890 Barnabam
1283 2863 1365 2891 etiam
1387 2862 1523 2898 producit,
1536 2861 1583 2894 qui
1600 2859 1698 2895 saepius

1523 2909 1542 2935 υ
