1866 3073
185 139 237 169 267

185 202 214 230 lu
234 208 269 229 co
289 208 371 236 opere
395 200 544 229 laudatur?
559 208 607 229 cur
632 209 685 229 non
710 206 737 229 et
761 201 899 234 Hermam,
922 201 968 236 qui

185 248 276 275 adhuc
291 247 459 282 frequentius
472 247 633 275 adducitur?
644 247 806 283 Quicunque
821 247 970 275 Clementis

187 294 350 322 Stromateas
369 294 454 329 probe
469 294 554 327 novit,
572 302 711 330 nunquam
727 295 871 322 mirabitur
888 295 922 322 ab
937 302 970 322 eo

185 341 319 376 lgnatium
340 349 403 370 esse
419 342 601 377 praeteritum,
619 346 675 370 tres
692 342 813 378 reliquos
829 343 909 370 toties
928 342 970 370 ci-

185 393 267 416 tatos.
285 387 405 416 Instituit
421 388 477 416 illic
493 389 646 423 gnosticum
662 396 761 421 suum,
779 396 833 416 non
851 388 970 423 vulgari-

184 433 237 462 bus
258 434 400 469 theologia:
422 434 563 469 principiis
580 434 727 467 imbutum,
743 434 791 462 sed
808 434 879 462 ultra
899 434 969 461 alio-

182 488 245 508 rum
255 479 474 508 Christianorum
487 484 588 507 sortem
600 480 747 512 elevatum,
762 485 789 507 et
799 485 830 507 ut
840 480 970 516 magister

182 526 307 562 Origenis
324 526 438 562 mystica
460 533 576 561 quaeque
591 529 618 554 et
635 526 782 561 anagogica
799 525 900 560 ubique
923 532 969 553 se-

181 578 290 608 ctatur;
307 573 399 609 qualia
415 574 442 601 in
459 572 591 600 Barnaba:
606 572 732 608 epistola,
749 577 777 600 et
792 571 900 600 Hermae
912 571 969 600 Pa—

180 625 250 648 stare
263 621 381 656 plurima
395 625 553 652 occurrunt,
570 621 596 648 in
613 620 824 655 simplicissimis
837 624 865 648 et
880 620 969 648 moni-

181 671 271 695 torum
280 667 469 694 tantummodo
480 666 629 694 salubrium
641 667 728 701 plenis
739 666 833 702 Ignatii
845 667 969 702 epistolis

180 721 235 742 non
251 713 434 748 reperiuntur.
453 713 505 741 Sed
521 713 605 745 dices,
626 714 709 741 etiam
733 713 883 742 Clementis
907 714 967 749 epi-

179 760 250 788 stola
267 760 467 795 simplicitatem
483 759 661 794 apostolicam
676 760 763 794 spirat
774 769 780 787 :
791 768 824 787 ex
840 760 885 787 illa
903 766 968 788 vero

183 807 235 834 tria
252 811 404 842 quatuorve
425 806 485 834 loca
502 805 590 834 affert.
609 805 646 834 Ita
665 814 741 834 sane.
769 806 822 834 Sed
840 806 967 834 Clemens

180 853 382 881 Alexandrinus
402 853 484 880 etiam
509 853 535 880 in
554 853 599 880 illa
615 853 719 888 aliquid
736 860 790 880 non
807 853 921 887 simplex
939 857 967 880 et

179 901 291 935 vulgare
316 899 523 931 animadvertit,
541 899 587 927 sed
605 898 704 934 γνῶσιν
719 899 888 936 τελειοτέραν
912 907 968 934 prae

179 955 210 975 se
223 947 323 978 ferens,
336 946 409 981 quod
426 954 459 973 ex
477 946 521 972 illa
545 953 597 972 non
616 945 700 973 semel
716 946 845 981 excerpit.
863 944 965 973 Obser-

179 997 226 1019 vat
243 991 409 1020 Clementem
436 990 589 1018 Romanum
615 991 782 1018 differentias
797 998 898 1026 eorum
918 991 965 1026 qui

178 1043 243 1066 sunt
268 1038 375 1073 probati
400 1037 427 1064 in
446 1036 564 1064 Ecclesia
575 1057 583 1070 ,
598 1037 765 1070 describere,
785 1042 812 1065 et
829 1037 900 1064 inter
916 1045 965 1065 eos

179 1091 278 1118 ponere
293 1083 338 1110 τὸν
354 1081 465 1110 δυνατὸν
481 1081 580 1116 γνῶσιν
597 1081 725 1113 ἐξειπεῖν,
743 1089 806 1108 eum
823 1081 905 1116 igitur
921 1081 964 1108 lo-

177 1136 241 1156 cum
262 1128 305 1156 bis
327 1128 403 1161 citat,
421 1133 479 1155 tum
505 1128 533 1154 in
550 1127 638 1163 primo
655 1127 737 1160 libro,
755 1132 813 1154 tum
831 1127 858 1154 in
875 1132 962 1154 sexto.

177 1173 312 1202 Observat
330 1182 393 1202 eum
418 1174 504 1202 τύπον
519 1174 580 1201 τινὰ
596 1173 643 1201 τοῦ
660 1172 814 1200 Γνωστικοῠ
840 1173 963 1211 ὑπογρά-

177 1229 248 1256 φειν,
257 1221 372 1255 formam
383 1221 524 1256 quamdam
538 1220 658 1248 Gnomci
667 1219 823 1252 describere,
834 1220 867 1247 ad
880 1227 963 1255 quam

177 1274 275 1294 omnes
291 1273 360 1302 pene
376 1266 498 1301 epistola:
513 1271 603 1301 partes
618 1266 688 1293 miro
701 1265 781 1293 modo
799 1265 882 1294 refert
894 1266 964 1293 libro

177 1316 288 1348 quarto.
304 1311 386 1339 Notat
404 1318 432 1340 et
446 1313 558 1339 mundos
582 1311 642 1346 ejus
655 1317 713 1347 post
733 1320 860 1339 oceanum
870 1332 878 1346 ,
892 1319 963 1347 quos

176 1367 239 1386 cum
259 1358 408 1387 Platonicis
433 1358 548 1387 confert.
567 1358 643 1386 Talia
667 1359 738 1394 apud
756 1358 890 1394 Ignatium
910 1366 963 1386 no-

177 1410 264 1432 strum
284 1404 409 1432 invenire
426 1412 479 1431 non
496 1407 566 1431 erat.
585 1402 728 1431 Silentium
745 1403 829 1439 igitur
845 1403 964 1430 Alexan-

175 1450 249 1478 drini
277 1458 331 1478 non
359 1450 462 1478 indicat
487 1450 628 1485 lgnatiana
655 1456 710 1476 non
735 1448 837 1482 fuisse,
856 1448 903 1476 sed
929 1448 963 1475 ad

176 1497 382 1525 informandum
401 1496 575 1529 Gnosticum,
593 1495 628 1523 ad
641 1495 800 1530 mysticam,
821 1499 848 1522 et
862 1502 964 1529 anago-

175 1542 276 1577 gicam,
283 1541 535 1577 tropologicamque
545 1539 697 1567 doctrinam
709 1538 910 1571 illustrandam,
918 1541 965 1565 aut

176 1587 376 1624 philosophiam
393 1586 569 1614 excolendam
585 1585 699 1612 minime
715 1584 822 1612 idonea.

212 1633 266 1661 Sed
292 1637 399 1660 certum
420 1637 447 1659 et
471 1631 613 1658 definitum
640 1629 719 1657 nobis
745 1629 835 1656 locum
863 1627 964 1656 indicat

176 1678 346 1707 Stromateon
376 1685 458 1713 opere
485 1677 503 1704 l.
523 1685 577 1708 vn,
603 1683 630 1711 p.
652 1675 713 1709 764,
730 1683 786 1710 quo
802 1675 863 1703 sine
879 1675 964 1702 dubio

175 1725 273 1760 lgnatii
291 1732 390 1752 nomen
407 1723 546 1758 posuisset
563 1722 702 1755 Clemens,
717 1722 740 1749 si
757 1720 886 1756 epistolas
902 1720 963 1756 ejus

175 1779 297 1807 unquam
323 1769 444 1798 vidisset.
474 1769 542 1797 Mira
568 1769 679 1805 quidem
701 1769 760 1796 haec
780 1768 961 1803 perspicaeia,

173 1823 202 1845 et
217 1817 355 1845 scribendi
371 1817 456 1844 moris
474 1816 547 1852 apud
563 1820 670 1844 veteres
686 1818 814 1843 accurata
830 1814 962 1841 observa-

175 1865 226 1896 tio,
243 1871 305 1899 qua:
320 1856 375 1898 quo
391 1863 507 1898 quisque
524 1862 585 1889 loco
604 1861 754 1897 quemlibet
776 1868 806 1888 se
822 1859 962 1894 antiquio-

174 1918 231 1939 rem
249 1911 392 1938 nominare
407 1910 543 1942 debuerit,
556 1908 677 1936 indicare
693 1907 792 1943 potuit.
813 1905 863 1933 Ubi
880 1905 962 1932 tradit

173 1956 356 1984 hereticorum
370 1960 454 1983 sectas
469 1955 583 1982 Adriani
594 1954 699 1981 demum
710 1953 823 1989 Augusti
838 1951 963 1986 tempori-

173 1999 222 2026 bur
237 1999 380 2026 coalescere
394 1999 511 2034 ccepisse,
527 2003 689 2034 opportunus
707 2002 766 2025 erat
784 1997 857 2024 locus
881 1996 962 2032 Igna-

173 2045 250 2072 tiana
263 2048 354 2072 nostra
367 2045 596 2072 commemorandi.
609 2043 679 2078 Quid
692 2051 765 2076 vero,
775 2051 808 2070 an
819 2043 921 2078 aliquid
933 2042 961 2070 in

174 2098 255 2118 suam
268 2091 431 2118 sententiam
447 2098 480 2118 ex
496 2090 645 2125 lgnatianis
669 2090 777 2117 trahere
794 2089 899 2124 potuit?
919 2089 960 2115 Au

173 2135 296 2172 lgnatius
318 2135 356 2162 illi
373 2135 486 2163 idoneus
512 2136 589 2163 testis
619 2135 681 2166 fuit,
705 2143 738 2162 ex
754 2142 810 2170 quo
834 2134 961 2169 probaret

172 2181 317 2208 haereticos
339 2188 393 2207 non
415 2180 467 2207 nisi
485 2180 536 2208 sub
560 2179 672 2206 Adriani
700 2179 813 2214 imperio
834 2179 958 2214 coepisse,

172 2235 235 2255 cum
252 2227 311 2262 ipse
327 2231 389 2253 ante
403 2226 553 2253 Adrianum
571 2226 622 2253 sub
638 2225 726 2253 medio
746 2224 857 2260 Traiani
874 2225 960 2260 impe-

172 2273 215 2301 rio
230 2279 329 2308 passus
352 2272 405 2300 sit?
420 2271 479 2299 Non
502 2272 556 2300 hoc
572 2272 630 2300 vult
652 2273 693 2299 vir
713 2272 907 2304 doctissimus;
925 2271 960 2299 ad

172 2321 339 2348 sententiam
366 2327 444 2347 suam
471 2318 688 2346 conﬁrmandam
711 2327 765 2345 non
788 2318 876 2353 potuit
896 2317 959 2345 Cle-

172 2375 252 2396 mens
272 2367 406 2403 lgnatium
424 2366 577 2397 nominare,
595 2365 688 2391 debuit
715 2365 748 2392 ad
770 2364 957 2393 refellendam.

173 2413 277 2442 Duram
299 2411 421 2449 profecto
449 2412 535 2447 legem
553 2410 731 2445 scriptoribus
748 2411 867 2446 antiquis
890 2411 959 2447 figit,

173 2460 221 2496 qui
243 2459 435 2488 necessitatem
458 2458 492 2485 iis
521 2457 637 2492 imponit
661 2457 762 2484 citandi
790 2458 959 2485 clarissimos

173 2506 302 2534 Ecclesia:
315 2506 450 2533 antistites
468 2509 563 2531 contra
584 2511 661 2531 suam
679 2504 850 2531 sententiam.
865 2503 960 2539 Neque

173 2553 226 2580 hoc
249 2552 306 2579 vult
322 2551 363 2578 vir
384 2550 576 2583 doctissimus;
592 2549 657 2585 quid
678 2549 779 2584 igitur?
800 2549 958 2586 lgnatianas

171 2597 297 2632 epistola:
319 2596 458 2624 traditioni
480 2604 537 2624 sua:
557 2596 721 2631 apertissime
743 2601 915 2632 repugnantes
937 2597 960 2623 si

172 2642 300 2676 sciuisset,
312 2642 414 2677 aliquid
426 2646 499 2670 certe
514 2641 633 2675 fecisset,
641 2642 716 2677 quod
731 2649 785 2669 non
799 2641 878 2674 fecit;
893 2641 959 2676 quid

172 2693 263 2716 autem
286 2689 339 2717 hoc
357 2689 417 2716 est?
435 2688 474 2716 vel
494 2696 539 2715 eas
566 2688 725 2722 refutasset;
748 2688 804 2715 imo
820 2695 884 2714 vero
906 2687 960 2715 hoc

173 2741 311 2768 nunquam
336 2732 455 2761 fecisset.
478 2732 666 2768 Quisquamne
681 2737 803 2760 veterum
825 2732 959 2760 Christia-

173 2786 269 2806 norum
287 2787 348 2807 eam
367 2779 400 2807 de
419 2779 622 2814 antiquioribus
638 2777 765 2806 Patribus
781 2783 808 2806 et
821 2778 958 2813 episcopis

172 2825 205 2852 de
219 2826 404 2860 apostolorum
415 2826 557 2861 discipulis
569 2830 595 2853 et
608 2825 773 2861 martyribus
790 2824 958 2859 opinionem,

173 2874 208 2900 de
222 2872 312 2905 seinse
326 2879 388 2902 eam
403 2872 643 2906 praesumptionem
665 2871 771 2902 habuit.
789 2875 819 2899 ut
835 2878 884 2899 eos
897 2871 958 2899 ideo

675 141 703 169 S.
725 140 898 170 IGNA'I‘IUS.
916 156 949 162 —
964 139 1230 169 PROLEGOMENA.

985 205 1004 231 Α
1021 202 1198 236 produceret,
1215 208 1269 236 quo
1293 200 1428 229 refelleret
1447 206 1475 229 et
1497 201 1643 235 refutaret,
1655 208 1713 236 quo
1728 201 1837 236 aperti

1024 247 1157 275 mendacii
1172 252 1199 275 et
1213 247 1274 275 falsi
1290 248 1439 276 testimonii
1455 255 1518 276 reos
1531 248 1654 276 teneret?
1670 247 1780 275 Verum
1803 247 1838 274 si

1023 293 1073 321 hoc
1093 301 1147 321 non
1163 293 1283 326 fecisset,
1297 302 1373 321 suam
1394 295 1449 329 ipse
1469 295 1640 322 traditionem
1660 295 1695 321 ad
1718 294 1839 321 harum

1022 347 1142 366 normam
1159 341 1325 367 correxisset.
1346 340 1415 368 Ante
1429 340 1536 368 dixerat
1553 346 1734 375 opportunum
1746 341 1838 367 hunc

1021 385 1108 412 locum
1126 394 1181 413 esse
1195 385 1339 421 [gnatiana
1360 391 1452 413 nostra
1474 387 1711 421 commemorandi,
1728 395 1838 419 nunc,

1021 433 1044 460 si
1069 438 1326 467 commemorasset,
1347 434 1511 462 sententiam
1533 441 1612 462 suam
1636 435 1809 462 correxisset
1824 442 1838 466 ;

1021 482 1050 506 at
1064 487 1124 506 eam
1140 479 1219 507 aliter
1230 480 1366 516 corrigere
1382 488 1437 508 non
1453 480 1551 516 potuit,
1565 481 1616 508 nisi
1630 485 1717 508 totam
1732 481 1837 508 oblis-

1021 529 1137 553 terasset
1160 530 1242 562 atque
1267 527 1454 562 expunxisset.
1484 526 1603 554 Haecine
1628 532 1722 554 autem
1750 528 1837 555 huic

1020 572 1082 600 loco
1094 577 1278 608 opportunum
1298 581 1359 601 esse
1376 574 1476 608 potuit,
1489 574 1562 609 quod
1576 579 1662 602 totum
1679 579 1836 602 everteret

1020 624 1047 647 et
1061 620 1246 654 expungeret?
1260 620 1323 648 Haec
1338 621 1432 648 omnia
1454 628 1536 648 merae
1550 626 1616 650 sunt
1633 621 1833 655 conjectura,

1020 671 1046 694 et
1067 666 1176 701 quidem
1197 667 1402 700 infelicissimae,
1417 675 1466 695 nec
1490 668 1585 703 lgnatii
1609 668 1747 703 epistolis,
1766 676 1835 696 nec

1019 713 1160 748 proposito
1182 713 1331 742 Clementis
1346 714 1404 741 ullo
1423 713 1505 742 modo
1520 714 1729 742 convenientes.
1749 714 1833 742 Cle—

1019 766 1098 786 mens
1109 767 1163 786 non
1179 767 1275 787 omnes
1288 759 1407 788 haereses
1421 761 1551 796 respexit,
1563 762 1612 789 sed
1627 761 1738 796 aliquas
1748 767 1825 790 tau-

1020 808 1090 838 tum,
1104 812 1153 832 sua
1168 809 1248 833 aetate
1262 806 1381 833 maxime
1394 806 1557 842 conspicuas
1567 811 1595 835 et
1606 807 1718 843 scriptis
1729 809 1827 836 etiam

1020 849 1122 884 ubique
1141 854 1206 877 tunc
1220 850 1351 884 temporis
1364 850 1496 884 celebres,
1509 851 1610 886 quibus
1628 852 1752 879 maxime
1766 859 1826 879 ca-

983 895 1004 923 B
1018 895 1111 923 tholici
1131 895 1310 929 vexabantur,
1327 903 1390 923 cum
1403 897 1574 932 antiquiores
1595 897 1658 925 alia;
1670 897 1729 932 iam
1743 905 1826 932 pene

1015 941 1202 969 evanuissent.
1226 940 1328 969 Harum
1357 942 1434 970 initia
1463 943 1556 978 aliquo
1579 944 1662 971 modo
1690 944 1821 977 indicat.

1016 987 1136 1015 Ecclesia
1151 988 1318 1022 posteriores
1331 988 1464 1022 ostendit,
1473 997 1524 1017 nec
1538 994 1593 1017 tam
1611 990 1724 1024 quidem
1739 991 1823 1018 anti-

1015 1040 1085 1068 quas
1099 1041 1182 1068 quam
1209 1033 1262 1068 ipsi
1282 1033 1455 1068 iactitabant.
1478 1034 1558 1067 Quod
1578 1036 1652 1063 enim
1676 1035 1823 1064 Basilides

1015 1077 1155 1105 Glauciam
1170 1079 1333 1113 magistrum
1356 1086 1436 1106 suum
1458 1084 1602 1114 assereret,
1619 1088 1700 1115 quem
1725 1081 1821 1110 disci-

1015 1125 1071 1159 puli
1084 1124 1144 1159 ejus
1157 1124 1230 1152 Petri
1243 1125 1417 1160 interpretem
1431 1124 1516 1154 fuisse
1530 1126 1721 1161 afﬁrmabant;
1737 1129 1820 1163 quod

1015 1169 1197 1197 Valentiniani
1216 1169 1250 1197 ad
1265 1169 1415 1204 Theodadi,
1432 1175 1563 1206 tanquam
1578 1171 1607 1199 S.
1626 1171 1704 1200 Pauli
1725 1174 1819 1202 disci-

1014 1215 1109 1250 pulum
1124 1215 1261 1243 haereseos
1273 1223 1330 1244 suae
1340 1216 1474 1251 originem
1484 1216 1635 1251 referrent;
1649 1218 1708 1246 haec
1715 1219 1818 1246 omnia

1014 1261 1092 1296 quasi
1110 1269 1165 1288 non
1178 1261 1246 1290 satis
1259 1268 1333 1290 certa
1356 1263 1461 1298 reiecit,
1476 1267 1504 1291 et
1520 1271 1583 1298 quae
1599 1264 1698 1292 harum
1720 1265 1818 1293 haere-

1015 1313 1081 1334 seon
1100 1307 1290 1342 antiquitatem
1314 1308 1429 1336 minime
1451 1309 1610 1344 probarent.
1631 1310 1719 1338 Aliter
1740 1311 1815 1339 satis

1015 1353 1090 1380 novit
1104 1353 1226 1380 omnium
1247 1353 1452 1382 eruditissimus
1473 1354 1613 1387 Clemens.
1630 1363 1686 1383 non
1700 1361 1815 1384 tantum

1015 1399 1065 1426 sub
1083 1399 1202 1435 Trajano
1215 1405 1279 1428 ante
1292 1400 1456 1434 Adrianum,
1473 1409 1530 1428 non
1545 1406 1652 1429 tantum
1672 1403 1725 1430 sub
1741 1407 1814 1430 tem-

1014 1453 1079 1480 pore
1094 1445 1216 1481 martyrii
1229 1445 1374 1481 lgnatiani,
1388 1450 1417 1474 ut
1430 1447 1487 1482 ipse
1500 1447 1621 1481 Ignatius
1634 1447 1750 1482 indicat,
1762 1449 1814 1476 sed

1014 1490 1095 1517 etiam
1121 1497 1178 1518 aevo
1206 1491 1392 1525 apostolorum
1415 1491 1561 1519 haereticos
1588 1492 1697 1527 aliquos
1723 1493 1813 1520 exsti-

1016 1536 1092 1570 tisse,
1106 1541 1136 1564 ut
1158 1541 1186 1564 et
1207 1537 1322 1565 historia
1341 1538 1538 1571 ecclesiastica,
1553 1543 1581 1566 et
1597 1538 1665 1574 ipsae
1679 1540 1763 1567 etiam
1780 1539 1812 1567 S.

977 1566 998 1596 ο
1016 1581 1164 1617 Scriptura;
1185 1587 1329 1611 testantur.
1357 1584 1563 1619 iniquissimum
1586 1566 1672 1620 igitur
1690 1591 1734 1613 est
1758 1586 1812 1614 hoc

1013 1628 1075 1656 loco
1096 1628 1250 1663 postulare,
1265 1634 1295 1656 ut
1316 1629 1443 1657 Clemens
1464 1628 1598 1664 lgnatium
1623 1636 1764 1664 nostrum,
1787 1631 1811 1659 si

1013 1675 1149 1709 scivisset,
1176 1675 1288 1709 citaret;
1304 1677 1338 1703 ab
1360 1677 1435 1704 omni
1459 1677 1566 1704 ratione
1593 1677 1814 1710 alienissimum,

1012 1722 1181 1757 ignoravisse
1195 1729 1268 1755 eum,
1284 1723 1357 1757 quod
1375 1731 1430 1750 non
1443 1722 1576 1755 citaverit,
1595 1723 1777 1752 concludere.

1049 1767 1291 1796 Verumenimvero
1321 1769 1413 1796 eadem
1435 1774 1474 1796 est
1493 1790 1501 1803 ,
1522 1769 1628 1805 inquit,
1649 1774 1676 1797 et
1699 1770 1809 1797 alterius

1013 1813 1151 1848 cujusdam
1164 1813 1306 1841 Clementis
1320 1815 1458 1842 sententia’
1468 1815 1549 1842 ratio.
1560 1814 1613 1842 Ille
1627 1817 1700 1842 enim
1713 1816 1809 1842 statuit

1012 1859 1147 1887 Christum
1161 1868 1242 1886 unum
1258 1864 1360 1886 tantum
1379 1868 1478 1887 annum
1492 1861 1521 1887 in
1539 1861 1616 1888 terris
1627 1861 1808 1896 prwdicaue;

1013 1910 1040 1933 at
1058 1905 1181 1941 Ignatius
1203 1910 1292 1932 noster
1310 1907 1409 1933 diserte
1428 1907 1521 1934 scribit
1547 1906 1695 1934 Dominum
1720 1908 1808 1936 tribus

1011 1958 1074 1988 post
1100 1953 1266 1987 baptismum
1295 1953 1376 1980 annis
1403 1952 1595 1988 prtedicavisse
1620 1954 1808 1990 evangelium.

1011 1999 1069 2027 lmo
1089 2007 1155 2027 vero
1177 2004 1271 2027 noster
1291 1998 1412 2034 lgnatius
1433 1999 1491 2027 haec
1514 2008 1658 2035 nunquam
1684 2001 1808 2036 scripsit.

1011 2045 1077 2080 Quae
1100 2047 1171 2075 enim
1191 2045 1288 2073 recitat
1304 2045 1422 2073 Dallaeus
1445 2053 1479 2073 ex
1499 2047 1614 2081 epistola
1637 2047 1672 2074 ad
1691 2046 1807 2075 Trallia-

1013 2100 1063 2120 nos
1078 2093 1176 2127 pagina
1192 2092 1235 2124 76,
1252 2091 1348 2119 eodem
1370 2092 1480 2127 quidem
1495 2092 1556 2120 loco
1570 2092 1643 2127 apud
1663 2091 1808 2121 Usserium

1011 2137 1203 2171 inveniuntur;
1228 2138 1274 2165 sed
1299 2142 1354 2165 tota
1377 2138 1474 2173 pagina
1497 2138 1612 2165 miniata
1640 2143 1695 2171 est,
1722 2143 1752 2166 et
1774 2147 1807 2166 ea

1010 2184 1093 2211 verba
1108 2192 1162 2210 non
1176 2184 1210 2211 ad
1221 2188 1371 2215 auctorem,
1381 2184 1429 2212 sed
1441 2184 1667 2219 interpolatorem
1681 2186 1806 2221 epistola:

975 2239 997 2266 ι)
1011 2229 1152 2256 referenda
1168 2233 1242 2261 sunt,
1255 2234 1281 2257 et
1295 2229 1328 2257 ad
1343 2238 1393 2257 nos
1408 2238 1462 2257 non
1484 2234 1622 2263 spectant,
1637 2230 1685 2265 qui
1701 2231 1807 2266 episto-

1011 2276 1064 2302 lam
1087 2275 1119 2302 ad
1143 2274 1298 2303 Trallianos
1322 2275 1444 2311 quidem,
1458 2275 1506 2303 sed
1525 2275 1561 2303 ab
1574 2276 1706 2304 omnibus
1721 2285 1806 2305 assu-

1010 2320 1110 2348 mentis
1125 2320 1249 2351 liberam,
1265 2320 1447 2349 defendimus.
1465 2320 1497 2348 Et
1509 2325 1600 2348 tamen
1621 2322 1674 2349 hoc
1691 2323 1804 2350 unicum

1010 2372 1201 2402 argumentum
1215 2366 1302 2401 affert,
1314 2375 1369 2402 quo
1380 2367 1477 2402 probet
1488 2367 1623 2403 Ignatium
1637 2373 1665 2396 et
1679 2368 1803 2404 Origeni,

1009 2417 1037 2439 et
1064 2411 1136 2439 Julio
1163 2412 1309 2446 Africano,
1330 2418 1357 2440 et
1384 2413 1527 2440 Lactantio
1551 2414 1678 2449 ignotum
1705 2413 1800 2442 fuisse.

1010 2457 1137 2493 Ejusdem
1153 2457 1247 2486 farime
1260 2463 1324 2486 sunt
1337 2467 1397 2494 quae
1409 2459 1442 2486 de
1454 2458 1540 2486 Paulo
1551 2459 1713 2494 conjugeto,
1730 2464 1758 2487 et
1770 2460 1803 2487 de

1010 2504 1212 2532 resurrectione
1231 2503 1334 2532 Christi
1359 2505 1463 2532 habet:
1481 2512 1543 2539 qua:
1565 2505 1702 2533 adversus
1725 2505 1802 2541 lgna-

1010 2550 1077 2577 tium
1094 2549 1214 2583 Baronii,
1224 2558 1278 2577 non
1295 2555 1385 2578 autem
1401 2553 1525 2578 nostrum
1537 2554 1603 2578 sunt
1614 2551 1710 2578 allata.
1731 2551 1800 2578 Nihil

1009 2601 1099 2623 tamen
1114 2596 1186 2623 aliud
1196 2596 1281 2629 affert,
1289 2601 1316 2624 nt
1325 2596 1420 2632 probet
1431 2596 1564 2631 lgnatium
1574 2596 1658 2623 etiam
1672 2596 1799 2632 Dionysio

1009 2641 1195 2669 Alexandrino
1220 2642 1305 2669 fuisse
1326 2641 1457 2676 ignotum.
1484 2639 1563 2673 Quod
1587 2641 1621 2668 ad
1645 2648 1695 2669 eos
1720 2641 1800 2677 igitur

1010 2691 1124 2720 spectat,
1138 2687 1317 2722 expungenda
1338 2686 1417 2721 plane
1437 2693 1471 2713 ex
1485 2685 1565 2712 titulo
1586 2685 1687 2720 capitis
1703 2693 1798 2721 magna

1010 2732 1054 2759 illa
1068 2733 1180 2760 nomina
1195 2732 1330 2768 Origenis,
1345 2731 1410 2759 Julii
1424 2731 1557 2764 Africani,
1572 2730 1723 2765 Lactantii,
1738 2731 1798 2759 Dio-

1009 2779 1078 2814 nysii
1094 2779 1283 2811 Alexandrini,
1298 2784 1325 2807 et
1336 2780 1423 2814 ipsius
1441 2779 1523 2806 etiam
1538 2778 1712 2815 Hieronymi.
1728 2778 1797 2806 Nihil

1009 2829 1081 2852 certe
1100 2826 1231 2853 hactenus
1242 2825 1387 2853 adductum
1405 2829 1457 2858 est,
1471 2833 1526 2860 quo
1540 2825 1674 2860 probetur
1688 2830 1737 2852 aut
1751 2832 1795 2851 re-

1010 2871 1123 2900 risimile
1160 2872 1298 2905 reddatur
1329 2871 1464 2902 lgnatium
1500 2875 1627 2899 nostrum
1662 2870 1793 2899 Clementi

1762 141 1842 170 263
