1866 3073
65 159 112 190 189

415 163 441 192 ι.
462 141 645 194 putttsO'Nn
664 162 825 193 vmmcm
840 162 1090 193 IGNATIANE.—
1106 162 1199 193 PARS
1214 163 1249 192 ll.

1652 164 1704 193 2ῗο

71 216 251 250 Alexandrino
274 222 372 252 fuisse
396 224 519 259 ignotum
538 234 544 252 ε
561 229 588 252 et
611 232 662 252 nos
678 224 783 252 meliori
806 232 867 259 jure
881 231 904 259 Α
919 222 1051 251 Bmoariis
1065 228 1112 251 aut
1123 223 1295 257 lonensmus,
1316 230 1434 258 quorum
1461 220 1597 258 ignoratio
1620 222 1705 250 etiam

73 270 197 297 einotum
224 268 321 297 fuisse
348 271 553 298 contendimus.
581 270 662 297 Nullo
683 271 757 297 enirn
783 270 866 297 modo

74 314 214 342 verisimile
226 321 272 342 est
287 323 356 343 eum
377 324 458 351 quem
473 317 604 352 Origenes
617 316 768 351 discipulus
783 316 865 343 etiam

75 360 173 395 juvenis
189 365 248 388 tam
264 362 340 389 bene
356 362 432 389 novit
447 363 489 397 (ut
502 362 683 392 ostendimus)
697 361 865 389 Clementem

75 407 233 442 magistrum
249 407 409 443 ignorasse.

106 452 167 480 llaec
188 460 254 480 cum
267 461 283 480 e
296 452 440 480 Clemente
459 452 630 486 adduxisset,
654 452 763 480 tandem
785 460 867 488 argu-

73 502 194 526 mentum
211 507 227 526 a
244 499 407 527 testimonio
421 499 587 534 negativum,
600 506 615 526 a
629 499 748 532 silentio,
763 498 868 526 scilicet

72 544 240 579 scriptorum
258 548 322 572 ante
344 544 454 572 Eusebii
476 550 599 579 tempora
613 544 736 577 ductum,
756 545 864 572 varium

70 591 185 625 quidem
209 591 298 623 illud,
315 596 343 618 et
360 591 576 624 miscellaneum,
602 595 630 618 et
646 591 781 625 prolixum
801 598 867 618 cou-

69 636 174 669 cludit;
190 644 249 671 quo
262 635 421 672 lgnatianas
435 637 566 671 epistolas
585 637 714 665 omnibus
734 640 796 664 ante
810 635 867 664 Eu-

68 683 179 711 sebium
204 683 314 719 ignotas
333 690 364 711 se
385 683 515 718 probasse
536 687 625 718 putat,
647 684 762 718 ideoque
779 683 868 710 nullas

68 729 170 757 fuisse.
189 729 220 757 Id
236 735 328 757 autem
341 737 405 757 eum
421 730 456 757 de
471 729 578 757 nemine
594 730 726 765 probasse
740 730 865 763 ostendi;

68 784 127 804 non
147 778 184 804 de
199 776 315 808 Irenaeo,
332 784 387 804 non
411 777 446 804 de
464 776 661 804 Alexandrinis
674 797 681 809 ,
697 780 744 803 aut
759 775 867 803 Ethio-

68 823 164 857 pibus,
181 831 238 850 non
260 823 295 850 de
314 822 492 856 Tertulliano,
508 827 556 850 aut
572 821 650 856 Caio,
665 827 714 850 aut
728 822 867 850 Clemente

68 869 284 896 Alexandrino:
297 869 382 896 multo
403 869 496 896 minus
513 869 547 896 de
563 867 690 904 Origene,
704 868 777 896 Julio
790 868 867 895 Afri-

916 271 1029 305 probata
1053 271 1076 298 si
1103 275 1186 303 esset,
1206 269 1310 297 nullam
1328 270 1437 304 neganti
1461 273 1623 304 argumento
1649 269 1705 296 vim

916 316 1037 344 adderet.
1057 316 1147 350 Quare
1168 323 1219 344 nos
1233 316 1320 343 multo
1333 315 1440 343 meliori
1452 316 1515 350 jure
1528 316 1567 342 sic
1583 315 1706 350 disputa-

917 371 990 391 mus.
1002 363 1071 390 Cum
1084 362 1252 398 Polycarpus
1264 361 1359 398 lgnatii
1371 361 1533 396 discipulus,
1548 368 1610 388 cum
1626 360 1706 388 Philo

873 427 877 431 ρ
916 414 944 437 et
959 409 1120 444 Agathopus
1133 409 1256 444 ejusdem
1266 408 1394 441 comites,
1410 416 1472 435 cum
1490 407 1608 435 lrenaaus
1626 407 1702 442 Poly-

917 454 991 489 carpi
1017 454 1180 489 discipulus.
1193 461 1258 481 eum
1285 452 1455 488 Theophilus
1473 453 1570 489 lgnatii
1590 453 1617 480 in
1642 451 1707 480 sede

917 499 1088 527 Antioeltena
1112 499 1260 534 aliquando
1283 506 1437 533 successor,
1452 504 1500 526 aut
1519 499 1642 534 ejusdem
1657 499 1707 526 arvi

917 545 1028 580 aliquis,
1044 553 1107 573 cum
1124 545 1242 580 denique
1257 544 1400 580 Origenes.
1417 546 1569 581 discipulus
1581 545 1708 575 Clemen-

919 592 964 623 tis,
981 591 1076 627 lgnatii
1093 592 1270 627 epistolarum
1292 592 1394 620 diserte
1409 593 1593 624 meminerint.
1610 597 1659 620 aut
1672 593 1707 620 all

917 645 965 666 eas
978 643 1071 673 aperte
1080 639 1266 673 respexerint;
1279 646 1341 665 cum
1353 638 1372 665 ii
1386 645 1492 671 omnes.
1506 640 1552 673 qui
1566 639 1707 674 ignorasse

918 683 1114 718 perhibentur,
1132 683 1234 711 nullam
1257 683 1336 711 nobis
1353 691 1414 711 eant
1440 684 1507 719 ipsis
1523 685 1705 720 ignorantiam

918 729 1055 757 tribuendi
1076 730 1144 758 satis
1158 729 1261 765 justam
1283 737 1395 757 causam
1420 731 1601 764 prabuerint;
1623 738 1706 766 argu-

918 780 1039 802 mentum
1058 782 1073 802 a
1088 775 1198 803 silentio
1218 775 1344 809 negative
1365 773 1477 802 ductum
1503 774 1572 801 nihil
1594 775 1707 801 omnino

917 821 1009 847 valere
1031 820 1252 855 pronuntiamus,
1266 825 1293 848 et
1311 820 1347 848 ab
1364 820 1397 848 iis
1413 820 1460 856 qui
1483 825 1628 852 noverunt,
1643 821 1707 848 reli-

918 874 987 901 quos
1001 873 1056 893 non
1071 866 1223 901 ignorasse,
1240 871 1287 893 aut
1299 867 1322 894 si
1340 866 1426 901 aliqui
1442 874 1475 893 ex
1494 866 1528 893 iis
1543 865 1613 894 forte
1631 867 1706 901 igno-

68 922 154 947 cano.
184 914 318 950 Dionysio
340 915 540 948 Alexandrino,
564 920 612 942 aut
635 914 788 948 Lactantio,
816 921 866 948 pro
882 909 903 937 Β
920 914 1049 947 raverint,
1068 918 1259 949 argumentum
1275 913 1338 941 inde
1354 912 1413 941 ﬂeri
1428 920 1484 940 non
1499 920 1582 948 posse
1592 913 1706 941 conclu-

66 969 195 996 quorum
211 961 368 997 ignorantia
383 961 452 988 nihil
466 969 499 989 ex
519 961 621 989 nostris
642 960 766 996 epistolis
781 961 868 988 addu-

66 1008 126 1041 xit;
147 1016 206 1035 non
230 1009 266 1036 de
288 1008 442 1044 Epiphanio
479 1013 528 1035 aut
551 1007 729 1043 Hieronymo,
752 1014 807 1034 non
832 1007 866 1034 de

67 1083 1099 1096 .—_____—.—_————-

919 961 1021 989 dimus.

1101 1081 1329 1090 —__._

662 1134 809 1179 PARS
844 1132 1113 1179 SECUNDA

109 1231 187 1269 Qua
204 1235 397 1272 argumenta
410 1239 472 1272 pro
485 1232 603 1273 lgnatii
625 1229 773 1271 epistolis
787 1229 1059 1299 izfgplsliztelducta
1082 1227 1275 1266 atteruntur,
1291 1231 1322 1259 et
1336 1227 1447 1260 Dallati
1468 1226 1667 1267 ohjectiones

990 1283 1002 1299 l

791 1277 1002 1300 retetluntur:

337 1425 454 1455 CAPUT
473 1426 620 1455 PRIMUM.

74 1483 238 1518 Argumenta
263 1491 312 1518 pro
337 1482 486 1518 Ignotianir
509 1491 541 1510 ex
565 1481 764 1518 ipsisrepistolis
785 1483 866 1510 ducta

107 1517 271 1552 afferuntur}
289 1517 319 1545 S.
344 1517 466 1553 Ignatius
486 1519 557 1545 circa
574 1517 603 1546 tt.
621 1517 657 1545 D.
679 1518 732 1544 107
747 1519 863 1552 scripsit.

105 1553 155 1581 Illi
173 1554 250 1581 atati
266 1556 382 1580 materia
406 1554 574 1587 epistolarun
595 1562 619 1580 ἠ
634 1561 725 1588 genere
747 1559 865 1588 spectata

106 1590 231 1624 apprime
252 1590 383 1618 convenit.
399 1588 581 1624 Impostorurn
597 1589 695 1623 scripta
717 1589 802 1616 solent
823 1589 866 1615 sui
880 1589 900 1617 C

105 1625 203 1652 seculi
218 1633 305 1651 mores
318 1624 444 1651 redolere.
463 1623 537 1650 Nihil
551 1624 579 1651 in
591 1625 630 1650 his
645 1624 762 1659 epistolis
776 1629 866 1658 poste—

106 1661 187 1686 riora
207 1664 310 1694 spectat
336 1665 463 1694 tempora.
487 1658 631 1694 Episcopus
646 1658 675 1685 in
697 1659 764 1686 Asia
784 1659 866 1694 fuisse

105 1700 211 1722 certum
223 1693 278 1726 est,
296 1703 355 1721 cum
369 1693 398 1721 S.
415 1694 537 1729 Ignatius
553 1695 587 1721 ad
607 1695 764 1729 martyrium
786 1694 867 1721 duce-

105 1736 194 1758 retur.
212 1730 399 1765 Epistolarum
411 1734 504 1765 auctor
516 1731 554 1757 ita
571 1730 705 1765 episcopos
719 1734 745 1756 et
758 1729 866 1765 presby-

110 1770 184 1795 teros
202 1763 339 1799 describit,
360 1769 389 1792 ut
405 1773 464 1800 qua:
477 1763 509 1791 de
523 1765 557 1792 iis
571 1765 645 1797 dicit,
661 1764 702 1791 illi
716 1766 801 1800 ωιιιζί,
814 1763 867 1791 non

107 1806 201 1828 autem
216 1801 359 1836 posteriori
375 1799 520 1836 conveniat.
541 1800 607 1827 Duce
630 1801 740 1836 haereses
764 1799 866 1835 Ignatii

112 1834 230 1870 tempore
245 1836 360 1862 maxime
376 1835 508 1867 valebant,
524 1843 580 1871 una
595 1844 653 1871 qua:
668 1834 803 1863 Christum
818 1843 867 1869 ρα-

108 1872 193 1899 taline
214 1871 358 1902 hominem,
379 1871 434 1897 alia
453 1879 511 1905 qute
527 1870 626 1897 nudum
646 1871 777 1905 hominem
792 1879 866 1898 asse-

110 1907 197 1934 rebat.
224 1906 282 1933 Has
304 1905 372 1933 duas
390 1911 414 1933 et
428 1903 498 1933 solas
514 1906 666 1941 perstringit
685 1903 817 1940 Ignatius,
841 1910 866 1933 et

110 1942 250 1970 Christum
261 1941 416 1976 simpliciter
424 1941 553 1975 θεολογεῖ.
567 1942 726 1976 Αροδιοιίείε
737 1940 866 1968 άοεινὶηιε

112 1977 227 2004 traditio
243 1978 269 2003 in
283 1976 413 2011 epistolis,
432 1977 586 2003 traditiones
609 1985 661 2003 non
676 1977 799 2011 scriptae.
817 1985 866 2010 po-

109 2012 270 2040 sterioribus
288 2012 393 2039 sacellis
405 2017 557 2039 memorata
576 2012 865 2038 minimecontinentur.

115 2047 202 2074 Multa
232 2052 361 2082 prateroa
384 2048 412 2073 in
440 2047 534 2073 iisdem
560 2047 706 2082 traduntur
730 2055 788 2082 quae
815 2055 867 2073 non

112 2083 197 2109 aliam
212 2091 291 2117 quam
307 2082 407 2117 lgnatii
423 2086 528 2109 (etatem
544 2082 663 2117 sapiunt.
681 2081 756 2108 Nihil
768 2082 866 2108 certius

112 2119 242 2152 scriptum
269 2118 376 2153 aliquod
400 2117 591 2153 suppositionis
613 2117 759 2149 convincit,
787 2125 867 2153 quam

111 2151 222 2181 violatio
249 2151 405 2187 temporum.
434 2151 521 2179 Varia
549 2153 629 2187 hujus
660 2153 698 2178 rei
734 2151 865 2185 mmpla.

113 2188 193 2215 Ficta
211 2187 364 2223 plerumque
389 2195 469 2223 onera
489 2195 521 2214 ex
545 2193 691 2221 temporum
705 2187 817 2223 ratione
840 2195 867 2213 se

131 2221 234 2251 rodere.
253 2221 380 2257 Epistola:
400 2221 600 2250 Socraticorum
615 2223 647 2249 ab
665 2222 766 2249 Allatio
787 2222 867 2249 edita:

920 1431 1003 1462 atque
1025 1429 1146 1458 textura.
1171 1423 1329 1451 auctoritati
1355 1423 1465 1450 testium
1490 1423 1548 1458 pari
1576 1421 1705 1457 suffragio

919 1472 1077 1507 conjuncta,
1085 1470 1273 1506 plenissimam
1284 1469 1363 1496 tidem
1377 1473 1548 1504 extorqueat,
1557 1472 1584 1495 et
1597 1475 1706 1495 omnem

918 1517 1061 1546 dubitandi
1081 1524 1176 1544 ansam
1199 1515 1340 1551 prarcidat.
1359 1513 1411 1542 Ubi
1432 1515 1504 1542 enim
1528 1521 1582 1541 non
1601 1518 1707 1545 tantum

918 1568 1003 1592 testes
1025 1563 1100 1591 omni
1121 1563 1280 1598 exceptione
1300 1563 1430 1597 majores,
1452 1568 1522 1596 quos
1543 1568 1594 1588 nec
1612 1560 1708 1590 fallere,

917 1611 1048 1644 voluisse,
1073 1617 1124 1638 nec
1148 1609 1229 1637 facile
1253 1608 1311 1636 falli
1335 1607 1458 1643 potuisse
1482 1607 1633 1642 putandum
1652 1611 1706 1640 est,

916 1657 1098 1690 adhibentur;
1117 1656 1165 1684 sed
1181 1656 1211 1683 et
1226 1663 1270 1683 res
1284 1655 1354 1690 ipsa,
1371 1654 1414 1681 cui
1439 1654 1625 1684 testimonium
1644 1661 1707 1688 per-

916 1703 1022 1737 hibent,
1039 1703 1102 1731 talis
1115 1710 1177 1731 esse
1190 1705 1312 1737 apparet,
1328 1705 1360 1728 ut
1376 1708 1423 1728 eos
1439 1700 1522 1727 falsos
1538 1699 1623 1727 fuisse
1638 1699 1708 1728 nihil

916 1750 1050 1783 suadeat;
1077 1756 1128 1777 nec
1147 1756 1211 1776 cum
1233 1747 1378 1783 prudentia
1400 1747 1547 1782 quisquam
1569 1746 1706 1780 dubitare,

917 1804 968 1824 nec
982 1796 1043 1823 sine
1055 1794 1209 1830 pervicacia
1223 1793 1356 1829 refragari
1375 1797 1475 1828 potest.

951 1842 988 1870 Ut
1000 1847 1091 1870 autem
1107 1850 1177 1877 opus
1198 1840 1372 1876 epistolicum
1389 1839 1539 1875 apostolico
1552 1839 1613 1867 viro
1634 1844 1708 1869 recte

916 1894 1071 1925 competere
1099 1887 1281 1920 ostendatur,
1314 1886 1524 1922 supportendum
1552 1886 1580 1913 in
1609 1886 1707 1921 primis

916 1936 1050 1971 lgnatium
1064 1935 1220 1971 quemdam,
1238 1934 1272 1961 ab
1289 1933 1421 1969 apostolis
1438 1932 1596 1960 ordinatum
1610 1932 1707 1959 Antio-

917 1983 1027 2011 chensis
1041 1981 1170 2010 Ecclesiae
1184 1981 1353 2016 episcopum,
1369 1987 1418 2015 per
1434 1978 1545 2015 triginta
1561 1978 1707 2005 minimum

917 2038 1007 2062 annos
1020 2037 1080 2058 eam
1101 2029 1193 2058 sedem
1209 2028 1343 2059 tenuisse,
1362 2031 1392 2054 ut
1404 2025 1537 2062 Georgius
1550 2024 1706 2060 Syncellus,

917 2081 945 2105 et
958 2075 1172 2113 Chronugraphia
1205 2074 1361 2109 Nicephoro
1377 2072 1509 2100 attributa
1524 2071 1552 2098 in
1569 2071 1707 2098 veteribus

917 2130 986 2150 mss.
1001 2122 1112 2159 quibus
1131 2128 1271 2149 c0nsonus
1289 2123 1330 2147 est
1350 2117 1524 2152 Anastasius,
1549 2120 1705 2148 testantur;

918 2170 1029 2197 tandem
1039 2170 1074 2197 ab
1087 2168 1253 2204 imperatore
1267 2166 1397 2201 Trajano,
1412 2164 1439 2191 in
1455 2164 1627 2199 expeditione
1640 2162 1708 2190 Par-

918 2217 1003 2250 thica,
1027 2219 1062 2244 ad
1083 2215 1186 2243 bestias
1207 2214 1437 2245 condemnatum,
1458 2215 1485 2238 et
1504 2210 1538 2237 ab
1560 2208 1706 2236 Antiochia

114 2254 173 2286 inde
187 2254 318 2294 falsitatis
331 2259 531 2287 convincuntur.
545 2258 643 2285 Datltei
656 2258 767 2291 confusa
779 2265 866 2284 rerum

954 2270 1035 2290 imam
1052 2265 1184 2292 tractum,
1202 2259 1227 2287 si
1247 2258 1312 2294 quid
1329 2256 1469 2292 scripserit
1484 2256 1511 2283 in
1526 2255 1622 2283 itinere
1640 2254 1707 2282 satis

115 2294 239 2321 tractatio
251 2294 461 2321 reoreltenditur.

114 2362 251 2395 Quoniam
275 2364 438 2396 argumenta
469 2363 564 2387 nostra
593 2366 643 2394 pro
669 2358 779 2393 scriptis
805 2365 869 2386 vere

85 2406 229 2443 lgnatianis
240 2407 268 2434 in
284 2410 396 2434 externa
410 2410 438 2433 et
457 2405 563 2432 interna
578 2404 740 2438 divisimus;
756 2409 869 2431 externa

85 2459 168 2482 autem
181 2462 197 2481 a
213 2452 379 2481 testimoniis
394 2451 480 2487 petita
498 2451 582 2486 priori
602 2450 795 2478 dissertatione
815 2449 870 2476 late

86 2501 218 2537 prosecuti
243 2507 351 2531 sumus,
375 2498 411 2526 ab
433 2496 635 2532 objectionibus
658 2495 868 2529 vindicavimus,

87 2552 216 2583 testesque
229 2546 256 2573 in
269 2544 441 2574 contrarium
455 2543 555 2571 allatos
567 2543 649 2578 plane
665 2542 868 2577 expunximus;

86 2588 185 2622 interna
202 2599 279 2620 nunc
292 2591 489 2627 proponimus,
507 2597 540 2616 ex
557 2588 681 2624 epistolis
697 2588 764 2623 ipsis
776 2588 868 2621 ducta,

86 2648 138 2676 quae
152 2638 267 2668 easdem
281 2638 354 2666 clare
369 2636 520 2665 ostendant
533 2634 639 2662 auctori
655 2642 706 2661 suo
719 2642 735 2661 a
751 2632 802 2660 SS.
819 2633 870 2661 Pa-

85 2689 164 2716 tribus
196 2690 360 2715 constanter
387 2683 531 2719 assignato
557 2682 680 2717 apprime
706 2689 869 2716 congruere,

84 2734 226 2772 prescripti
236 2732 370 2768 temporis
384 2730 579 2765 antiquitatem
592 2729 694 2764 optime
708 2729 788 2760 terre,
802 2727 870 2755 tanti

83 2783 136 2816 viri,
147 2786 175 2810 et
189 2780 344 2816 apostolici,
360 2783 389 2806 et
403 2776 537 2812 episcopi,
555 2779 582 2802 et
595 2774 723 2810 martyris
740 2778 797 2802 tum
813 2773 872 2809 pie-

84 2830 134 2864 tati,
141 2835 200 2857 tutn
210 2828 280 2860 zelo,
287 2831 346 2864 tum
355 2822 518 2860 prudentia,
529 2826 585 2850 tum
598 2821 699 2855 itineri,
709 2825 766 2848 tum
774 2820 871 2847 vincu-

82 2863 190 2912 lisrtutn
205 2863 518 2905 concussionibus,tum
526 2868 778 2905 refrigerationibus
793 2867 872 2902 plene

83 2923 257 2955 respondere;
274 2922 345 2950 adeo
364 2923 397 2947 ut
416 2918 540 2948 ipsarum
555 2914 734 2948 epistolarum
756 2913 871 2942 materia

920 2309 1037 2337 molesto
1051 2308 1151 2343 partim
1164 2306 1298 2342 Smyrnae,
1309 2304 1408 2340 partim
1422 2301 1540 2334 Troade,
1555 2306 1582 2328 et
1596 2301 1707 2335 quidem

919 2357 1025 2385 decimo
1041 2354 1150 2390 imperii
1167 2352 1281 2388 Trajani
1298 2372 1306 2386 ,
1330 2350 1450 2386 vulgaris
1465 2356 1526 2377 terte
1544 2347 1708 2375 Christiana:

920 2403 1036 2438 septimo
1050 2404 1113 2437 post
1126 2399 1305 2428 centesimum
1325 2405 1408 2431 anno,
1424 2404 1497 2424 anno
1507 2394 1611 2423 Christi
1632 2402 1707 2427 vero,

920 2454 951 2477 ut
967 2456 1018 2485 ego
1033 2447 1144 2484 quidem
1167 2446 1307 2478 existimo,
1324 2445 1377 2471 115
1397 2443 1528 2478 epistolas
1552 2441 1706 2476 scripsisse.

920 2496 1042 2523 Dicimus
1053 2495 1146 2529 itaque
1159 2493 1208 2520 has
1219 2491 1359 2527 epistolas,
1373 2497 1442 2524 quas
1455 2488 1550 2516 habuit
1562 2487 1707 2519 Eusebius,

920 2547 948 2570 et
965 2549 1016 2569 nos
1030 2548 1105 2568 nunc
1120 2540 1263 2570 habemus,
1287 2537 1309 2565 si
1326 2535 1497 2572 penitissime
1515 2533 1708 2569 inspiciantur,

921 2589 945 2617 si
958 2587 1084 2616 acumine
1099 2587 1141 2614 vel
1154 2585 1273 2612 maxime
1288 2583 1384 2611 critico
1398 2581 1591 2613 discutiantur,
1608 2580 1632 2608 si
1647 2587 1708 2606 nia-

920 2633 989 2660 teria
1003 2636 1031 2659 et
1051 2630 1148 2658 modus
1164 2628 1324 2664 scriptionis
1338 2626 1514 2654 exactissime
1529 2625 1708 2657 trutinantur,

920 2683 948 2707 et
961 2677 1078 2711 auctori,
1094 2681 1122 2704 et
1139 2675 1267 2710 tempori,
1289 2678 1316 2701 et
1331 2671 1469 2700 occasioni
1481 2672 1583 2706 optime
1595 2678 1708 2705 respon-

921 2725 1002 2758 dere;
1020 2731 1070 2751 nec
1092 2721 1197 2749 homini
1218 2719 1344 2748 veritatis
1362 2718 1487 2746 studioso
1508 2717 1552 2744 vel
1566 2716 1709 2749 minimam

921 2771 955 2799 de
973 2768 1177 2804 lictore‘aliquo
1196 2766 1333 2802 cogitandi
1348 2772 1443 2793 ansam
1458 2764 1589 2799 praebere,
1606 2766 1634 2789 et
1647 2761 1710 2788 Dal-

921 2818 1010 2846 laeano
1033 2815 1177 2852 impostori
1203 2818 1266 2850 post
1284 2814 1418 2840 ducentos
1441 2818 1528 2838 annos
1549 2810 1575 2836 in
1598 2815 1710 2837 scenam

920 2863 1057 2900 producto
1069 2869 1185 2898 prorsus
1202 2866 1368 2895 repugnare.

957 2910 1077 2941 Joannes
1087 2908 1235 2944 Launoyus
1245 2904 1410 2935 Parisiensis
1420 2903 1575 2939 theologus,
1584 2906 1708 2930 veterum
