1866 3073
168 158 219 190 fit

664 162 693 190 S.
713 161 889 191 lGNA'i‘lUS.
916 178 943 183 -
958 160 1228 191 PROLEGOHENA.

1748 156 1809 186 πε

168 221 336 256 scriptorum
356 228 455 249 censor
474 221 635 253 acerrimus,
658 222 685 249 in
701 222 807 257 judicio
827 221 861 250 de
881 221 958 249 libris
972 223 994 252 Α
1009 221 1089 249 diciis
1103 222 1259 256 proderent,
1274 226 1336 255 qua:
1352 218 1436 246 ritum
1454 215 1560 244 nullum
1582 214 1717 244 Ecclesia
1739 219 1809 249 post

170 265 293 301 Dionysii
314 265 499 302 Areopagitae,
516 267 550 294 de
566 267 822 302 antiquissimorum
842 266 957 294 Patrum

169 312 250 347 genio
263 313 387 347 apposite
400 313 567 341 observavit.
584 322 594 339 ι
609 313 662 346 Qui
680 313 732 341 hoc
752 318 874 349 tempore
887 313 958 341 scri-

170 358 251 392 bunt,
270 359 297 386 in
319 359 408 387 tribus
422 359 598 394 potissimum
621 360 786 395 scriptorum
811 360 958 396 generibus

168 404 343 433 elaborandis
353 405 493 433 insudant.
506 405 558 432 Alii
575 413 625 440 pro
641 406 806 434 Christianis
816 406 958 442 apologias

168 456 348 486 componunt,
376 452 477 487 quibus
502 451 646 487 religionis
666 460 746 480 novae
770 452 955 480 sinceritatem

168 497 391 532 interpretentur,
413 498 456 525 vel
479 499 664 534 proﬁtentium
686 499 872 526 innocentiam
890 505 957 534 pro-

166 543 242 576 bent,
257 544 300 571 vel
322 544 475 579 principum
496 544 606 573 animos
622 552 638 571 a
654 544 846 572 vexationibus
867 544 956 572 abdu-

164 594 239 617 cant.
255 590 308 617 Alii
325 590 450 618 scribunt
464 591 608 626 epistolas,
624 591 725 626 quibus
739 590 912 618 ChristianOs
927 591 955 618 iu

165 638 277 669 accepta
290 634 343 662 llde
361 635 553 669 corroborent,
568 636 611 664 vel
625 636 806 664 ecclesiarum
820 635 956 672 praeposi-

164 685 207 707 tos
219 680 386 708 salutaribus
396 681 569 709 documentis
581 683 728 714 instruant,
737 682 779 709 vel
791 681 956 710 Christianas

163 726 295 754 doctrinm
313 727 460 755 utilitatem
476 733 505 755 et
524 733 694 756 terrenarum
715 736 806 756 rerum
827 733 954 756 conte-

163 776 241 807 ptum
259 773 386 806 doceant,
407 773 448 801 vel
470 773 504 800 ad
529 773 674 801 subeunda
696 781 747 809 pro
767 773 880 802 Christo
896 779 954 802 tor-

163 823 257 846 menta
275 819 418 852 inducant,
433 819 475 846 vel
489 827 552 854 quae
563 819 620 854 jam
641 819 694 855 ipsi
708 820 872 855 pertulerint
893 820 954 849 sine

164 863 229 892 fuco
244 869 394 899 exponant.
412 865 465 893 Alii
487 866 607 902 denique
623 867 838 894 commentarios
855 867 951 899 edunt,

164 910 265 946 quibus
278 911 461 940 Christianam
476 912 555 940 ﬁdem
570 917 752 949 propugnent,
763 918 791 941 et
803 914 829 941 ei
840 918 948 941 contra~

163 956 232 990 rias,
249 965 311 992 quae
325 962 391 986 tunc
413 958 583 993 oriebantur,
596 960 715 988 haereses
731 959 868 988 refellant.
890 959 954 988 Haec

159 1007 203 1032 est
219 1003 353 1038 conditio,
368 1005 413 1033 hic
428 1005 525 1040 genius
540 1006 632 1034 saeculi
653 1006 681 1033 in
697 1014 753 1042 quo
768 1007 836 1034 vixit
852 1006 954 1042 Diony-

160 1047 221 1075 sius
243 1047 408 1084 Areopagita
424 1056 431 1076 ε
456 1050 514 1078 haec
534 1051 680 1086 occupatio
700 1052 884 1086 scriptorum,
904 1053 952 1087 qui

160 1092 221 1120 suis
233 1093 363 1128 operibus
378 1095 518 1123 nascentis
533 1094 664 1124 Ecclesia:
680 1096 801 1132 pondera
813 1101 952 1124 sustenta-

159 1141 236 1166 runt.
256 1147 266 1165 ι
284 1138 347 1168 Haec
363 1147 379 1167 a
390 1139 522 1177 Launoyo
540 1146 615 1169 recte
630 1142 774 1170 observata
791 1148 821 1170 ut
830 1142 952 1171 Pseudo-

160 1183 322 1220 Dionysium
341 1190 434 1221 aperte
457 1186 596 1221 risfeliunt,
620 1187 657 1215 ita
673 1187 702 1216 S.
725 1187 859 1224 lgnatium
878 1189 952 1217 haud

160 1237 259 1266 parum
272 1231 380 1266 juvant,
401 1232 552 1259 ostendunt
571 1233 645 1260 enim
661 1234 795 1269 epistolas
810 1235 863 1263 sub
878 1235 952 1263 illius

159 1277 272 1305 nomine
294 1278 413 1312 posteris
440 1278 555 1306 traditas
576 1280 728 1307 secundum
753 1281 829 1309 illius
859 1282 952 1310 saeculi

157 1322 269 1358 genium
286 1323 373 1351 fuisse
392 1325 577 1360 conscriptas.
600 1324 690 1354 Nemo
703 1328 778 1354 enim
798 1335 853 1355 non
877 1329 953 1357 videt

157 1368 187 1396 in
198 1368 254 1397 illis
266 1369 441 1398 Christianos
457 1370 484 1397 in
498 1376 610 1406 accepta
625 1371 677 1400 ﬁde
692 1373 878 1407 corroborari,
901 1374 951 1401 ad-

156 1423 255 1444 versus
271 1416 420 1445 schismata
433 1421 461 1446 et
473 1418 591 1447 hereses
607 1423 675 1447 tunc
685 1425 799 1448 emtas
825 1421 925 1448 muniri
941 1430 950 1456 ;

157 1462 338 1491 ecclesiarum
354 1465 519 1500 praepositos
535 1464 706 1493 salutaribus
718 1466 893 1494 documentis
908 1467 952 1494 in-

157 1509 238 1543 strui,
250 1513 299 1536 aut
310 1509 347 1537 ob
357 1510 540 1538 constantiam
554 1510 583 1538 in
596 1511 696 1539 tuenda
708 1502 825 1539 veritate
832 1511 949 1546 laudari,

156 1559 185 1605 et
196 1560 327 1605 tanquam
341 1556 449 1605 pietatis
459 1557 583 1591 exempla
595 1557 698 1592 populo
710 1558 844 1593 proponi;
857 1566 949 1586 rerum
963 1574 986 1605 ο

156 1602 276 1637 denique
287 1602 462 1638 presentium
474 1608 662 1639 contemptum
675 1603 780 1637 doceri,
791 1603 947 1632 futurarum

155 1652 332 1684 prospectum
352 1652 380 1676 et
402 1649 638 1684 exspectationem
662 1649 753 1685 urgeri
774 1654 802 1677 et
825 1650 948 1685 martyrii

156 1701 287 1722 coronam
305 1694 393 1722 modis
406 1694 536 1722 omnibus
547 1695 722 1730 ampliﬁcari.
739 1694 803 1723 Haec
815 1695 948 1729 conditio,

156 1739 202 1767 hic
228 1741 327 1775 genius
351 1740 457 1773 saeculi,
482 1748 538 1776 quo
563 1741 631 1769 vixit
650 1740 680 1769 S.
704 1741 837 1777 lgnatius.
853 1742 881 1769 in
905 1742 949 1770 his

156 1785 282 1820 epistolis
297 1785 419 1814 maxime
435 1787 557 1821 relucet;
573 1794 669 1814 earum
685 1787 769 1822 igitur
786 1786 900 1814 materia
919 1787 948 1815 in

157 1838 258 1866 genere
277 1836 398 1866 spectata
411 1832 519 1860 auctori
544 1840 560 1860 a
579 1833 719 1861 veteribus
738 1833 880 1869 assignato
900 1840 949 1868 ap-

156 1875 247 1909 prime
262 1876 417 1910 respondet.

195 1920 230 1948 Ut
253 1926 345 1949 autem
367 1923 401 1949 ad
420 1923 508 1958 magis
525 1922 704 1958 particularia
723 1923 898 1957 descendam,
921 1927 949 1950 et

157 1967 301 1995 ostendam
318 1975 349 1995 ea
362 1976 424 2003 qua:
438 1969 466 1996 in
482 1969 526 1997 his
537 1969 663 2004 epistolis
679 1969 866 2002 continentur,
882 1969 948 1997 talia

157 2020 229 2044 esse,
242 2013 334 2048 qualia
349 2014 383 2042 ab
399 2015 559 2050 impostore,
571 2015 722 2050 praesertim
735 2015 883 2049 Dallaeano,
895 2016 948 2043 mi-

156 2059 233 2087 nime
247 2059 364 2087 conﬁcta
378 2068 439 2088 esse
454 2066 586 2096 appareat
604 2070 611 2088 :
629 2068 684 2089 non
703 2061 758 2089 alio
773 2065 836 2088 utar
852 2061 948 2096 dispu-

156 2105 271 2133 tationis
294 2105 482 2138 fundamento,
499 2114 582 2142 quam
603 2115 659 2142 quo
679 2114 733 2134 non
756 2107 839 2135 semel
861 2108 948 2135 utitur

157 2151 286 2180 Dallazus.
302 2160 311 2176 ι
324 2150 421 2186 Hujus,
435 2152 534 2187 inquit,
547 2153 704 2188 impostoris
715 2153 742 2180 in
755 2153 799 2180 his
809 2153 947 2180 adornan-

156 2196 200 2224 dis
214 2195 372 2231 lgnatioque
389 2196 538 2224 subdendis
556 2197 681 2232 epistolis
696 2197 842 2226 consilium
862 2198 947 2231 idem,

156 2243 231 2278 quod
247 2241 365 2270 aliorum
388 2242 584 2277 plerorumque
600 2243 725 2278 ejusdem
745 2243 842 2272 farinae
861 2244 947 2271 artili-
962 2241 984 2269 ι)

157 2296 222 2316 cum
247 2288 332 2316 fuisse
352 2287 472 2316 videtur.
497 2298 506 2315 ι
527 2289 566 2317 Ita
584 2290 630 2317 ille
647 2290 682 2317 de
702 2297 755 2318 suo
769 2298 829 2325 cap.
842 2290 893 2324 58;
912 2290 947 2318 de

157 2335 220 2362 aliis
231 2342 292 2370 cap.
304 2335 322 2362 ι
335 2343 342 2362 :
358 2343 368 2360 ε
387 2333 515 2370 Plerique
529 2343 562 2362 eo
576 2335 750 2370 potissimum
763 2336 880 2364 consilio
896 2344 944 2364 sua

156 2381 286 2416 ﬁgmenta
300 2380 351 2408 sub
366 2380 482 2407 aliorum
499 2381 612 2408 nomine
624 2381 720 2415 edunt,
734 2386 765 2409 ut
781 2390 825 2410 res
840 2382 882 2409 sui
896 2390 947 2410 saa-

156 2426 213 2454 culi
229 2433 315 2454 novas
328 2425 399 2454 falso
415 2426 588 2461 antiquitatis
605 2427 716 2454 nomine
730 2428 900 2455 constituant
914 2436 947 2456 ac

157 2470 332 2499 conﬁrment.
355 2480 365 2497 ι
388 2471 448 2498 imo
470 2471 524 2498 hoc
547 2470 596 2498 toti
613 2471 711 2498 horum
730 2472 946 2500 homuncionum

157 2516 251 2553 generi
264 2517 333 2544 adeo
343 2521 498 2551 competere
511 2517 660 2544 arbitratus
670 2521 723 2551 est,
735 2521 765 2544 ut
777 2525 832 2545 non
843 2518 947 2546 veritus

158 2563 195 2591 sit
209 2563 322 2590 dicere:
346 2572 356 2589 α
376 2562 460 2591 Miros
480 2563 560 2591 nobis
583 2571 681 2590 narras
702 2564 876 2599 impostores,
898 2565 946 2600 qui

158 2610 340 2643 imposturam
351 2608 461 2644 quidem
477 2609 593 2643 faciunt,
602 2614 730 2638 caeterum
744 2610 780 2637 ob
793 2617 876 2645 quem
884 2617 946 2638 eam

156 2654 273 2687 faciunt,
286 2653 405 2682 fructum
419 2655 524 2682 nullum
539 2663 572 2683 ex
583 2663 615 2683 ea
629 2656 769 2691 percipere
782 2661 919 2691 satagunt.
933 2665 943 2682 ι

158 2699 209 2735 (οε
223 2700 488 2735 pseudo-apostolicis
497 2701 516 2729 Ι.
525 2708 556 2733 u,
570 2701 661 2736 c.15.)
673 2700 706 2728 Et
722 2708 817 2728 revera
828 2700 947 2728 incredi-

160 2747 211 2774 oile
226 2747 304 2781 plane
315 2751 366 2781 est,
379 2753 409 2774 ut
422 2747 567 2782 impostor,
590 2747 639 2783 qui
655 2748 708 2775 sub
721 2748 803 2774 linem
814 2747 887 2774 tertii
900 2750 947 2773 aut

160 2792 266 2821 initium
286 2792 378 2827 quarti
401 2793 495 2820 saeculi
517 2792 626 2826 vixerit,
645 2792 776 2828 epistolas
801 2791 945 2823 scriberet.

160 2843 186 2865 et
200 2837 230 2866 S.
250 2838 354 2873 lgnatio
366 2838 507 2871 subderet,
525 2846 587 2874 qua:
602 2846 691 2866 avum
707 2838 774 2865 illud
788 2837 947 2872 impostoris

159 2884 234 2913 nullo
248 2884 331 2912 modo
345 2884 511 2914 redolerent.
524 2891 587 2912 oua:
606 2884 789 2914 imoosturam
805 2882 888 2911 nullis
904 2883 947 2911 in.

1009 268 1139 303 martyris
1159 271 1275 294 mortem
1292 269 1419 293 exortum
1437 263 1616 298 respicerent,
1633 268 1698 296 quae
1714 260 1810 287 haere-

1008 314 1061 342 sirn
1077 314 1183 341 nullam
1194 319 1289 340 earum
1304 319 1366 347 quae
1378 314 1473 346 postea
1483 309 1654 345 pullularunt
1665 306 1810 342 perstriu-
1839 320 1841 331 ‹

1007 365 1112 396 gerent,
1124 368 1186 395 qua:
1199 359 1353 387 doctrinam
1373 357 1476 385 nullam
1491 363 1508 383 a
1523 359 1616 382 mente
1629 352 1810 388 apostolico-

1007 416 1068 435 rnm
1084 408 1205 435 virorum
1226 406 1342 434 alienam
1361 405 1502 437 docerent,
1514 410 1578 438 quae
1594 401 1666 428 nihil
1681 408 1717 427 ex
1738 398 1810 426 Pla-

1007 455 1099 482 tonica
1117 453 1223 486 schola,
1242 460 1324 488 quam
1342 451 1388 479 alii
1409 450 1501 478 statim
1524 447 1643 483 aplexi
1662 450 1731 475 sunt
1753 445 1810 473 ad-

1006 502 1150 533 ducerent,
1166 507 1229 536 qua:
1250 498 1454 534 simplicitatem
1476 495 1644 531 primitivam
1665 494 1695 521 in
1713 492 1809 520 rebus

1006 547 1137 575 omnibus
1151 548 1364 576 consonarent,
1384 551 1446 579 qua:
1462 546 1540 570 tanto
1559 541 1622 568 viro
1635 545 1664 568 et
1681 538 1811 574 martyri

1006 592 1108 628 ubique
1116 591 1326 626 responderent,
1335 592 1530 622 tantorumque
1536 585 1573 621 ,S.
1583 583 1810 620 Spiritusdono-

1005 647 1065 668 rum
1086 638 1239 674 specimina
1257 636 1329 664 vivis
1343 635 1483 664 coloribus
1497 633 1688 669 depingerent.
1713 629 1809 657 Recte

1005 686 1122 714 Dallzeus
1137 693 1198 720 cap.
1211 684 1246 712 10
1259 692 1267 711 :
1284 693 1293 710 ι
1309 682 1420 710 Diiiicile
1431 684 1475 709 est
1487 679 1570 708 etiam
1582 677 1794 714 peritissimum

1004 740 1037 760 ac
1056 731 1266 760 callidissimum
1284 729 1462 764 impostorem
1484 726 1521 754 ita
1536 725 1589 754 sibi
1611 723 1808 758 undequaque

1003 783 1111 808 cavere,
1123 781 1154 802 ut
1164 782 1219 802 non
1233 774 1259 801 ei
1282 773 1385 808 aliquid
1400 771 1566 807 imprudenti
1585 769 1706 801 excidat,
1722 767 1805 803 quod

1003 819 1096 848 dolum
1118 819 1225 855 prodat.
1245 828 1255 845 ι
1271 817 1334 846 iam
1354 824 1420 844 vero
1434 817 1508 844 clare
1526 819 1554 843 et
1573 819 1670 850 aperte
1687 820 1804 844 assero,

1003 859 1073 894 nihil
1096 867 1124 894 in
1149 866 1192 893 his
1212 864 1337 900 epistolis
1361 863 1481 892 Eusebio
1505 861 1626 897 cognitis
1648 866 1803 895 apparere.

969 897 991 926 Β
1003 913 1078 948 quod
1097 919 1158 940 eam
1172 897 1280 939 aetatem
1304 918 1388 946 quam
1408 909 1528 937 Dallaeus
1548 907 1650 940 innuit,
1672 907 1718 935 vel
1735 914 1803 934 eam

1003 957 1087 985 etiam
1101 964 1184 992 quam
1203 955 1372 987 Blondellus,
1387 959 1435 982 aut
1454 961 1539 989 quam
1556 952 1710 980 Salmasius
1725 951 1804 979 indic

1002 1008 1057 1036 eat,
1074 1003 1173 1038 sapiat,
1191 1008 1239 1030 aut
1260 1009 1372 1038 quoquo
1393 1001 1476 1029 modo
1499 999 1631 1028 redoleat.
1655 998 1732 1026 Nihil
1754 997 1804 1025 hic

1003 1049 1037 1077 de
1052 1049 1203 1077 haeresibus
1217 1053 1283 1076 tunc
1299 1047 1430 1082 temporis
1448 1046 1582 1079 subortis,
1601 1045 1672 1073 nihil
1684 1044 1720 1073 de
1736 1052 1792 1072 mo

1003 1095 1080 1124 ribus
1102 1099 1150 1122 aut
1168 1094 1302 1123 institutis
1316 1093 1538 1121 Christianorum
1554 1096 1613 1119 tum
1629 1090 1710 1119 valde
1734 1098 1801 1118 mu-

1002 1142 1079 1175 tatis,
1104 1141 1174 1169 nihil
1195 1141 1231 1169 de
1252 1140 1331 1168 novis
1353 1139 1453 1168 ritibus
1475 1143 1538 1174 post
1560 1137 1657 1174 Ignatii
1680 1141 1801 1166 mortem

1001 1188 1121 1224 primum
1137 1187 1288 1223 usurpatis,
1304 1187 1373 1214 nihil
1391 1186 1426 1214 de
1447 1193 1498 1214 usu
1515 1184 1646 1213 Ecclesiae
1661 1184 1710 1220 qui
1736 1188 1802 1219 post

1002 1234 1098 1270 lgnatii
1115 1238 1230 1262 mortem
1245 1233 1394 1268 primulum
1410 1231 1562 1264 obtinebat.
1572 1231 1676 1267 quibus
1690 1238 1723 1258 se
1734 1238 1802 1265 pro-

1001 1280 1071 1309 didit
1094 1281 1173 1308 tlctus
1191 1279 1338 1315 Dionysius
1355 1288 1362 1306 :
1377 1278 1471 1306 omnia
1487 1278 1582 1313 potius
1602 1277 1638 1305 ab
1654 1276 1699 1304 his
1716 1276 1801 1311 plane

1001 1326 1121 1358 diversa.
1139 1325 1274 1361 proximis
1289 1325 1363 1352 aetati
1380 1323 1537 1360 apostolica:
1553 1322 1726 1358 temporibus
1739 1329 1801 1349 ma-

1002 1372 1076 1400 xime
1089 1371 1252 1404 conformia,
1271 1375 1299 1398 et
1317 1370 1352 1398 ab
1359 1364 1525 1404 'impostorls
1538 1368 1641 1397 seculo
1656 1367 1733 1396 haud
1750 1375 1800 1402 pa-

1001 1425 1062 1446 rum
1080 1417 1256 1445 abhorrentia
1273 1419 1515 1452 repraesentantur.

1037 1463 1076 1493 De
1088 1464 1226 1500 episcopis
1244 1463 1355 1498 quidem
1373 1461 1446 1490 Asiae
1459 1461 1547 1490 multa
1570 1460 1698 1496 loquitur
1713 1459 1799 1496 lgna-

1002 1510 1067 1543 tius,
1080 1517 1151 1546 quos
1163 1510 1199 1537 ibi
1217 1513 1282 1537 tunc
1296 1507 1383 1536 fuisse
1396 1512 1505 1536 constat
1519 1517 1526 1536 :
1540 1514 1603 1535 nam
1618 1505 1649 1534 S.
1662 1505 1799 1538 Joannes,

1003 1562 1015 1580 ι
1031 1553 1198 1581 novissimus
1211 1553 1335 1580 omnium
1352 1552 1464 1588 scripsit
1478 1551 1670 1587 Evangelium,
1683 1554 1798 1585 rogatus

1001 1599 1036 1627 ab
1055 1599 1128 1627 Asiae
1141 1599 1288 1635 episcopis,
1306 1608 1316 1626 ι
1334 1604 1365 1627 ιιι
1380 1607 1414 1627 ex
1428 1599 1514 1626 veteri
1537 1597 1688 1625 traditione
1704 1595 1799 1630 loqui-

999 1650 1045 1674 tur
1057 1644 1249 1681 liieronymus.
1266 1644 1305 1674 De
1320 1653 1417 1674 eorum
1435 1653 1491 1673 uno
1505 1644 1578 1672 idem
1596 1645 1625 1672 in
1638 1643 1776 1678 Catalogo
1789 1650 1797 1668 :

1002 1701 1013 1718 ι
1034 1691 1201 1727 Polycarpus
1218 1691 1332 1720 Joannis
1348 1691 1467 1727 apostoli
1483 1690 1649 1726 discipulus,
1667 1694 1697 1717 et
1713 1688 1751 1716 ab
1765 1695 1799 1715 cu

1000 1736 1126 1773 Smyrna:
1139 1738 1286 1773 episcopus
1302 1737 1457 1770 ordinatus,
1474 1737 1560 1764 totius
1577 1736 1651 1763 Asia:
1667 1735 1798 1770 princeps

999 1783 1062 1817 fuit,
1079 1793 1089 1810 ι
1107 1784 1182 1819 quod
1195 1783 1242 1811 diu
1261 1787 1324 1812 ante
1335 1791 1399 1812 eum
1421 1783 1513 1812 testati
1527 1786 1591 1810 sunt
1608 1781 1727 1810 secundi
1746 1788 1797 1809 sa:-

998 1830 1053 1858 culi
1065 1830 1215 1865 scriptores
1231 1830 1286 1858 duo
1298 1829 1513 1865 praeclarissimi,
1529 1828 1651 1856 lronaeus
1664 1832 1694 1855 et
1716 1827 1797 1862 Poly-

999 1883 1100 1907 crates.
1127 1878 1165 1906 De
1181 1878 1237 1906 alio
1253 1878 1370 1914 legimus
1390 1879 1417 1904 in
1436 1876 1675 1905 Chalcedonensis
1696 1876 1795 1912 synodi

999 1925 1106 1954 actione
1123 1924 1266 1952 undecima
1284 1933 1291 1952 :
1311 1924 1377 1951 Ἀπὸ
1392 1923 1441 1950 τοῦ
1462 1923 1540 1958 ἁγίου
1556 1922 1692 1958 Τιμοθέου
1715 1921 1796 1957 μέχρι

997 1971 1046 1998 νῦν
1058 1970 1214 1998 εἰκοσιεπτὰ
1226 1970 1370 1997 ἐπίσκοποι
1381 1969 1516 2004 ἐγένοντο·
1529 1968 1633 1999 πάντες
1645 1968 1676 1995 ὲν
1691 1967 1797 2003 Ἐφέσῳ

998 2015 1251 2051 ἐχειροτονήθησαν.
1269 2024 1279 2040 ι
1298 2015 1319 2041 A
1335 2019 1432 2042 sancto
1449 2013 1598 2041 Timotheo
1612 2020 1705 2048 usque
1721 2019 1796 2039 nunc

997 2061 1094 2095 viginti
1120 2065 1222 2095 septem
1248 2059 1368 2095 episcopi
1394 2058 1480 2092 facti;
1506 2065 1606 2086 omnes
1630 2057 1660 2084 in
1685 2056 1798 2092 Epheso

998 2109 1063 2132 sunt
1077 2105 1208 2132 ordinati.
1229 2113 1240 2131 ι
1257 2104 1287 2131 ln
1299 2112 1356 2139 quo
1375 2111 1493 2132 numero
1510 2102 1600 2131 fuisse
1615 2101 1795 2135 Onesimum,

998 2151 1078 2186 cujus
1102 2151 1226 2178 meminit
1252 2149 1384 2186 lgnatius,
1410 2157 1467 2178 non
1491 2154 1535 2177 est
1559 2156 1611 2177 cur
1639 2148 1794 2176 dubitetur.

998 2197 1120 2233 lgnatius
1136 2197 1196 2232 ipse
1211 2204 1242 2224 se
1258 2196 1418 2232 episcopum
1435 2195 1523 2231 Syriae
1544 2194 1668 2230 appellat
1682 2203 1691 2226 ;
1707 2194 1757 2222 sed
1770 2198 1796 2222 et

1000 2244 1034 2272 ab
1047 2243 1214 2279 Hieronymo
1231 2252 1241 2269 ι
1260 2243 1439 2270 Antiochena
1457 2241 1589 2270 Ecclesiae
1606 2241 1709 2269 tertius
1734 2245 1795 2275 post

999 2289 1109 2317 Petrum
1120 2289 1275 2324 apostolum
1290 2288 1438 2324 episcopus
1452 2297 1462 2313 ι
1482 2286 1657 2322 agnoscitur,
1673 2291 1706 2314 ut
1719 2291 1748 2314 et
1761 2287 1795 2314 ab

998 2336 1072 2364 aliis.
1090 2334 1127 2363 De
1139 2334 1277 2370 episcopis
1288 2334 1336 2361 diu
1353 2338 1416 2361 ante
1433 2333 1530 2369 lgnatii
1550 2333 1719 2368 martyrium
1732 2340 1750 2359 a
1765 2331 1793 2359 S.

998 2381 1103 2409 Joanne
1119 2380 1253 2408 institutis
1263 2387 1298 2407 ex
1313 2379 1399 2407 veteri
1417 2378 1568 2406 traditione
1583 2377 1715 2412 loquitur
1732 2376 1794 2404 Cle-

998 2435 1077 2455 mens
1095 2426 1296 2454 Alexandrinus
1320 2425 1392 2460 apud
1416 2424 1569 2452 Eusebium
1595 2423 1615 2450 l.
1635 2430 1679 2457 ni,
1694 2431 1721 2451 c.
1735 2422 1793 2450 23:

1004 2472 1112 2508 Ἐπειδὴ
1131 2471 1187 2508 γὰρ
1202 2472 1250 2498 τοῦ
1270 2471 1404 2507 τυράννου
1425 2469 1644 2506 τελευτήσαντος
1668 2469 1727 2496 ἀπὸ
1746 2468 1794 2503 τῆς

997 2519 1110 2555 Πάτμου
1124 2517 1175 2553 τῆς
1189 2518 1273 2553 νήσου
1290 2516 1421 2552 μετῆλθεν
1435 2516 1483 2542 ὲπὶ
1498 2515 1550 2550 τὴν
1567 2515 1702 2549 Ἔφεσον,
1713 2515 1793 2551 ἀπῄει

997 2565 1240 2602 παρακαλούμενος
1253 2564 1300 2591 καὶ
1313 2563 1359 2590 ἐπὶ
1374 2563 1410 2590 τὰ
1423 2562 1603 2598 πλησιόχωρα
1618 2562 1678 2589 τῶν
1693 2562 1787 2593 ἐθνῶν,

997 2613 1063 2640 ὅπου
1078 2613 1127 2648 μὲν
1138 2611 1303 2642 ἐπισκόπους
1312 2609 1503 2645 καταστήσων,
1515 2609 1586 2636 ὅπου
1602 2608 1633 2636 δὲ
1649 2609 1716 2640 ὅλας
1734 2608 1792 2635 Έκ-

997 2659 1110 2694 κλησίας
1126 2657 1265 2694 ἁρμόσων.
1282 2657 1349 2683 ὅπου
1370 2655 1399 2682 δὲ
1415 2655 1510 2691 κλήρῳ
1529 2655 1581 2682 ἕνα
1599 2655 1634 2689 γέ
1648 2663 1713 2682 τινα
1732 2654 1794 2690 κλη-

1000 2703 1094 2740 ρώσων
1111 2702 1166 2730 τῶν
1183 2702 1237 2729 ὑπὸ
1252 2702 1300 2728 τοῦ
1322 2700 1482 2736 Πνεύματος
1506 2700 1736 2736 σημαινομένων.
1758 2699 1793 2726 Ita

998 2754 1072 2778 recte
1088 2750 1161 2777 hunc
1173 2749 1264 2777 locum
1277 2756 1312 2776 ex
1324 2748 1413 2775 tribus
1424 2754 1493 2774 mss.
1509 2746 1660 2774 codicibus
1673 2745 1792 2774 restituit

998 2795 1174 2823 doctissimus
1181 2794 1337 2822 Valesiuszt
1348 2793 1418 2821 Cum
1433 2792 1507 2821 enim
1520 2799 1555 2819 ex
1570 2791 1792 2827 insulaj’athtno

997 2837 1135 2873 Ephesum
1157 2838 1295 2871 rediisset,
1312 2836 1444 2869 Joannes,
1471 2837 1506 2864 ad
1530 2836 1671 2865 ﬁnitimas
1686 2843 1792 2872 quoque

996 2883 1153 2918 provincias
1169 2887 1280 2918 rogatus
1297 2889 1327 2911 se
1341 2881 1471 2916 contulit,
1480 2882 1584 2915 partim
1598 2886 1632 2910 ut
1649 2882 1793 2918 episcopos
