1866 3073
67 155 114 183 τη

457 160 481 188 J.
501 159 685 191 PEARSONII
701 159 861 190 VINDICM'I
875 160 1123 189 lGNATlANE.—-
1138 161 1229 190 PARS
1244 161 1278 190 ll.

1646 164 1705 194 27⁸

71 215 257 250 continuet,
283 218 394 252 partim
416 224 447 248 ut
461 219 596 250 Ecclesias
619 222 740 257 integras
761 221 863 250 forma-
879 224 900 252 Δ
914 230 972 254 sus,
997 222 1042 250 cui
1069 222 1126 250 hac
1147 222 1234 258 elogia
1252 230 1268 250 a
1289 222 1417 259 quopiam
1443 223 1646 254 tribuebantur.
1670 224 1700 254 Si

74 264 120 296 ret,
134 263 235 297 partim
252 268 288 292 ut
308 265 441 294 homines
457 267 509 295 sibi
533 275 549 295 a
567 267 670 303 Spiritui
686 269 820 297 indicatos
837 269 864 297 in

75 308 171 336 clerum
183 316 349 346 seponeret.
367 321 378 338 I
396 312 475 341 Unde
486 319 581 342 coacta
593 315 639 342 illa
653 314 778 343 Walonis
792 315 865 344 lies-

78 354 149 382 aalini
166 355 369 392 interpretatio
387 359 519 392 concidit,
535 358 584 395 qui
597 361 735 396 episcopis
750 361 795 390 hic
805 362 864 397 plu-

76 402 315 438 res,prcshyleros
332 404 361 432 in
375 405 454 438 urbe,
468 405 571 442 κλῆρον
581 406 639 438 ἕνα,
655 415 740 436 unum
751 408 865 444 presby-

75 451 177 481 terum,
202 448 264 477 sive
287 450 517 487 chorepiscopum
538 453 567 480 iu
591 461 673 489 pago,
690 454 760 482 mire
778 454 864 482 inter-

73 497 204 528 παιιιιτ.
221 494 264 523 Ex
279 495 382 524 horum
402 497 595 533 episcoporum
616 500 792 528 successione
806 500 864 529 dis-

73 544 150 574 putat
160 540 298 569 adversus
309 542 453 572 haereticos
465 543 660 580 Tertullianus,
678 551 774 574 contra
789 547 864 575 Mar-

74 585 173 612 dorum
189 585 208 613 1.
225 593 264 618 iv.
281 594 308 615 c.
325 587 344 615 5
359 596 367 615 :
390 597 400 615 ι
417 587 556 618 Habemus
568 594 595 618 et
609 589 724 619 Joannis
738 591 863 621 alumnas

74 630 223 660 Ecclesia.
240 631 311 660 Nam
327 633 378 662 etsi
393 634 576 671 Apocalypsin
593 635 654 671 ejus
674 636 796 665 Marcion
815 645 862 665 re-

73 678 156 713 spuit.
168 678 240 707 ordo
248 683 339 708 tamen
351 681 543 717 episcoporum
550 683 583 710 ad
591 683 726 718 originem
732 692 863 714 recensus

74 723 100 751 la
113 723 254 753 Joannem
269 725 353 753 stabit
364 731 515 756 auctorem.
531 737 542 754 ι
559 727 594 756 Ut
609 729 714 765 reliqua
724 730 861 764 omittam,

74 770 166 798 uullu
184 779 308 806 unquam
325 772 445 808 scriptor
467 773 643 804 Christianus
662 781 690 804 et
710 777 863 806 catholicus

72 815 139 843 dixit
154 816 305 851 pauciores
319 817 433 847 ordines
459 819 517 847 sive
534 821 646 856 gradus,
661 829 745 857 quam
757 827 813 851 tres
833 823 862 851 in

74 860 197 889 Ecclesia
230 862 319 891 fuisse
344 864 467 892 secundo
493 867 615 901 siccato,
646 872 697 896 aut
721 868 776 897 ulla
801 869 862 904 ejus

72 912 166 943 parte;
188 917 247 944 quo
260 909 372 945 quidem
388 911 488 939 sarculo
503 911 627 948 lgnatius
640 915 761 949 scripsit.
781 914 862 944 Nullo

74 954 157 982 modo
176 954 264 990 igitur
287 956 436 985 verisimile
454 963 498 986 est
520 960 664 994 pauciores
688 965 754 990 tunc
774 963 860 991 exsti-

72 999 147 1028 tisse.
166 1000 197 1028 Si
212 1001 360 1037 quisquam
377 1003 404 1030 id
419 1004 523 1032 dixisse
538 1006 678 1040 putandus
690 1012 772 1041 esset,
790 1008 862 1036 inter

72 1045 130 1074 illos
145 1051 231 1076 certe
253 1048 432 1083 reperiretur,
452 1051 499 1085 qui
516 1052 637 1088 episcopi
661 1057 690 1081 et
711 1054 860 1089 presbyteri

71 1093 184 1120 nomina
195 1092 225 1120 in
237 1094 425 1129 apostolorum
436 1097 546 1132 scriptis
559 1099 676 1127 confusa
691 1107 752 1128 esse
763 1100 860 1128 existi-

71 1138 194 1166 nabant.
212 1138 250 1166 At
271 1140 300 1167 hi
318 1141 371 1175 ipsi
384 1149 481 1170 omnes
495 1147 561 1171 tunc
580 1152 644 1172 cum
663 1145 776 1174 nomina
793 1154 861 1175 eon-

71 1183 129 1212 tusa
144 1192 209 1213 esse
228 1186 416 1220 crediderunt,
441 1193 489 1216 aut
503 1189 602 1217 saltem
623 1195 687 1219 ante
706 1192 859 1220 secundum

71 1229 216 1263 mulum,
239 1230 371 1258 dixerunt
385 1231 498 1260 ordines
515 1235 574 1261 sive
592 1234 695 1270 gradus
710 1234 798 1263 fuisse
817 1235 860 1263 di-

71 1275 198 1309 stinctos,
221 1280 254 1304 ut
272 1284 324 1305 suo
346 1277 408 1306 loco
434 1278 640 1308 demonstrabo.
666 1280 731 1310 Siue
749 1285 861 1310 contro-

71 1322 159 1349 versia
183 1322 269 1357 igitur
290 1331 363 1359 pono
384 1324 528 1360 episcopos
543 1326 572 1354 in
590 1327 657 1355 Asia
680 1331 745 1356 tunc
760 1327 858 1363 fuisse,

71 1376 132 1396 eam
148 1369 274 1405 lgnatius
294 1371 328 1399 ad
350 1373 512 1408 martyrium
535 1366 690 1402 festinaret.
708 1373 770 1402 Jam
792 1383 858 1404 vero

72 1414 105 1442 ita
128 1416 278 1452 episcopos
305 1418 350 1446 sui
373 1419 505 1454 temporis
525 1419 655 1448 describit
679 1420 857 1456 epistolarum

72 1467 177 1496 auctor,
193 1464 233 1491 ita
249 1471 359 1500 semper
372 1465 405 1493 de
421 1465 454 1493 iis
471 1465 604 1501 loquitur,
622 1472 652 1495 ut
665 1467 785 1495 dubitari
801 1475 858 1496 non

71 1509 167 1543 "usit,
184 1509 253 1545 quin
274 1512 367 1539 omnia
391 1511 426 1539 ab
444 1518 478 1540 eo
498 1512 570 1541 dicta
593 1513 640 1540 illa
656 1513 714 1549 ipsa
734 1518 857 1550 tempora

71 1555 231 1590 respiciant.
246 1555 316 1584 Nam
338 1557 444 1585 nudum
461 1565 560 1586 nomen
578 1558 660 1587 cilicii
681 1567 730 1588 seu
752 1560 858 1588 ordinis

71 1601 155 1635 ponit,
171 1601 279 1629 nullum
296 1602 350 1630 illis
369 1603 574 1632 insolentiorem
589 1604 700 1633 titulum
714 1605 855 1640 attribuit;

71 1654 121 1674 non
132 1647 293 1683 ἀρχιερέας,
309 1653 357 1677 aut
372 1649 471 1685 ἱερέας,
489 1657 542 1678 non
557 1651 699 1687 ἄρχοντας.
714 1656 745 1680 ut
754 1652 856 1688 posteri

70 1693 204 1727 solebant,
225 1695 354 1730 appellat.
382 1694 461 1723 Nulla
482 1697 554 1732 apud
575 1704 638 1725 eum
659 1697 695 1726 de
718 1698 857 1727 cathedris

70 1740 183 1773 mentio,
208 1741 284 1768 nulla
305 1741 340 1769 de
363 1742 548 1777 ordinatione,
569 1748 618 1771 aut
640 1744 784 1777 electione,
808 1749 857 1773 aut

69 1786 255 1815 successione.
279 1786 359 1815 Nulla
384 1788 429 1816 hic
455 1789 620 1824 episcopalis
640 1790 758 1826 alicujus
782 1791 857 1819 sedis

70 1833 251 1869 prazrogativa
276 1834 454 1869 depingitur;
483 1835 558 1864 nulla
583 1836 618 1864 ad
642 1836 786 1864 ecclesiam
805 1837 857 1864 ali-

68 1885 150 1913 quam
166 1886 223 1913 prae
237 1878 302 1906 aliis
317 1879 464 1914 appellatio
487 1884 674 1914 memoratur;
698 1880 773 1908 nulla
792 1880 857 1909 obe-

68 1923 187 1957 dientia,
216 1924 272 1952 nisi
295 1931 329 1952 ea
350 1932 414 1959 quae
444 1926 599 1954 necessaria
619 1929 662 1954 est
686 1925 720 1953 ad
745 1925 854 1953 vitanda

68 1969 216 1997 schismata
225 1975 253 1997 et
265 1969 395 1998 Ecclesia:
403 1971 535 1999 unitatem
546 1971 773 2003 conservandam,
783 1978 854 2006 pre-

67 2015 175 2050 cipitur.
200 2015 381 2052 Presbyteros
402 2017 512 2045 interim
537 2024 594 2045 non
619 2017 757 2052 deprimit,
784 2024 855 2052 quos

67 2068 172 2096 semper
194 2062 335 2097 episcopis
360 2062 503 2098 adiungit;
529 2070 624 2091 eorum
644 2063 802 2098 dignitatem
825 2067 854 2091 et

67 2109 256 2136 aucmritatem
286 2109 427 2144 praedicat,
450 2117 484 2138 ac
507 2109 709 2137 studiosissime
735 2114 851 2137 tuetur:

67 2154 306 2191 θεοπρεπέστατον
322 2160 349 2184 et
370 2155 572 2191 ἀξιονόμαστον,
588 2159 617 2183 et
629 2155 677 2182 τοῦ
696 2154 764 2182 Θεοῦ
778 2154 854 2188 ἀξιον

66 2203 260 2239 πρεσϐυτέριον
269 2207 360 2234 vocat,
373 2204 414 2235 εις
422 2203 503 2230 τόπον
519 2202 658 2239 συνεδρίου
669 2202 723 2229 τῶν
737 2201 854 2229 ἀποστό-

915 268 1007 296 otunia
1025 268 1099 297 illius
1112 268 1201 296 atatis
1216 269 1317 304 scripta
1338 277 1541 304 percurramus,
1557 271 1625 298 nihil
1644 275 1701 299 tam

915 315 1065 343 honoriﬁce
1080 315 1115 343 de
1137 323 1171 343 eo
1193 315 1291 344 ordine
1310 316 1414 344 dictum
1435 317 1615 352 reperiemus.
1639 316 1701 346 Non

915 361 997 397 igitur
1009 369 1070 390 eam
1085 367 1193 390 atatem
1212 363 1269 391 hac
1283 363 1409 398 sapiunt;
1423 368 1450 392 et
1467 364 1595 392 deliraret
1609 371 1701 399 pauc.

915 406 971 435 imo
983 406 1118 436 insaniret
1132 407 1277 443 impostor,
1292 408 1340 443 qui
1355 408 1579 445 ad.tyrannidem
1593 410 1700 445 episco-

914 460 1010 488 porum
1022 454 1237 483 conﬁrmandam
1258 454 1300 491 (ut
1315 454 1403 483 voluit
1416 459 1477 490 post
1489 454 1619 484 Socinum
1635 454 1700 484 Dal-

893 498 1004 533 "la:us),
1019 499 1077 528 hac
1103 500 1280 536 excogitaret,
1308 505 1338 529 et
1367 501 1451 529 simul
1476 502 1700 538 presbyterorum

913 546 1115 579 auctoritatem,
1129 546 1186 582 jam
1198 547 1245 574 diu
1260 547 1422 575 diminutam
1440 553 1522 583 atque
1537 548 1699 583 collapsam,

914 592 1058 620 restituere
1068 596 1097 620 et
1112 592 1299 629 redintegrare
1310 598 1468 622 conaretur.
1479 593 1600 629 Ignatius
1611 593 1699 622 oﬂicia

913 637 1099 666 ecclesiastica
1115 638 1188 666 unde
1201 643 1229 666 et
1252 639 1412 674 simpliciter
1434 639 1493 668 suis
1510 639 1700 670 {unctionibus

912 689 941 713 et
953 684 1110 713 nominibus
1125 685 1282 721 distinguit.
1296 689 1353 714 tres
1365 689 1471 714 tantum
1483 693 1578 715 sacros
1589 686 1700 714 ordines

912 731 1046 766 agnoscit,
1062 731 1210 766 unicuique
1226 739 1306 759 suum
1327 731 1460 760 honorem
1483 736 1566 767 atque
1581 731 1700 767 dignita-

913 779 968 803 tem
982 775 1087 809 tribuit,
1105 776 1171 804 nulli
1190 776 1303 812 derogat
1315 781 1345 804 ut
1360 777 1439 805 alteri
1451 777 1593 810 inserviat,
1609 777 1700 804 omni-

911 821 964 850 bus
974 821 1158 850 obedientiam
1175 823 1358 856 praestandam
1373 831 1435 851 esse
1448 831 1464 851 a
1476 823 1576 858 populo
1594 827 1699 856 mouet,

912 864 996 900 idque
1009 865 1036 892 in
1050 873 1113 893 eum
1129 870 1234 894 tantum
1247 866 1341 902 ﬁnem,
1355 871 1386 896 ut
1402 867 1524 897 schisma
1534 867 1650 896 evitetur
1672 873 1701 896 et

876 897 898 926 Β
913 911 1003 939 unitas
1016 917 1205 941 conservetur.

958 956 1086 985 Secundo
1112 958 1240 986 observat
1266 958 1401 988 Eusebius
1429 958 1565 994 lgnatium
1589 960 1700 988 munire

895 1000 897 1002 ’
914 1003 1085 1039 potissimum
1097 1004 1226 1032 ecclesias
1237 1005 1368 1033 adversus
1380 1013 1430 1033 sua
1442 1009 1522 1033 aetate
1534 1005 1699 1041 pullulantes

911 1054 938 1078 et
959 1050 1013 1078 late
1030 1055 1188 1086 grassantes
1211 1051 1348 1085 haereses;
1367 1051 1440 1086 quod
1463 1059 1526 1079 cum
1551 1052 1587 1079 sit
1607 1059 1656 1086 per
1669 1059 1699 1081 se

912 1096 1060 1125 verisimile
1086 1097 1162 1132 (quid
1175 1096 1248 1125 enim
1260 1105 1292 1125 ea
1304 1097 1490 1126 admonitione
1504 1099 1698 1134 opportunius,

909 1147 958 1170 aut
976 1143 1036 1171 viro
1055 1143 1206 1179 apostolico
1218 1143 1329 1180 dignius
1350 1144 1451 1180 inin),
1468 1152 1502 1172 ex
1517 1145 1560 1173 his
1574 1145 1698 1180 epistolis

909 1189 1082 1218 verissimum
1109 1197 1172 1219 esse
1198 1191 1395 1226 comperimus.
1431 1190 1498 1219 Dure
1524 1191 1697 1226 potissimum

909 1236 1028 1265 haereses
1040 1237 1074 1265 de
1084 1241 1181 1265 natura
1190 1236 1294 1265 Christi
1305 1245 1337 1265 ea
1352 1241 1513 1272 tempestate
1527 1237 1698 1270 obtinebant,

909 1283 1055 1312 utveritati
1066 1283 1206 1311 catholicae
1216 1284 1253 1311 ita
1267 1287 1295 1311 et
1309 1284 1360 1312 sibi
1375 1284 1443 1320 ipsis
1457 1291 1570 1319 prorsus
1585 1288 1697 1312 contra-

908 1329 956 1357 rite
971 1338 979 1357 :
997 1337 1115 1366 quarum
1139 1329 1225 1358 altera
1239 1329 1400 1358 Docetarum
1417 1330 1480 1365 fuit,
1494 1338 1511 1359 a
1529 1331 1697 1360 Simoniania

908 1379 1052 1409 ortorum,
1089 1375 1216 1403 humana:
1239 1380 1344 1404 natura:
1369 1376 1510 1404 veritatem
1536 1377 1564 1404 in
1586 1375 1697 1404 Christo

907 1421 1124 1455 destruentium;
1143 1422 1227 1450 altera
1237 1421 1439 1455 Ebionitarum,
1450 1422 1571 1451 divinam
1582 1430 1696 1458 prorsus

908 1472 1035 1495 naturam
1059 1471 1087 1494 et
1108 1471 1239 1495 aeternam
1263 1468 1466 1503 generationem
1490 1467 1695 1503 denegantium.

908 1512 1030 1548 legisque
1053 1510 1232 1541 caeremonias
1247 1513 1414 1549 urgentium.
1441 1512 1496 1541 llas
1510 1513 1590 1549 primi
1602 1513 1694 1541 saeculi

871 1575 894 1606 ο
910 1558 1028 1586 haereses
1051 1557 1156 1593 antiqui
1181 1558 1331 1593 scriptores
1357 1563 1526 1594 agnoscunt;
1553 1557 1694 1594 lgnaIiano

909 1611 967 1632 alvo
982 1603 1099 1632 nimium
1116 1603 1239 1639 viguisse
1253 1611 1349 1632 omnes
1363 1603 1495 1632 fatentur.
1513 1602 1591 1632 Unde
1605 1603 1691 1632 Theo-

907 1649 1021 1678 doretus
1037 1650 1075 1678 ita
1098 1647 1289 1676 Ha'rcticarum
1302 1649 1455 1685 fabularum
1475 1650 1561 1680 libros
1576 1651 1694 1686 partitus

905 1699 956 1729 est,
973 1700 1003 1724 ut
1016 1696 1123 1732 primus
1133 1703 1182 1724 eos
1194 1696 1242 1732 qui
1252 1696 1367 1724 alterum
1381 1701 1534 1725 creatorem
1551 1696 1694 1724 conﬁnxe-

906 1745 980 1776 runt,
996 1741 1106 1778 δοκήσει
1121 1742 1150 1769 δὲ
1165 1742 1282 1778 φανῆναι
1297 1742 1343 1769 τὸν
1359 1742 1461 1778 Κύριον
1478 1743 1517 1774 εις
1533 1741 1693 1779 ἀνθρώπους

905 1785 1019 1822 ἔφασαν,
1038 1787 1174 1815 secundus
1189 1792 1280 1815 autem
1302 1787 1364 1815 illos
1386 1787 1434 1823 qui
1451 1786 1527 1823 ψιλὸν
1549 1786 1693 1823 ἄνθρωπον

904 1831 950 1859 τὸν
959 1831 1062 1868 Κύριον
1075 1832 1309 1869 προσηγόρευσαν,
1324 1832 1560 1868 complecteretur.
1572 1831 1610 1859 De
1622 1832 1693 1868 prio-

904 1878 982 1906 ribus
998 1877 1181 1914 Hieronymus
1221 1880 1346 1910 aduerius
1359 1880 1540 1916 Luciferianos
1559 1886 1573 1903 -·
1588 1886 1598 1903 t
1619 1877 1693 1912 Apo—

904 1923 984 1951 stolis
997 1923 1088 1951 adhuc
1104 1923 1132 1950 in
1146 1923 1246 1952 saeculo
1260 1923 1469 1958 superstitibus,
1483 1922 1553 1958 apud
1569 1921 1692 1950 Judaeum

903 1968 1010 1997 Christi
1031 1969 1167 2004 sanguine
1191 1968 1305 2004 recenti,
1325 1968 1487 2004 phantasma
1503 1967 1611 1995 Domini
1628 1975 1692 1995 cor-

904 2023 956 2052 pus
970 2015 1154 2044 asserebatur.
1172 2024 1181 2042 r
1203 2014 1239 2043 De
1254 2015 1383 2043 secundis
1406 2015 1476 2042 idem
1502 2015 1529 2042 in
1543 2014 1690 2051 Catalogo:

906 2071 916 2089 ι
936 2061 1057 2090 Joannes
1077 2062 1218 2097 apostolus
1242 2062 1410 2090 novissimus
1435 2061 1558 2089 omnium
1582 2062 1692 2096 scripsit

903 2107 1094 2143 Evangelium,
1118 2112 1230 2143 rogatus
1245 2108 1279 2135 ab
1301 2108 1373 2136 Asiae
1397 2107 1533 2143 episcopis
1559 2107 1693 2135 adVersus

902 2154 1064 2182 Corinthum
1092 2154 1215 2190 aliosque
1246 2154 1406 2188 haereticos,
1432 2159 1459 2182 et
1483 2154 1602 2182 maxime
1626 2159 1692 2182 tunc

903 2200 1094 2229 Ebionitarum
1107 2200 1206 2236 dogma
1222 2208 1403 2236 consurgens,
1416 2200 1463 2236 qui
1475 2200 1693 2229 asseruntChri-

66 2246 117 2274 λων
131 2249 259 2282 mllocat,
281 2248 364 2284 νόμον
383 2248 469 2284 Ἰησοῦ
483 2247 602 2285 Χριστοῦ
624 2248 762 2283 indigitat,
780 2247 803 2275 ἀί

954 2254 979 2274 m
991 2251 1055 2274 ante
1066 2245 1179 2274 Mariam
1193 2253 1248 2274 non
1258 2245 1353 2274 fuisse.
1372 2256 1382 2272 ι
1403 2246 1478 2280 Quas
1489 2247 1570 2274 etiam
1582 2246 1609 2274 in
1626 2246 1691 2275 Asia

66 2294 163 2321 πλωιον
172 2294 360 2330 πνευματικὸν
371 2294 501 2328 στέφανον
512 2293 707 2330 πρεσϐυτερίου
722 2292 851 2326 celebrat,

65 2345 94 2368 ut
104 2341 144 2368 eis
158 2339 448 2368 obediantChristiani
461 2339 658 2375 ἀπερισπάστῳ
670 2338 775 2375 διανοίᾳ
787 2346 853 2367 sua-

65 2385 119 2414 det.
136 2384 216 2413 Unde
232 2385 315 2413 Walo
335 2385 497 2413 Messalinus
512 2395 519 2413 :
541 2384 633 2419 LQuo
650 2384 769 2420 primum
782 2389 851 2413 tem-

65 2439 128 2466 pore
143 2435 254 2466 ereptus
268 2435 311 2458 est
329 2431 505 2466 episcopatus
525 2431 680 2466 superstrui
698 2437 731 2458 ac
752 2438 850 2467 super-

64 2477 125 2512 poni
146 2477 348 2513 presbyteratui
363 2477 496 2513 scrime
517 2476 582 2505 illud
600 2477 746 2512 prodiisse.
760 2477 787 2505 id
804 2485 851 2505 ar-

63 2529 191 2558 gumento
218 2528 272 2557 est,
293 2524 367 2558 quod
395 2523 433 2552 ita
458 2523 645 2559 episcopatum
674 2523 792 2556 extollit,
821 2528 851 2552 ut

63 2571 238 2608 presbyteros
251 2578 306 2598 non
326 2570 472 2606 deprimat.
492 2570 577 2598 Suam
595 2570 668 2598 enim
686 2570 740 2598 illis
761 2569 850 2606 digni.

63 2622 142 2646 tatem
161 2622 320 2653 conservat,
335 2625 419 2654 quam
437 2617 464 2645 in
482 2617 571 2653 prima
587 2616 708 2644 Ecclesia
724 2616 850 2645 obtinue-

61 2670 132 2698 runt,
154 2665 223 2693 dum
247 2665 300 2693 illis
322 2669 455 2700 tanquam
471 2664 603 2700 apOstolis
625 2663 692 2699 ipsis
715 2663 847 2692 honorem

59 2716 117 2738 esse
139 2709 297 2737 habendum
316 2709 490 2744 pronuntiat,
506 2714 534 2737 et
552 2709 642 2738 locum
660 2711 848 2746 apostolorum

59 2762 149 2786 tenue
165 2757 294 2785 aﬂirmat.
314 2767 325 2784 ι
343 2757 380 2785 At
393 2756 501 2785 labente
521 2757 602 2786 tertio
615 2757 726 2791 saeculo.
742 2762 790 2785 aut
805 2757 848 2785 in-

59 2810 138 2832 eunte
158 2808 270 2839 quarto,
290 2803 500 2840 presbyteratus
520 2804 682 2836 auctoritas,
706 2803 790 2832 etiam
808 2803 847 2831 fa-

57 2849 176 2878 tentibus
192 2849 374 2883 adversariis,
394 2848 476 2878 valde
493 2854 553 2877 erat
574 2849 730 2878 imminuta.
750 2849 847 2878 Nullus

57 2899 112 2925 erat
127 2900 195 2925 tunc
205 2895 236 2926 iu
244 2895 312 2927 orbe
325 2895 489 2925 Christiano
502 2895 725 2931 presbyterorum
735 2903 847 2926 conses-

905 2293 1023 2320 maxime
1040 2292 1160 2328 viguisse
1183 2292 1313 2321 observat
1331 2287 1501 2328 Epiphanius
1528 2293 1624 2321 haeresi
1644 2292 1690 2331 5l:_

904 2337 987 2366 Ἔνθα
999 2337 1055 2374 γὰρ
1071 2337 1116 2365 τὸν
1127 2338 1245 2374 Χριστὸν
1261 2338 1293 2365 ὲκ
1307 2338 1478 2374 παρατριϐἧς
1495 2337 1571 2373 ψιλὸν
1585 2338 1692 2375 ἄνθρω-

907 2391 953 2411 ιιον
970 2383 1119 2421 ἐκήρυττεν
1135 2385 1149 2411 ὁ
1165 2384 1260 2412 Ἐϐιων
1276 2384 1322 2412 καὶ
1336 2383 1502 2421 όΚήρινθος,
1519 2384 1566 2411 καὶ
1579 2384 1604 2411 οι
1620 2385 1690 2420 ἀμφ’

903 2430 1017 2463 αὐτοὺς,
1034 2430 1106 2466 φημὶ
1121 2430 1150 2457 δὲ
1166 2431 1194 2458 ὲν
1210 2432 1244 2467 τῇ
1265 2431 1352 2467 ’Δσίᾳ.
1376 2430 1496 2467 lgnalius
1512 2438 1575 2459 cum
1590 2439 1606 2459 a
1617 2432 1691 2460 schi-

902 2476 1058 2505 smaticiset
1065 2477 1200 2505 haereticis
1215 2485 1323 2513 semper
1339 2477 1491 2505 cavendum
1506 2484 1568 2505 esse
1581 2470 1688 2512 doceat,

901 2523 952 2552 has
966 2524 1102 2559 praecipue
1127 2524 1245 2552 haereses
1270 2524 1347 2560 petit,
1370 2524 1431 2552 illas
1455 2523 1624 2559 frequenter,
1644 2531 1690 2552 sc—

900 2569 965 2598 dulo
980 2574 1009 2598 et
1022 2575 1116 2606 aperte
1128 2569 1192 2598 ferit
1205 2580 1212 2599 :
1233 2570 1354 2605 priorem
1373 2570 1537 2598 Docetarum
1551 2589 1560 2602 .
1575 2577 1591 2598 a
1605 2570 1691 2598 disci-

900 2617 973 2652 pulis
984 2617 1124 2646 Menandri
1139 2621 1204 2645 tunc
1216 2617 1348 2652 temporis
1362 2616 1580 2651 disseminatam,
1595 2623 1689 2653 atque,

900 2667 930 2690 ut
945 2663 1076 2691 credibile
1092 2667 1146 2696 est,
1169 2671 1186 2691 a
1199 2662 1338 2700 Saturnilo
1352 2663 1424 2698 apud
1436 2662 1610 2691 Antiochiam
1631 2663 1687 2698 jam

899 2714 958 2737 tum
973 2709 1114 2737 defensam
1123 2730 1132 2744 ,
1144 2709 1260 2745 epistola
1275 2709 1308 2737 ad
1323 2707 1479 2745 Smyrnteos
1491 2713 1573 2744 atque
1588 2708 1690 2737 Tralle-

899 2756 957 2784 sios
971 2755 1098 2791 jugulat:
1116 2755 1230 2783 alteram
1244 2755 1278 2783 ab
1291 2754 1396 2783 Ebione
1411 2755 1562 2790 profectam
1580 2755 1688 2791 lateque

900 2810 947 2838 per
961 2802 1100 2830 Orientem
1118 2809 1242 2838 sparsam
1261 2801 1377 2838 epistola
1392 2802 1427 2829 ad
1442 2800 1634 2837 Polycarpum,
1653 2803 1688 2830 ad

900 2848 1045 2884 Ephesios,
1065 2848 1255 2885 Magnesianos
1286 2852 1314 2876 et
1325 2847 1554 2884 Philadelphenos
1575 2847 1685 2876 refellit.

899 2895 1000 2925 Praeter
1023 2895 1074 2925 has
1090 2895 1159 2924 duas
1172 2895 1290 2925 hereses
1311 2895 1416 2924 nullam
1435 2895 1548 2925 omnino
1561 2895 1684 2930 attingit:
