1866 3073
178 162 233 190 275

688 164 717 192 S.
737 164 910 194 IGNATIUS.
928 180 964 186 -—
980 163 1247 194 PROLEGOMENA.

1750 163 1830 193 me

178 220 314 256 quidquid
336 221 364 248 in
377 220 422 250 his
437 221 561 257 epistolis
574 221 608 250 de
623 223 783 257 particulari
806 224 898 258 aliqua
913 223 969 250 haz-
982 225 1006 254 Α
1019 223 1107 251 virum
1119 225 1299 259 apostolicum
1311 223 1461 252 doctrinam
1471 223 1668 259 evangelicam,
1679 230 1771 258 quam
1783 223 1829 250 ab

174 273 262 294 retiea
283 267 408 295 doctrina
431 269 563 303 scriptum
588 273 639 302 est,
658 269 691 296 ad
706 277 800 297 earum
815 277 899 297 unam
917 277 962 297 re-

174 313 242 341 ferri
262 318 289 341 et
306 319 395 349 potest
411 319 438 341 et
450 314 540 342 debet.
562 313 624 342 Haec
641 315 726 351 igitur
744 316 836 343 omnia
852 320 879 344 et
888 315 962 351 ﬁdei,

174 365 203 388 et
215 360 362 393 doctrinae,
381 366 407 388 et
432 362 548 396 tempori
575 361 604 389 S.
617 361 715 398 lgnatii
737 363 842 399 optime
860 371 963 392 conve-

175 407 265 434 niunt.
288 407 354 435 Erat
367 413 440 436 certe
464 407 584 444 lguatius
605 409 677 437 inter
690 418 748 442 eos,
763 411 809 445 qui
821 410 962 439 Christum

176 453 348 488 ἐθεολάγουν,
373 459 403 482 ut
431 456 560 484 catholici
593 456 667 485 illius
702 457 789 486 aetatis
815 457 962 486 faciebant.

173 499 242 527 Nam
254 501 300 536 qui
316 501 473 536 religionem
488 508 611 531 nostram
624 504 813 539 deseruerant,
829 505 963 534 referente

173 545 274 581 Plinio,
285 556 295 573 ι
308 548 478 577 aﬂirmabant
491 550 563 578 hanc
574 551 660 579 fuisse
674 560 810 580 summam
822 554 864 581 vel
876 554 963 589 culpae

174 601 243 628 suae,
263 595 306 622 vel
327 596 441 630 erroris,
460 597 533 632 quod
549 603 642 625 essent
663 599 734 626 soliti
756 604 827 627 stato
840 600 885 627 die
898 605 962 629 ante

174 641 263 669 lucem
287 643 444 676 convenire,
469 651 636 679 carmenque
653 645 773 680 Christo,
793 647 872 681 quasi
893 647 960 681 Deo,

172 687 264 715 dicere
278 695 371 716 secum
387 689 514 717 invicem.
531 699 541 716 ι
570 690 605 719 Ut
619 697 692 719 recte
706 693 862 721 observavit
882 698 961 723 vetus

171 734 216 762 ille
237 740 333 763 auctor
356 736 427 771 apud
448 737 597 766 Eusebium
621 739 640 766 l.
653 747 680 773 v,
701 748 725 768 c.
738 741 792 768 ‘28:
809 742 919 777 Ψαλμοὶ
933 742 961 769 δὲ

169 781 227 807 ὅσοι
244 782 290 808 καὶ
313 782 381 818 ᾠδαὶ
406 783 528 818 ἀδελφῶν
545 785 674 821 ἀπαρχῆς
697 787 750 813 ὑπὸ
766 788 869 815 πιστῶν
893 798 962 825 γρα-

171 829 263 861 φεῖσαι
289 829 335 856 τὸν
357 830 443 864 Λόγον
468 831 516 857 τοῦ
538 831 606 858 Θεοῦ
632 832 678 859 τὸν
701 834 818 870 Χριστὸν
845 835 960 872 ὑμνοῦσι

170 875 369 910 θεολογοῦντες.
401 887 410 903 ι
430 877 532 905 Psalmi
552 883 579 906 et
594 880 700 907 cantica
729 880 855 916 fratrum,
881 891 957 918 quas.

1015 271 1148 305 apostolis
1161 278 1275 305 quoquo
1288 270 1372 297 modo
1382 274 1535 305 acceperat,
1553 269 1680 304 epistolis
1689 269 1755 297 suis
1768 276 1827 297 re-

1014 321 1206 351 przesenlasse,
1214 321 1241 344 et
1252 317 1388 344 Ecclesias
1401 321 1432 344 ut
1443 316 1481 343 illi
1492 316 1674 348 adhaerent,
1683 315 1829 350 impense

1013 369 1127 398 rogasse
1137 372 1144 390 :
1153 363 1272 398 seipsum
1281 363 1354 390 enim
1367 362 1434 390 satis
1447 362 1566 398 explicat
1577 361 1727 394 Eusebius,
1740 361 1827 389 dum

1013 409 1161 444 profitetur.
1173 416 1204 437 se
1225 417 1274 437 eos
1297 409 1487 436 tantummodo
1512 413 1827 441 commemoraturmn,

1013 456 1041 483 in
1060 464 1177 492 quorum
1196 456 1384 484 monumentis
1411 456 1606 491 ’Δποστολικῆς
1628 455 1828 487 διδασκαλίας

1013 503 1166 538 παράδοσις
1195 503 1327 539 φέρεται,
1357 511 1367 529 ‹
1383 506 1424 535 ut,
1438 503 1515 530 verbi
1539 503 1637 538 gratia,
1661 502 1772 537 lgnatii
1793 507 1828 528 et

1012 548 1174 582 Clementis;
1191 558 1200 574 ι
1229 557 1343 584 prorsus
1359 549 1398 576 uti
1416 549 1538 584 loquitur
1559 547 1680 575 Irenaeus
1694 547 1732 575 de
1745 547 1827 574 (lle-

1013 594 1115 622 mentia
1129 594 1256 629 epistola,
1271 601 1354 629 quam
1378 594 1453 621 misit
1471 593 1593 620 Ecclesia
1615 592 1746 620 Romana
1781 592 1823 619 ad

1012 639 1189 672 Corinthios,
1213 639 1364 666 ἁνανεοῦσα
1387 639 1437 675 τὴν
1462 639 1554 665 πίστιν
1579 637 1681 669 αὐτῶν.
1700 637 1753 664 καὶ
1783 638 1825 672 ἢν

1012 684 1108 711 νεωστὶ
1124 684 1180 711 ἀπὸ
1192 685 1248 712 τῶν
1262 684 1418 711 (imavde
1433 684 1583 719 παράδοσιν
1597 683 1719 718 εἰλήφει,
1736 691 1750 709 a
1769 690 1824 711 fer

1011 736 1113 763 parans
1125 729 1206 757 iidem
1221 737 1328 760 eorum.
1343 734 1372 757 et
1382 737 1465 764 quam
1481 730 1508 756 in
1522 729 1626 757 recenti
1640 729 1677 756 ab
1691 733 1824 764 aposto-

1011 775 1046 804 lis
1068 780 1230 811 receperant
1253 775 1440 804 traditionem.
1455 785 1466 802 ι
1496 774 1532 803 lit
1554 775 1637 811 igitur
1650 774 1822 803 Clementis

1011 821 1127 856 epistola
1153 822 1377 857 promptuarium
1399 829 1454 849 non
1473 825 1517 849 est
1539 821 1723 849 traditionum
1753 828 1819 848 non

1011 865 1189 900 scriptarum,
1209 867 1245 894 ita
1266 873 1316 894 nec
1336 865 1445 901 lgnatii.
1467 865 1562 894 Nullas
1572 865 1618 893 ille
1636 865 1819 894 traditiones

170 903 279 958 cunque
300 923 334 951 ab
349 923 428 951 initio
444 932 459 952 a
476 925 601 954 ﬁdelibus
617 928 770 963 conscripta
788 903 863 964 sunf,
877 903 959 959 Chii
974 903 996 931 Β
1011 919 1065 940 non
1080 912 1210 964 sum“?!
1229 920 1300 964 qius
1314 913 1374 964 Si“?
1386 920 1461 964 Ἴδη
1473 911 1620 964 ,δί’ἶωω
1633 912 1818 964 ﬂamine?

169 974 241 998 stum
259 969 375 998 Verbum
391 970 438 998 Dei
453 972 654 1006 concelebrant,
671 973 840 1003 divinitatem
856 977 880 1004 ei
897 977 950 1004 tri-

168 1015 286 1044 buendo.
306 1026 316 1043 |
333 1016 372 1044 Ita
385 1018 494 1052 quidem
507 1019 628 1054 lgnatius
642 1020 803 1055 simpliciter
816 1022 957 1052 Christum

169 1062 254 1089 Deum
269 1063 396 1098 appellat,
412 1067 442 1090 ut
453 1063 538 1099 Epist.
552 1065 587 1092 ad
604 1063 758 1101 Smyrnzeos
769 1076 776 1093 ε
786 1067 894 1102 Δοξάζω
911 1070 959 1106 Ἰη-

168 1107 233 1136 σοῦν
250 1109 368 1146 Χριστὸν
383 1110 429 1137 τὸν
445 1110 523 1143 Θεόν,
539 1116 567 1139 et
584 1121 592 1139 :
618 1112 828 1150 Ὑποδεξάμενοι
845 1116 883 1148 ὡς
899 1117 958 1144 δια-

167 1155 262 1186 κόνους
270 1155 388 1191 Χριστοῦ
396 1156 475 1195 Θεοῦ,
489 1157 522 1184 ad
535 1156 716 1193 Polycarpum
732 1169 739 1187 :
758 1161 802 1187 'Ev
810 1161 868 1197 Θεῷ
880 1163 958 1198 ἡμῶν

174 1200 261 1235 Ἰησοῦ
270 1201 390 1236 Χριστῷ,
400 1202 433 1229 ad
441 1201 573 1236 Ephesios
583 1212 590 1229 :
599 1203 627 1230 ὐ
636 1203 760 1240 γὰρΘεὺς
770 1206 848 1241 ἡμῶν
857 1207 958 1243 Ἰησοῦς

165 1247 181 1273 ὁ
195 1247 312 1282 Χριστὸς
337 1247 508 1284 ὲκυοφορήοη
537 1249 589 1276 ὑπὸ
605 1251 712 1286 Μαρίας
723 1272 729 1282 ,
747 1253 780 1279 ad
797 1252 955 1282 Romanos:

167 1289 247 1316 Κατὰ
273 1291 365 1318 πίστιν
390 1291 437 1318 καὶ
466 1292 577 1328 ἀγάπην
600 1294 648 1320 τοῦ
676 1296 794 1332 Χριστοῦ
821 1298 867 1324 τοῦ
890 1299 957 1328 Θεοῦ

167 1335 256 1370 ἡμῶν.
274 1335 340 1364 Post
361 1342 451 1365 autem
468 1344 605 1374 receptam
623 1341 648 1368 in
665 1341 787 1370 Ecclesia
802 1344 956 1373 doctrinam

166 1381 345 1415 Platonicam,
361 1388 418 1411 tum
435 1386 549 1413 secundi
570 1391 627 1414 tum
643 1388 715 1415 tertii
732 1390 824 1417 saeculi
839 1391 956 1426 scripto-

167 1437 212 1456 res
235 1438 288 1457 non
306 1430 377 1458 soliti
400 1436 465 1459 sunt
482 1431 550 1460 adeo
571 1433 734 1468 simpliciter
751 1435 892 1463 Christum
911 1437 957 1463 τὸν

166 1474 235 1502 Θεὸν
251 1475 353 1510 ubique
370 1477 530 1512 praedicare,
551 1482 582 1506 ut
599 1479 657 1507 haec
681 1480 761 1516 plane
787 1480 954 1516 lgnatianam

166 1525 274 1548 etatem
292 1522 409 1557 sapiant.
428 1522 582 1558 Objiciebat
601 1524 749 1560 aliquando
761 1525 876 1555 Photius
892 1526 955 1555 Cle-

167 1566 251 1617 menti
265 1565 391 1595 Romano
411 1576 418 1594 :
437 1568 497 1596 ’Ὁτι
526 1569 656 1605 ἀρχιερέα
672 1570 719 1597 καὶ
736 1571 889 1607 προστάτην
910 1572 956 1599 τὸν
968 1588 990 1617 c

166 1611 267 1648 Κύριον
284 1613 362 1649 ἡμῶν
380 1613 483 1649 Ἰησοῦν
500 1614 616 1650 Χριστὸν
633 1615 812 1651 ἐξονομάζων,
829 1617 889 1644 οὐδὲ
904 1617 954 1650 τὰς

165 1658 328 1695 θεοπρεπεῖς
339 1659 386 1686 καὶ
397 1659 564 1696 ὑψηλοτέρας
579 1661 668 1697 ἀφῆκε
681 1662 744 1698 περὶ
757 1663 839 1690 αὑτοῦ
852 1665 958 1702 φωνάς

168 1715 177 1731 ι
196 1705 275 1740 Quod
292 1714 430 1734 summum
449 1708 620 1735 sacerdotem
646 1709 844 1745 praesidemque
864 1711 956 1738 Domi-

165 1760 230 1779 num
258 1757 383 1780 nostrum
400 1753 494 1781 Jcsum
509 1753 650 1782 Christum
676 1756 825 1790 appellans,
844 1764 878 1784 ne
894 1757 955 1785 illas

165 1798 277 1834 quidem
306 1797 363 1826 Deo
387 1800 582 1828 convenientes
608 1805 635 1828 et
663 1801 837 1831 sublimiore:
862 1803 896 1830 de
921 1810 955 1831 eo

165 1852 248 1872 voces
267 1846 497 1879 pronuntiaverit.
512 1857 522 1873 ι
551 1846 585 1874 Et
604 1848 731 1875 secundm
750 1848 810 1883 ejus
831 1848 955 1884 epislolaz

166 1891 258 1918 minus
278 1896 393 1926 recepta:
410 1891 462 1919 hoc
482 1892 680 1920 adminiculum
699 1893 820 1926 adhibet,
836 1894 909 1929 quod
925 1895 954 1921 ὲν

163 1938 234 1974 ἀρχῇ
250 1937 367 1973 Χριστὸν
383 1936 428 1964 τὸν
444 1937 510 1964 Θεὸν
536 1938 662 1976 κηρύσσῃ
675 1959 682 1971 ,
710 1948 720 1964 ι
739 1939 766 1966 in
792 1939 851 1974 ipso
875 1939 954 1967 initio

161 1981 304 2009 Christum
320 1981 403 2009 Deum
417 1982 555 2017 pradicet.
572 1993 581 2009 ι
602 1982 694 2010 Prima
711 1984 784 2011 enim
801 1984 875 2012 illius
889 1984 953 2019 Epi—

163 2026 240 2053 stulae
251 2026 332 2053 verba
348 2032 430 2054 sunt:
450 2027 583 2062 Ἀδελφοὶ,
599 2028 686 2060 οὕτως
699 2029 739 2055 δεῖ
754 2030 828 2065 ἡμᾶς
845 2031 954 2065 φρονεῖν

162 2072 229 2109 περὶ
253 2071 339 2109 Ἰησοῦ
354 2074 482 2109 Χριστοῦ,
501 2074 539 2106 ὡς
556 2074 620 2112 περὶ
637 2074 715 2106 Θεοῦ,
742 2085 751 2100 ι
771 2074 897 2109 Fratres,
915 2077 953 2103 ita

163 2120 272 2150 oportet
286 2124 336 2143 nos
350 2116 383 2144 de
395 2117 506 2145 Christo
521 2118 634 2151 sentire,
650 2124 680 2145 ut
692 2120 726 2146 de
743 2119 806 2147 Deo.
821 2129 830 2146 ι
852 2119 952 2149 Primis

163 2163 256 2196 itaque
282 2161 410 2190 Ecclesize
438 2164 609 2198 temporibus
636 2164 708 2192 hanc
741 2166 952 2200 appellationem

163 2208 283 2235 maxime
298 2210 504 2236 convenientem
519 2210 626 2244 putavit
639 2210 760 2245 optimus
772 2219 868 2238 censor
878 2210 952 2239 Pho-

1009 963 1121 992 vocant,
1144 959 1225 986 nobis
1246 959 1274 986 in
1290 959 1417 995 genuinis
1437 959 1560 994 epistolis
1584 959 1815 987 commendavit.

1007 1004 1082 1032 Nihil
1103 1005 1138 1033 de
1157 1005 1244 1038 festis,
1264 1005 1334 1032 nihil
1350 1005 1385 1033 de
1399 1006 1478 1033 statis
1493 1005 1666 1041 jejuniorum
1692 1008 1816 1041 tempo-

1008 1051 1098 1084 ribus,
1113 1051 1182 1078 nihil
1196 1051 1230 1079 de
1246 1059 1322 1079 more
1333 1050 1476 1079 Paschalis
1496 1051 1665 1083 celebrandi,
1683 1051 1758 1078 nihil
1774 1051 1815 1079 de

1007 1096 1184 1125 Pentecostes
1195 1101 1244 1125 aut
1255 1096 1368 1126 Sabbati
1379 1096 1582 1130 observatione,
1597 1097 1667 1124 nihil
1681 1097 1815 1132 denique

1008 1143 1042 1171 de
1055 1150 1223 1178 quocunque
1237 1143 1303 1176 ritu,
1328 1143 1409 1178 cujus
1424 1143 1576 1178 antiquitas
1594 1143 1622 1170 in
1636 1147 1814 1170 controver-

1008 1189 1078 1216 siam
1093 1189 1188 1216 venire
1202 1192 1302 1223 potest,
1317 1189 1412 1216 tradit.
1427 1187 1504 1215 Talia
1521 1188 1633 1223 quidem
1655 1188 1812 1223 quamplu-

1008 1235 1080 1262 rima
1102 1239 1159 1262 tum
1186 1234 1214 1262 in
1234 1234 1506 1270 interpolationibus,
1523 1239 1580 1262 tum
1605 1234 1633 1261 in
1647 1234 1723 1262 lictis
1743 1235 1811 1269 epi-

1009 1281 1089 1309 stolis
1103 1281 1279 1316 reporiuntur
1295 1289 1302 1306 :
1316 1288 1406 1316 neque
1420 1281 1567 1315 quisquam
1580 1279 1644 1314 jure
1661 1280 1811 1308 allirmare

1006 1331 1097 1362 potest
1114 1330 1161 1354 aut
1183 1326 1316 1358 credere,
1340 1326 1520 1361 impostorem
1543 1325 1618 1353 tertii
1640 1325 1738 1353 saeculi
1768 1325 1811 1353 ab

1006 1373 1136 1401 omnibus
1161 1372 1320 1408 huiusmodi
1349 1372 1450 1400 ritibus
1476 1379 1527 1400 sua
1549 1375 1629 1398 aetate
1657 1371 1808 1406 usurpatis

1007 1419 1147 1447 abstinere
1161 1418 1293 1446 voluisse.
1318 1417 1392 1446 Nulli
1415 1418 1498 1453 igitur
1513 1425 1572 1445 aevo
1585 1417 1639 1446 nisi
1654 1416 1807 1453 lguatiano

1006 1465 1065 1507 hac
1078 1464 1227 1493 convenire
1239 1465 1394 1492 videantur.

1041 1519 1145 1554 Quarto
1165 1521 1364 1549 charismatum
1387 1520 1513 1548 meminit
1540 1525 1606 1548 tunc
1626 1520 1654 1547 in
1673 1518 1804 1548 Ecclesia

1008 1568 1128 1596 maxime
1147 1567 1316 1601 florentium,
1335 1573 1362 1595 et
1376 1567 1496 1602 Spiritus
1519 1567 1606 1594 sancti
1626 1566 1661 1594 ad
1677 1574 1708 1594 se
1727 1573 1804 1593 uou-

1006 1621 1147 1649 nunquam
1170 1614 1318 1650 loquentis,
1346 1614 1419 1648 quod
1434 1613 1601 1649 posteriores
1626 1612 1719 1640 facere
1741 1620 1802 1640 non

1005 1660 1104 1687 solent.
1120 1658 1288 1687 Parcissime
1301 1658 1388 1686 utitur
1408 1659 1574 1686 testimoniis
1588 1658 1617 1686 S.
1632 1657 1801 1692 Scriptura.

1004 1704 1134 1732 Paulina:
1159 1704 1269 1740 quidem
1295 1703 1427 1739 epistolas
1449 1703 1551 1740 ubique
1575 1703 1712 1737 imitatur,
1735 1710 1803 1738 qua

1004 1758 1019 1779 a
1039 1750 1176 1785 principio
1201 1750 1230 1777 in
1257 1749 1382 1777 ecclesiis
1409 1749 1537 1777 omnibus
1563 1749 1641 1777 fuere
1663 1749 1803 1784 receptis-

1003 1797 1102 1830 sima;
1128 1795 1275 1832 Evangelia
1300 1796 1412 1830 parcius
1436 1795 1518 1828 citat,
1533 1802 1595 1830 quae
1615 1794 1705 1822 serius
1723 1794 1800 1822 neci-

1003 1843 1149 1878 piebantur
1172 1847 1199 1870 et
1224 1849 1239 1869 a
1264 1842 1366 1877 spuriis
1395 1841 1650 1876 distinguebantur;
1678 1847 1801 1875 quaque

1005 1888 1118 1916 secundi
1148 1888 1241 1916 saeculi
1269 1888 1325 1922 jam
1360 1887 1444 1914 adulti
1477 1891 1504 1914 et
1539 1886 1613 1914 tertii
1646 1885 1800 1920 scriptores

1005 1933 1229 1970 frequentissime
1252 1934 1431 1969 usurpabant.
1448 1933 1539 1969 Ipsum
1569 1932 1730 1968 scriptionis
1750 1939 1800 1966 ge-

1003 1988 1057 2008 nus
1071 1988 1126 2008 non
1140 1981 1284 2008 minimum
1299 1984 1342 2008 est
1355 1981 1478 2016 ejusdem
1493 1980 1542 2007 aevi
1562 1979 1706 2007 indicium.
1721 1977 1800 2006 Nihil

1003 2027 1032 2055 in
1060 2027 1104 2054 his
1127 2027 1251 2062 epistolis
1276 2031 1455 2060 extraneum,
1481 2026 1549 2053 nihil
1582 2033 1617 2053 ex
1639 2024 1800 2052 eruditione

1005 2073 1146 2108 gentilium
1158 2066 1327 2108 profectum;
1352 2072 1444 2099 omnia
1459 2071 1611 2099 doctrinam
1625 2076 1693 2105 pure
1711 2077 1802 2097 evana'

1003 2119 1135 2154 gelicam,
1150 2124 1176 2147 et
1191 2119 1395 2154 simplicitatem
1416 2118 1469 2145 viri
1488 2117 1631 2152 apostolici
1657 2116 1797 2144 redolent.

1003 2164 1054 2198 Qui
1070 2169 1163 2200 postea
1176 2166 1321 2200 scripsere,
1334 2164 1477 2192 doctorum
1490 2163 1561 2199 apud
1577 2167 1672 2198 gentes
1686 2167 1800 2190 semen.

1003 2211 1056 2239 tias
1076 2219 1226 2247 usurpare,
1255 2216 1282 2239 et
1300 2218 1397 2239 eorum
1420 2217 1618 2245 nonnunquam
1637 2209 1723 2236 etiam
1744 2208 1798 2235 do-

163 2255 235 2288 tius;
267 2262 299 2282 ea
325 2259 417 2282 autem
448 2256 529 2283 toties
557 2256 592 2283 ab
615 2255 720 2292 lgnatio
748 2258 873 2292 repetita,
902 2266 952 2286 nec
968 2264 991 2292 ι)
1005 2264 1096 2294 gmata
1109 2257 1273 2285 Christiana:
1290 2257 1417 2292 religioni
1435 2256 1590 2283 immiscere
1604 2255 1730 2283 solebant
1745 2263 1753 2281 :
1769 2256 1797 2282 id

162 2309 224 2329 cum
244 2301 307 2329 ullis
320 2302 502 2337 posteriorum
525 2302 737 2332 limitationibus
760 2305 876 2339 prolata.
902 2306 951 2333 sed

163 2347 235 2375 nude
260 2352 288 2374 et
310 2347 471 2382 simpliciter
495 2348 597 2383 ubique
628 2350 772 2384 praedicata
802 2351 950 2379 maximam

162 2394 325 2421 veneranda:
350 2393 424 2421 illius
442 2394 614 2428 antiquitatis
634 2400 662 2422 et
677 2396 864 2431 simplicitatis
887 2405 951 2433 spe—

162 2439 232 2466 ciem
246 2439 368 2467 exhibet.

199 2484 294 2513 Tertio
308 2485 444 2514 Eusebius
460 2485 557 2520 lgnatii
576 2487 706 2522 epistolas
721 2492 796 2516 tanta
810 2497 872 2516 cum
888 2490 951 2518 dili-

167 2531 258 2565 gentia
279 2531 433 2566 descripsit,
449 2532 523 2566 quod
537 2532 588 2567 ipsi
606 2532 673 2560 visa:
697 2533 752 2561 sint
776 2535 950 2563 traditionem

162 2576 341 2610 apostolicam
356 2584 534 2611 conservare,
551 2578 731 2614 προύτρεπεν,
750 2579 848 2615 inquit,
867 2581 952 2617 ἀπρὶξ

161 2622 271 2658 Ξχεσθαι
288 2623 337 2659 τῆς
352 2623 407 2650 τῶν
418 2624 575 2651 ἀποστόλων
591 2626 776 2662 παραδόσεως.
789 2627 847 2654 Hoc
860 2632 951 2655 autem

163 2669 366 2704 intelligendum
386 2679 540 2703 monemus.
556 2677 586 2699 ut
600 2673 651 2707 ipsi
672 2679 779 2701 veteres
795 2675 951 2708 voluerunt,

163 2721 217 2741 non
232 2719 261 2742 ut
277 2717 370 2751 nuperi
386 2718 532 2751 scriptores
546 2718 718 2755 intelligunt;
736 2720 815 2754 quasi
830 2721 952 2755 lgnatius

163 2761 270 2795 scriptis
286 2763 416 2790 mandare
442 2765 468 2790 in
483 2764 575 2791 animo
591 2764 718 2793 habuerit
742 2765 902 2794 traditiones
918 2768 952 2794 ab

163 2808 291 2840 apestohs
303 2814 440 2844 acreptas,
457 2818 526 2844 quas
540 2810 578 2837 illi
594 2811 697 2846 scripto
721 2812 835 2839 minime
858 2812 951 2840 consi-

163 2857 293 2885 guasscnt
304 2863 310 2886 ;
321 2855 392 2888 quod
410 2856 577 2883 cardinalem
590 2856 750 2890 Baronium,
766 2862 793 2884 et
804 2857 873 2885 alios
885 2858 952 2886 adeo

163 2896 266 2926 lefcllit.
287 2898 357 2927 Nihil
371 2898 444 2929 aliud
460 2901 543 2929 voluit
559 2901 705 2935 Eusebius,
719 2909 801 2936 quam
818 2903 951 2936 lgnatium

1004 2309 1094 2332 autem
1111 2312 1143 2331 ex
1158 2311 1190 2331 ea
1207 2311 1298 2331 rerum
1324 2303 1450 2336 scientia,
1468 2309 1531 2338 qua,
1547 2306 1694 2336 antequam
1710 2301 1797 2328 Chri-

1003 2349 1087 2377 stiani
1111 2349 1227 2383 tierent,
1254 2349 1360 2385 praediti
1388 2349 1516 2380 fuerant,
1541 2348 1739 2383 praestiterunt,
1767 2354 1798 2375 ut

1003 2395 1189 2423 Tertullianus
1205 2395 1342 2423 observat.
1367 2394 1488 2430 lgnatius
1503 2394 1548 2421 diu
1569 2394 1627 2429 jam
1644 2394 1797 2428 episcopus

1004 2441 1112 2472 fuerat,
1136 2445 1164 2468 et
1181 2440 1369 2468 Christianam
1397 2441 1556 2475 religionem
1585 2445 1642 2467 tum
1671 2439 1795 2474 primum

1003 2492 1162 2522 susceperat
1177 2508 1185 2520 ,
1202 2495 1265 2515 cum
1280 2487 1409 2522 perpauci
1426 2495 1460 2514 ex
1471 2486 1598 2522 gentibus
1614 2486 1690 2513 docti
1712 2485 1795 2513 (Ξεινί-

1004 2533 1086 2561 stiani
1104 2534 1167 2561 facti
1184 2539 1263 2567 sunt;
1281 2534 1308 2560 in
1325 2541 1359 2561 eo
1379 2533 1462 2568 igitur
1476 2532 1656 2568 perspicimus
1671 2534 1793 2559 animam

1002 2586 1071 2614 pure
1094 2580 1278 2608 Christianam
1289 2601 1297 2613 ,
1336 2589 1345 2605 Ι
1361 2587 1415 2607 non
1431 2579 1534 2607 scholis
1552 2579 1710 2611 formatam,
1736 2585 1792 2605 non

1002 2626 1174 2654 bibliothecis
1183 2627 1372 2659 exercitatam,
1380 2634 1432 2653 non
1445 2626 1592 2654 academiis
1603 2631 1630 2653 et
1640 2626 1794 2660 porticibus

1003 2673 1101 2701 Atticis
1117 2678 1234 2708 pastam.
1251 2682 1261 2699 ›
1287 2672 1316 2700 Si
1337 2678 1443 2708 gentem
1468 2676 1496 2700 et
1513 2673 1658 2700 ecclesiam
1684 2677 1793 2707 spectes

1003 2719 1047 2747 cui
1061 2719 1180 2754 praefuit,
1201 2720 1264 2746 viro
1288 2719 1360 2755 apud
1386 2718 1471 2754 Syros
1489 2722 1530 2746 tot
1556 2725 1644 2746 annos
1671 2723 1791 2752 morato,

1003 2766 1026 2793 si
1042 2774 1096 2793 non
1117 2770 1144 2793 et
1159 2766 1230 2800 apud
1254 2765 1366 2794 eosdem
1389 2770 1455 2793 nato
1475 2765 1656 2799 educatoque,
1671 2765 1793 2792 maxime

1003 2813 1130 2840 convenit
1145 2813 1263 2848 plurium
1279 2812 1460 2846 epithetorum
1476 2811 1626 2846 congestio,
1641 2815 1672 2838 ut
1688 2814 1717 2838 et
1731 2811 1792 2838 lon-

1004 2859 1178 2894 gissimorum
1201 2859 1229 2886 S.
1239 2859 1318 2886 Pauli
1335 2858 1524 2894 prmfatiouum
1542 2859 1672 2886 imitatio.
1691 2858 1791 2894 Marty-

1004 2911 1061 2932 rem
1087 2905 1120 2932 ab
1142 2905 1202 2939 ipso
1225 2905 1388 2940 imperatore
1411 2904 1541 2932 Romano
1562 2905 1790 2937 condemnatum.
