1866 3073
60 160 112 188 an

397 159 424 187 ι.
447 159 626 188 PEABSONII
641 159 807 188 νιΝιὶιειιις
825 160 1032 190 ΙΟΝΑΤΙΑΝΑΕ.
1046 162 1178 191 -ΡΑιιδ
1196 161 1228 191 ll.

1632 164 1684 193 ατε

61 229 77 247 a
92 219 229 255 metropoli
247 218 343 255 Syria
353 221 505 249 Antiochia
521 221 554 249 ad
573 221 648 249 orbis
662 222 802 249 dominam
822 222 849 249 in
863 225 888 253 Α
903 223 952 251 xit.
968 222 1099 259 Origenes
1121 224 1203 259 igitur
1214 223 1312 251 Plotini
1329 223 1533 259 condiscipulus
1549 223 1685 252 Adaman-

61 266 173 294 vinculis
186 266 429 300 circumductum,
452 267 553 295 factum
571 268 675 302 angelis
694 272 722 295 et
733 268 852 295 homini-

61 313 112 340 bus
133 313 342 348 spectaculum,
360 315 481 341 maxime
505 315 658 342 docuerunt
686 314 768 342 ardor
795 315 850 348 ille,

61 364 138 394 atque
150 359 324 386 desiderium
339 367 393 395 pro
401 360 559 388 Christiana
574 360 706 395 religione
719 360 849 395 patiendi,

62 412 203 440 morasque
217 412 320 432 omne
335 410 420 440 atque
441 405 581 434 obstacula
597 406 756 434 removendi
771 405 851 434 fortis

60 455 88 479 et
101 455 232 478 constans
246 451 371 486 cupido;
391 459 453 486 qua:
467 459 529 480 cum
546 452 574 480 in
588 452 660 484 aliis,
680 455 737 479 tum
760 452 788 479 in
805 452 850 480 illa

59 498 207 532 praesrtim
224 497 260 524 ad
274 497 418 526 Romanos
434 498 549 533 epistola
563 497 655 526 verbis
669 497 715 533 pio
745 498 851 526 fervore

58 543 226 578 plenissimis
242 543 394 578 expressit.

89 588 306 617 Coneedendum
320 589 435 624 quidem
451 594 492 618 est
508 590 577 617 nihil
593 590 698 618 certius
716 593 765 618 aut
783 590 851 618 soli-

56 634 115 662 dius
136 635 276 669 seriptum
301 635 426 670 aliquod,
451 639 498 663 aut
515 636 703 663 narrationem
725 637 848 672 spuriam

56 681 180 715 probare,
203 689 292 716 quam
313 682 396 709 ﬁdem
421 686 573 717 temporum
594 682 732 710 violatam.
755 681 850 710 Tradit

56 727 181 755 laertius
200 727 402 762 Anaxagoram
436 728 629 763 philosophum
650 729 710 756 viso
733 729 848 757 Mausoli

56 775 182 810 sepulcro
198 774 276 802 hanc
291 775 456 803 sentenuam
473 776 640 810 protulisse:
656 775 748 810 Τάφος
764 775 847 802 πολυ-

55 821 131 856 τελὴς
145 817 336 856 λελιθωμένης
347 821 423 848 ἐστὶν
433 822 527 854 οὺσίας
544 822 664 850 εἴδωλον.
681 821 740 850 Non
756 823 846 850 credo.

55 868 234 903 Anaxagoras
247 867 322 895 enim
336 867 382 895 ille
400 869 501 904 olymp.
514 877 637 896 Lxxxvul
651 875 776 897 mortuus
788 873 846 902 est;

903 270 958 297 tius
974 274 1067 298 noster
1081 278 1142 298 esse
1159 278 1212 298 non
1229 270 1325 305 potuit.
1342 269 1519 298 Susarionem
1534 275 1561 298 et
1580 270 1686 307 Sanny-

903 315 1007 343 rionern
1031 316 1156 344 eumdem
1172 321 1278 351 poetam
1297 316 1383 344 fuisse
1395 316 1490 344 volunt
1509 317 1643 344 nonnulli.
1659 321 1687 344 et

902 362 1038 397 praecipue
1053 361 1187 390 Seldenus
1208 362 1242 389 ad
1258 361 1393 390 Marmora
1404 362 1608 390 Arundelliana.
1629 362 1686 397 Ego

901 413 992 436 autem
1012 414 1041 436 ut
1055 409 1163 436 credam
1188 410 1310 436 animum
1336 409 1464 436 inducere
1488 416 1543 436 non
1561 417 1684 444 possum,

902 461 964 481 cum
985 455 1055 482 ratio
1071 459 1224 490 temporum
1241 459 1382 491 repugnet.
1407 454 1475 483 Nam
1493 455 1607 483 Susario
1626 455 1684 483 lca-

901 500 1001 528 riensis
1021 501 1126 536 primus
1143 501 1286 529 comoediae
1308 501 1433 529 inventor
1447 501 1518 537 apud
1533 501 1684 529 Athenien-

901 554 946 574 ses
963 546 1031 579 fuit,
1046 547 1162 576 testibus
1176 547 1315 575 Clemente
1336 548 1532 581 Alexandrino,
1554 547 1685 576 Diomede

901 592 1076 625 scholastice,
1097 596 1124 620 et
1134 593 1219 621 veteri
1239 596 1352 622 auctore
1382 593 1409 620 in
1427 593 1568 629 prommiis
1580 594 1685 622 Aristo-

900 637 982 672 phani
1006 637 1134 672 prmlixis.
1155 638 1226 666 Ante
1248 644 1337 666 autem
1354 638 1489 667 Pisistrati
1513 640 1683 674 tyrannidem

900 682 1077 711 Susarionem
1106 684 1180 712 hunc
1209 686 1372 713 comoediam
1406 686 1543 714 lnvenisse
1566 694 1600 714 ex
1624 687 1684 722 ipso

899 737 1036 757 marmore
1049 730 1245 758 Arundelliano
1259 735 1377 759 constat.
1409 732 1444 758 At
1457 731 1601 767 Sannyrio,
1616 737 1685 760 teste

901 774 985 803 Suida
1009 775 1186 811 ν.Διοκλῆς,
1210 781 1267 803 tum
1288 776 1372 805 Diocli
1397 782 1453 804 tum
1470 777 1594 813 Philyllio
1619 786 1683 814 syn-

899 822 1020 850 chronus
1045 822 1096 851 fuit
1114 832 1120 849 :
1141 827 1169 850 et
1188 831 1281 851 revera
1306 824 1373 851 vixit
1390 829 1468 852 aetate
1479 824 1681 859 Aristophanis.

898 867 978 895 Certe
1006 874 1068 903 post
1091 869 1190 896 editam
1211 868 1349 904 Euripidis
1375 869 1535 905 tragtediam
1565 869 1683 897 Orestem

55 913 168 942 lassati
194 919 292 942 autem
315 915 472 949 sepulcrum
496 920 559 943 ante
581 916 682 952 olymp.
706 924 761 944 cvu
784 923 848 943 con-
863 913 885 940 Β
899 914 1008 949 scripsit
1023 922 1030 940 :
1051 918 1159 942 exstant
1177 916 1249 942 enim
1261 915 1322 950 ejus
1335 923 1430 943 versus
1443 923 1476 943 ex
1491 916 1576 951 ipsius
1591 916 1682 943 Danae

54 960 138 987 ditem
161 968 217 988 non
236 966 289 989 est.
312 961 368 988 Aut
391 961 475 996 igitur
490 962 547 989 haec
559 963 640 989 verba
663 962 846 997 philosophus

54 1006 98 1033 ille
112 1014 259 1041 nunquam
273 1007 354 1039 dixit,
366 1012 415 1034 aut
432 1007 486 1035 alia
504 1013 578 1035 certe
596 1008 745 1036 occasione
758 1008 844 1040 dixit;

54 1051 224 1080 lausoleum
250 1053 324 1080 enim
349 1061 490 1088 nunquam
515 1054 584 1082 vidit
605 1062 612 1080 :
635 1055 708 1090 quod
725 1055 760 1082 ab
780 1055 846 1082 illu-

53 1098 222 1126 stratoribus
248 1098 353 1126 Laertii
378 1100 511 1133 nondum,
537 1101 645 1135 opinor,
669 1101 845 1129 observatum

53 1149 101 1172 est.
129 1144 170 1172 Ita
190 1145 306 1180 quidem
321 1145 533 1174 Stesimbrotum
557 1147 668 1183 sugillat
681 1146 847 1175 Plutarchus

53 1192 78 1218 in
92 1191 157 1219 Vita
170 1191 381 1225 Themistoclis,
404 1192 477 1228 quod
492 1200 554 1220 eum
577 1193 721 1221 tradiderit
734 1196 847 1221 Anaxa-

53 1245 125 1273 gora
140 1237 312 1273 discipulum
336 1237 433 1270 fuisse,
454 1238 505 1265 οὐκ
520 1236 549 1265 εὖ
569 1239 624 1266 τῶν
643 1239 748 1275 χρόνων
764 1239 847 1266 ἁπτό-

55 1292 144 1318 μενος.
167 1283 208 1311 lta
228 1284 265 1311 de
286 1288 377 1312 morte
397 1283 539 1319 Eupolidis
561 1285 756 1313 historicorum
780 1293 846 1312 con-

53 1337 166 1357 sensum
183 1329 327 1364 diligentis
344 1329 533 1358 Eratosthenis
551 1331 701 1359 refutatum
719 1338 782 1359 esse
797 1330 847 1358 ob—

54 1380 145 1403 servat
158 1376 309 1403 Cieeroad
324 1376 456 1409 Atticum,
470 1376 517 1404 lib.
532 1384 559 1403 vi
570 1397 578 1410 ,
601 1377 682 1412 epist.
700 1377 712 1404 l
731 1385 738 1403 :
753 1385 762 1403 ι
778 1375 846 1410 Quis

50 1422 125 1449 enim
148 1429 206 1449 non
227 1422 299 1450 dixit
319 1422 438 1450 Εὔπολιν
453 1423 499 1449 τὸν
514 1423 565 1458 τῆς
580 1423 698 1458 ἀρχαίας
719 1422 754 1450 ab
771 1422 847 1450 Alci-

53 1468 131 1496 biade
145 1469 295 1504 navigante
307 1469 334 1496 in
348 1469 470 1496 Siciliam
485 1469 619 1505 dejectum
636 1476 697 1496 esse
713 1469 739 1495 in
754 1467 847 1495 mare?

53 1513 201 1548 Redarguit
221 1514 435 1548 Eratosthenes,
453 1515 531 1542 all'ert
550 1515 624 1542 enim
639 1521 708 1550 quas
725 1514 770 1541 ille
785 1517 847 1549 post

52 1560 79 1588 id
102 1566 215 1596 tempus
239 1561 347 1589 fabulas
371 1561 507 1589 docuerit.
525 1571 534 1587 ι
562 1560 662 1588 Narrat
687 1559 846 1587 Holstenius

50 1606 255 1642 Papbyrium,
276 1615 339 1634 cum
362 1607 451 1642 prima
475 1607 626 1634 litterarum
650 1614 682 1634 ac
706 1605 846 1641 sapientiae

51 1652 234 1680 fundamenta
248 1653 428 1688 percepisset,
443 1661 557 1688 puerum
582 1651 670 1681 ferme
684 1652 774 1680 adhuc
785 1651 846 1679 Ori-

50 1700 126 1733 geuis
146 1699 222 1727 fama
233 1699 356 1727 excitum
368 1699 560 1727 Alexandriam
573 1699 607 1726 ad
619 1699 772 1726 doctrinam
786 1699 847 1733 ejus

51 1743 256 1779 percipiendam
283 1744 440 1779 profectum
457 1744 552 1773 fuisse.
576 1743 636 1772 Non
661 1746 761 1778 credo;
782 1745 847 1772 licet

51 1791 107 1818 hoe
129 1797 163 1817 ex
182 1789 307 1818 Eusebio
321 1794 354 1823 ,et
368 1789 514 1818 Vincentio
538 1789 682 1818 Lirinense
701 1789 846 1826 Porphyrii

50 1837 218 1864 auctoritate
233 1844 265 1864 se
280 1837 436 1865 ostendisse
457 1840 544 1872 putet.
558 1835 720 1864 Vincentius
735 1837 846 1871 quidem

51 1882 122 1910 idem
137 1882 238 1916 tradit,
255 1882 304 1910 sed
319 1890 354 1910 ex
377 1883 449 1911 male
473 1883 593 1918 acceptis
607 1882 752 1919 Porphyrii
775 1882 846 1918 apud

51 1929 201 1957 Eusebium
221 1929 328 1963 verbis,
339 1937 402 1965 qua!
416 1937 479 1958 eum
490 1929 686 1958 Alexandriam
709 1930 743 1958 ad
758 1929 849 1957 viden-

50 1976 117 2002 dum
137 1973 289 2009 Origenem
320 1974 474 2010 profectum
500 1983 561 2003 esse
591 1975 706 2003 minime
731 1975 846 2008 docent;

50 2026 155 2048 tantum
169 2021 248 2048 enim
264 2020 323 2048 ait:
336 2019 372 2058 ᾯ
387 2021 466 2056 κάγὼ
480 2021 578 2057 κομιδῆ
590 2021 650 2054 νέος
664 2021 702 2048 ὢν
718 2021 759 2048 ἔτι
774 2022 847 2048 ἐντε-

50 2067 166 2104 ᾓὲκηκα,
186 2078 198 2094 ι
212 2076 297 2104 quem
310 2076 362 2103 ego
372 2068 483 2103 juvenis
497 2068 587 2096 adhuc
600 2068 726 2096 conveni.
743 2077 754 2094 ι
768 2067 847 2096 Certe

50 2115 226 2143 Alexandriae
257 2114 386 2150 Origenis
414 2114 501 2142 nostri
526 2114 679 2149 discipulus
703 2121 766 2142 esse
791 2121 846 2141 non

51 2161 139 2195 potuit
158 2160 347 2196 Porphyrius,
371 2160 419 2195 qui
444 2160 472 2187 in
492 2160 594 2188 ﬁnibus
607 2159 673 2196 Tyri
694 2167 768 2188 anno
781 2159 844 2187 Ale-

51 2207 145 2234 xandri
175 2205 274 2234 Severi
298 2205 407 2234 decimo
436 2209 518 2233 natus
542 2209 600 2238 est;
629 2204 725 2233 eodem
753 2209 844 2232 autem

896 964 953 987 tum
972 961 1042 996 apud
1054 960 1199 996 Euripidis,
1213 965 1270 988 tum
1290 961 1481 995 Aristophanis
1496 960 1680 992 Scholiasten,

895 1007 998 1042 quibus
1020 1008 1140 1042 exagitat
1160 1007 1356 1043 llegcloehum,
1372 1007 1510 1043 Euripidis
1520 1008 1680 1044 ὑποκριτὴν,

896 1054 943 1089 qui
957 1053 1079 1082 Orestem
1097 1061 1181 1089 agens
1196 1054 1359 1082 versiculum
1377 1054 1452 1081 illum
1463 1073 1471 1086 ,

973 1122 1022 1151 Ἐκ
1041 1123 1178 1157 κυμάτων
1193 1123 1248 1158 γὰρ
1263 1122 1350 1157 αὖθις
1364 1123 1403 1150 αὖ
1420 1122 1525 1158 γαλήν’
1541 1123 1612 1158 ὁρῶ,

898 1190 968 1217 male
982 1191 1215 1225 pronuntiaverat.
1240 1191 1338 1220 Plures
1360 1191 1443 1227 igitur
1455 1199 1537 1227 quam
1552 1192 1604 1220 HO
1617 1193 1681 1220 anni

897 1238 969 1266 inter
984 1238 1162 1266 Susarionem
1175 1257 1183 1270 ,
1207 1239 1326 1273 primum
1354 1238 1495 1266 commdiae
1508 1238 1580 1273 apud
1595 1238 1681 1266 Athe-

897 1284 1007 1312 uienses
1035 1284 1205 1312 inventorem
1216 1304 1225 1318 ,
1246 1288 1274 1311 et
1292 1283 1504 1319 Sannyrionem,
1519 1283 1618 1311 veteris
1632 1291 1681 1311 co-

899 1330 1004 1358 moediae
1019 1330 1191 1365 scriptorem,
1215 1330 1439 1358 intercesserunt.
1465 1329 1579 1357 Susario
1600 1329 1682 1364 igitur

896 1380 923 1403 et
936 1376 1072 1413 Sannyrio
1092 1376 1164 1404 idem
1179 1381 1257 1411 poeta
1272 1384 1334 1405 esse
1352 1385 1407 1404 non
1422 1377 1521 1412 potuit.
1546 1376 1579 1404 Et
1594 1376 1682 1404 miror

896 1421 1020 1450 lsaacum
1042 1422 1235 1450 Casaubonum
1255 1423 1293 1450 ita
1316 1422 1404 1458 decipi
1425 1423 1564 1458 potuisse,
1583 1427 1612 1450 ut
1628 1423 1681 1451 ista

896 1469 1028 1497 scriberet
1039 1468 1073 1496 ad
1085 1468 1206 1496 Athenaei
1221 1468 1267 1495 lib.
1280 1477 1328 1501 vn,
1344 1476 1404 1504 cap.
1418 1469 1435 1497 9
1448 1477 1455 1496 :
1469 1479 1478 1494 ί
1495 1469 1553 1496 Non
1565 1470 1676 1497 memini

897 1515 1003 1542 laudari
1027 1515 1092 1543 alibi
1115 1514 1142 1542 in
1167 1514 1209 1542 his
1231 1514 1311 1542 libris
1335 1514 1551 1542 vetustissimum
1573 1520 1680 1550 poetam

898 1561 1097 1596 Sannyrionem
1124 1560 1178 1588 nisi
1209 1560 1252 1587 hic
1275 1559 1319 1586 ubi
1346 1560 1475 1587 scribitur
1498 1568 1505 1587 :
1529 1560 1682 1596 Σαννυρίων

859 1588 880 1617 C
895 1606 917 1633 δ’
930 1608 959 1634 ὲν
973 1588 1085 1631 Ῠέλωτι
1109 1604 1142 1632 Ὦ
1154 1605 1270 1641 βατίδες,
1287 1603 1309 1632 ὥ
1319 1605 1444 1640 γλαύκων
1456 1605 1538 1641 κάρα,
1552 1588 1679 1641 Antiquae

896 1652 1038 1680 comoediai
1061 1657 1139 1686 poeta
1167 1652 1210 1679 hic
1233 1651 1284 1679 luit
1308 1652 1533 1687 antiquissimus,
1562 1652 1595 1679 de
1614 1660 1680 1687 quo,

896 1703 924 1726 et
936 1699 988 1726 ista
1002 1698 1062 1733 ejus
1074 1697 1219 1730 comoedia,
1233 1698 1330 1733 legitur
1345 1698 1372 1724 in
1386 1698 1577 1733 Aristophanis
1592 1698 1681 1725 Scho-

897 1745 954 1771 liis:
965 1745 1019 1771 Kal
1035 1744 1102 1779 αὑτὴ
1115 1744 1142 1770 δὲ
1158 1743 1287 1780 ἡπαλαιὰ
1303 1744 1403 1780 ἑαυτῆς
1418 1744 1551 1780 διαφέρει,
1568 1744 1614 1772 καὶ
1627 1745 1683 1781 γὰρ

896 1792 920 1818 οἱ
936 1792 965 1818 ὲν
978 1791 1086 1827 Ἀττικῇ
1103 1791 1210 1826 πρῶτον
1235 1791 1434 1827 συστησάμενοι
1459 1792 1490 1818 τὺ
1515 1791 1683 1827 ἐπιτήδευμα

896 1840 945 1876 τῆς
961 1839 1104 1875 κωμῳδίας
1120 1837 1200 1874 (ἦσαν
1215 1838 1244 1865 δὲ
1261 1839 1285 1865 οἱ
1303 1839 1366 1874 περὶ
1383 1839 1565 1875 Σαννυρίωνα)
1583 1839 1630 1866 καὶ
1647 1838 1682 1865 τὰ

897 1886 1030 1922 πρόσωπα
1045 1885 1155 1921 εἰσῆγον
1170 1885 1311 1916 ἀτάκτως,
1339 1884 1385 1911 καὶ
1404 1884 1483 1920 μόνος
1499 1882 1533 1920 ἦν
1549 1885 1636 1918 γέλως
1652 1885 1683 1912 τὸ

897 1931 1280 1967 κατασκευαζόμενον.»Νιιιιι
1312 1931 1403 1965 primo
1437 1931 1502 1958 alibi
1534 1931 1682 1958 Athenaeus

897 1978 1077 2014 Sannyrionis
1099 1978 1233 2010 meminit,
1249 1981 1278 2005 et
1294 1977 1415 2012 ejusdem
1430 1979 1512 2005 etiam
1535 1977 1645 2012 fabul-.r,
1662 1977 1680 2004 1.

897 2033 946 2058 xll,
968 2033 993 2053 c.
1007 2025 1057 2052 l3:
1077 2023 1144 2060 Περὶ
1160 2024 1189 2050 δὲ
1205 2023 1328 2059 Μελήτου
1346 2023 1428 2055 αὐτὸς
1453 2025 1467 2050 ὁ
1482 2023 1637 2060 Σαννυρίων
1652 2024 1682 2050 ὲν

895 2068 1086 2102 Γέλωτιλέγει
1101 2067 1188 2103 οὕτως
1202 2087 1210 2100 ,
1227 2067 1351 2102 Μέλητον
1367 2067 1412 2094 τὸν
1427 2067 1482 2094 ὰπὸ
1497 2069 1616 2104 Ληναίου
1639 2077 1682 2095 νε-

895 2115 971 2150 κρόν.
991 2114 1056 2142 Dein
1072 2115 1100 2142 in
1115 2114 1206 2142 verbis
1219 2113 1380 2142 Scholiasta
1395 2118 1472 2149 putat
1487 2122 1580 2142 vocem
1594 2115 1681 2149 γέλως

896 2160 1077 2196 Sannyriouis
1102 2159 1221 2187 fabulam
1246 2160 1391 2193 denotare,
1417 2168 1479 2187 cum
1505 2161 1574 2188 nihil
1607 2161 1682 2188 aliud

896 2206 941 2233 hic
962 2206 1098 2241 signiticet
1111 2213 1195 2240 quam
1220 2205 1306 2233 risum
1330 2206 1500 2241 simpliciter.
1517 2213 1598 2240 quem
1621 2210 1682 2232 tan-

50 2260 119 2281 auno
146 2251 285 2288 Origenes
307 2251 473 2279 Alexandria
502 2251 599 2287 pulsus
624 2255 676 2279 est.
714 2250 846 2279 Scribunt
861 2260 883 2287 ι)
898 2250 1040 2278 tummodo
1060 2250 1220 2285 spectabant
1233 2250 1313 2286 primi
1335 2251 1532 2278 commdiarum
1553 2251 1681 2284 editores,

49 2303 182 2333 praeterea
204 2302 312 2326 veteres
330 2297 474 2333 Origenem
488 2297 634 2334 quemdam
645 2297 731 2325 luisse
745 2297 845 2324 Plotini

49 2344 284 2379 condiscipulum,
300 2348 328 2372 et
345 2343 429 2371 simul
443 2351 506 2372 cum
522 2344 645 2372 maximo
659 2343 706 2371 illo
719 2343 845 2378 philoso-

48 2391 102 2425 pho
124 2390 269 2418 audivisse
283 2390 461 2417 Ammonium
476 2397 524 2425 per
538 2390 665 2418 undecim
689 2389 775 2417 ferme
794 2396 846 2416 an-

48 2443 98 2464 nos
115 2435 305 2464 Alexandriae.
338 2434 418 2463 llunc
440 2434 587 2471 Origenem
609 2439 735 2463 nostrum
759 2434 845 2463 fuisse

48 2481 144 2508 volunt
157 2480 273 2514 eruditi,
291 2485 318 2508 et
331 2481 470 2516 praecipue
487 2480 656 2509 Holstenius.
672 2480 732 2508 Non
745 2480 842 2513 credo;

49 2532 174 2563 tempora
198 2527 274 2555 enim
301 2535 357 2555 non
380 2527 475 2555 minus
493 2535 576 2562 quam
600 2527 656 2556 alia
679 2531 842 2562 repugnant.

49 2572 176 2602 Plotinus
190 2581 248 2602 non
260 2573 332 2602 vidit
342 2574 538 2602 Alexandriam
558 2578 623 2602 ante
639 2581 742 2601 annum
758 2573 844 2600 unde—

49 2619 148 2648 cimum
162 2620 313 2648 Alexandri
325 2619 485 2653 ﬂammaue,
499 2623 530 2649 ut
545 2624 660 2648 testatur
671 2619 699 2647 in
711 2619 772 2655 ejus
783 2619 843 2647 Vita

49 2664 230 2702 Porphyrius,
249 2673 278 2694 et
295 2667 380 2702 paulo
395 2671 458 2701 post
472 2667 621 2694 Ammonio
635 2665 795 2702 prteceptori
813 2673 844 2694 se

51 2715 176 2748 tradidit,
203 2722 268 2742 cum
291 2714 349 2750 jam
372 2713 505 2749 Origenes
532 2718 625 2742 noster
647 2713 842 2741 Alexandriam

52 2760 202 2796 relinquere
214 2764 330 2789 coactus
344 2764 430 2792 esset.
450 2767 506 2795 quo
527 2767 668 2795 nunquam
683 2763 775 2794 postea
798 2766 843 2786 re-

51 2813 141 2835 vessus
162 2811 217 2836 est.
245 2807 306 2836 Non
333 2807 420 2843 igitur
439 2806 486 2834 ille
500 2806 673 2834 Alexandriae
691 2806 758 2839 fuit,
778 2813 841 2833 cum

52 2852 169 2883 Plotinus
195 2854 379 2883 Ammonium
405 2853 529 2886 audivit,
553 2853 640 2881 multo
664 2854 757 2881 minus
778 2860 841 2880 cum

50 2899 164 2932 Plotinus
181 2902 266 2931 simul
288 2906 317 2930 et
327 2900 480 2929 Ammonio
501 2904 528 2928 et
543 2898 655 2936 Origeni
673 2907 725 2928 suo
739 2898 841 2928 valedi-

895 2304 966 2332 quos
985 2300 1065 2323 vocat
1086 2297 1149 2328 τοὺς
1175 2296 1283 2332 πρῶτον
1302 2297 1523 2332 συστησαμένους
1538 2297 1569 2324 τὸ
1584 2297 1682 2333 ἐπιτή-

893 2342 981 2377 δευμα
1004 2341 1053 2377 τῆξ
1068 2341 1223 2377 κωμῳδίας.
1249 2341 1371 2378 Denique
1392 2349 1446 2370 non
1469 2343 1534 2370 vidit
1553 2343 1681 2370 mendum

894 2388 978 2416 latere
994 2388 1021 2415 in
1042 2388 1169 2422 nomine;
1195 2396 1258 2415 nam
1276 2396 1326 2424 pro
1347 2389 1521 2426 Σαννυρίωνα
1539 2389 1681 2425 legendum

893 2442 954 2462 esse
971 2435 1144 2470 Σουσαρίωνα
1166 2439 1271 2462 certum
1287 2439 1347 2462 est:
1361 2439 1391 2462 ut
1406 2435 1487 2470 paulo
1500 2439 1562 2470 post
1587 2435 1613 2462 in
1627 2435 1682 2462 alio

893 2484 1055 2513 argumento
1076 2480 1204 2515 legimus,
1218 2480 1266 2517 τὴν
1281 2480 1426 2516 κωμῳδίαν
1446 2480 1582 2517 ηὑρῆσθαι
1600 2487 1682 2515 φασιν

894 2525 947 2552 ὑπὸ
962 2525 1159 2561 Σουσαρίωνος.
1178 2525 1322 2554 Diomedes
1333 2526 1533 2554 Grammaticus
1546 2534 1553 2552 :
1569 2535 1578 2552 ι
1593 2525 1682 2553 Poetae

894 2573 975 2608 primi
986 2573 1084 2601 comici
1095 2572 1206 2600 luerunt
1220 2572 1363 2605 Susarion,
1380 2572 1480 2599 Mullus
1497 2576 1524 2599 et
1535 2571 1655 2607 Magnes.
1667 2581 1677 2598 ι

892 2619 1019 2648 Clemens
1034 2618 1236 2646 Alexandrinus
1262 2617 1391 2645 Stromat.
1416 2619 1463 2646 lib.
1482 2626 1489 2646 ι
1508 2618 1680 2655 εΚωμῳδίαν

893 2666 1041 2702 ἐπενόησεν
1068 2666 1213 2702 Σισαρίων-
1235 2663 1269 2700 [Ι.
1292 2665 1463 2703 Σουσαρίων]
1536 2664 1678 2701 Ἰκαριεύς.

893 2711 1040 2740 Diomedes
1052 2709 1238 2740 Scholasticus
1253 2712 1280 2738 in
1291 2711 1463 2738 bibliothecae
1482 2710 1572 2746 Regia;
1584 2719 1635 2739 ms.
1652 2711 1680 2738 in

893 2758 1066 2794 Expositione
1079 2758 1267 2786 Grammatice
1282 2757 1404 2793 Dionysii
1419 2757 1533 2785 Thracis
1547 2766 1553 2784 :
1567 2756 1680 2793 Πρῶτον

892 2803 939 2832 οὖν
951 2805 1106 2840 Σουσαρίων
1125 2814 1167 2837 τις
1181 2805 1231 2840 τῆς
1245 2805 1383 2841 ἐμμέτρου
1401 2803 1544 2840 κωμῳδίας
1559 2803 1680 2839 ἀρχηγὸς

892 2851 1018 2886 ἐγένετο,
1039 2849 1069 2878 οὗ
1085 2851 1118 2878 τὰ
1137 2852 1187 2888 μὲν
1207 2852 1333 2888 δράματα
1354 2851 1423 2887 λήθῃ
1445 2850 1677 2886 κατενεμήθησαν.

893 2898 923 2927 lu
946 2897 1134 2927 vetustissimo
1166 2905 1302 2926 marmore
1325 2897 1521 2926 Arundelliano
1541 2905 1547 2922 :
1572 2896 1629 2931 Ἀφ’
1646 2891 1678 2922 ab
