1866 3073
180 173 235 199 '279

181 232 211 256 ἐν
227 231 353 267 Ἀθήναις
371 229 499 266 κωμῳδία
519 228 628 265 πρῶτον
650 227 729 264 ἐτέθη
748 228 794 254 ἐπὶ
815 227 904 254 σανίσι
919 226 974 254 τῶν

187 276 327 313 Ίκαρίεων
352 276 477 311 εὑρόντος
504 275 697 311 Σουσαρίωνος.
726 274 755 301 ln
778 273 865 301 Icario
891 273 963 300 enim

180 322 276 350 Attica
287 322 387 358 populo
403 322 539 349 iuventam
557 321 641 348 fuisse
656 320 766 348 tradunt
781 325 837 347 tum
860 327 964 347 como:-

180 370 252 396 diam
278 374 335 396 tum
360 368 519 402 tragmdiam
541 372 656 395 veteres.
686 367 833 394 Athenaeus
854 366 903 392 lib.
926 373 964 398 ιι,

180 423 240 449 cap.
255 415 291 442 ὃς
307 413 373 440 Ἀπὸ
392 413 477 449 μέθης
495 413 543 440 καὶ
564 413 581 448 ἡ
598 412 648 448 τῆς
662 411 806 448 κωμῳδίας
820 411 866 438 καὶ
883 411 900 447 ἡ
918 411 966 446 τῆς

180 461 332 498 τραγῳδίας
349 460 456 496 εὕρεσις
474 460 504 486 ὲν
526 459 634 495 Ἰκαρίῳ
645 459 693 494 τῆς
713 458 838 493 ’Δττικῆς
854 457 964 493 εὑρέθη.

181 506 258 535 Unde
282 506 354 542 apud
382 506 521 534 Suidam:
552 505 664 537 Θέσπις,
698 503 830 540 Ἰκαρίου,
862 503 966 535 πόλεως

185 552 321 588 Ἀττικῆς,
343 551 483 587 τραγικός.
507 551 585 586 Apud
607 549 758 578 lcarienses
777 550 860 585 igitur
881 549 966 576 Susa-

180 599 240 626 riou
264 598 428 626 conicediam
454 597 567 630 invenit,
594 596 666 624 unde
684 604 746 624 cum
758 595 883 624 Clemens
904 595 966 623 lca-

179 644 298 671 riensem
314 647 409 675 vocat;
431 649 485 669 non
501 641 574 676 quod
598 641 625 668 in
644 648 677 669 co
692 648 761 676 pago
785 646 866 668 natus
881 645 965 674 esset,

178 694 227 717 aut
246 697 279 717 ex
301 689 390 716 Attica
415 687 566 720 oriundus;
593 691 673 715 natus
694 688 767 714 enim
790 691 833 715 est
853 687 880 714 in
899 694 966 722 agro

178 736 305 771 proximo
334 735 506 771 Megarensi,
534 740 564 763 ut
588 735 647 770 ipse
673 735 706 762 de
735 741 764 762 se
792 735 908 761 testatur
936 734 964 761 in

178 782 279 810 iambis
302 782 349 817 qui
371 782 522 809 etiamnum
551 780 623 816 apud
639 780 797 808 Diomedem
813 779 966 807 Schoiasti-

178 835 241 855 cum
256 832 414 863 supersunt,
427 832 455 855 et
470 828 497 855 in
511 827 584 855 hunc
600 827 710 855 modum
725 830 853 862 corrupte
867 826 895 853 in
911 833 964 853 ms.

180 873 307 909 leguntur
316 881 324 902 :

238 940 369 968 Ἀκούετε
381 939 502 972 λέξεως·
519 937 692 972 Σουσαρίων
708 936 778 963 τάδε
793 936 885 971 λέγει,

235 975 302 1009 nec
317 975 440 1002 Φιλίνου
461 975 622 1009 τεταρῶου
642 972 844 1007 Τριποδίσκος.

214 1043 268 1072 Sed
286 1052 337 1079 pro
358 1043 508 1080 γεγαρόθου
523 1041 702 1078 Τριποδίσκος
713 1041 856 1076 legendum
870 1039 966 1075 procul

178 1089 262 1118 dubio
284 1088 442 1124 Μεγαρόθεν
457 1087 658 1123 Τριποδίσκιος,
679 1091 710 1113 ut
724 1086 804 1113 metri
827 1086 899 1113 ratio
914 1093 963 1121 po-

179 1134 273 1162 stulat.
285 1133 333 1162 Est
344 1139 434 1162 autem
447 1133 637 1170 Τριποδίσκιος
649 1140 701 1159 vox
716 1132 836 1168 gentilis.
846 1132 964 1167 Stepha-

179 1189 243 1214 nus,
256 1180 288 1207 τὺ
303 1180 410 1207 ὲθνικὶν
426 1179 594 1215 βορμίσκως,
612 1179 650 1210 ὡς
669 1179 862 1215 τριποδίσκιος,
885 1178 966 1213 δωρί-

179 1235 265 1259 σκιος,
280 1227 338 1261 lege
354 1226 499 1262 δορίσκιος.
515 1225 550 1253 Ut
563 1225 620 1260 ipse
635 1225 711 1257 alibi,
724 1224 755 1251 τὺ
766 1224 872 1251 ὲθνικὺν
883 1224 964 1260 δωρί-

179 1272 309 1306 σκιος,ὡς
318 1272 485 1308 δορμίσκιος,
499 1272 558 1306 lege
571 1270 876 1306 νίοἱεδίηι,βορμίσκιος-
888 1268 966 1297 Unde

178 1323 269 1346 autem
289 1318 478 1353 Τριποδίσκιος
498 1317 571 1345 clare
586 1317 666 1344 docet
688 1316 760 1344 idem
785 1315 963 1351 Stephanus:

177 1363 367 1399 Τριποδίσκος,
382 1363 429 1390 καὶ
445 1362 619 1398 Τριποδίσκοι
633 1361 714 1397 κώμη
730 1361 781 1396 τῆς
794 1360 964 1396 Μεγαρίδος,

177 1411 193 1436 ό
213 1410 325 1445 πολίτης
340 1409 540 1445 Τριποδίσκιος.
558 1408 735 1443 Tripodiscus
750 1407 833 1442 igitur
853 1407 880 1434 in
899 1414 964 1442 agro

178 1455 329 1491 Hegarensi
351 1462 437 1490 pagus
452 1459 509 1487 est;
527 1455 554 1481 in
568 1461 624 1489 quo
643 1454 690 1488 qui
711 1457 792 1480 natus
806 1456 848 1479 est
863 1452 964 1487 Τριπο-

177 1501 281 1533 δίσκιος
304 1501 454 1528 dicebatur.
487 1499 533 1528 Sic
563 1500 645 1536 igitur
673 1498 834 1527 Susarionis
858 1497 965 1526 iambos

178 1548 342 1583 interpretor
355 1555 363 1574 :

247 1615 343 1643 Audite
357 1615 455 1641 dictum
468 1622 478 1641 .'
495 1614 624 1642 Susarion
646 1614 700 1641 haec
720 1613 774 1646 ait,

248 1650 337 1678 Filius
353 1649 464 1682 Philini,
479 1658 493 1677 ε
508 1649 643 1685 Megaride
659 1647 839 1684 Tripodt'sct’us

212 1729 249 1758 Ut
267 1734 358 1758 autem
371 1728 517 1765 Origenem
540 1729 639 1756 Plotini
655 1727 872 1762 condiscipulum
888 1726 963 1754 Ada-

177 1775 312 1803 Inantium
334 1780 458 1803 nostrum
470 1795 479 1807 ,
494 1778 522 1801 et
545 1773 742 1809 Sannyrionem
760 1772 895 1801 comicum
911 1771 963 1799 Su-

178 1821 318 1849 sarioucui
342 1821 486 1849 commdiae
509 1821 679 1848 inventorem
703 1819 790 1847 fuisse
810 1823 964 1853 temporum

177 1867 249 1894 ratio
263 1874 318 1894 non
345 1867 477 1900 admittit;
504 1867 540 1894 ita
566 1866 589 1894 si
611 1866 678 1901 quid
695 1866 722 1893 in
739 1865 863 1901 epistolis
882 1865 963 1892 ﬁdem

177 1920 330 1949 temporum
355 1922 451 1942 revera
477 1914 617 1949 pulsaret,
634 1913 769 1949 lgnatium
791 1913 963 1948 epistolicum

178 1969 233 1991 non
260 1961 346 1989 fuisse
374 1962 555 1997 apostolicum
584 1962 662 1989 illum
685 1960 801 1988 libenter
827 1960 962 1989 concede-

177 2014 235 2034 rem
239 2025 247 2034 ι

214 2051 315 2080 Verum
338 2057 369 2080 ut
395 2053 463 2081 nihil
487 2053 589 2081 certius
612 2054 744 2089 scriptum
761 2052 872 2088 aliquod
897 2059 964 2088 spu--

177 2097 249 2126 rium
266 2106 328 2126 esse
349 2099 457 2133 probat,
475 2107 558 2134 quam
580 2099 648 2127 ﬁdes
665 2103 818 2135 temporum
841 2098 962 2132 violata;

176 2144 214 2171 ita
230 2151 313 2179 opera
325 2145 431 2172 auctori
446 2145 528 2172 alicui
545 2145 676 2179 ascripta,
687 2145 734 2173 sed
751 2144 899 2180 posteriori
910 2144 963 2171 ali-

177 2200 232 2228 quo
254 2191 356 2220 saeculo
371 2199 387 2218 a
411 2191 505 2218 ﬁctore
522 2191 688 2226 conscripta,
713 2191 770 2218 fere
790 2198 897 2226 semper
912 2191 964 2218 hac

175 2237 236 2272 ipsa
250 2238 357 2266 ratione
369 2245 399 2265 se
414 2237 542 2272 produnt,
560 2241 588 2266 et
601 2245 634 2265 ex
649 2237 796 2265 violatione
809 2242 962 2272 temporum

177 2284 376 2320 suppositiouis
407 2283 617 2311 convincuntur.
643 2283 735 2311 Edidit
768 2283 823 2311 Leo
846 2282 962 2311 Allatius

178 2329 384 2358 Socraticorum
410 2328 560 2363 epistolas,
583 2336 652 2363 quas
672 2329 707 2356 ab
730 2329 784 2357 illis
805 2329 873 2363 ipsis
887 2328 963 2360 viris,

178 2382 297 2409 quorum
312 2374 425 2401 nomina
450 2373 607 2408 praeferunt,
621 2374 793 2408 conscriptas
805 2373 890 2402 fuisse
903 2375 964 2403 dia-

177 2421 240 2456 logo
264 2420 331 2448 satis
352 2420 460 2454 prolixo
484 2419 658 2447 vehementer
678 2420 828 2453 contendit,
841 2421 889 2448 sal
904 2420 965 2447 i'ru-

177 2471 253 2499 stra;
277 2470 434 2500 temporum
456 2465 529 2493 enim
556 2465 625 2493 ratio
649 2465 760 2493 minime
786 2466 898 2501 patitur.
923 2466 964 2493 Ad

178 2513 290 2539 unicum
311 2516 503 2546 argumentum
521 2511 586 2539 inde
600 2511 711 2539 ductum
722 2511 756 2539 de
777 2512 900 2540 oratione
912 2511 965 2539 Po-

177 2557 290 2592 lycratis
304 2558 330 2584 in
344 2557 450 2592 judicio
465 2556 586 2586 Socratis
597 2557 702 2590 habita,
711 2558 791 2594 cujus
802 2559 917 2594 epistola
930 2559 965 2586 μ

178 2603 345 2631 mentionem
370 2603 446 2637 facit,
472 2605 510 2632 ita
534 2605 681 2639 respoth
704 2609 735 2633 ut
756 2605 790 2633 de
811 2613 884 2633 anno
907 2613 964 2641 quo

178 2649 307 2677 Socrates
334 2654 459 2677 mortuus
486 2654 544 2683 est,
571 2650 707 2679 veteribus
734 2650 862 2678 omnibus
888 2651 962 2678 litem

178 2699 297 2727 moveat.
312 2703 362 2724 nec
374 2701 466 2723 tamen
488 2696 573 2723 hilum
589 2696 724 2731 proﬁciat.
737 2695 835 2725 Omnia
847 2696 920 2724 enim
935 2697 963 2724 in

176 2747 209 2767 ea
223 2740 338 2775 epistola
360 2745 388 2768 et
412 2741 538 2775 nequeunti
559 2741 597 2769 ita
608 2746 740 2776 concepta
754 2745 828 2773 sunt.
841 2747 873 2770 ut
889 2741 963 2769 nulla

177 2789 310 2823 temporis
324 2789 395 2816 ratio
410 2789 553 2822 habeatur,
567 2789 691 2824 adeoque
706 2793 804 2816 cuncta
827 2788 890 2816 ﬁcta
902 2796 964 2816 esse

178 2833 297 2862 dilucide
318 2839 460 2870 appareat.
483 2834 608 2862 Euclides
621 2839 649 2863 et
663 2834 796 2870 ’l‘crpsion
810 2838 964 2869 queruntur

178 2881 399 2916 Xenophontem.
415 2888 477 2909 cum
491 2881 618 2910 Socrates
629 2887 792 2914 moreretur,
809 2889 864 2910 non
878 2882 963 2910 Athe-

179 2926 233 2962 nis,
248 2927 295 2956 sed
311 2927 505 2957 Lacedaemone
518 2926 620 2961 fuisse;
637 2935 699 2955 cum
714 2927 759 2955 ille
770 2926 964 2956 Lacedaemone

628 206 630 208 η
676 169 707 197 s.
727 158 904 197 lGNATlUS.
927 184 960 189 —
980 165 1247 195 pnomcoumu.

978 928 1000 956 Β

988 234 1009 262 Α
1026 230 1091 252 tunc
1106 231 1159 251 non
1175 222 1268 255 fuerit,
1282 221 1329 257 qui
1350 219 1464 248 Athenis
1483 223 1558 247 recta
1579 217 1608 245 in
1630 216 1732 244 Asiam
1761 219 1841 241 ante

1019 274 1136 297 mortem
1172 267 1294 296 Socratis
1330 266 1470 302 profectus
1499 269 1561 298 est,
1589 271 1642 292 nec
1665 262 1726 290 nisi
1762 264 1840 296 post

1017 315 1179 343 sexennium
1192 314 1220 341 in
1242 321 1302 340 eam
1326 314 1422 340 urbem
1444 310 1528 338 venit.
1548 309 1662 338 Etdum
1676 307 1752 335 huic
1769 306 1840 341 epi-

1018 361 1096 389 stola
1113 360 1265 395 Xenophon
1281 359 1439 394 respondet,
1454 356 1578 385 Platonis
1591 356 1697 390 scripta
1712 354 1839 390 sapius

1016 407 1145 443 suggillet
1158 427 1165 439 ν
1178 407 1251 442 quod
1264 411 1359 441 poetas
1373 413 1428 432 non
1450 404 1591 432 admiserit
1603 410 1668 431 eum
1681 401 1841 438 perstrin-

1017 454 1065 490 git,
1090 461 1153 482 cum
1175 454 1233 489 ipse
1249 461 1279 480 se
1301 453 1383 480 talem
1409 452 1436 479 in
1463 451 1544 479 libris
1563 450 1750 486 praestiterit;
1769 448 1840 476 ἰιιιο

1016 502 1178 527 sententiam
1203 507 1236 527 ex
1261 499 1377 534 epistola
1393 497 1520 525 Platonis
1538 497 1572 524 ad
1588 495 1765 531 Dionysium
1785 493 1838 521 8i-

1016 546 1087 574 ciliaa
1109 550 1255 582 tyrannum
1277 545 1381 580 carpit:
1409 551 1472 579 quae
1496 543 1589 571 omnia
1607 542 1654 570 diu
1677 545 1755 577 post
1774 540 1839 569 So—

1016 592 1101 620 cratis
1124 595 1242 619 mortem
1265 591 1391 626 evulgata
1411 594 1486 617 sunt.
1507 589 1546 616 lta
1566 587 1775 624 Xenophontis
1793 587 1836 615 si-

1015 637 1098 668 mius,
1113 643 1177 664 cum
1194 635 1309 663 vidisset
1322 635 1350 662 in
1366 635 1484 670 genuina
1499 634 1575 662 illius
1586 633 1718 669 epistola.
1736 633 1837 668 alios

1016 683 1199 719 fragmentum
1215 682 1287 718 apud
1303 681 1453 709 Eusebium
1469 684 1571 714 exstat,
1586 679 1745 715 perstringi
1760 678 1836 706 Pla-

1016 733 1108 757 tonem
1125 729 1161 756 ob
1174 728 1330 755 Σικελιῶτιν
1340 727 1495 764 τράπεζαν,
1510 727 1569 762 ipse
1582 725 1666 754 etiam
1683 733 1721 753 ea
1748 733 1833 760 sug-

1015 775 1119 811 gillavit
1138 782 1200 810 quae
1219 775 1253 802 ad
1269 773 1393 802 Siciliam
1415 773 1593 809 spectabant;
1609 772 1656 801 sed
1669 772 1746 799 dum
1763 771 1833 807 epi-

1015 819 1112 847 stolam
1128 820 1220 847 statim
1236 824 1300 855 post
1309 823 1426 847 mortem
1441 818 1564 846 Socratis
1577 818 1711 853 scriptam
1724 817 1831 853 ﬁngit,

1014 870 1043 893 et
1067 869 1221 901 temporum
1246 866 1381 893 rationem
1408 865 1504 898 violat,
1519 869 1548 892 et
1567 865 1690 900 seipsum
1709 863 1828 899 prodit.

1015 911 1158 945 Praeterea,
1176 911 1332 946 Aristippus
1353 910 1387 938 ad
1402 910 1486 938 tiliam
1511 917 1591 938 suam
1615 909 1773 944 epistolam
1787 909 1829 936 2³1

1015 957 1111 991 mittit,
1127 964 1190 985 cum
1211 957 1268 992 jam
1287 956 1389 984 Siciliae
1405 962 1552 992 tyrannum
1567 956 1626 991 ipse
1639 955 1825 991 reliquisset,

1014 1009 1042 1031 et
1053 1003 1110 1037 jam
1126 1003 1154 1030 in
1169 1002 1268 1038 Lipara
1284 1003 1375 1030 insula
1389 1002 1474 1030 morti
1485 1002 1595 1030 vicinus
1606 1007 1692 1034 esset,
1711 1001 1827 1029 tiliam-

1014 1056 1069 1084 que
1081 1053 1176 1076 monet
1189 1053 1220 1076 ut
1239 1048 1361 1076 Athenas
1382 1048 1587 1084 proﬁciscatur,
1601 1051 1628 1075 et
1642 1055 1709 1076 cum
1723 1047 1826 1083 lyrto

1014 1099 1042 1122 et
1064 1095 1198 1130 Xantippe
1217 1099 1341 1122 sanctam
1357 1095 1441 1122 vitam
1461 1095 1552 1128 colat;
1568 1094 1648 1130 quasi
1669 1098 1715 1122 tot
1731 1094 1824 1121 anuis

1014 1144 1077 1175 post
1101 1147 1195 1167 necem
1219 1139 1342 1168 Socratis
1364 1140 1416 1168 illa:
1440 1140 1503 1168 due
1526 1147 1628 1168 uxores
1653 1140 1682 1167 in
1712 1141 1821 1168 eadem

1014 1188 1098 1215 domo
1121 1187 1253 1220 viverent,
1278 1192 1307 1215 et
1330 1187 1447 1215 feminas
1473 1187 1667 1222 philosophice
1679 1187 1823 1215 institue-

1013 1238 1095 1267 rent;
1112 1241 1174 1261 cum
1192 1233 1291 1269 Ἆγι-ιο,
1306 1234 1329 1261 si
1344 1241 1465 1268 unquam
1481 1232 1606 1261 Socratis
1628 1240 1702 1260 uxor
1715 1234 1820 1268 iuuit,

1014 1284 1077 1307 ante
1091 1279 1180 1314 ipsum
1193 1284 1301 1306 mortua
1314 1279 1360 1307 sit.
1370 1279 1486 1307 Allatius
1498 1279 1608 1314 quidem
1619 1279 1655 1306 16
1667 1279 1703 1307 ad
1717 1280 1821 1308 latinus

1014 1334 1102 1354 annos
1120 1331 1182 1361 post
1199 1325 1328 1354 Lachetis
1342 1326 1532 1360 magistratum
1549 1325 1652 1353 vixisse
1666 1326 1819 1354 Socratem

1015 1372 1082 1404 vult.
1099 1372 1146 1399 sed
1160 1377 1255 1399 contra
1277 1371 1400 1399 omnium
1419 1375 1541 1399 veterum
1562 1371 1741 1399 sententiam.
1760 1372 1818 1400 De-

1015 1418 1128 1446 metrius
1140 1417 1291 1446 Phalereus
1304 1418 1372 1445 satis
1387 1417 1505 1445 idoneus
1526 1422 1623 1445 auctor
1637 1418 1713 1452 apud
1727 1417 1818 1445 Laer—

1014 1465 1094 1498 tium,
1110 1463 1245 1492 Diodorus
1257 1464 1378 1496 Siculus.
1390 1463 1542 1495 Aristides,
1555 1463 1659 1498 quibus
1672 1464 1815 1491 ctuiseutit

1014 1510 1143 1544 antiquus
1162 1509 1207 1537 i‘lle
1226 1509 1252 1536 in
1270 1509 1405 1537 Marmore
1424 1509 1621 1537 Arundelliano
1636 1509 1816 1544 chronogra-

1015 1555 1085 1589 phus
1095 1576 1103 1588 ,
1123 1555 1183 1590 Ἀφ’
1196 1551 1227 1582 οὗ
1243 1554 1423 1591 [μετανῆλθον
1438 1555 1464 1581 oi
1482 1554 1564 1591 μετ]ὰ
1580 1555 1675 1591 Κύρου
1689 1555 1816 1583 ἀναϐάν-

977 1609 999 1639 c
1014 1609 1070 1633 τες,
1082 1601 1130 1628 καὶ
1144 1601 1293 1637 Σωκράτης
1309 1600 1464 1636 φιλόωφ[ος
1477 1600 1519 1637 ἔτ]
1534 1600 1676 1636 dammas
1693 1601 1814 1638 ﬂtHbg]

1014 1646 1063 1682 ιτη
1078 1646 1264 1682 ἑὸδομήκοντα
1273 1667 1281 1680 ,
1291 1646 1346 1674 ἔτει
1353 1646 1421 1682 ρλξ,
1433 1646 1587 1682 ἄρχον[τος]
1610 1647 1742 1683 Ἀθήνῃσι
1754 1649 1816 1674 Ad—

1014 1701 1108 1728 χητος.
1122 1692 1231 1728 Optime
1243 1697 1318 1720 certe
1333 1693 1379 1720 ille
1396 1693 1450 1720 sub
1464 1693 1561 1720 eodem
1583 1694 1719 1721 archonte
1733 1695 1815 1729 point

1014 1739 1131 1766 reditum
1143 1746 1238 1766 eorum
1253 1738 1376 1774 quicum
1393 1739 1466 1775 Cyro
1481 1740 1678 1772 ascenderunt.
1693 1744 1723 1767 et
1735 1747 1813 1767 mor-

1015 1789 1068 1811 tem
1090 1783 1224 1812 Socratis.
1243 1783 1396 1819 Xenophon
1413 1785 1498 1818 enim,
1514 1793 1570 1819 quo
1581 1785 1654 1812 duce
1666 1785 1707 1812 illi
1720 1784 1812 1812 redie-

1014 1835 1088 1864 runt,
1102 1829 1256 1866 ἀναϐέϐηκε
1268 1831 1318 1857 σὺν
1333 1830 1417 1866 Κύρῳ
1428 1831 1475 1857 ἐπὶ
1490 1830 1623 1866 ἄρχοντος
1636 1830 1810 1862 Ξεναινέτου,

1014 1877 1056 1903 ἑνὶ
1069 1876 1195 1912 προτέρῳ
1207 1876 1263 1902 ἔτει
1277 1876 1328 1911 τῆς
1341 1876 1502 1911 Σωκράτους
1511 1876 1652 1911 τελευτῆς,
1664 1876 1810 1904 (ascendit

1012 1931 1077 1952 cum
1092 1923 1164 1959 Cyro
1179 1924 1232 1951 sub
1250 1924 1382 1951 archonte
1401 1923 1559 1955 Xenzeneto,
1577 1931 1652 1951 anno
1668 1930 1727 1951 uno
1745 1928 1811 1950 ante

1015 1968 1137 1997 Socratis
1159 1973 1294 2002 mortem,
1316 1978 1326 1995 ι
1341 1971 1372 1996 dt
1396 1977 1431 1997 ex
1454 1973 1579 1997 veterum
1603 1969 1698 2004 aliquo
1723 1969 1811 1996 reteri.

1013 2013 1148 2042 Laertius.
1168 2013 1242 2042 Nihil
1266 2014 1351 2050 igitur
1371 2015 1398 2042 in
1415 2014 1528 2042 historia
1540 2015 1650 2042 videtur
1662 2022 1726 2042 esse
1744 2022 1810 2042 eer—

1013 2061 1079 2093 tius,
1093 2067 1175 2095 quam
1191 2060 1236 2087 illa
1259 2060 1383 2088 omnium
1399 2060 1427 2087 in
1445 2068 1475 2087 re
1495 2060 1639 2088 notissima
1658 2060 1808 2092 sententia,

1015 2105 1155 2134 Socratem
1172 2106 1224 2134 sub
1240 2105 1372 2133 archonte
1386 2105 1506 2134 Lachete
1528 2110 1670 2134 mortuum
1686 2113 1760 2134 esse.
1776 2105 1811 2133 Et

1013 2151 1223 2179 fundamentum
1241 2158 1297 2186 quo
1309 2151 1407 2179 nititur
1424 2151 1550 2185 Allatius,
1563 2152 1638 2186 quod
1653 2152 1728 2187 apud
1742 2151 1810 2180 Pla-

1012 2202 1105 2225 tonem
1127 2196 1255 2225 Socrates
1275 2198 1302 2224 in
1326 2197 1446 2233 Dialogis
1461 2197 1608 2232 aliquoties
1622 2198 1658 2226 de
1673 2198 1708 2226 iis
1723 2199 1810 2226 rebus

1014 2244 1152 2279 loquatur,
1165 2251 1226 2279 quae
1241 2243 1288 2271 diu
1309 2247 1372 2278 post
1384 2243 1512 2271 Lachetis
1533 2244 1728 2279 magistratum
1741 2252 1812 2273 con-

978 2287 999 2314 D
1015 2289 1145 2324 tigerunt,
1160 2288 1380 2316 inﬁrmissimum
1401 2292 1454 2316 est.
1470 2288 1579 2317 Veritas
1592 2289 1667 2316 enim
1682 2289 1810 2318 chrono-

1015 2334 1104 2370 logica
1116 2341 1151 2362 ex
1169 2333 1291 2362 Platonis
1313 2334 1435 2370 Dialogis
1449 2335 1582 2363 sumenda
1603 2341 1659 2362 non
1674 2339 1729 2363 est.
1748 2335 1811 2363 Sci-

1015 2383 1074 2407 tum
1098 2384 1142 2407 est
1161 2379 1228 2407 illud
1253 2379 1383 2407 Macrobii
1413 2379 1553 2408 Somniat.
1571 2380 1619 2407 lib.
1643 2387 1664 2413 ι,
1688 2388 1750 2415 cap.
1768 2381 1808 2408 l:

1018 2435 1028 2452 ι
1043 2425 1139 2453 Annos
1153 2425 1308 2453 coeuntium
1331 2426 1402 2453 mitti
1424 2426 1453 2453 in
1468 2426 1584 2461 digitos,
1602 2427 1732 2461 exemplo
1745 2425 1810 2454 Pla-

1015 2471 1089 2499 tonis
1105 2471 1184 2499 nobis
1205 2471 1382 2507 suﬁ‘ragante,
1395 2479 1450 2500 non
1470 2472 1609 2499 convenit.
1638 2481 1648 2498 I
1663 2473 1719 2500 Eos
1733 2478 1810 2500 certe

1014 2516 1092 2545 Plato
1105 2517 1185 2552 quasi
1198 2517 1335 2552 colloquia
1351 2517 1482 2546 habentes
1496 2518 1657 2552 introducit,
1671 2518 1722 2553 qui
1735 2526 1808 2546 nuu-

1014 2570 1096 2597 quam
1121 2563 1266 2596 collocuti;
1286 2567 1315 2590 et
1335 2570 1366 2590 ea
1393 2563 1541 2590 nonnullos
1565 2570 1638 2598 saepe
1660 2563 1808 2599 loquentes

1014 2613 1207 2642 repraesentat,
1223 2608 1258 2636 de
1269 2608 1371 2644 quibus
1385 2608 1423 2636 illi
1440 2616 1580 2644 nunquam
1597 2609 1766 2644 cogitarunt.
1780 2614 1809 2637 et

1013 2661 1075 2689 quae
1097 2655 1169 2683 scire
1184 2655 1299 2683 minime
1316 2659 1473 2690 potuerunt.
1491 2655 1638 2690 Ἀναγνοὺς
1652 2657 1667 2682 ὁ
1688 2655 1807 2691 Γοργίας

1012 2701 1059 2727 τὸν
1080 2701 1222 2733 Πλάτωνος
1239 2701 1363 2736 διάλογον
1384 2701 1454 2737 πρὸς
1476 2702 1540 2733 τοὺς
1562 2701 1700 2736 παρόντας
1716 2699 1805 2731 εἶπεν,

1012 2747 1053 2774 ὅτι
1067 2747 1141 2774 οὐδὲν
1156 2747 1257 2774 τούτων
1270 2747 1333 2775 οὔτε
1347 2744 1435 2780 εἶπεν,
1449 2746 1512 2774 οὔτε
1525 2747 1625 2783 ἢκουσε
1639 2746 1718 2783 παρὰ
1731 2746 1806 2774 ΗΜ-

1012 2800 1107 2824 ιοωνος.
1125 2802 1134 2819 ι
1156 2792 1271 2828 Gorgias
1295 2801 1358 2821 cum
1383 2792 1505 2821 Platonis
1522 2793 1662 2827 dialogum
1677 2792 1804 2828 legisset,

1013 2837 1047 2864 iis
1070 2838 1118 2872 qui
1139 2839 1252 2867 aderant
1266 2839 1344 2871 dixit,
1359 2839 1432 2874 quod
1456 2839 1525 2866 nihil
1547 2839 1646 2866 horum
1673 2843 1723 2865 aut
1746 2838 1805 2872 ipse

1013 2883 1122 2917 dixerit,
1140 2889 1189 2912 aut
1213 2893 1229 2911 a
1247 2884 1360 2912 Platone
1379 2885 1524 2912 audiverit.
1550 2894 1561 2911 ι
1580 2884 1653 2912 Idem
1675 2885 1712 2912 de
1729 2884 1804 2912 Phr.

1012 2929 1080 2957 done
1098 2930 1182 2959 tradit
1196 2929 1360 2965 Athenaeus;
1374 2930 1457 2959 etiam
1473 2931 1507 2959 de
1524 2929 1638 2958 Socrate
1653 2928 1801 2958 Laertius;
