1866 3073
29 194 32 207 i

433 154 461 183 J.
478 153 662 184 PEABSONII
681 154 843 184 VINDICIE
865 155 1077 185 IGNATIANE.
1094 173 1129 179 —
1147 156 1238 186 PARS
1255 155 1284 185 ιι

92 214 157 240 οισι
168 213 197 241 ἃ
209 214 258 241 καὶ
274 214 435 252 Σωκράτην
448 216 602 244 ἀκούσαντα
620 216 667 243 τὸν
680 217 777 245 Λύσιν
790 217 883 252 ἀναγι-

967 218 1126 245 imticiarsnt
1150 223 1241 253 parte,
1269 216 1418 244 necessitas
1443 215 1586 247 incumbit.
1616 214 1663 242 sed
1695 219 1723 243 et

92 259 240 293 Wo;
263 261 428 296 Πλάτωνος,
449 263 609 299 Ἡράκλιις,
624 264 728 297 εἰπεῖν,
743 263 781 295 ὡς
800 263 887 291 πολλά

95 313 144 341 ρο
157 306 335 342 Mode?
350 309 367 335 ὁ
381 308 534 343 νεανίσκος,
548 309 599 336 οὐκ
615 308 694 343 ὀλίγα.
716 308 771 345 γὰρ
786 305 824 337 ὧν
836 310 886 338 οὐκ

91 354 186 390 amns
205 354 362 396 Σωκράτης
386 355 526 391 γέγραφεν
550 356 630 391 ἁνήρ.
646 365 656 382 ι
678 355 782 384 Ferunt
802 357 886 384 etiam

92 398 234 426 Socratem
247 406 316 427 cum
337 398 481 427 Platonem
500 398 593 435 Lysim
612 401 772 429 recitantem
794 401 886 430 audis-

91 444 221 479 set,proh
236 443 385 474 Hercules!
395 446 600 478 exclamavisse,
608 454 690 482 quam
699 447 783 475 multa
796 447 829 474 de
842 455 886 475 me

27 498 31 509 η·
90 490 316 519 adulescentulus
342 492 475 520 mentitus
498 492 634 521 esttNon
650 501 737 528 pauca
756 493 830 521 enim
851 501 884 521 ex

91 537 136 565 his
161 545 226 573 qua
247 537 379 567 Socrates
403 547 543 575 nunquam
565 540 649 574 dixit,
666 541 709 568 vir
731 540 776 568 ille
789 539 888 568 litteris

91 584 247 612 mandavit.
273 593 284 611 ι
308 585 380 613 Cum
407 585 492 620 igitur
524 586 652 615 Socrates
678 587 826 622 aliquando
856 586 885 614 in

91 630 204 667 dialogo
216 630 342 660 Platonis
353 632 538 661 introducitur
548 633 582 661 de
593 633 627 662 iis
637 634 721 662 rebus
731 634 882 666 disserens.

91 684 154 711 qua
177 681 243 712 post
263 678 455 711 magistratum
476 678 602 706 Lachetis
624 679 812 715 contigerunt,
829 686 884 707 non

91 727 183 757 potest
193 722 259 750 inde
272 724 364 759 colligi
380 724 518 752 Socratem
529 733 560 752 c
572 729 651 753 etate
665 725 692 752 in
707 725 777 753 vivis
788 725 884 759 fuisse,

91 768 140 796 sed
156 767 301 797 Platonem
317 774 380 804 post
394 774 508 798 mortem
524 771 645 799 Socratis
658 771 797 807 dialogum
813 772 883 800 scri-

93 815 199 849 psisse,
215 815 312 850 illique
327 823 398 850 quos
417 816 476 851 ipse
488 817 573 845 voluit
586 825 728 846 sermones
741 818 882 847 tribuisse.

93 860 196 889 Omnes
226 861 311 897 igitur
337 861 541 891 Socraticorum
566 864 697 899 epistolas
722 864 757 892 ab
782 864 882 892 Allatio

93 907 192 941 editas,
216 895 282 935 cum
304 908 430 940 aliunde,
446 913 503 936 tum
525 917 559 937 ex
583 895 737 944 iemporum
764 910 882 943 ratione,
899 895 920 925 Β

94 961 148 981 non
159 954 196 982 ab
209 954 245 982 iis
256 954 358 990 quibus
369 955 527 983 tribuuntur
539 956 666 991 scriptas,
682 956 729 985 sed
744 956 779 984 ab
791 956 884 993 aliquo

94 1000 238 1035 philologo
253 1002 387 1029 conﬁctas
400 1000 485 1030 fuisse
497 1005 617 1030 constat.

127 1045 222 1079 Quare
240 1053 304 1074 cum
325 1047 426 1082 scripta
446 1048 498 1076 sub
511 1048 609 1076 alienis
624 1048 785 1077 nominibus
798 1048 882 1083 edita,

93 1099 126 1119 ac
150 1092 303 1126 praesertim
324 1093 456 1128 epistolae,
479 1094 531 1121 hoc
551 1095 636 1122 modo
651 1094 766 1130 prodere
786 1102 817 1123 se
838 1102 884 1123 so-

95 1139 176 1171 leant,
201 1145 259 1166 non
283 1138 399 1167 minimo
422 1143 583 1175 argumento
605 1145 657 1172 est,
682 1139 776 1174 lgnatii
794 1140 883 1168 nostri

95 1184 225 1218 epistolas
237 1183 373 1219 genuinas
390 1192 464 1218 esse,
479 1185 550 1220 quod
564 1185 633 1213 nihil
652 1185 680 1213 in
693 1185 749 1214 illis
768 1186 883 1221 reperiri

95 1228 192 1263 possit,
208 1229 286 1263 quod
305 1230 448 1258 aliam-seu
464 1231 641 1266 posteriorem
658 1235 764 1259 etatem
783 1232 882 1267 sapiat,

96 1275 166 1310 quod
192 1280 257 1310 post
279 1275 315 1303 i0
328 1275 440 1310 Trajani
462 1283 563 1305 annum
582 1277 699 1312 scriptas
711 1276 796 1305 fuisse
806 1277 879 1305 evin-

96 1326 149 1349 cat.
164 1321 284 1349 Dallaeus
303 1322 434 1357 epistolas
454 1322 526 1358 ipsas
542 1333 551 1349 ι
568 1324 775 1352 accuratissime
797 1324 883 1359 inspi-

96 1369 170 1396 ciens
182 1389 190 1401 ,
208 1373 236 1396 et
247 1368 458 1404 diligentissime
479 1369 584 1398 rimans
594 1390 603 1402 ,
619 1379 629 1396 ι
646 1370 713 1397 nihil
728 1370 818 1398 adhuc
831 1370 883 1398 hu-

97 1413 139 1450 ius
153 1415 273 1450 generis,
289 1419 320 1442 ut
344 1423 406 1444 mox
421 1417 607 1448 ostendemus,
619 1416 742 1445 oﬁ‘endit.
763 1417 842 1451 Quod
858 1417 883 1446 si

97 1461 141 1489 hic
156 1462 403 1496 circumspectator
416 1469 478 1489 cum
492 1462 634 1490 emissitiis
646 1463 735 1491 oculis
749 1463 801 1491 tale
813 1463 882 1490 nihil

98 1507 219 1535 invenire
245 1508 346 1543 potuit,
370 1508 547 1536 metuendum
575 1516 629 1536 non
649 1509 702 1536 erit
727 1517 761 1537 ne
778 1510 813 1537 ab
827 1510 882 1538 alio

97 1558 188 1604 post”
203 1553 231 1604 id
251 1554 309 1581 ﬁat.
327 1553 432 1604 quibus
449 1554 488 1604 ad.
497 1555 660 1582 sententiam
672 1555 799 1583 'nostram
816 1563 882 1584 con-
896 1575 918 1604 α

97 1600 257 1627 ﬁrmandam
280 1600 439 1635 praelibatis,
455 1600 489 1628 ad
511 1608 543 1628 ea
570 1601 672 1636 aliquid
697 1602 883 1637 reponendum

96 1651 145 1678 est,
160 1646 265 1681 quibus
284 1646 400 1681 probare
415 1647 513 1675 nititur
527 1648 569 1675 vir
580 1647 764 1681 doctissimus,
778 1647 883 1683 episto-

96 1692 134 1721 las
150 1693 248 1728 lgnatii
261 1692 391 1721 .Eusebio
412 1694 546 1729 cognitas,
564 1699 592 1722 et
607 1699 646 1722 tot
660 1695 768 1722 saeculis
782 1702 883 1730 appro-

97 1739 185 1771 batas,
205 1746 257 1766 nec
269 1739 343 1766 aetati
359 1747 414 1774 qua
435 1740 552 1775 scriptae,
570 1748 621 1768 nec
636 1740 687 1768 viri
702 1748 718 1768 a
736 1749 792 1776 quo
805 1741 884 1769 editae

97 1793 156 1813 esse
170 1786 312 1819 dicuntur,
326 1786 437 1821 ingenio
453 1791 480 1814 et
494 1788 618 1815 moribus
632 1795 794 1823 congruere.

130 1831 183 1859 Sed
216 1832 377 1867 priusquam
407 1832 441 1859 ad
473 1837 634 1868 argumenta
664 1834 884 1862 adversariorum

95 1878 251 1905 ventilanda
276 1885 321 1905 me
342 1878 496 1913 accingam,
514 1887 568 1906 non
583 1887 695 1914 possum
715 1887 771 1907 non
789 1880 885 1908 obser-

95 1931 161 1951 vare
184 1923 331 1957 Dallaeum,
355 1924 403 1959 qui
425 1925 557 1959 lgnatium
582 1925 756 1960 cpistolicum
780 1925 809 1954 in
824 1927 885 1961 ipso

94 1972 186 2005 operis
209 1970 254 1998 sui
269 1970 363 1997 limine
378 1971 457 2006 quasi
471 1971 623 2006 Geryonem
637 1971 770 2006 depinxit,
785 1972 812 1999 in
827 1973 885 2000 dis-

94 2017 220 2053 putando
241 2017 434 2051 bicorporeum
454 2017 547 2051 plane,
565 2017 607 2044 vel
626 2017 824 2052 tricorporeum
837 2025 886 2054 ap-

94 2071 206 2099 parere,
224 2068 253 2091 et
276 2067 436 2099 argumenta
458 2071 508 2091 sua
522 2067 579 2092 tum
595 2068 690 2092 contra
716 2063 886 2093 Eusebianas

94 2114 204 2137 veteres
216 2109 361 2145 epistolas,
373 2114 430 2136 tum
444 2114 537 2137 contra
552 2110 764 2143 commentitias,
773 2115 800 2138 et
812 2111 886 2145 ipsas

92 2156 179 2183 etiam
195 2154 422 2189 interpolationes
441 2154 570 2182 fabricari
590 2159 673 2190 atque
690 2155 822 2191 dirigere;
837 2157 886 2184 ad—

91 2209 185 2238 eoque
198 2210 256 2230 non
272 2206 379 2229 tantum
394 2201 523 2232 adversus
539 2201 680 2230 Usserium
694 2207 722 2230 et
736 2202 887 2232 Hammon-

92 2249 173 2281 dum,
186 2248 235 2275 sed
254 2251 283 2275 et
300 2253 396 2275 contra
412 2247 572 2281 Baronium,
583 2247 749 2276 Halloixium
763 2249 886 2284 aliosque

91 2301 128 2320 ex
145 2292 256 2320 Latinis
273 2293 410 2325 militare,
424 2301 498 2321 nunc
520 2294 574 2327 his,
596 2302 671 2321 nunc
698 2294 752 2322 illis
779 2295 886 2330 alapam

94 2342 260 2377 impingere.
289 2340 346 2368 Hoc
371 2346 460 2368 autem
483 2346 537 2368 tam
566 2343 692 2376 perplexe
710 2342 790 2374 facit,
806 2347 837 2369 ut
861 2347 887 2369 et

93 2387 232 2415 lectorum
258 2387 347 2414 oculis
372 2387 498 2414 nebulam
523 2388 668 2420 obtendat,
694 2394 721 2415 et
748 2389 887 2415 sententia:

94 2440 199 2462 nostra:
227 2441 299 2469 sepe
331 2434 446 2462 insidias
471 2440 572 2468 strvat;
602 2437 665 2463 dum
702 2436 885 2470 Eusebianos,

94 2489 166 2516 quas
191 2481 281 2508 nostri
303 2481 438 2516 genuinas
461 2489 522 2509 esse
543 2483 725 2515 contendunt,
752 2491 806 2509 non
827 2483 887 2510 aliis

95 2528 183 2555 armis
205 2528 326 2562 dejicere
348 2532 474 2560 conatur,
492 2536 575 2562 quam
592 2528 625 2555 iis
644 2529 745 2563 quibus
765 2530 887 2563 interpo-

96 2575 215 2602 lationes
237 2573 384 2609 rejiciunt,
398 2579 426 2601 et
452 2583 536 2602 novas
558 2580 584 2602 et
608 2576 810 2603 commentitias
829 2577 887 2610 epi-

97 2622 183 2650 stolas
209 2626 356 2656 respuunt.
372 2620 519 2648 Prolitctur
539 2622 597 2656 ipse
620 2630 649 2649 se
669 2632 678 2647 ε
697 2622 748 2649 hoc
772 2622 888 2657 [gnatis-

99 2677 195 2697 narum
206 2668 387 2704 epistolamm
404 2669 542 2703 negotium
559 2668 639 2695 simul
652 2670 789 2703 semelque
801 2674 887 2696 totum

97 2719 217 2743 tractare
237 2724 247 2741 ι
265 2714 353 2746 velle,
381 2714 456 2748 quod
482 2722 533 2741 nos
557 2718 585 2741 et
609 2722 679 2749 aegre
704 2714 837 2747 ferimus,
863 2719 889 2742 et

99 2762 212 2790 minime
232 2761 292 2789 ﬁeri
307 2760 439 2789 debuisse
460 2760 661 2788 contendimus.
677 2760 739 2788 iisec
754 2762 826 2788 enim
844 2769 888 2788 re-

99 2815 158 2835 rum
175 2807 293 2836 confusa
307 2805 438 2834 tractatio
459 2813 513 2833 non
531 2809 636 2833 tantum
660 2807 726 2833 mihi
752 2807 889 2840 negotium

100 2853 208 2883 facessit
249 2853 296 2882 cui
317 2856 451 2888 perpetua
478 2852 663 2887 distinguendi
686 2856 713 2879 et
738 2853 854 2887 genuina
874 2861 889 2879 .1

102 2901 201 2936 spurits
223 2898 462 2933 discriminandi,
486 2898 539 2926 hac
563 2898 712 2932 prasertim
745 2898 892 2932 posteriori

937 263 1043 297 lectori,
1055 263 1103 300 qui
1120 264 1173 291 sibi
1189 263 1280 291 fucum
1300 263 1358 291 fieri
1384 262 1463 296 nolit,
1486 262 1599 289 nimiam
1620 261 1722 289 sollici-

937 310 1059 338 tudinem
1073 314 1158 342 creat,
1180 310 1226 345 qui
1243 310 1334 337 minus
1353 313 1454 336 attente
1475 308 1582 344 singula
1597 307 1722 336 causide-

936 359 995 388 ret,
1015 359 1157 387 et_rerum
1181 354 1349 381 dili‘erentias
1373 361 1481 388 semper
1504 353 1649 380 observare
1676 356 1724 379 aut

935 408 990 428 non
1005 400 1080 433 velit,
1104 405 1153 428 aut
1176 408 1230 427 non
1255 400 1356 435 possit,
1372 399 1544 427 manifestam
1572 398 1723 435 prtjudicii

935 446 1109 475 occasionem
1136 446 1283 474 ministrat.
1312 445 1440 473 Fatemur
1470 453 1519 473 nos
1543 444 1724 473 libentissime

936 493 1021 520 multa
1049 492 1077 520 in
1103 492 1205 527 spuriis
1223 492 1360 527 epistolis,
1377 491 1462 519 multa
1479 491 1506 518 in
1532 490 1721 526 interpolatio-

935 538 1017 567 nibus
1031 543 1059 567 et
1072 543 1225 573 temporum
1244 538 1323 566 fidem
1341 538 1460 573 pulsare,
1475 541 1501 564 et
1524 537 1610 564 sancti
1626 535 1722 572 lgnatil

935 584 1059 613 moribus
1086 592 1237 622 repugnare
1254 605 1262 618 ,
1290 589 1317 612 et
1337 583 1484 612 dictionem
1517 583 1577 617 ejus
1608 583 1723 611 minimc

935 630 1047 659 referre.
1066 629 1159 666 Neque
1184 630 1263 658 aliter
1277 631 1335 658 ticri
1351 630 1474 666 potuisse
1494 635 1623 665 putamus
1640 638 1647 656 :
1664 630 1721 659 imo

935 676 999 705 inde
1025 682 1215 713 argumentum
1233 677 1359 704 ducimus
1383 677 1451 705 satis
1476 681 1600 712 apertum
1620 681 1648 704 et
1662 676 1721 704 etii-

934 731 997 757 cax,
1012 723 1096 758 quod,
1116 731 1178 751 cum
1198 723 1275 751 ﬁctor
1297 724 1411 750 aliarum
1431 722 1619 757 epistularum,
1635 726 1663 750 et
1680 722 1723 750 in-

934 769 1083 804 terpolator
1097 777 1222 797 verarum
1253 774 1366 804 uterque
1378 769 1435 797 veri
1457 769 1552 804 lgnatii
1571 769 1679 800 simius,
1694 773 1723 796 et

933 823 984 851 pro
1010 823 1061 843 suo
1077 815 1190 843 modulo
1209 816 1387 851 archetypum
1411 820 1490 842 caute
1509 818 1722 850 reprazsentans,

933 866 988 889 tam
1013 861 1092 889 facile
1112 866 1194 896 atque
1220 861 1362 889 manifeste
1388 861 1546 897 impostura:
1576 866 1721 896 teneatur,

935 912 991 935 tam
1006 915 1078 943 sape
1089 912 1209 943 tempora
1222 907 1381 940 confundat,
1397 912 1451 935 tam
1467 908 1554 936 aliena
1565 916 1580 935 a
1593 909 1723 944 martyris

934 954 1057 982 moribus
1070 953 1171 987 tradat,
1193 958 1289 981 auctor
1301 953 1516 982 Eusebianarum
1538 954 1582 982 vel
1602 961 1636 982 eo
1660 954 1722 989 ipso

933 1008 1016 1028 verus
1041 999 1162 1035 lgnatius
1183 1005 1323 1035 appareat,
1347 1001 1420 1036 quod
1441 1005 1565 1036 tempora
1579 1009 1720 1036 nunquam

933 1046 1095 1080 confundat,
1110 1046 1183 1082 quod
1196 1046 1264 1074 nihil
1277 1046 1312 1074 ab
1322 1046 1428 1083 lgnatio
1443 1047 1563 1075 alienum
1578 1047 1686 1076 doceat.

1248 1114 1364 1143 CAPUT
1382 1114 1416 1142 ll.

933 1159 1124 1194 Argumentum
1148 1159 1245 1188 Dalltci
1269 1169 1285 1187 ιι
1309 1165 1422 1194 tempore
1445 1159 1553 1186 ductum
1578 1159 1721 1194 refellitur.

986 1196 1091 1231 gnatm
1112 1195 1214 1222 nullam
1239 1195 1392 1223 litantis-sm
1417 1196 1571 1222 nautintm't.
1586 1195 1722 1231 Cleobias,

968 1230 1200 1266 siveﬂCleobalus,
1220 1231 1300 1266 primi
1319 1231 1410 1258 sint:in
1432 1231 1582 1258 hereticus.
1604 1230 1722 1266 Insignis

969 1266 999 1295 S.
1015 1265 1170 1301 Hieronymi
1185 1265 1257 1293 locus
1274 1267 1331 1300 fuse
1351 1266 1509 1301 explicatur,
1530 1270 1555 1301 et
1570 1265 1602 1292 ab
1622 1265 1724 1301 impor-

969 1302 1041 1328 tunis
1056 1300 1154 1327 Dalltti
1176 1301 1334 1336 conjecttm's
1350 1300 1510 1336 defenditur.
1533 1300 1656 1336 lgnatius
1669 1309 1722 1328 non

968 1337 1074 1370 scripsit
1099 1341 1192 1363 contra
1211 1335 1386 1369 Theodotum,
1404 1336 1449 1364 sed
1473 1335 1595 1363 heresim
1613 1336 1671 1371 ejus
1693 1337 1722 1364 in

969 1371 1069 1399 Ebioue
1082 1371 1227 1399 damnavit.

1010 1379 1069 1399 10118
1082 1379 1227 1400 namnam.

970 1416 1006 1445 Ut
1027 1425 1059 1445 ea
1083 1424 1145 1452 quae
1165 1418 1208 1445 vir
1232 1417 1410 1445 doctissimus
1434 1417 1567 1445 adversus
1589 1417 1722 1453 epistolas

932 1461 1053 1490 Eusebio
1075 1462 1201 1498 cognitas
1222 1470 1256 1490 ex
1279 1463 1347 1498 ipsis
1361 1463 1527 1496 observavit,
1542 1464 1644 1491 nullam
1661 1471 1722 1491 om-

933 1509 1000 1537 nino
1013 1509 1047 1537 ad
1061 1516 1156 1537 earum
1168 1509 1358 1537 auctoritatem
1375 1509 1588 1538 imminuendam
1603 1510 1657 1537 vim
1673 1509 1723 1537 haa

933 1555 998 1583 bere
1010 1555 1162 1588 ostendam.
1185 1555 1280 1583 eodem
1304 1555 1400 1583 ordine
1424 1563 1479 1590 quo
1496 1556 1541 1583 ille
1564 1556 1723 1591 perscripsit

935 1602 1094 1638 singulatim
1111 1603 1204 1630 omnia
1224 1609 1384 1637 persequar.
1405 1601 1502 1637 Incipit
1518 1606 1609 1629 autem
1630 1601 1664 1629 ab
1676 1609 1723 1629 ar-

934 1655 1064 1686 gumento
1088 1657 1104 1677 a
1122 1655 1244 1685 tempore
1265 1649 1364 1683 ducto,
1387 1654 1414 1677 et
1436 1649 1524 1684 capite
1547 1648 1580 1676 l0
1605 1649 1723 1676 allirmat

937 1704 947 1722 ε
966 1703 1021 1723 non
1047 1702 1133 1730 pauca
1159 1695 1261 1730 passim
1285 1702 1430 1722 occurrere
1451 1702 1513 1729 qua:
1526 1699 1625 1722 statam
1640 1698 1722 1728 atque

935 1739 1079 1767 immotam
1106 1745 1260 1775 temporum
1277 1740 1376 1772 ﬁdem,
1396 1739 1581 1768 certissimum
1600 1739 1722 1767 veritatis

935 1787 1090 1823 κριτήριον,
1107 1787 1225 1821 graviter
1246 1786 1356 1820 pulsant
1377 1793 1410 1813 ac
1437 1785 1603 1813 convellunt.
1628 1795 1638 1811 ι
1664 1784 1722 1820 Ego

934 1840 1001 1860 vero
1018 1840 1033 1859 e
1058 1832 1197 1860 contrario
1224 1839 1337 1864 assero,
1358 1832 1387 1859 in
1410 1832 1480 1859 lictis
1502 1837 1529 1859 et
1551 1831 1723 1867 interpolatis

936 1879 1149 1915 quamplurima,
1170 1878 1218 1907 sed
1234 1886 1323 1914 neque
1338 1879 1441 1914 passim
1462 1886 1550 1913 neque
1565 1885 1619 1906 non
1634 1885 1723 1913 pauca

935 1926 1102 1958 istiusmodi,
1119 1926 1174 1953 imo
1187 1926 1268 1961 plane
1289 1933 1322 1954 ac
1336 1933 1450 1960 prorsus
1469 1925 1543 1952 nulla
1558 1925 1585 1952 in
1598 1923 1723 1959 epistolis

935 1980 1005 2008 quas
1017 1972 1104 2000 nostri
1117 1971 1278 2005 defendunt,
1292 1971 1415 2007 reperiri.
1427 1970 1480 1999 Sed
1494 1980 1503 1997 ι
1521 1978 1616 1998 earum
1628 1974 1723 1998 auctor

935 2018 970 2047 de
984 2019 1077 2046 multis
1092 2018 1226 2046 haereticis
1247 2022 1329 2053 atque
1351 2017 1500 2044 haeresibus
1517 2021 1578 2051 post
1593 2014 1723 2051 martyris

935 2065 1047 2093 demum
1057 2068 1171 2092 mortem
1183 2063 1299 2096 exortis,
1314 2062 1416 2098 passim
1438 2062 1570 2097 l0quitur.
1586 2071 1596 2088 ι
1612 2060 1649 2088 lta
1666 2061 1722 2089 ille.

935 2109 991 2138 Nos
1006 2115 1097 2138 autem
1121 2118 1184 2138 cum
1209 2108 1325 2137 Eusebio
1339 2108 1533 2143 antiquitatum
1555 2106 1722 2135 ecclesiasti-

935 2164 1031 2185 carum
1056 2156 1221 2192 peritissimo
1245 2155 1373 2188 fatemur,
1390 2155 1525 2190 Ignatium
1545 2154 1651 2188 aliquas
1665 2152 1722 2180 ha:-

936 2210 1012 2231 reses
1024 2202 1228 2238 petstrinxisse.
1244 2201 1291 2229 sed
1304 2208 1352 2228 eas
1363 2199 1563 2230 tantummodo,
1580 2206 1641 2233 quae
1658 2202 1725 2225 tunc

937 2247 1078 2283 temporis,
1094 2255 1158 2275 cum
1174 2246 1219 2274 ille
1230 2245 1352 2281 scripsit,
1367 2249 1395 2273 et
1403 2249 1549 2279 antequatn
1562 2242 1724 2278 martyrium

938 2300 1037 2328 passus
1050 2296 1102 2325 est,
1120 2296 1221 2320 exortae
1233 2293 1356 2324 fuerant;
1381 2290 1463 2324 idque
1475 2288 1649 2316 verissimum
1663 2294 1725 2315 esse

937 2338 1138 2366 contendimus.
1163 2337 1304 2371 Rursum,
1328 2345 1339 2363 ι
1356 2336 1507 2371 quosdam,
1532 2334 1638 2368 inquit,
1664 2332 1725 2367 ejus

938 2384 1082 2412 commatis
1101 2383 1226 2411 nominat
1246 2383 1363 2415 diserte,
1379 2386 1407 2409 et
1431 2388 1501 2417 quos
1521 2388 1574 2407 non
1591 2379 1724 2417 nominat,

938 2437 1034 2458 eorum
1048 2434 1138 2457 tamen
1150 2429 1277 2464 dogmata
1291 2428 1330 2456 ita
1344 2428 1425 2463 plane
1437 2434 1469 2455 ac
1484 2426 1627 2461 perspicue
1641 2425 1725 2452 inter-

938 2477 1005 2504 dum
1021 2476 1144 2511 exponit,
1163 2479 1194 2503 ut
1205 2482 1276 2511 quos
1299 2474 1432 2510 intelligat
1446 2473 1564 2501 dubitari
1589 2480 1643 2499 non
1658 2479 1725 2507 pos-

939 2524 986 2551 sit.
1006 2534 1016 2550 ι
1032 2522 1089 2552 Nos
1102 2527 1249 2557 utrumque
1272 2522 1357 2549 libere
1379 2525 1406 2548 et
1426 2524 1520 2555 aperte
1542 2519 1641 2547 falsum
1663 2526 1726 2547 esse

938 2570 1057 2598 dicimus
1072 2579 1080 2597 :
1094 2573 1124 2597 et
1141 2569 1284 2604 hucusque
1298 2567 1482 2595 assertionum
1499 2565 1572 2593 nuda
1586 2564 1726 2593 contentio

938 2623 996 2650 est;
1008 2617 1048 2644 ait
1058 2616 1113 2649 ille,
1128 2623 1180 2643 nos
1194 2621 1337 2649 negamus.

974 2663 1097 2691 Priorem
1113 2661 1236 2689 ordinem
1252 2660 1334 2688 unico
1353 2659 1407 2688 hoc
1427 2662 1589 2695 argumento
1608 2657 1727 2693 probare

940 2710 1036 2738 nititur
1051 2718 1059 2737 :
1078 2707 1263 2744 Epistolarum
1282 2711 1378 2734 auctor
1396 2715 1406 2732 ε
1429 2705 1574 2738 Basilidis,
1592 2703 1726 2732 Theodoti

938 2762 967 2785 et
982 2756 1104 2784 Cleobuli
1126 2755 1183 2783 edit
1203 2754 1314 2782 nomina
1331 2754 1358 2781 in
1372 2753 1487 2789 epistola
1505 2752 1540 2780 ad
1560 2751 1724 2779 Trallianos.

939 2803 1039 2831 Athos
1052 2807 1109 2830 tres
1134 2806 1195 2837 post
1209 2800 1306 2837 lgnatii
1323 2799 1484 2835 martyrium
1507 2797 1631 2833 erupisse
1650 2801 1727 2825 certo

940 2853 1058 2876 constat.
1072 2858 1083 2875 ι
1097 2848 1135 2876 De
1150 2848 1340 2876 hereticorum
1361 2847 1460 2874 horum
1477 2848 1556 2873 aetate
1580 2851 1654 2872 nunc
1670 2850 1725 2870 nou

940 2895 1062 2931 disputo,
1077 2895 1112 2923 de
1132 2894 1252 2923 Basilide
1267 2898 1362 2930 postea
1384 2897 1512 2926 acturus;
1533 2890 1599 2919 illud
1617 2893 1724 2918 tantum
