1866 3073
152 163 203 191 285

151 224 390 258 inpraesentiarum
415 230 530 255 moneo,
549 224 621 258 quod
638 224 701 251 huic
720 229 880 259 argumento
900 232 943 251 re-

151 269 273 297 fellendo
296 269 403 296 abunde
430 269 558 301 suiliciat,
593 274 731 297 auctorem
762 270 940 305 epistularum

150 316 344 343 haereticorum
359 316 493 342 neminem
507 316 650 343 nominare
660 316 832 348 volnisse,ab
845 324 939 344 eorum

150 357 278 390 omnilim
306 361 511 388 nomenclatura
537 361 572 389 de
598 362 734 390 industria
761 363 937 390 abstinuisse.

150 407 191 435 lta
208 410 279 437 enim
296 409 353 443 ipse
376 409 496 443 loquitur
509 409 542 436 de
565 409 701 436 hmrcticis
725 410 758 437 ad
783 409 939 445 Smyrnazos

153 455 299 483 scribens:
316 455 356 482 Τὰ
379 455 407 482 δὲ
430 454 550 490 ὀνόματα
571 455 660 482 αὐτῶν
682 455 745 482 ὄντα
767 455 868 482 ἄπιστα
889 456 939 482 οὐκ

152 500 225 532 ἔδοξέ
238 509 282 536 μοι
293 500 436 536 ἐγγράψαι·
446 500 513 527 ἀλλὰ
524 499 591 535 μηδὲ
604 500 708 534 γένοιτό
723 509 767 535 μοι
777 500 865 527 αὐτῶν
875 509 940 536 μνη-

153 545 277 581 μονεύειν
293 546 389 581 μέχρις
402 543 432 571 οἶι
448 546 660 581 μετανοήσωσιν.
679 545 763 574 Vetus
777 546 914 582 interpres
929 556 936 574 :

153 601 165 617 ι
181 591 297 619 Nomina
317 596 408 619 autem
432 593 555 627 ipsorum
572 592 731 620 exsistentia
748 593 866 621 inlldelia
881 601 937 621 non

150 637 240 665 visum
260 642 302 665 est
330 638 396 665 mihi
422 638 571 666 inscribere
596 648 602 666 :
625 639 672 666 sed
687 647 776 674 neque
800 639 847 667 ﬁat
870 640 937 667 mihi

151 681 274 716 ipsorum
299 684 435 710 recordari
461 691 548 718 usque
567 692 623 719 quo
647 685 806 719 pcenitcant.
833 695 843 711 ι
858 685 937 719 Quod

150 726 235 754 animi
257 729 427 762 propositum
447 729 574 765 religiose
595 730 622 756 in
645 730 759 766 reliquis
773 731 856 759 etiam
878 731 936 766 epi-

149 773 229 800 stolis
242 775 423 806 conservavit.
444 775 513 802 adeo
532 780 563 803 ut
582 776 683 804 nullius
705 785 825 812 unquam
849 778 936 806 haere-

149 819 197 846 tici
223 819 342 847 hominis
366 829 466 848 nomen
493 821 618 850 ediderit.
648 822 752 850 Auctor
776 829 850 851 certe
878 824 937 859 epi-

149 864 226 891 stola:
246 865 279 892 ad
303 865 469 899 Trallianos,
491 868 506 894 ὁ
533 867 698 903 δημιουργὸς
718 868 770 904 τῆς
792 869 937 902 θεσπεσίας

148 909 311 945 ἐπιστολῆς,
328 916 357 938 ιιι
380 911 502 946 loquitur
518 911 659 948 Synesius,
677 913 831 947 Basilidem,
848 913 938 942 Theo-

148 955 245 982 dotum
289 956 510 985 autCleohulum
537 966 678 994 nunquam
703 960 865 993 nominavit,
889 961 936 988 sed

148 1001 325 1036 interpolator
341 1010 348 1035 ;
370 1011 379 1028 t
394 1003 485 1030 omnis
503 1008 593 1031 autem
612 1004 784 1039 interpolatio
802 1006 937 1040 posterior

147 1046 281 1074 credenda
307 1051 365 1080 est,
383 1057 392 1073 ι
414 1052 444 1075 ιιι
468 1048 590 1084 loquitur
613 1049 808 1079 Tcrtullianus.
835 1051 935 1080 Eorum

147 1091 260 1119 nomina
287 1092 314 1119 in
340 1093 448 1121 laciniis
476 1094 549 1122 illius
573 1095 696 1131 epistolae
721 1097 792 1124 inter
820 1098 935 1126 miniata

147 1137 336 1172 reperiuntur;
354 1139 380 1166 in
396 1139 491 1167 codice
506 1140 662 1169 Florentino
673 1161 681 1174 ,
694 1147 722 1170 et
738 1142 836 1171 Latino
851 1144 935 1172 inter-

147 1186 222 1217 prele
237 1183 346 1211 sincero
361 1192 414 1212 non
431 1191 579 1221 apparent;
599 1187 632 1214 ad
656 1187 804 1216 Baronium
819 1189 936 1219 fortasse

145 1232 173 1256 et
184 1227 360 1263 Halloixinm,
374 1233 406 1257 ad
420 1239 470 1259 nos
481 1239 534 1259 non
547 1234 658 1261 omnino
673 1234 815 1268 pertinent.

180 1273 269 1309 Atque
285 1275 342 1303 ha-c
355 1277 389 1304 ad
399 1277 432 1303 10
445 1282 525 1313 caput
539 1280 682 1314 responsio
693 1280 817 1309 sullicere
830 1286 932 1317 posset,

144 1319 197 1346 nisi
217 1327 278 1346 cum
297 1320 342 1347 illa
357 1322 439 1350 verba
450 1330 484 1350 ex
495 1332 506 1348 ι
519 1331 571 1351 suo
584 1323 679 1359 lgnatii
693 1326 773 1354 simio
790 1336 800 1352 ›
810 1328 843 1354 ad
854 1327 932 1355 Tral-

144 1363 232 1391 lianos
240 1365 365 1393 adducit:
379 1376 388 1392 ι
399 1367 496 1403 Fugite
510 1369 592 1396 etiam
610 1370 696 1405 ipsius
710 1373 870 1407 nequissimi
883 1381 933 1401 ne-

143 1414 231 1444 potes,
253 1410 422 1440 Theodotum
441 1419 469 1442 et
482 1414 654 1450 Cleobulum,
671 1427 681 1443 »
698 1418 871 1446 occasionem
888 1427 933 1448 ar-

143 1456 390 1490 riperelUsscrium
402 1460 484 1488 etiam
505 1465 534 1488 et
544 1461 744 1491 Hammondum
757 1466 930 1500 suggillandi.

145 1511 155 1528 ι
171 1502 208 1530 Ch
218 1504 341 1537 ohulum,
356 1506 454 1541 inquit.
469 1507 552 1535 istum
564 1517 614 1536 sua
632 1509 788 1538 obscuritas
804 1512 841 1539 ita
853 1513 930 1548 tegit,

619 170 625 174 '
640 164 669 193 S.
690 164 864 194 lGNATIUS.
884 181 918 187 —
937 165 1204 195 PROLEGOMENA.

957 231 980 259 Α
994 224 1106 258 mentio,
1128 224 1206 256 nihil,
1227 229 1256 251 nt
1270 224 1378 259 opinor,
1393 224 1474 260 cogit.
1490 224 1509 251 ἰ
1534 223 1591 252 lmo
1613 232 1683 252 vero
1711 229 1792 260 cogit

992 269 1106 297 illustris
1122 269 1199 297 locus
1218 269 1363 304 Epiphanii
1387 270 1482 297 lmresi
1499 269 1530 297 51
1551 278 1558 297 :
1578 269 1676 296 Ἔνθεν
1696 269 1750 296 καὶ
1763 269 1791 296 ot

992 315 1056 350 περὶ
1066 315 1203 351 Κήρινθον
1214 316 1261 342 καὶ
1285 314 1398 342 Ἐὃίωνα
1410 313 1488 349 ψιλὸν
1498 316 1543 342 τὸν
1555 315 1705 350 ἄνθρωπον
1717 323 1791 341 κατ-

990 360 1078 396 έσχον,
1088 362 1135 388 καὶ
1144 360 1291 397 Μήρινθον,
1306 361 1354 388 καὶ
1362 361 1489 388 Κλεόσιον
1502 361 1590 388 eli-tow
1600 360 1789 394 Κλεόδουλον,

990 407 1075 440 idest,
1087 417 1097 433 ι
1108 408 1282 438 etCleobium
1295 407 1544 436 siveCleohulum.)
1557 407 1619 435 Haec
1627 407 1708 435 enim
1716 407 1791 434 satis

989 453 1233 487 aperteostendunt
1251 454 1375 481 eumdem
1395 454 1552 481 hareticum
1573 454 1608 481 ab
1617 453 1682 481 aliis
1703 453 1789 481 Cleo-

989 495 1110 529 bium,ah
1117 496 1178 524 aliis
1184 496 1344 525 Cleobulum
1351 498 1485 526 nominari
1491 497 1792 530 solitum,uteumdeln

990 541 1146 570 haereticum
1155 543 1201 570 alii
1209 543 1435 578 Saturnilum,alii
1445 543 1623 572 Saturninum
1628 545 1791 573 vocabant.

989 587 1068 616 Hunc
1080 594 1171 617 autem
1179 590 1333 622 Cleobium,
1340 590 1563 618 siveCleohulum
1569 598 1631 618 cum
1639 590 1793 618 Ehioneet

988 634 1120 661 Cerintho
1143 635 1283 663 Christum
1313 636 1419 664 nudum
1444 636 1585 664 hominem
1612 637 1793 672 praedicasse

987 680 1066 708 docet
1081 680 1249 716 Epiphanius
1265 690 1271 707 :
1291 687 1320 709 et
1332 682 1454 710 eamdem
1467 682 1591 710 heresim
1604 682 1791 710 Theodotum

990 726 1120 754 docuisse
1134 728 1268 761 noscitur,
1283 729 1326 756 cui
1337 728 1496 756 Cleobulum
1512 728 1637 763 adiungit
1651 729 1790 763 interpo—

987 772 1066 800 lator.
1083 771 1138 800 Sua
1155 772 1237 808 igitur
1251 773 1411 802 Cleobulum
1425 774 1579 802 obscuritas
1595 781 1649 802 non
1668 775 1754 810 tegit.

1023 818 1061 846 De
1074 818 1215 847 Theodoto
1229 824 1320 847 autem
1345 820 1470 853 miniata,
1495 821 1543 855 qui
1563 820 1596 848 ad
1613 827 1668 848 nos
1696 820 1787 852 nihil,

988 863 1071 891 miras
1094 864 1175 891 nobis
1195 864 1369 893 difﬁcultates
1388 869 1466 893 creat
1487 871 1516 892 et
1532 865 1626 893 turbas
1644 865 1786 892 concitat.

951 907 973 934 Β
986 909 1054 937 Nam
1072 909 1145 944 quod
1157 917 1220 937 eum
1236 910 1270 938 ad
1290 917 1320 938 a.
1339 911 1371 938 D.
1392 911 1445 939 194
1459 910 1553 943 refert,
1578 911 1644 946 quid
1664 911 1704 938 ad
1719 918 1785 942 nos.

986 956 1033 991 qui
1050 956 1273 991 interpolatorem
1288 957 1393 992 aliquot
1407 960 1470 992 post
1480 957 1589 985 seculis
1610 962 1712 984 natum
1730 965 1784 992 pu-

987 1001 1101 1028 tamus?
1126 1001 1205 1034 Quod
1230 1002 1330 1040 clamat
1355 1001 1499 1030 Usserium
1518 1011 1527 1028 ι
1543 1009 1577 1029 eo
1602 1002 1727 1035 ducere,
1755 1006 1786 1029 ut

986 1047 1158 1075 Theodadem
1171 1055 1220 1083 pro
1236 1047 1386 1080 Theodoto.
1397 1053 1495 1083 praeter
1509 1049 1635 1076 omnium
1647 1049 1782 1077 codicum

985 1094 1141 1122 Graecorum
1157 1094 1372 1130 Latinorumque
1387 1095 1480 1128 ﬁdem,
1496 1102 1675 1129 reponamus,
1694 1104 1706 1121 ι
1726 1102 1783 1122 ma-

984 1150 1065 1177 gnam
1076 1142 1136 1169 viro
1148 1142 1322 1178 integerrimo
1335 1142 1462 1177 injuriam
1472 1141 1545 1169 facit.
1559 1141 1692 1170 Usserius
1704 1146 1782 1170 certe

985 1187 1187 1222 interpolatoris
1202 1186 1389 1215 defensionem
1405 1195 1459 1215 non
1473 1187 1602 1222 suscepit,
1619 1195 1706 1222 quem
1721 1187 1782 1222 ipso

983 1233 1089 1268 primus
1107 1234 1211 1261 detexit
1223 1238 1249 1261 et
1261 1234 1390 1267 conﬁxit;
1406 1241 1494 1269 neque
1507 1233 1661 1269 quidquam
1674 1238 1779 1261 contra

983 1279 1108 1306 codicum
1124 1279 1204 1306 ﬁdem
1217 1279 1290 1312 fecit,
1307 1279 1355 1307 sed
1368 1287 1417 1314 pro
1431 1280 1563 1314 singulari
1577 1287 1633 1315 qua
1651 1280 1694 1307 uti
1708 1280 1779 1308 sole-

983 1325 1030 1352 bat
1042 1325 1194 1361 diligentia,
1211 1326 1332 1353 codicem
1346 1325 1527 1354 Baliolensem
1537 1347 1545 1359 ,
1569 1334 1623 1354 non
1645 1325 1778 1353 Theodo-

983 1375 1051 1405 tum,
1064 1372 1110 1400 sed
1127 1371 1305 1400 Theododum
1318 1372 1420 1399 habere
1436 1373 1577 1406 indicavit,
1598 1373 1674 1408 quod
1699 1381 1777 1400 coni-

983 1425 1066 1445 mune
1094 1418 1195 1453 aliquid
1222 1426 1284 1446 cum
1314 1418 1425 1445 Θεοδάδι
1452 1418 1553 1446 habere
1580 1418 1776 1446 tantummodo

982 1465 1098 1492 monuit.
1125 1464 1306 1500 Iniquissima
1328 1465 1411 1500 igitur
1435 1470 1500 1492 sunt
1514 1464 1730 1493 vociferationes
1748 1470 1776 1492 et

982 1510 1136 1541 calumniae.
1153 1510 1254 1545 quibus
1267 1511 1355 1538 virum
1368 1510 1606 1538 accuratissimum
1618 1516 1729 1538 onerat.

183 1549 259 1603 aqguli
272 1552 434 1603 non'possit.
445 1562 456 1578 ι
469 1553 526 1581 Ιιιιο
540 1561 606 1582 vero
620 1555 689 1583 adeo
702 1557 876 1592 perspicuum
888 1564 964 1603 θειέ
1017 1556 1071 1584 Sed
1083 1561 1202 1584 «movet»
1213 1558 1302 1585 virum
1310 1558 1499 1585 doctissimum
1511 1557 1688 1593 «Hieronymi
1699 1558 1774 1585 locus

140 1593 301 1622 Cleobulum
320 1596 396 1624 illum
421 1598 493 1626 inter
517 1600 721 1629 vetustissimos
745 1601 888 1631 haereticos
913 1612 929 1631 a

142 1640 193 1668 SS.
209 1640 336 1671 Palrihus
353 1652 415 1672 csse
435 1647 614 1679 recensitum,
631 1647 695 1675 utsi
709 1655 772 1675 eum
787 1649 930 1678 nominas-

139 1691 181 1713 set
198 1687 255 1722 ipse
268 1693 364 1716 auctor
375 1691 498 1725 epistolae
511 1691 544 1719 ad
559 1691 723 1727 Trallianos,
738 1694 813 1722 nulla
828 1695 892 1723 inde
903 1696 928 1723 ei

139 1731 175 1759 de
189 1733 351 1768 antiquitate
378 1735 413 1763 lis
427 1737 531 1764 moveri
554 1743 656 1772 posset.
680 1739 830 1769 Cleobulus
843 1741 927 1775 enim,

139 1778 197 1805 sive
211 1778 349 1813 Cleobius,
365 1780 487 1810 Simonis
511 1783 663 1819 discipulus
678 1784 748 1819 fuit;
762 1787 835 1814 unde
848 1786 929 1815 Cleo-

138 1823 213 1851 biani
235 1832 298 1852 cum
320 1825 493 1855 Dositheanis
510 1833 538 1856 et
551 1829 698 1858 Gorthenis
718 1831 836 1867 aliisque
855 1834 928 1860 anti-

138 1870 281 1904 quissimis
301 1871 435 1902 haireticis
450 1876 586 1903 numerati
602 1881 676 1904 sunt.
693 1876 724 1905 B.
740 1877 928 1907 Theodoretus

140 1915 241 1944 Ηιενει.
268 1919 278 1954 1
291 1918 326 1946 ὠ.
339 1919 387 1948 lib.
401 1928 421 1952 I,
433 1928 494 1956 cap.
504 1922 530 1954 1,
539 1922 573 1950 de
586 1923 771 1952 Simonianis:
788 1925 835 1952 Ἐκ
845 1926 927 1961 τῆσδε

136 1962 186 1998 τῆς
210 1965 377 2001 πικρατάτης
399 1967 555 2002 ἀνεφύησαν
582 1968 660 2004 ῥίζης
680 1970 827 1998 Κλεοὸανοὶ
853 1970 926 2007 [lege

136 2008 311 2044 Κλεοΰιανοὶ]
322 2012 486 2045 Δοσιοεανοὶ,
495 2014 634 2050 Γοροηνοὶ,
643 2016 807 2049 Μασϐόθεοι,
821 2017 926 2053 Ἀδρια-

135 2055 233 2088 vta-rat,
250 2055 414 2092 Εὑτυχηταὶ,
438 2059 581 2087 Κανισται.
605 2060 639 2088 Et
665 2061 713 2088 lib.
732 2070 762 2094 II,
785 2071 811 2090 c.
834 2064 860 2095 1,
878 2065 924 2092 ubi

136 2105 254 2128 testatur
267 2102 352 2130 Deum
367 2105 536 2134 zizaniorum
551 2114 678 2143 magnam
691 2113 795 2143 partem
812 2110 840 2136 in
855 2110 926 2138 triti-

135 2152 199 2172 uum
215 2148 397 2182 convertisse,
414 2149 471 2177 haec
495 2151 577 2179 habet
593 2161 600 2178 :
618 2153 675 2179 Καὶ
690 2154 859 2190 μαρτυροῦσι
878 2156 927 2183 καὶ

135 2191 226 2224 πόλεις
237 2194 285 2220 καὶ
293 2193 386 2229 κῶμαι
400 2196 448 2222 καὶ
463 2196 518 2224 τῶν
535 2197 656 2233 Σίμωνος
678 2200 726 2226 καὶ
746 2201 801 2228 τῶν
817 2202 924 2229 Μενάν-

132 2237 208 2273 δρου,
222 2240 269 2265 καὶ
284 2239 426 2273 Κλεοὸίου,
442 2242 490 2269 καὶ
510 2244 647 2277 Δοσιθέου,
662 2246 710 2272 καὶ
726 2246 857 2282 Γορθέου,
876 2249 924 2275 καὶ

139 2282 290 2318 Ἀδριανοῦ,
309 2286 356 2312 καὶ
372 2287 542 2323 Σατορνιλου,
559 2289 606 2316 καὶ
629 2290 777 2324 Βασιλιδου,
795 2294 843 2320 καὶ
863 2294 926 2321 Ἰσι-

133 2329 231 2365 δώρου,
248 2331 297 2357 καὶ
308 2331 536 2368 Καρποκράτους,
552 2335 598 2362 καὶ
617 2336 791 2371 Ἐπιφάνους,
806 2339 853 2365 καὶ
868 2339 924 2366 τῶν

132 2375 220 2402 ἄλλων
236 2375 406 2409 ἁπαξαπλῶς
419 2377 474 2403 τῶν
491 2380 618 2407 :movhtov
633 2380 761 2413 ζιζανίων
779 2383 920 2419 ἀπηλλαγ-

134 2423 221 2458 μέναι.
231 2420 491 2456 Auctorlmperfecu
511 2427 594 2454 ορεήε
609 2426 637 2452 in
653 2426 920 2462 Matduzummomil.

131 2469 185 2495 λιες
203 2477 215 2495 ι
228 2469 366 2498 Venerunt
376 2471 450 2499 enim
465 2470 613 2499 Dositheus
625 2478 652 2500 et
663 2474 756 2502 Simon
768 2483 796 2503 et
809 2477 921 2505 Cleonis

131 2511 202 2550 [lege
218 2515 376 2556 Cleobius]
394 2525 413 2537 λ·
427 2516 492 2545 Haec
507 2519 546 2545 illi
561 2526 595 2546 ex
611 2520 804 2555 antiquissimo
828 2530 920 2551 rerum

130 2561 382 2590 ecclesiasticarum
406 2563 541 2598 scriptore
564 2564 726 2601 Hegesippo,
748 2568 820 2602 apud
834 2568 920 2598 Euse-

130 2605 205 2633 bium
220 2606 268 2634 lib.
285 2615 323 2641 IV,
344 2615 370 2635 c.
395 2607 444 2642 22,
460 2609 507 2644 qui
529 2609 672 2638 Cleobium
699 2611 773 2640 hunc
787 2614 814 2641 in
831 2615 918 2649 prima

130 2651 322 2681 haereticorum
343 2656 432 2683 classe
453 2656 588 2684 collocat:
609 2657 667 2692 Ἀφ’
683 2654 722 2685 ὦν
737 2659 838 2695 Σίμων,
857 2661 919 2688 ὅθεν

129 2697 300 2733 Σιμωνιανοὶ,
315 2700 363 2728 καὶ
372 2701 509 2734 Κλεόὸιος,
526 2702 587 2730 ὅθεν
603 2703 771 2738 Κλεοὸιανοὶ,
785 2707 833 2733 καὶ
843 2706 919 2733 Δοσί-

129 2743 200 2776 θεος,
221 2745 283 2772 ὅθεν
298 2747 463 2775 Δοσιθεανοί.
479 2748 608 2777 Cleobius
623 2750 705 2785 igitur
731 2751 837 2779 Simoni
854 2760 918 2788 syn-

128 2789 250 2819 chronns
262 2792 320 2827 ipso
333 2792 437 2828 lgnatio
447 2800 565 2830 martyre
575 2796 714 2831 antiquior
729 2796 789 2824 fuit.
802 2797 855 2826 Sed
866 2807 875 2823 ι
887 2802 918 2825 ιιι

129 2835 202 2864 hunc
213 2837 375 2866 Cleobulum
391 2840 529 2873 eumdem,
546 2841 644 2876 inquit,
663 2850 726 2869 eum
738 2842 915 2871 Clcohioillo

126 2881 368 2916 fuisseputemus,
381 2885 461 2917 cuius
475 2886 666 2916 litatiuuoties
682 2888 754 2917 apud
767 2888 915 2918 scriotores

980 1608 1074 1630 contra
1102 1602 1253 1630 Helvidium
1279 1603 1447 1638 disputantis
1463 1623 1471 1636 ,
1506 1602 1610 1630 diserte
1633 1602 1772 1639 lgnatinm

980 1648 1052 1676 inter
1065 1648 1234 1684 apostolicos
1244 1648 1395 1682 scriptores
1407 1648 1526 1683 primum
1542 1649 1714 1676 recensentis
1725 1647 1771 1683 qni

980 1697 1110 1725 adversus
1138 1696 1281 1729 Ebionem,
1305 1701 1334 1724 et
1350 1695 1521 1723 Theodotum
1546 1695 1720 1731 Bylantium,
1745 1699 1772 1722 et

980 1743 1155 1770 Valentinum
1178 1743 1358 1778 scripserunt.
1381 1752 1390 1768 ι
1408 1742 1495 1769 Caute
1511 1741 1569 1769 haec
1594 1742 1727 1776 primum,
1745 1745 1770 1768 et

979 1789 1119 1816 indeﬁnite
1132 1798 1139 1816 :
1153 1792 1245 1816 movet
1257 1788 1409 1820 hominem,
1425 1787 1473 1815 sed
1488 1794 1553 1821 quo,
1566 1794 1621 1814 non
1635 1787 1768 1819 ostendit;

979 1839 1009 1862 ut
1021 1835 1086 1869 quid
1096 1839 1171 1870 putet
1178 1842 1232 1862 non
1239 1834 1318 1862 addit
1329 1843 1336 1867 ;
1345 1834 1411 1869 quid
1420 1833 1608 1869 indecolligat,
1621 1840 1675 1860 nos
1686 1833 1770 1860 latere

978 1880 1074 1908 voluit.
1088 1881 1130 1907 An
1141 1885 1232 1908 movet
1245 1884 1275 1908 ut
1286 1880 1419 1916 lgnatium
1438 1879 1509 1907 inter
1524 1880 1694 1914 apostolicos
1702 1880 1770 1907 seria

978 1930 1071 1962 ptores
1096 1933 1150 1954 non
1168 1933 1298 1953 numeres
1310 1946 1319 1957 ,
1339 1933 1403 1953 cum
1423 1924 1608 1960 Hieronymus
1627 1925 1687 1960 ipse
1707 1932 1768 1952 eum

977 1972 1155 2000 diserteinter
1168 1972 1277 1999 eosdem
1286 1971 1474 1998 numeret?An
1486 1975 1577 1998 movet
1584 1976 1615 1998 ιιι
1625 1971 1767 1999 existima

977 2017 1205 2052 interpolatorem
1223 2023 1323 2044 nomen
1341 2016 1495 2051 prodidisse
1506 2015 1641 2043 Theodoti
1661 2015 1767 2051 lgnatio

973 2063 1105 2099 junioris,
1128 2063 1202 2098 quod
1230 2070 1311 2090 nemo
1338 2067 1462 2089 nostrum
1491 2062 1593 2097 negat?
1617 2062 1661 2088 An
1678 2065 1768 2089 movet

976 2108 1159 2144 Hieronymus
1180 2113 1210 2135 ut
1233 2108 1285 2135 hoc
1314 2113 1405 2142 putes,
1434 2107 1483 2142 qui
1516 2107 1764 2140 interpolatorem,

976 2159 1069 2190 utpote
1080 2163 1110 2183 se
1118 2155 1204 2182 multo
1217 2154 1354 2189 junioretn
1369 2160 1509 2187 nunquam
1524 2152 1609 2179 vidit?
1622 2151 1767 2186 Utcunque

976 2201 1024 2234 sit,
1042 2201 1224 2235 undecunque
1234 2204 1283 2227 aut
1301 2207 1467 2235 quocunque
1481 2203 1624 2226 moveatur
1637 2197 1765 2228 Dalbeus,

939 2252 962 2280 ι)
975 2251 1003 2276 et
1024 2246 1153 2274 Usserius
1174 2251 1202 2274 et
1223 2245 1412 2273 Hammondus
1438 2245 1559 2280 vapulat.
1576 2243 1667 2276 Prior,
1692 2243 1764 2278 quod

977 2301 988 2318 ι
1004 2292 1128 2320 videatur
1141 2291 1337 2326 Hieronymum
1348 2298 1448 2326 capere
1463 2297 1517 2317 non
1530 2291 1564 2317 de
1575 2288 1711 2324 epistolis,
1719 2288 1766 2316 sed

973 2339 1008 2368 de
1022 2339 1078 2367 alio
1099 2339 1192 2373 aliquo
1212 2337 1306 2372 lgnatii
1321 2345 1404 2373 opere
1417 2337 1492 2372 quod
1506 2336 1580 2363 illius
1597 2343 1657 2364 avo
1678 2335 1765 2363 exsti—

974 2386 1048 2419 terit,
1063 2390 1160 2413 nostro
1174 2384 1371 2412 desideretur.»
1380 2383 1415 2410 At
1429 2381 1559 2410 Usserius
1575 2381 1610 2408 de
1621 2380 1670 2408 tali
1683 2388 1765 2415 opere

973 2432 1043 2461 nihil
1059 2431 1250 2459 tantummodo
1274 2431 1324 2462 ait.
1352 2430 1379 2458 id
1407 2429 1482 2465 quod
1510 2428 1765 2456 verissimumessc

972 2485 1069 2505 omnes
1081 2477 1253 2505 concedent:
1271 2485 1280 2501 ι
1297 2475 1328 2502 Si
1341 2475 1476 2503 Theodoti
1490 2473 1609 2501 Coriarii
1625 2473 1655 2500 in
1670 2473 1764 2508 aliquo

971 2530 1054 2558 opere
1067 2529 1166 2550 nomen
1179 2521 1276 2557 lgnatii
1290 2521 1449 2556 praeferente
1462 2519 1534 2548 facta
1553 2519 1637 2547 fuerit
1647 2519 1762 2553 mentio,

971 2567 1117 2596 manifesta
1131 2567 1332 2603 ψευδογραφιας
1354 2575 1387 2595 ex
1403 2567 1462 2601 ipsa
1476 2570 1632 2600 temporum
1648 2566 1764 2594 convin-

972 2617 1053 2640 catur
1068 2613 1186 2640 ratione.
1207 2622 1217 2639 ι
1233 2612 1294 2640 Non
1305 2612 1425 2640 asseruit
1437 2611 1492 2639 tale
1512 2619 1583 2646 opus
1599 2610 1762 2646 Hieronymi

970 2662 1049 2686 aetate
1070 2658 1220 2693 exstitisse,
1249 2666 1305 2686 non
1320 2658 1392 2686 alios
1419 2657 1525 2694 lgnatio
1552 2659 1638 2687 libros
1655 2658 1763 2686 aﬂinxit

971 2704 1109 2739 Usserius,
1125 2710 1155 2733 ut
1169 2705 1323 2733 frustranea
1338 2705 1418 2741 plane
1429 2705 1466 2733 sit
1483 2709 1539 2733 tota
1555 2705 1614 2733 hac
1628 2705 1762 2734 adversus

968 2759 1031 2779 eum
1044 2751 1168 2780 instituta
1191 2751 1353 2787 disputatio.
1368 2751 1402 2779 Et
1415 2759 1479 2780 cum
1499 2759 1609 2780 errores
1623 2751 1760 2780 Theodoti

969 2798 995 2824 in
1009 2797 1052 2826 his
1065 2798 1189 2833 epistolis
1212 2798 1385 2833 apertissime
1399 2797 1514 2826 refutari
1530 2798 1579 2830 ait,
1594 2805 1630 2826 ne
1655 2798 1686 2825 id
1699 2798 1759 2832 qui-

967 2843 1029 2871 dem
1043 2844 1190 2879 quisquam
1200 2849 1290 2879 ncgat.
1303 2844 1374 2872 Nulli
1387 2849 1477 2872 autem
1486 2845 1533 2872 alii
1544 2851 1658 2872 errores
1669 2843 1759 2871 Theo-

968 2890 1024 2918 doti
1039 2890 1067 2918 iu
1083 2890 1314 2922 illisrefutantur.
1335 2891 1388 2919 nisi
1401 2891 1449 2924 qui
1465 2891 1501 2919 ad
1516 2890 1664 2920 Ehioneos
1675 2888 1757 2927 perti-
