1866 3073
63 162 110 190 185

410 159 436 188 J.
457 158 639 188 PEABSONH
656 155 818 186 VlNDIChE
835 155 1044 186 IGNATIANE.
1066 171 1101 177 -—
1119 153 1211 183 PARS
1227 154 1259 182 ΙΙ.

65 222 170 253 nabant,
189 226 217 248 et
235 219 380 247 Ebionem
397 220 481 248 simul
495 227 558 248 cum
569 219 713 247 Theodoto
729 218 855 246 nominat
866 220 891 249 Α
904 217 951 253 qui
963 216 1010 245 diu
1023 219 1087 252 post
1096 223 1194 244 eorum
1209 217 1324 242 mortem
1336 216 1447 240 exortus
1460 213 1513 242 est,
1521 208 1573 237 sub
1586 207 1697 236 Victore

66 264 259 302 Hieronymus:
275 274 331 293 nec
343 266 372 293 in
391 266 445 293 hoc
458 265 547 300 capite
557 265 592 292 de
603 265 697 292 haresi
712 264 854 298 quaeritur,

66 311 154 339 sedde
167 310 316 342 heretico,
342 317 426 345 quem
445 312 480 338 ab
498 310 602 345 lgnatio
616 309 788 337 nominatum
808 313 857 336 aut

67 357 212 385 refutatum
231 365 381 392 negamus.
403 356 521 384 Haeresis
545 356 680 383 Theodoti
701 355 730 382 in
753 355 859 382 Ebione

67 409 92 431 et
105 403 241 431 Cerintho
257 403 381 430 refutata
396 407 449 435 est,
466 402 624 430 Theodotus
637 401 697 436 ipse
721 401 750 428 in
764 401 860 436 genui-

69 450 109 478 nis
122 449 250 484 epistolis
265 450 388 477 intactus
404 453 457 476 est.

105 505 115 522 ι
131 495 325 523 Hammondus
346 502 412 522 vero
429 494 579 522 conﬁtetur
596 500 652 521 non
674 499 785 520 necesse
799 498 862 518 esse

71 547 100 569 ut
118 543 243 577 lgnatius
267 542 403 569 adversus
418 541 594 575 Valentinum
617 544 665 567 aut
689 539 862 566 Theodotum

72 588 211 616 volumina
224 595 298 615 nova
313 587 457 622 scripsisse
473 588 594 614 dicatur.
611 596 621 613 ι
639 586 724 614 Recte
742 585 800 613 haec
817 584 863 614 ille

73 635 194 671 quidem,
220 643 278 662 non
304 639 334 662 ut
353 633 466 662 Usserio
481 633 695 665 contradiceret,
723 631 771 667 qui
796 630 864 658 illud

75 689 185 710 necesse
196 689 262 709 esse
270 688 411 716 nunquam
426 680 505 713 dixit,
515 679 562 707 sed
574 683 604 707 ut
615 678 810 713 Hieronymum
822 676 866 703 in-

77 731 285 762 terpretaretur,
299 726 379 760 cujus
395 726 478 753 verba
495 733 549 753 non
565 724 722 762 conjuncte,
750 723 798 750 sed
824 722 867 749 di-

76 772 153 799 visim
175 771 357 807 intelligenda
372 778 436 799 esse
458 770 567 798 censuit
581 779 588 796 :
602 769 685 804 idque
714 767 869 796 rectissime

77 818 253 846 observatum
269 825 331 845 esse
342 817 440 852 liquet,
456 816 479 844 si
495 816 529 843 de
544 816 656 850 scriptis
680 823 736 842 non
762 818 868 842 tantum

79 863 209 893 adversus
221 863 352 895 hereses,
359 862 406 890 sed
416 866 443 889 et
451 862 525 896 ipsos
535 860 679 888 haereticos
691 859 868 895 intelligatur.

80 908 170 944 Neque
183 909 262 936 enim
277 908 444 943 Polycarpus
459 911 555 935 contra
578 905 764 939 Valentinum,
782 912 871 939 neque

81 955 219 987 Justinus,
245 954 290 981 vel
319 953 458 985 lrencus,
475 956 607 987 quantum
635 951 755 985 scimus,
780 954 874 978 contra

82 1001 277 1033 Theodotum,
318 1007 447 1034 expresse
489 998 624 1033 scripsit;
660 1002 733 1024 certe
756 1000 875 1031 quatuor

82 1048 141 1076 illos
165 1054 265 1074 omnes
296 1046 460 1081 apostolicos
482 1044 555 1071 viros
574 1043 706 1071 adversus
734 1047 788 1070 tres
815 1041 875 1068 illos

85 1093 226 1120 haereticos
252 1092 354 1119 diserte
371 1099 426 1118 non
449 1090 592 1124 scripsisse
607 1093 736 1121 constat;
759 1093 786 1115 et
811 1087 875 1115 inde

84 1144 153 1167 recte
165 1138 310 1173 colligitur
330 1137 364 1165 ad
380 1135 538 1171 Hieronymi
553 1139 672 1162 mentem
685 1133 753 1161 satis
761 1140 823 1160 esse
841 1140 872 1160 ea

85 1194 142 1221 quat
156 1185 285 1221 lgnatius
300 1184 328 1211 in
343 1183 468 1219 epistolis
488 1187 583 1211 contra
609 1181 741 1209 Ebionem
753 1184 782 1208 et
795 1179 872 1208 Gno-

86 1232 163 1260 stieos
173 1230 301 1266 scripsit,
312 1229 420 1257 etiamsi
437 1228 504 1255 nihil
515 1228 646 1255 adversus
661 1225 837 1253 Valentinum
846 1228 874 1252 et

87 1277 257 1305 Theodotum
271 1275 442 1310 scripserint.
458 1273 498 1301 lta
511 1272 620 1307 quidem
630 1271 715 1300 scnsit
725 1270 873 1298 Hammon-

87 1324 150 1357 dus;
162 1332 172 1349 α
183 1323 232 1350 ille
242 1329 309 1349 vero
322 1320 436 1352 fallitur,
453 1320 541 1355 inquit
554 1318 683 1351 Dallteus,
694 1321 721 1344 et
736 1317 871 1344 rationem

88 1370 174 1397 statim
189 1368 293 1401 reddit,
311 1375 375 1394 nam
388 1366 441 1394 nisi
456 1365 577 1401 lgnatius
593 1368 688 1391 contra
704 1362 873 1390 Theodotum

89 1416 231 1451 scripsisse
244 1414 424 1448 intelligatur,
441 1412 545 1447 liquido
560 1411 659 1438 falsum
679 1410 732 1437 erit
749 1408 822 1444 quod
830 1408 874 1447 'ait

90 1461 282 1496 Hieronymus.
304 1470 314 1486 ι
330 1459 399 1486 Mira
414 1459 471 1486 haec
487 1457 626 1490 assertio;
643 1455 691 1484 sed
717 1459 745 1482 et
768 1454 874 1481 ratione

91 1516 136 1535 sua
148 1507 227 1542 quali
239 1506 315 1541 quali
337 1513 392 1533 non
403 1511 488 1532 caret.
507 1502 607 1530 (Nemo
619 1502 692 1529 enim
706 1500 873 1535 apostolicus

90 1560 181 1583 contra
188 1562 254 1582 eum
271 1552 392 1587 scripsit,
406 1558 460 1578 non
474 1549 650 1585 Polycarpus,
661 1556 694 1575 ac
708 1555 741 1574 ne
755 1546 873 1574 lrenzeus

908 264 1038 299 episcopo
1054 262 1190 293 Romano,
1210 260 1236 288 id
1247 264 1289 287 est
1299 258 1372 286 circa
1390 265 1414 285 a.
1432 256 1462 282 ι).
1478 255 1542 286 200,
1556 261 1611 289 quo
1626 258 1697 281 teni-

907 298 973 347 pore
990 308 1151 337 incredibile
1163 311 1205 334 est
1216 312 1382 341 quemquam
1405 309 1500 330 eorum
1522 301 1635 330 vixisse.
1649 298 1698 334 qui

908 357 1047 392 apostolos
1055 355 1190 385 viderant,
1200 359 1296 380 omnes
1311 355 1374 378 ante
1392 357 1417 377 a.
1433 349 1463 376 Ι).
1477 348 1530 375 100
1546 352 1695 375 mortuos.»

909 402 963 431 Ubi
987 402 1076 437 primo
1092 398 1258 435 apostolicos
1273 397 1347 424 viros
1372 396 1453 422 habet
1474 401 1524 429 pro
1539 393 1573 420 iis
1589 396 1697 419 tantum

910 449 958 484 qui
976 446 1118 483 apostolos
1141 445 1275 478 viderant,
1291 442 1364 478 quod
1380 447 1423 469 est
1444 449 1459 468 a
1483 444 1573 467 mente
1598 437 1696 464 Hiero-

911 494 987 531 nymi
1012 500 1127 528 prorsus
1153 492 1284 519 alienum.
1313 489 1383 516 Cum
1412 487 1486 515 enim
1512 484 1650 512 Justinum
1672 487 1700 510 et

912 528 1044 569 Irenaum
1059 539 1182 573 aliosque
1189 536 1355 572 apostolicos
1366 534 1491 563 advocat.
1501 539 1548 559 eos
1557 531 1631 566 ipsos
1642 528 1702 557 sine

913 587 997 616 dubio
1011 593 1062 622 pro
1075 583 1232 620 apostolicis
1245 581 1354 610 habuit:
1368 584 1396 607 at
1410 586 1498 613 neque
1513 577 1641 608 lrcmeus,
1654 582 1703 602 nc-

914 641 969 669 que
989 632 1114 661 Justinus
1138 630 1293 666 apostolum
1321 627 1407 655 ullum
1428 625 1504 652 vidit.
1525 623 1564 650 lla
1579 622 1661 650 etiam
1675 625 1704 648 ct

916 667 964 707 alii
978 679 1141 712 loquuntur,
1165 673 1400 704 ut‘Theodoretus
1413 670 1513 698 ﬂleret.
1543 668 1599 702 ιώ.
1616 667 1663 694 lib.
1681 674 1701 698 I,

916 733 942 754 ο.
958 724 997 752 2:
1013 724 1069 751 Καὶ
1084 723 1237 759 Εἰρηναῖος,
1260 717 1290 747 οὗ
1308 719 1354 746 καὶ
1377 717 1494 753 πρόσθεν
1514 713 1703 750 ἐμνήσθημεν,

917 769 1094 801 ἀποστολικὸς
1110 769 1139 796 δὲ
1152 768 1200 795 καὶ
1215 764 1292 798 οὗτος
1305 766 1391 800 ἀνήρ,
1404 773 1414 790 ι
1433 767 1460 791 et
1482 762 1611 794 lrenmus,
1625 760 1705 794 cujus

919 824 1002 852 supra
1018 815 1207 847 meminimus,
1222 813 1264 840 vir
1276 812 1347 839 idem
1363 817 1474 846 quoque
1484 807 1653 843 apostolicus
1670 816 1676 832 :
1693 815 1703 831 ι

920 868 948 891 et
970 870 1066 891 rursus
1079 869 1141 896 cap.
1154 861 1188 888 5:
1206 859 1353 896 Εἰρηναὶου
1373 856 1421 884 τοῦ
1436 856 1485 891 τὴν
1502 853 1637 889 Ἑσπέραν
1654 861 1707 886 φω-

922 909 1048 936 τίσαντος
1078 906 1175 942 ἀνδρὸς
1204 902 1383 932 ἀποστολικοῦ
1410 900 1603 937 παραθήσομαι
1639 906 1708 933 μαρ-

924 954 1038 991 τυρίαν,
1057 963 1066 980 ι
1089 952 1182 980 lrenzei
1201 952 1253 979 viri
1277 949 1432 986 apostolici,
1459 947 1507 982 qui
1531 944 1708 973 Occidentem

925 1000 1082 1033 illustravit,
1111 998 1250 1034 proferam
1275 995 1475 1024 testimonium.
1498 1002 1508 1019 i
1529 992 1565 1019 At
1590 990 1710 1018 Irenaaus

924 1046 1030 1081 aliquot
1043 1045 1125 1073 annis
1135 1048 1197 1079 post
1205 1048 1245 1086 ιδ.
1266 1042 1299 1069 Ι).
1315 1042 1380 1073 200,
1395 1044 1522 1068 mortuus
1536 1041 1588 1071 cst,
1613 1041 1644 1064 ut
1659 1042 1711 1063 nec

925 1093 954 1121 S.
970 1092 1102 1120 Joannem
1116 1081 1216 1119 viderii
1226 1093 1290 1117 ante
1307 1097 1335 1116 a.
1348 1087 1379 1115 D.
1399 1087 1452 1114 100
1464 1086 1634 1114 defunctum.
1650 1081 1710 1109 Non

923 1139 1008 1175 igitur
1026 1139 1087 1166 ideo
1106 1137 1294 1165 Theodoretus
1308 1135 1439 1162 lrenteum
1455 1132 1544 1159 virum
1567 1129 1703 1165 apostoli-

924 1174 987 1213 cum
1007 1183 1160 1220 appellavit,
1177 1182 1250 1217 quod
1276 1180 1430 1216 apostolum
1447 1178 1566 1212 aliquem
1585 1176 1613 1202 in
1630 1174 1711 1202 terris

923 1230 1033 1264 viderit,
1050 1229 1097 1258 sed
1107 1229 1180 1264 quod
1196 1232 1279 1259 esset,
1292 1231 1322 1253 ut
1335 1226 1394 1260 ipse
1408 1224 1472 1252 alibi
1483 1230 1545 1250 cum
1559 1220 1712 1256 Epiphanio

923 1277 1055 1311 loquitur,
1073 1274 1128 1302 τῶν
1145 1273 1299 1301 ἀποστόλων
1316 1271 1447 1306 διάδοχος,
1460 1274 1490 1296 ut
1504 1269 1533 1296 ὃ.
1550 1267 1669 1295 Basilius
1680 1266 1715 1293 de

926 1321 1030 1356 Spiritu
1051 1324 1148 1348 sancto
1165 1327 1226 1353 cap.
1241 1318 1287 1349 29,
1298 1317 1381 1351 ἐγγὺς
1394 1314 1549 1343 ἀποστόλων
1560 1313 1713 1348 γενόμενος,

923 1371 954 1395 ut
968 1367 997 1393 S.
1011 1365 1192 1401 Augustinus,
1209 1371 1264 1391 non
1276 1363 1355 1397 longe
1366 1370 1381 1389 a
1396 1360 1562 1396 temporibus
1577 1358 1715 1393 apostolo—

923 1422 995 1442 rum.
1009 1412 1097 1440 Voeat
1108 1419 1170 1440 eum
1182 1410 1292 1445 quidem
1304 1409 1496 1444 Hieronymus,
1508 1410 1538 1434 ut
1552 1406 1607 1438 hic,
1625 1405 1714 1432 virum

923 1459 1121 1495 apostolicum,
1135 1458 1172 1484 ita
1187 1457 1268 1488 alibi,
1283 1456 1372 1483 virum
1384 1453 1596 1489 apostolicorum
1611 1455 1717 1485 tempo-

925 1515 998 1539 rum,
1009 1513 1064 1533 non
1076 1505 1151 1540 quod
1165 1505 1239 1539 ipsos
1250 1502 1391 1538 apostolos
1407 1500 1517 1533 viderit,
1540 1498 1588 1527 sed
1604 1501 1719 1532 aposto.

929 1553 1019 1580 lorum
1040 1551 1202 1586 discipulos.
1225 1549 1264 1577 lla
1284 1548 1357 1576 enim
1380 1546 1501 1582 loquitur
1519 1543 1634 1580 epistola
1663 1542 1696 1570 l9
1710 1550 1717 1556 ’

91 1601 197 1636 quidem
213 1605 261 1627 aut
273 1598 409 1630 Justinus,
423 1600 471 1623 aut
481 1596 625 1630 quisquam
636 1589 767 1628 'cjusdem
779 1598 878 1618 census
892 1579 913 1608 ο
937 1608 946 1625 ε
961 1598 1080 1626 In,an
1094 1579 1135 1625 νς,-
1152 1595 1366 1632 aposwlicorum
1389 1579 1554 1629 “inpurum”
1569 1595 1597 1619 ει
1618 1589 1719 1624 Ρπρίε,

92 1647 168 1678 alius,
184 1651 217 1673 ut
230 1645 312 1680 plane
327 1650 438 1671 necesse
450 1642 486 1670 sit
495 1641 529 1669 ad
540 1640 674 1676 lgnatium
685 1637 885 1672 referriquaede

93 1692 233 1719 Theodoto
258 1689 327 1718 dicit
342 1688 535 1724 Hieronymus.
555 1696 564 1713 ι
585 1685 638 1713 Sed
656 1690 683 1713 et
701 1684 770 1712 mihi
783 1684 886 1719 pariter

93 1739 232 1773 disputare
248 1737 321 1764 licet.
350 1734 434 1762 Nemo
458 1732 625 1768 apostolicus
639 1736 735 1760 contra
752 1729 882 1757 Theodo-

94 1789 147 1812 tum
161 1783 287 1818 scripsit,
299 1790 353 1810 non
362 1780 485 1816 lgnatius
500 1784 616 1815 martyr,
628 1786 682 1805 non
694 1776 830 1809 Justinus,
840 1778 888 1803 aut

93 1830 222 1862 lrenaeus,
239 1834 267 1857 ut
286 1835 401 1856 necesse
417 1827 453 1854 sit
466 1826 500 1853 ad
513 1825 695 1861 Polycarpum
711 1822 808 1850 referri
826 1828 888 1856 quae

93 1878 156 1905 dicit
171 1876 372 1911 Hieronymus.
389 1873 428 1901 lta
444 1872 606 1903 deJustino,
623 1871 661 1898 ita
675 1870 709 1897 de
725 1868 836 1896 Irenaeo.
854 1867 890 1896 Ut

102 1925 156 1951 hanc
174 1922 271 1950 omnia
286 1925 360 1949 recte
375 1919 571 1954 intelligantur,
581 1923 609 1944 et
619 1914 813 1951 disputationis
826 1913 891 1941 Dal-

93 1969 186 1998 laanaa
204 1969 382 1997 imbecillitas
398 1969 539 2001 appareat,
555 1965 633 1991 locus
654 1961 814 1997 Hieronymi
831 1968 891 1988 om-

95 2018 160 2045 nino
173 2016 338 2046 recitandus
362 2019 415 2048 est,
430 2021 513 2050 quem
530 2012 577 2040 ille
602 2015 682 2040 caute
704 2008 888 2045 praetermisit.

94 2065 183 2093 Verba
207 2064 271 2099 ejus
284 2063 418 2091 adversus
433 2060 589 2088 Helvidium
612 2059 671 2086 hzec
686 2063 751 2086 sunt
766 2065 772 2083 :
789 2066 798 2082 t
812 2055 890 2083 Nun-

92 2112 160 2147 quid
175 2119 232 2139 non
256 2117 371 2145 possum
393 2108 444 2136 tibi
470 2112 553 2147 totum
576 2110 699 2133 veterum
723 2103 890 2138 scriptorum

92 2158 192 2186 seriem
201 2163 391 2188 commovere,
397 2153 543 2190 lgnatium,
550 2152 742 2187 Polycarpum,
749 2149 891 2181 Irenaeum,

92 2204 234 2232 Justinum
257 2207 417 2237 martyrem,
436 2201 590 2234 multosque
606 2199 676 2225 alios
689 2196 855 2231 apostolicos
865 2198 892 2222 et

934 1645 1066 1674 auditoris
1091 1644 1267 1679 evangelistam
1292 1641 1427 1673 Joannis,
1456 1638 1618 1674 discipulus.
1643 1646 1653 1662 ι
1681 1636 1721 1662 Ita

936 1690 1105 1727 llcgesippus
1117 1690 1215 1717 Photio
1233 1689 1332 1716 dicitur
1346 1688 1458 1724 ἀρχαῖος
1470 1685 1540 1721 ἀνὴρ
1549 1684 1596 1711 καὶ
1605 1683 1723 1710 ἀποστο-

935 1737 1028 1769 λικός,
1043 1736 1105 1764 eod.
1125 1735 1197 1769 9.52.,
1218 1735 1265 1770 qui
1286 1733 1404 1761 Eusebio
1424 1731 1581 1767 perhibetur
1603 1728 1650 1755 imi.
1672 1727 1723 1762 τῆς

937 1782 1049 1818 πρώτης
1061 1781 1117 1809 τῶν
1135 1781 1292 1808 ἀποστόλων
1312 1779 1456 1814 γενόμενος
1472 1775 1607 1811 διαδοχῆς,
1629 1778 1657 1801 et
1671 1773 1725 1800 sub

939 1828 1097 1856 Eleutherio
1111 1827 1256 1862 scripsisse
1266 1826 1399 1853 noscitur.
1408 1823 1512 1851 Revera
1526 1820 1647 1855 antiquis
1661 1827 1724 1854 apo-

939 1875 1028 1904 stolici
1041 1874 1203 1903 dicebantur
1217 1873 1319 1908 duplici
1331 1871 1447 1903 ratione,
1460 1874 1518 1897 tum
1530 1867 1618 1896 atatis
1632 1873 1725 1900 respe-

939 1926 996 1954 ctu,
1013 1926 1070 1949 tum
1097 1920 1244 1952 docti-ima;
1271 1922 1397 1952 respectu
1415 1914 1505 1943 aetatis
1517 1914 1599 1942 etiam
1615 1912 1634 1940 ii
1647 1911 1724 1938 diee-

940 1968 1040 1996 bantur
1053 1966 1209 2002 apostolici,
1230 1965 1277 2000 qui
1296 1972 1359 1992 cum
1375 1961 1506 1998 apostolis
1519 1959 1647 1991 vixerint,
1663 1957 1724 1984 licet

940 2015 975 2041 ab
988 2021 1083 2041 eorum
1102 2011 1228 2040 doctrina
1242 2011 1428 2041 dissentirent,
1443 2012 1473 2035 ut
1484 2006 1669 2034 Tertullianus
1684 2004 1723 2030 lo-

940 2059 1035 2094 quitur
1050 2057 1183 2085 adversus
1195 2056 1392 2090 Hermogenem
1403 2061 1429 2081 c.
1442 2054 1454 2080 1
1468 2061 1475 2079 :
1495 2062 1504 2078 ι
1518 2051 1574 2079 Nec
1591 2051 1649 2086 ipse
1661 2056 1724 2084 apo-

941 2105 1055 2133 stolicus
1070 2103 1255 2139 Hermogenes
1271 2102 1299 2129 in
1322 2100 1416 2136 regula
1442 2097 1645 2134 perseveravit;
1662 2105 1672 2121 ι
1687 2094 1727 2121 illi

942 2156 1035 2179 autem
1060 2150 1205 2186 praecipue,
1222 2149 1268 2183 qui
1285 2147 1437 2175 doctrinam
1454 2146 1488 2173 ab
1500 2143 1633 2179 apostolis
1650 2148 1727 2169 rece-

942 2201 1052 2232 perunt,
1067 2200 1095 2223 et
1106 2196 1133 2223 in
1153 2203 1184 2223 ea
1206 2194 1392 2229 perstiterunt,
1408 2196 1438 2219 ut
1451 2191 1522 2219 idem
1531 2190 1568 2216 De
1579 2187 1728 2223 praeripi.

93 2251 258 2285 eloquentes
273 2234 348 2274 viros
361 2247 409 2281 qui
424 2246 553 2273 adversus
567 2245 696 2271 Ebionem
717 2247 744 2269 et
766 2241 890 2268 Thcodo-
906 2252 929 2280 υ
943 2244 1035 2271 hara.
1050 2250 1111 2277 cap.
1122 2241 1158 2269 52
1175 2250 1182 2268 ε
1202 2250 1212 2267 ί
1226 2240 1261 2268 υι
1275 2238 1434 2275 primusille
1450 2237 1596 2272 episcopus
1611 2234 1730 2268 aliquem

94 2302 153 2323 tum
163 2294 346 2330 Byzantinum
357 2292 395 2328 [et
408 2289 756 2326 Valentinum]hacceadem
771 2288 890 2315 sentien-

95 2348 137 2370 tes
149 2342 229 2377 plena
238 2340 379 2375 sapientiae
393 2339 533 2366 volumina
545 2337 767 2371 conscripserunt
777 2336 787 2361 ‘?
796 2342 854 2369 qua:
868 2334 891 2361 si

95 2389 212 2424 legisses
224 2386 384 2421 aliquando,
402 2385 464 2420 plus
476 2392 596 2418 sapt-res.
610 2382 686 2409 iNon
704 2386 809 2408 tantum
824 2388 892 2415 qua-

96 2440 163 2462 tuor
181 2437 328 2460 enumerat
351 2431 545 2466 Hieronymus,
566 2430 612 2456 sed
637 2434 664 2455 et
685 2438 692 2453 t
711 2428 811 2454 multos
825 2426 893 2452 alios

96 2480 268 2516 apostolicos
281 2484 308 2506 et
318 2479 479 2513 eloquentes
491 2477 564 2504 viros
575 2485 584 2501 i
599 2475 708 2510 adjicit,
722 2475 776 2501 imo
792 2483 799 2498 ‹
812 2478 894 2500 totam

96 2532 226 2560 veterum
253 2526 420 2560 scriptorum
438 2524 537 2551 seriem
558 2532 566 2548 ι
585 2523 711 2553 advocat,
738 2527 853 2555 quorum
871 2519 893 2546 si

99 2581 174 2601 unus
200 2572 302 2607 aliquis
320 2571 455 2599 adversus
478 2567 650 2596 Theodotum
674 2575 803 2602 expresse
828 2566 896 2594 scri-

101 2620 201 2654 pserit,
216 2626 273 2646 non
291 2625 406 2645 necesse
421 2620 473 2649 est,
486 2620 517 2643 ut
533 2615 558 2642 id
574 2615 709 2650 lgnatium
723 2614 821 2641 fecisse
844 2621 896 2647 pu-

101 2666 204 2697 taverit
220 2665 418 2700 Hieronymus,
434 2663 521 2699 magis
534 2670 615 2697 quam
631 2662 823 2697 Polycarpum,
850 2664 897 2686 aut

102 2714 257 2746 Justinum,
282 2718 330 2740 aut
355 2712 502 2742 Irenaeum,
523 2717 641 2745 quorum
663 2709 798 2735 neminem
817 2708 841 2734 id
857 2706 897 2733 fc-

103 2762 174 2789 cisse
203 2762 305 2788 fatetur
323 2759 367 2787 vir
386 2757 573 2786 doctissimus.
602 2755 655 2782 Sed
683 2760 709 2782 et
732 2755 796 2781 huic
819 2754 898 2780 etiam

105 2807 252 2843 objectioni
280 2806 456 2840 aliquatenus
498 2803 628 2831 occurrit.
644 2811 653 2827 ‹
671 2801 814 2835 Quomodo
828 2821 836 2833 ,
857 2801 900 2827 in~

106 2859 175 2890 quit,
198 2854 241 2882 vel
267 2852 449 2887 Polycarpus,
476 2850 517 2877 vel
533 2849 668 2881 Justinus,
683 2848 899 2882 velapostolico-

109 2908 169 2928 rum
183 2901 335 2936 quisquam
352 2902 448 2926 contra
464 2896 634 2925 Theodotum
648 2895 766 2923 scribere
778 2898 903 2929 poterant

942 2298 976 2319 ex
996 2289 1140 2325 apostolis,
1158 2287 1201 2315 vel
1218 2285 1378 2321 apostolicis
1392 2284 1470 2317 viris,
1487 2282 1534 2317 qui
1552 2287 1642 2309 tamen
1667 2286 1731 2306 cum

943 2337 1078 2373 apostolis
1090 2333 1316 2371 perseveraverit,
1331 2330 1458 2359 habuerit
1481 2332 1622 2356 auctorem
1636 2329 1663 2353 et
1682 2332 1733 2352 an-

943 2389 1127 2416 tecessorem;
1144 2392 1155 2409 »
1167 2387 1194 2410 et
1204 2381 1286 2417 paulo
1300 2384 1379 2415 post:
1398 2388 1408 2404 I
1424 2378 1486 2412 Ipsa
1501 2373 1626 2403 doctrina
1636 2379 1733 2400 eorum

944 2438 1007 2459 cum
1020 2429 1170 2465 apostolica
1183 2431 1353 2462 comparata,
1368 2432 1403 2452 ex
1414 2421 1572 2453 diversitate
1582 2423 1610 2447 et
1619 2421 1731 2446 contra»

945 2477 1042 2505 rietate
1058 2483 1108 2504 sua
1129 2483 1219 2510 neque
1240 2472 1358 2508 apostoli
1384 2469 1501 2504 alicujus
1522 2465 1645 2494 auctoris
1660 2471 1734 2496 esse,

946 2528 1035 2558 neque
1059 2521 1200 2557 apostolici
1215 2528 1221 2546 :
1239 2520 1303 2555 quia
1327 2518 1399 2546 sicut
1417 2514 1534 2551 apostoli
1550 2520 1605 2540 non
1627 2511 1736 2539 diversa

947 2555 1019 2596 inter
1034 2576 1064 2596 se
1076 2555 1249 2599 docuissent,
1269 2566 1307 2593 ita
1318 2568 1346 2592 et.
1356 2561 1502 2598 apostolici
1522 2566 1579 2587 non
1597 2555 1736 2585 contraria

948 2614 1079 2650 apostolis
1092 2612 1278 2640 docuissent.)
1290 2610 1424 2644 Respectu
1439 2606 1583 2637 doctrinae,
1601 2603 1640 2631 illi
1653 2601 1738 2650 etiam

949 2646 1093 2696 apostolici
1104 2658 1275 2690 dicebantur,
1291 2655 1339 2690 qui
1353 2653 1542 2689 apostolorum
1554 2650 1606 2678 (ide
1620 2646 1740 2676 maxime

950 2692 1112 2737 ﬂoruerunt,
1132 2704 1196 2731 licet
1221 2701 1360 2737 apostolos
1385 2700 1461 2735 ipsos
1487 2705 1542 2725 non
1572 2692 1739 2723 audiverim,

950 2752 1046 2788 quales
1065 2753 1155 2782 erant,
1180 2748 1251 2775 forte
1278 2745 1387 2781 Papias,
1414 2741 1583 2777 Hegesippus
1611 2740 1695 2788 certe.
1712 2738 1741 2762 et

952 2782 1071 2828 l-renaaus
1086 2805 1094 2823 ε
1108 2796 1180 2823 unde
1196 2793 1269 2829 apud
1287 2792 1317 2820 S.
1335 2789 1518 2819 Athanasium
1531 2784 1662 2814 haeretico
1674 2782 1741 2810 sim-

953 2845 1059 2881 pliciter
1080 2841 1229 2878 opponitur
1245 2841 1260 2867 ὁ
1279 2838 1374 2870 πιστὸς
1391 2837 1439 2865 καὶ
1457 2832 1636 2863 ἀποστολικδς
1660 2830 1740 2865 ἀνήρ,

954 2877 1204 2928 quacunquetetate
1216 2887 1323 2920 vixerit,
1340 2884 1437 2920 tom.l,
1451 2891 1513 2920 pag.
1528 2881 1592 2915 275,
1609 2877 1741 2907 uteadem
