1866 3073
179 139 233 166 287

690 142 721 172 S.
741 143 916 175 IGNATIHS.
933 162 968 168 —
994 146 1266 189 PHOLEGDIENA.

179 195 274 245 fuerit»
288 198 359 226 inter
383 199 458 228 viros
485 202 653 236 apostolicos
664 189 809 234 disﬁnctio
818 214 880 240 qua
896 207 966 236 inter
983 211 1003 240 Α
1017 213 1102 244 atque
1123 207 1190 237 ideo
1213 208 1312 238 falsum
1326 208 1412 237 fuisse
1427 207 1622 245 Hieronymum
1636 209 1801 239 conﬁtetur;

177 242 309 289 ecclesias
325 246 492 280 apostolicas
515 247 576 277 fuit.
589 250 656 278 Alia:
669 251 744 280 enim
755 253 879 281 ecclesia
891 262 960 289 apo-

178 288 282 316 stolica
306 289 477 325 dicebantur,
496 294 570 328 quod
596 296 632 323 ab
656 298 787 331 apostolis
811 299 894 335 ipsis,
911 288 963 329 aut

177 335 336 382 apostolicis
352 337 419 365 viris
431 338 551 368 fundata:
562 341 627 375 sint,
639 343 700 371 aliae
708 345 853 379 quodcum
866 352 961 382 postea

175 385 278 408 exorta:
292 381 355 414 sint,
371 391 433 411 cum
449 385 503 413 illis
515 388 676 421 apostolicis
704 389 732 417 in
752 390 880 420 doctrina
893 400 961 421 con-

175 426 506 474 venirent.»'l'ertullianus
517 432 553 460 De
566 435 716 469 prescripl.
732 436 823 465 lueret.
835 446 896 474 cap.
908 439 958 466 20:

176 478 187 496 ι
206 470 331 518 Apostoli
345 474 476 504 ecclesias
493 478 565 512 apud
579 487 803 518 unamquamque
821 470 959 513 civitatem

174 517 365 553 condiderunt,
382 528 397 548 a
412 523 514 556 quibus
522 525 663 554 traducem
679 527 741 556 ﬁdei
756 517 783 557 et
793 530 898 558 semina
910 531 960 560 do-

171 563 267 592 ctrinae
281 570 385 594 ceterae
410 568 509 597 exinde
527 571 652 601 ecclesiae
679 579 810 604 mutuatae
829 582 906 610 sunt,
930 583 960 606 et

170 610 292 658 quotidie
306 617 469 642 mutuantur
480 620 511 643 ut
523 617 648 647 ecclesia:
661 620 744 655 ﬂant;
760 630 794 650 ac
806 631 856 658 per
866 624 919 652 hoc
930 630 960 653 et

171 655 237 690 ipsa:
249 659 407 692 apostolicae
427 661 606 697 deputantur,
621 670 651 693 ut
665 667 776 696 soboles
789 655 956 704 apostolica-

169 710 231 730 rum
246 705 435 735 ecclesiarum.
455 718 464 735 ι
482 709 556 737 idem
570 719 631 747 cap.
647 712 701 740 52:
721 723 731 739 ι
745 713 803 743 Hoc
817 717 900 744 mozlo
910 725 958 745 ee-

167 748 259 778 ciesiae
266 753 424 799 apostolica
436 762 536 784 census
551 764 618 785 suos
628 758 766 793 deferunt,
776 761 848 790 sicut
862 762 957 799 Smyr-

169 801 289 824 nasorum
296 796 419 827 Ecclesia
432 800 612 838 Polycarpum
630 813 646 832 a
670 804 777 835 Joanne
788 796 954 839 collocatum

167 840 261 875 refert,
272 843 343 872 sicut
356 844 543 876 Romanorum
563 849 734 881 Clementem
749 861 765 881 a
780 853 861 883 Petro
878 857 953 884 ordi-

166 892 261 916 natum
278 889 389 926 itidem;
404 894 517 928 perinde
532 897 627 932 utique
648 904 675 926 et
697 905 803 928 caeteras
824 902 954 932 exhibent
969 894 992 925 Β

165 940 237 986 quos
248 935 288 986 ab
305 939 438 972 apostolis
450 939 477 967 in
492 942 681 979 episcopatum
705 947 868 978 constitutos
885 958 952 986 apo-

165 981 256 1032 stolici
285 985 402 1013 seminis
415 988 543 1017 traduces
557 990 668 1020 habent.
686 1003 696 1019 ι
717 993 752 1022 Et
768 997 850 1030 paulo
861 981 924 1032 post
943 1008 952 1026 :

168 1036 179 1054 ι
195 1028 236 1056 Ad
248 1029 320 1059 hanc
331 1031 424 1068 itaque
441 1034 560 1064 formam
574 1028 813 1073 probabuntur—ab
825 1028 879 1072 illis
901 1044 953 1072 Ee-

164 1073 266 1110 clesiis,
279 1085 341 1113 qua
356 1079 420 1108 licet
431 1082 535 1110 nullum
548 1092 581 1112 ex
594 1087 726 1120 apostolis
740 1089 783 1117 vel
793 1092 952 1125 apostolicis

163 1125 304 1172 auctorem
322 1132 404 1153 suum
423 1128 577 1162 proferant,
606 1136 637 1159 ut
662 1133 750 1162 multo
773 1137 949 1172 posteriores,

164 1169 256 1219 tamen
275 1168 304 1219 in
321 1171 415 1199 eadem
441 1173 493 1202 llde
503 1177 694 1212 conspirantes
704 1188 759 1208 non
774 1168 866 1211 minus
882 1168 950 1219 apo;

163 1213 269 1260 stolicae
279 1215 447 1251 deputantur
455 1228 505 1255 pro
517 1226 755 1260 consanguinitate
773 1213 914 1258 doctrinae.
936 1240 947 1258 ι

165 1256 200 1286 Ut
212 1259 296 1295 igitur
308 1263 441 1293 ecclesias
462 1256 639 1303 apostolicas:
653 1279 715 1306 quae
737 1279 798 1308 post
811 1256 950 1310 apostolo-

162 1311 360 1356 rum‘tempora
381 1316 486 1342 exortae
496 1319 570 1348 sunt,
589 1316 626 1344 ita
642 1321 671 1345 et
685 1320 759 1347 viros
780 1323 949 1356 apostolicos

161 1352 352 1399 nominabant,
366 1357 414 1391 qui
439 1360 579 1393 apostolos
603 1369 744 1399 nunquam
759 1352 904 1396 viderunt:
920 1373 948 1398 et

159 1397 245 1449 quod
262 1399 298 1449 ad
325 1399 519 1439 Hieronymum
543 1397 786 1442 spectatimirum
815 1421 869 1445 non
893 1397 946 1449 est,

157 1450 222 1471 eum
238 1445 275 1473 ita
290 1446 410 1476 locutum
430 1457 502 1483 esse,
520 1453 543 1480 si
567 1455 650 1483 verba
666 1455 765 1485 Rudini
781 1459 810 1487 in
826 1445 946 1489 secunda

158 1491 293 1542 [nomine
315 1496 515 1530 perpendamus
533 1508 541 1527 :
558 1509 568 1525 ι
594 1500 622 1528 Si
647 1506 674 1530 tu
691 1502 850 1540 Origenem,
862 1515 944 1542 quem

158 1537 274 1587 alterum
295 1544 358 1587 post
382 1544 523 1577 apostolos
546 1545 627 1579 dicis,
642 1553 715 1577 recte
740 1537 810 1579 facis
830 1537 944 1587 imitari,

232 1586 355 1635 concidis
367 1595 441 1622 eum,
450 1590 496 1624 qui
507 1597 617 1621 secutus
629 1599 681 1628 est,
691 1595 848 1633 Didymum;
863 1583 944 1635 quem

156 1629 336 1679 nihilominus
352 1638 380 1662 et
398 1637 557 1671 prophetam
575 1629 749 1674 nominas,et
762 1629 943 1679 apostolicum

155 1674 244 1726 virum
259 1677 408 1726 designans?
427 1690 437 1707 ι
462 1687 490 1710 et
504 1685 587 1718 paulo
602 1691 684 1720 post:
701 1696 711 1713 ‹
731 1674 818 1721 Quem
832 1697 944 1726 aposto-

156 1722 238 1771 licum
251 1725 340 1753 virum
361 1735 492 1756 sensuum
509 1732 620 1760 nomine
633 1733 771 1768 designas.
785 1746 795 1762 ι
813 1722 945 1771 Quamvis

154 1766 237 1817 igitur
250 1777 338 1804 neque
357 1771 479 1807 Ignatins
493 1780 541 1802 aut
554 1766 730 1814 Polycarpns,
744 1781 791 1816 qui
806 1766 943 1817 apostolos

154 1813 290 1862 viderant.
307 1825 396 1862 neque
408 1818 533 1850 Justinus
552 1828 600 1851 aut
612 1813 741 1858 lrelimus,
753 1813 811 1862 -qui
824 1813 885 1856 alia
899 1838 944 1858 ra-

155 1858 231 1908 tione
334 1866 399 1908 sunt
417 1865 570 1900 apostolici,
587 1868 613 1895 id
627 1876 682 1897 non
699 1858 830 1908 fecerint;
851 1879 942 1903 tamen

154 1903 224 1929 inter
245 1903 314 1932 alios
336 1907 436 1936 multos
463 1911 630 1944 apostolicos
650 1918 677 1941 et
690 1903 851 1950 sicquentes
868 1918 942 1946 viros

155 1951 263 1999 poterat
277 1950 376 1999 aliquis
393 1952 567 1984 Theodotum
582 1965 714 1993 expresse
724 1961 854 1996 refutare,
865 1965 940 1999 quod

152 1994 197 2046 ad.
334 1997 492 2037 Hieronymi
507 2003 574 2031 satis
587 2009 639 2038 est,
655 2006 678 2034 si
695 2007 729 2035 de
743 1994 942 2046 haeretica-ipso

154 2039 272 2092 refutan
294 2042 437 2092 loquatur;
454 2048 528 2076 unde
550 2050 624 2085 quod
644 2051 679 2079 de
695 2052 840 2083 Theodoto
857 2039 939 2091 dicit,

152 2092 202 2134 nec
208 2089 260 2113 erit
267 2089 607 2127 apertissimefalsum,nec
614 2097 648 2124 de
655 2097 758 2134 lgnatio
764 2089 938 2133 sumendum.

185 2130 247 2159 Jam
259 2140 324 2161 vero
342 2135 394 2164 sibi
410 2137 463 2172 ipsi
479 2130 679 2177 Hieronymum
699 2148 755 2172 tam
770 2147 839 2175 mire
855 2130 941 2177 inter;

151 2179 268 2230 pretanti
278 2180 387 2230 objicit,
401 2183 452 2211 hoc
461 2185 564 2220 lgnatio
584 2196 638 2216 non
653 2196 810 2226 competere
828 2193 871 2230 (ut
884 2196 940 2223 sci-

1014 255 1123 283 ut‘enim
1137 254 1295 284 habeamus
1303 255 1403 283 falsum
1417 254 1563 291 lgnatium,
1580 263 1698 285 necesse
1712 259 1756 283 est
1779 259 1807 284 ut

1013 301 1113 330 falsum
1128 302 1283 331 habeamus
1295 302 1503 338 Hieronymo.
1523 302 1560 330 Ne
1574 310 1659 330 verus
1682 303 1721 330 sit
1733 301 1807 338 lgna-

1012 348 1078 382 tius,
1096 348 1186 377 falsus
1199 353 1242 376 est
1258 348 1358 377 Dailaao
1368 348 1544 385 Polycarpus,
1560 348 1647 377 falsus
1659 348 1806 385 Origenes,

1011 394 1098 423 falsus
1112 394 1261 429 Eusebius,
1272 395 1359 423 falsus
1371 395 1489 431 denique
1502 401 1530 424 et
1541 394 1740 431 Hieronymus.
1753 394 1806 422 Sed

1010 449 1096 477 quare
1110 441 1214 470 falsum
1228 449 1290 470 esse
1303 441 1470 470 conﬁtetur?
1492 451 1502 468 ι
1521 441 1600 475 Quod
1623 442 1703 469 hunc
1725 450 1805 470 suum

1009 486 1161 523 lgnatiunt,
1183 487 1229 515 diu
1249 491 1312 523 post
1328 487 1469 523 apostolos
1484 493 1512 516 et
1540 488 1712 523 apostolicos
1731 488 1804 516 viros

1009 538 1116 568 natum,
1131 534 1291 569 apostolicis
1306 534 1464 562 hominibus
1479 533 1804 563 connumeravitnUnde

1009 583 1065 608 tam
1079 587 1195 609 crassus
1210 588 1290 608 error
1299 581 1458 609 doctissimo
1468 586 1496 608 et
1511 581 1538 608 in
1552 580 1687 608 Ecclesia
1705 588 1805 608 monu-

1008 626 1109 654 mentis
1119 627 1311 655 versatissimo
1332 625 1408 654 Patri
1433 626 1548 654 insedit!
1565 635 1598 654 ea:
1618 626 1804 662 praecepto-dc

1008 670 1163 707 lgnatianis
1176 681 1266 699 errore
1277 673 1309 700 ab
1322 672 1430 700 Eusebii
1441 673 1552 700 lectione
1575 673 1685 700 hausto.
1700 673 1737 701 At
1754 680 1803 701 ne-

1005 725 1060 754 que
1081 717 1232 746 Eusebium
1244 726 1354 747 errasse
1368 723 1487 754 constat,
1508 727 1596 755 neque
1614 719 1802 756 Hieronymus

1005 764 1094 791 solum
1118 764 1268 792 Disebium
1294 770 1406 793 secutus
1432 770 1485 792 est.
1513 764 1591 800 Legit
1613 764 1799 801 Polycarpum

1005 815 1087 845 atque
1100 809 1250 844 lrenazum,
1265 818 1337 845 quos
1350 809 1486 839 Eusebius
1501 811 1674 846 sequebatur
1683 832 1691 845 ,
1717 819 1799 847 quos-

1005 864 1060 891 que
1084 856 1145 892 ipse
1172 857 1338 892 apostolicos
1366 857 1502 892 appellat;
1519 857 1584 893 legit
1601 857 1798 894 Theophilum,

1004 905 1084 939 cujus
1094 905 1260 933 sententiam
1272 913 1306 933 ex
1316 904 1422 940 lgnatio
1445 906 1601 940 decerptam
1616 906 1728 934 auctori
1749 914 1798 934 suo

1003 952 1140 987 reddidit;
1155 952 1221 988 legit
1234 951 1390 988 Origenem,
1414 952 1463 988 qui
1486 961 1541 981 non
1555 954 1642 981 semel
1660 953 1796 989 lgnatium

1002 998 1126 1033 epistolis
1132 1006 1177 1026 um
1192 1003 1223 1026 ut
1235 999 1416 1034 apostolicum
1429 999 1532 1032 laudat,
1546 999 1602 1027 imo
1617 1008 1692 1035 opus
1703 999 1797 1036 Orige-

1003 1045 1046 1072 nis
1060 1044 1118 1080 ipse
1131 1044 1327 1080 interpretatus
1341 1050 1392 1076 est.
1408 1045 1435 1073 in
1451 1053 1506 1081 quo
1517 1045 1588 1073 idem
1599 1046 1706 1074 diserte
1720 1046 1795 1082 igna-

1003 1091 1059 1118 tius
1069 1091 1192 1124 citatur;
1209 1091 1275 1127 legit
1286 1091 1478 1125 Athanasium,
1494 1091 1639 1125 Basilium,
1665 1093 1738 1120 alios
1749 1092 1794 1128 qni

1001 1136 1112 1165 Eusebii
1130 1144 1241 1165 errores
1256 1137 1334 1172 sequi
1347 1145 1403 1165 non
1418 1137 1561 1171 solebant;
1578 1138 1720 1166 neminem
1734 1138 1793 1174 legit

1001 1186 1049 1209 aut
1063 1181 1151 1214 novit.
1165 1182 1210 1209 cui
1228 1182 1350 1217 epistolas
1364 1181 1458 1217 ignatii
1472 1188 1567 1210 essent
1587 1183 1630 1210 vel
1657 1183 1795 1212 levissime

1000 1231 1146 1263 suspecta.
1162 1227 1192 1255 Si
1209 1226 1295 1255 falsus
1313 1227 1395 1254 fuerit
1418 1226 1612 1263 Hieronymus,
1626 1235 1711 1256 error
1735 1227 1793 1263 ejus

1001 1276 1051 1303 toti
1063 1275 1126 1303 orbi
1143 1275 1300 1304 communis
1315 1275 1488 1310 iniquissime
1502 1274 1621 1303 Eusebio
1645 1275 1790 1308 tribuitur;

999 1321 1151 1357 praesertim
1166 1329 1230 1350 cum
1252 1326 1360 1349 constet
1377 1320 1572 1357 Hieronymum
1590 1320 1650 1348 haec
1663 1320 1792 1348 adversus

999 1367 1155 1395 Helvidium
1175 1368 1332 1403 scripsisse,
1345 1367 1392 1395 diu
1407 1372 1555 1403 antequam
1569 1374 1619 1395 sua
1629 1367 1668 1395 de
1688 1365 1792 1402 lgnatio

998 1413 1026 1441 in
1041 1414 1175 1449 Cataiogo
1183 1421 1217 1441 ex
1231 1413 1350 1442 Eusebio
1365 1414 1546 1448 transcripsit.

1033 1459 1086 1487 Sed
1098 1459 1158 1487 sive
1179 1467 1259 1491 vere,
1282 1459 1340 1487 sive
1357 1459 1428 1487 falso
1443 1459 1496 1487 hoc
1514 1459 1576 1486 loco
1590 1457 1787 1493 Hieronymum

997 1505 1130 1541 epistolas
1142 1504 1247 1541 lgnatio
1261 1505 1424 1541 ascripsisse
1433 1505 1549 1538 velit,an
1559 1505 1585 1532 in
1593 1504 1658 1532 aliis
1671 1503 1790 1532 Theodo-

997 1555 1055 1579 tum
1070 1551 1107 1579 ita
1119 1550 1232 1578 refutari
1246 1551 1325 1582 vidit,
1344 1555 1374 1578 ut
1388 1551 1452 1578 inde
1467 1549 1687 1578 commcntitium
1706 1549 1788 1577 fuisse

987 1596 1133 1634 Algnatium
1148 1596 1227 1625 facile
1240 1597 1370 1632 colligere
1383 1596 1515 1632 potuisset
1526 1597 1538 1623 τ
1549 1595 1586 1623 Ita
1601 1595 1717 1631 quidem
1728 1602 1787 1623 sen-

996 1643 1030 1671 tit
1045 1643 1087 1670 vir
1099 1643 1290 1677 doctissimus,
1305 1643 1353 1671 sed
1368 1643 1507 1672 levissima
1522 1642 1684 1677 conjectura
1702 1641 1786 1676 perci-

996 1693 1050 1721 tus,
1071 1688 1180 1716 ratione
1194 1688 1269 1716 nulla
1284 1689 1394 1716 ductus.
1411 1687 1471 1716 Non
1492 1688 1565 1715 enim
1585 1686 1720 1715 Theodoti
1737 1694 1783 1714 no-

994 1743 1056 1762 men
1068 1735 1106 1762 ibi
1115 1734 1224 1770 legisse,
1238 1735 1284 1763 ubi
1294 1742 1345 1763 nos
1354 1735 1480 1771 legimus,
1490 1738 1567 1769 putat
1579 1733 1782 1769 Hieronymum;

995 1780 1131 1809 insertum
1153 1780 1220 1808 illud
1244 1780 1366 1816 cpistola:
1381 1780 1415 1808 ad
1427 1779 1582 1808 Trallianos
1592 1779 1783 1814 ahinterpola-

994 1830 1063 1860 tore,
1074 1826 1122 1854 diu
1138 1830 1201 1862 post
1216 1831 1322 1854 aetatem
1333 1826 1502 1862 Hieronymi,
1513 1833 1568 1853 non
1580 1825 1723 1858 diuitetur,
1738 1829 1782 1852 aut

992 1872 1088 1900 saltem
1096 1873 1143 1900 diu
1152 1877 1214 1908 post
1223 1872 1322 1900 librum
1332 1872 1408 1900 illum
1421 1873 1548 1900 adversus
1559 1871 1726 1905 Heluidium,
1736 1870 1780 1906 qui

992 1919 1045 1946 sub
1057 1919 1176 1947 Damaso
1189 1919 1309 1954 scriptus
1323 1923 1366 1946 est
1380 1927 1387 1945 :
1401 1918 1470 1946 nihil
1489 1918 1516 1945 iu
1533 1918 1578 1945 illa
1592 1918 1721 1952 epistola,
1733 1916 1775 1945 cui

992 1973 1093 1994 nomen
1109 1970 1203 2001 postea
1217 1964 1351 1993 Theodoti
1370 1965 1502 1993 insertum
1513 1969 1565 1997 est,
1577 1965 1653 1992 illius
1669 1963 1780 1992 haeretici

991 2019 1101 2039 errores
1121 2011 1289 2047 perstringit.
1315 2011 1369 2039 Sed
1384 2016 1412 2039 et
1431 2011 1502 2044 alia,
1525 2015 1554 2038 et
1577 2011 1624 2038 illa
1654 2011 1781 2039 adversus

991 2056 1165 2085 Theodotum
1184 2058 1367 2086 disertissima
1391 2058 1510 2093 legerat,
1530 2066 1593 2092 quas
1610 2065 1645 2085 ex
1663 2056 1780 2092 epistolis

990 2102 1025 2130 ad
1044 2102 1178 2138 Ephesios
1193 2108 1221 2131 et
1240 2103 1395 2139 Hagnesios
1414 2103 1560 2138 descripsit
1579 2103 1710 2135 Dallaeus.
1722 2102 1781 2133 inde

990 2149 1073 2184 igitur
1085 2149 1214 2185 colligere
1225 2149 1319 2178 debuit
1337 2149 1519 2185 Hieronymus
1534 2157 1630 2177 verum
1647 2149 1779 2185 ignatium

991 2203 1046 2222 non
1058 2195 1155 2228 fuisse,
1167 2195 1214 2231 qui
1224 2200 1286 2231 post
1295 2195 1467 2224 Theodotum
1481 2195 1634 2230 scripserit.
1650 2194 1709 2223 lmo
1720 2202 1780 2222 veru

151 2223 215 2277 licet
243 2231 339 2254 contra
356 2227 528 2277 Theodme
549 2236 693 2272 scriberet)
709 2223 791 2267 annis
808 2223 865 2267 fere
886 2241 938 2269 l00
953 2249 976 2277 υ
991 2242 1043 2270 hoc
1055 2223 1286 2277 argumento-tam
1303 2241 1423 2274 inﬁrmo,
1440 2245 1496 2269 tam
1511 2223 1597 2272 nullo.
1610 2241 1780 2276 iniquissime

227 2278 336 2322 mortuo
346 2282 428 2322 quam
443 2276 576 2308 Theodoti
587 2281 699 2311 haeresis
713 2285 789 2312 nosci
801 2287 939 2322 coepisset,

150 2315 259 2368 sibique
272 2318 331 2368 inec
345 2320 488 2356 objicienti
503 2327 658 2361 respondet.
680 2329 732 2358 hoc
749 2315 861 2368 martyri
877 2315 939 2368 qui;

149 2361 212 2389 dem
243 2362 350 2400 lgnatio
374 2374 428 2395 non
457 2372 619 2406 convenire,
635 2374 669 2402 de
683 2381 779 2404 nostro
795 2361 940 2414 epistolico

150 2416 245 2437 verum
257 2419 328 2445 esse,
341 2421 460 2450 eumque
474 2416 527 2444 hoc
537 2418 596 2446 loco
604 2420 639 2448 ab
653 2421 819 2459 Hieronymo
829 2425 938 2454 intelle-

149 2459 302 2507 ctumesse.
311 2458 375 2507 etsi
386 2460 569 2498 Hieronymus
585 2465 634 2493 hoc
649 2467 710 2496 loco
719 2458 850 2498 intellexit
860 2471 940 2507 lgna-

148 2502 218 2551 tium
226 2504 409 2551 epistolicum,
416 2513 489 2536 certe
497 2509 629 2540 intellexit
635 2519 791 2551 martyrem;
802 2502 938 2547 neminem

149 2549 223 2576 enim
231 2550 314 2578 alium
323 2552 448 2582 novitllle
453 2549 719 2595 epistolicum,quam
726 2549 904 2597 apostolicum
912 2569 940 2593 et

150 2599 307 2631 martyrem.
315 2597 373 2627 Hoc
379 2599 438 2635 ipso
447 2601 509 2630 loco
518 2611 572 2631 non
581 2609 686 2634 tantum
696 2607 765 2635 inter
773 2611 939 2645 apostolicos

149 2647 288 2692 numerat,
303 2645 350 2672 sed
363 2651 390 2674 et
400 2647 465 2675 dum
477 2655 599 2678 veterum
614 2653 712 2681 seriem
728 2655 834 2689 recitat,
849 2657 938 2692 primo

151 2686 213 2714 loco
228 2688 372 2726 lgnatium,
391 2701 444 2721 non
460 2699 565 2724 tantum
578 2702 640 2727 ante
659 2699 791 2729 lrenaeum
809 2686 836 2730 et
849 2686 939 2732 .Justi-

152 2741 229 2785 nunt,
246 2736 292 2764 sed
312 2743 341 2766 et
364 2745 428 2769 ante
446 2740 624 2780 Polycarpum
648 2748 735 2781 ponit.
757 2747 830 2776 Idem
856 2750 939 2785 igitur

153 2777 327 2817 Hieronymo,
340 2789 403 2813 utet
411 2777 503 2820 nobis,
515 2792 542 2816 et
549 2777 719 2824 epistolicus,
725 2796 752 2819 et
759 2777 938 2828 apostolicus;

150 2829 181 2873 et
205 2832 307 2864 martyr
321 2830 454 2866 lgnatius.
478 2833 570 2869 Neque
585 2836 644 2864 haec
668 2844 768 2872 negare
793 2839 882 2873 potuit
897 2840 939 2867 vir

154 2870 335 2904 doctissimus
348 2877 396 2913 qui
412 2878 482 2909 hanc
495 2870 748 2913 distinctiunculam
759 2870 936 2919 excogitavit;

990 2293 1103 2316 sanctus
1116 2288 1196 2316 Pater
1209 2287 1338 2316 falsitatis
1349 2287 1514 2323 postulatur,
1527 2295 1591 2315 cum
1604 2295 1709 2323 eaquae
1721 2291 1779 2314 ante

989 2342 1024 2362 ex
1037 2335 1160 2370 epistolis
1176 2335 1210 2362 ad
1231 2334 1365 2369 Ephesios
1387 2338 1416 2362 et
1431 2333 1622 2368 Magnesiam
1636 2332 1779 2367 descripsit

989 2380 1107 2409 Dallasus
1117 2381 1206 2416 capite
1220 2381 1248 2413 9,
1263 2380 1420 2408 Artemonis
1432 2380 1630 2416 blasphemiam
1642 2380 1778 2416 splendide

989 2426 1134 2455 wnl‘utare
1147 2427 1206 2463 ipse
1224 2427 1335 2454 dixerit.
1350 2426 1384 2454 Et
1405 2435 1499 2455 revera
1519 2432 1575 2454 tam
1589 2432 1688 2456 contra
1702 2427 1776 2455 Arte-

989 2481 1099 2502 monem
1114 2481 1198 2509 quam
1217 2478 1314 2502 contra
1336 2473 1508 2501 Theodotum
1531 2474 1645 2509 scripsit
1659 2473 1776 2510 lgnatiua

988 2525 1093 2554 noster,
1103 2520 1130 2548 id
1140 2525 1193 2553 est,
1207 2520 1231 2548 si
1243 2528 1377 2556 personas
1387 2520 1579 2549 haereticorum
1588 2525 1707 2555 spectes,
1715 2526 1776 2548 con-

989 2570 1032 2594 tra
1040 2571 1167 2594 neutrum
1177 2575 1185 2600 ;
1195 2567 1217 2594 si
1226 2566 1352 2594 hmsim
1367 2567 1456 2602 ipsam
1467 2567 1577 2602 utrique
1589 2573 1774 2597 communem.

989 2617 1086 2641 contra
1106 2613 1269 2641 sententiam
1293 2614 1454 2649 utriusque,
1472 2617 1500 2642 et
1520 2613 1583 2641 ideo
1599 2613 1696 2649 aliquo
1715 2619 1775 2640 vero

989 2666 1073 2687 sensu
1087 2663 1183 2687 contra
1197 2663 1356 2695 utrumque.
1372 2659 1489 2688 Heresis
1503 2659 1578 2687 enim
1590 2659 1686 2687 eadem
1699 2658 1774 2694 lgna-

989 2705 1020 2733 tii
1035 2712 1094 2733 aevo
1105 2706 1210 2734 exstitit
1225 2706 1261 2734 ab
1277 2705 1382 2734 Ebione
1400 2705 1539 2741 profecta,
1553 2709 1582 2733 et
1592 2705 1628 2733 ab
1639 2705 1725 2741 ipsius
1736 2703 1775 2731 di-

988 2751 1119 2786 scipulis,
1136 2756 1164 2780 et
1178 2751 1330 2786 Nazareis,
1346 2757 1431 2787 atque
1453 2751 1587 2780 Cerintho
1603 2751 1738 2784 defensa,
1758 2757 1773 2776 a

990 2795 1134 2824 Theodoto
1145 2801 1172 2824 et
1186 2796 1334 2825 Artemona
1342 2800 1437 2832 postea
1448 2796 1620 2825 resuscitata.
1632 2794 1741 2830 Ταύτης
1747 2792 1773 2820 εδ

989 2842 1039 2878 τῆς
1054 2842 1192 2877 φάλαγγος
1208 2842 1291 2880 ἦρξεν
1313 2842 1417 2874 ἀίων,
1437 2851 1448 2868 ι
1468 2841 1556 2875 Hujus
1577 2846 1668 2870 autem
1686 2844 1772 2870 cater-

987 2895 1027 2917 va:
1042 2888 1170 2924 princeps
1185 2888 1237 2917 fuit
1252 2888 1351 2923 Ebion,
1364 2898 1374 2915 ι
1397 2892 1427 2917 ut
1441 2888 1564 2925 loquitur
1576 2887 1770 2917 Theodoreti».
