1866 3073
489 133 515 161 ι.
534 131 716 161 pmnsomr
733 119 898 160 γιιωιουις

965 132 1128 163 lATlANAS.
1147 150 1182 157 -—
1200 136 1291 165 PARS
1310 136 1342 164 ιι.

1690 141 1746 170 290

101 186 137 213 Si
149 186 226 222 igitur
243 185 439 224 Hieronymus
456 189 485 217 in
502 189 607 225 lgnatio
627 192 721 218 nostro
741 197 801 218 non
813 197 899 225 pauca
915 192 938 221 Α
952 188 1120 226 Theodotus,
1131 199 1300 228 compertum
1313 202 1366 222 non
1380 200 1421 223 est
1438 203 1445 222 :
1462 200 1609 231 postquam
1625 201 1718 226 autem
1729 207 1745 227 a

100 238 196 261 contra
209 233 348 262 Theodoti
358 236 490 264 haeresim
501 236 682 264 disertissima
696 240 831 270 notawet,
847 243 901 263 non

98 282 237 316 potuisset
249 282 304 309 nisi
321 282 499 317 ineptissime
518 283 582 310 inde
597 283 736 318 colligere,
757 288 900 310 auctorem

96 328 282 363 epistolamm
309 334 374 364 post
399 329 571 357 Theodotum
603 330 721 363 vixisse;
749 330 816 365 quia
843 331 902 365 ipse

97 374 206 410 optime
226 376 304 402 novit
321 383 495 410 quzecunque
512 380 606 403 contra
618 375 749 403 Theodoti
771 376 900 404 haeresim

97 428 135 448 ex
151 421 209 449 illis
226 422 354 457 epistolis
372 422 520 450 observare
532 423 630 457 potuit,
644 430 677 450 ea
695 422 787 450 omnia
808 422 901 450 adver-

97 475 150 497 sus
162 467 297 496 Ebionem
317 468 370 496 dici
387 469 508 504 potuisse
524 477 531 495 :
548 473 576 496 at
592 469 713 496 scribere
732 469 835 504 aliquis
849 477 900 504 po-

96 514 154 541 tuit
168 515 303 542 adversus
321 514 454 542 Ebionem
464 535 471 547 ,
494 515 557 542 licet
577 519 641 550 post
655 514 829 542 Theodotum
844 523 899 543 non

96 561 212 588 vixerit.
226 560 264 588 Ut
282 561 348 588 alibi
367 561 451 597 igitur
475 561 606 589 Ehionem
625 566 652 589 ct
669 561 818 589 Photinum
834 569 901 590 con-

96 606 202 642 jungit,
216 610 349 642 tanquam
363 608 458 635 eadem
475 608 609 635 sententia
625 608 776 643 apostolica
792 608 900 644 percul-

96 660 158 685 sos,
175 654 215 680 ita
232 653 278 681 hic
296 654 428 681 Ehionem
449 659 476 682 et
496 653 667 681 Theodotum
679 674 687 688 ,
712 658 843 690 tanquam
865 655 900 682 ab

96 698 199 725 iisdem
215 699 346 727 Patrihus
359 699 503 728 rel‘utatos.

135 744 255 772 Frustra
267 745 351 781 igitur
361 746 388 772 in
409 746 460 774 hoc
475 752 636 781 argumento
650 754 700 775 nec
714 748 773 776 sine
791 754 898 777 summa

97 791 205 826 injuria
223 795 302 818 notat
318 792 514 820 acerbissimos
528 792 640 820 Patrum
657 801 770 828 censor,
785 804 798 820 ι
814 795 900 822 inter-

96 838 165 866 dum
186 836 384 875 Hieronymum
402 840 520 867 naturali
542 841 660 875 quadam
688 841 792 876 ingenii
816 842 897 870 vehe-

97 884 204 911 mentia
226 884 334 918 abripl,
349 889 378 911 et
397 885 519 919 qmedam
541 894 594 913 non
616 887 683 914 satis
702 892 832 915 accurate
851 896 899 916 ex-

97 937 187 965 pensa
201 929 354 962 eﬂ‘undere,
368 937 430 957 cum
442 931 509 958 nihil
526 931 553 958 in
566 931 618 959 hac
632 940 662 959 re
680 938 811 968 appareat
824 935 897 969 quod

95 983 163 1003 eum
175 975 307 1003 videatur
320 975 455 1011 abripere,
476 981 523 1004 aut
539 985 649 1012 quoquo
671 979 753 1006 modo
773 987 898 1007 commo-

95 1029 183 1054 vere;
199 1021 271 1048 nihil
289 1021 324 1049 ab
338 1029 371 1049 eo
383 1022 486 1049 dictum
503 1023 557 1053 sit.
574 1024 648 1058 quod
667 1032 721 1051 non
737 1027 773 1053 sit
787 1027 897 1055 veritati

95 1071 337 1100 consentaneum;
359 1068 428 1095 nihil
447 1068 519 1103 quod
534 1069 657 1103 ejusdem
675 1071 819 1099 sententia:
836 1073 897 1101 aliis

95 1113 170 1141 locis
187 1114 335 1148 patefactae
351 1115 520 1142 contrarium
533 1116 579 1143 sit.
600 1115 677 1149 Quod
692 1117 714 1144 si
731 1117 790 1146 haec
803 1119 897 1147 obser-

94 1160 175 1187 vatio
196 1159 232 1187 de
255 1159 429 1187 vehementia
446 1160 548 1196 ingenii
566 1160 773 1198 Hieronymiani
786 1165 895 1192 admitti

95 1205 251 1241 aliquando
263 1205 372 1238 debeat,
381 1209 449 1234 tunc
463 1206 638 1242 potiorejnre
651 1210 780 1244 usurpari
793 1214 893 1246 potest,

95 1259 162 1278 cum
183 1252 319 1279 adversus
335 1251 468 1280 diaconos
488 1251 615 1280 Ecclesiae
632 1253 762 1282 Romana
782 1255 895 1284 lacessi-

95 1302 141 1326 tus
156 1298 268 1331 scribit,
277 1305 341 1325 cum
353 1302 385 1325 ut
396 1305 490 1325 eorum
502 1297 662 1334 dignitatern
682 1299 828 1329 imminunt
838 1306 893 1330 tam

94 1344 185 1371 multa
195 1344 230 1371 de
239 1344 445 1379 presbyteratus
457 1344 618 1372 auctoritate
631 1347 765 1381 congerit,
777 1355 854 1382 cum,
863 1353 894 1376 ut

94 1397 157 1417 eam
173 1390 315 1423 stabiliat,
335 1390 469 1425 aequalem
488 1397 558 1425 pene
580 1391 633 1426 ipsi
648 1392 797 1428 episcopali
817 1400 894 1429 pote-

95 1435 162 1464 stati
181 1438 306 1463 statuere
326 1439 455 1463 censetur
469 1444 477 1463 τ
491 1443 553 1471 quae
565 1436 754 1472 interpretatio
779 1444 893 1467 senten-

95 1482 140 1510 tia:
162 1481 388 1517 llieronymiana:
406 1488 469 1509 eum
489 1482 608 1510 maxime
630 1482 848 1516 inconstantem.
865 1490 893 1514 et

955 235 1064 265 Victore
1073 241 1329 268 excommunicatus
1341 246 1394 275 est,
1409 242 1475 270 viris
1487 243 1649 278 apostolicis
1663 249 1747 274 notus

951 290 1014 312 esse
1029 285 1132 319 potuit;
1156 286 1298 320 apostolici
1324 288 1397 315 enim
1422 288 1595 323 dicebantur,
1611 290 1659 325 qui
1680 298 1748 325 apo—

952 329 1048 357 stolica
1066 330 1192 358 doctrina
1211 331 1308 359 imbuti
1330 336 1396 359 sunt
1410 354 1418 366 ,
1444 334 1527 361 etiam
1549 334 1597 369 qui
1618 335 1746 370 proxima

952 380 1014 410 post
1024 376 1165 410 apostolos
1176 381 1255 405 etate
1275 378 1330 405 nati
1346 383 1420 406 sunt.
1443 378 1525 406 Certe
1542 379 1645 407 lrenteo
1660 386 1744 408 notus

950 427 1013 449 esse
1027 422 1125 456 potuit,
1140 422 1196 449 imo
1207 423 1318 456 ignotus
1330 424 1354 451 ei
1369 432 1431 452 esse
1447 432 1502 452 non
1520 426 1620 460 potuit,
1634 427 1681 461 qui
1692 427 1745 454 sub

951 465 1061 494 Victore
1074 467 1194 495 maxime
1218 467 1325 501 ﬂoruit,
1340 473 1367 496 et
1382 474 1444 504 post
1463 469 1599 498 Victorem
1618 476 1745 500 mortuus

950 517 1003 546 est,
1015 517 1043 540 et
1057 517 1146 541 tamen
1163 521 1178 541 a
1196 513 1248 541 SS.
1262 514 1390 543 Patribus
1408 516 1450 543 vir
1465 517 1632 551 apostolicus
1652 517 1743 546 dictus

949 562 1004 590 cst.
1018 562 1046 585 et
1054 558 1165 594 quidem
1178 559 1213 587 ab
1226 560 1286 594 ipso
1298 560 1476 597 Hieronymo.
1492 561 1531 590 lta
1544 563 1617 590 enim
1631 563 1687 598 ille,
1700 564 1734 591 ad

950 603 1030 631 Isaia:
1046 612 1107 640 cap.
1123 604 1174 632 6i:
1196 614 1206 631 ι
1228 605 1381 644 De_quihus
1392 607 1602 642 diligentissime
1619 609 1661 637 vir
1677 617 1742 645 apo-

949 650 1065 678 stolicus
1076 650 1173 678 scribit
1187 650 1317 686 lrenatus,
1334 652 1480 689 episcopus
1494 653 1697 690 Lugdunensis,
1713 661 1742 684 et

949 700 1063 731 martyr.
1081 705 1092 722 ι

983 741 1080 776 Capite
1101 742 1131 770 it
1155 743 1190 770 ad
1222 744 1374 772 secundum
1400 745 1524 774 ordinem
1549 745 1740 776 hereticorum

948 787 1137 822 progreditur,
1169 789 1324 824 asseritque
1350 789 1484 825 lgnatium
1518 797 1644 819 nostrum
1671 793 1741 822 alios

949 832 1031 860 etiam
1053 837 1116 868 post
1131 834 1188 861 veri
1206 834 1302 870 lgnatii
1324 840 1439 864 mortem
1462 842 1574 865 exortos
1596 838 1740 867 haereticos

950 878 1090 913 tetigisse,
1107 880 1171 908 licet
1187 888 1243 908 non
1268 881 1436 910 nominatos.
1458 882 1620 918 Respondeo
1648 885 1740 920 primo

948 926 1100 959 generatim
1120 927 1264 962 scripsisse
1285 927 1419 963 lgnatium
1433 929 1523 964 (quod
1544 930 1672 958 observat
1696 939 1741 959 ve-

948 970 1059 999 rissime
1080 971 1227 1008 Eusebius)
1252 974 1385 1003 adversus
1411 975 1530 1004 haereses
1552 984 1604 1004 suo
1616 981 1739 1013 tempore

948 1022 1117 1052 grassantes,
1132 1023 1160 1045 et
1180 1023 1212 1046 ut
1228 1019 1263 1047 ab
1277 1020 1311 1047 iis
1326 1025 1467 1055 caverent,
1485 1022 1618 1050 ecclesias
1629 1030 1736 1057 omnes,

947 1061 982 1090 ad
998 1070 1068 1097 quas
1080 1065 1214 1100 martyrio
1233 1066 1376 1100 proximus
1388 1067 1520 1102 epistolas
1537 1069 1671 1100 exaravit.
1688 1077 1738 1105 op-

946 1113 1063 1144 portune
1070 1110 1217 1138 admodum
1233 1113 1410 1141 admonuisse
1421 1118 1503 1148 atque
1515 1115 1735 1148 praemunirisse.

946 1154 1053 1183 Eadem
1072 1161 1163 1185 autem
1183 1157 1313 1191 harescs,
1333 1167 1395 1194 qua:
1417 1159 1492 1188 illius
1510 1164 1590 1188 aetate
1612 1161 1639 1188 in
1657 1161 1735 1196 Syria

946 1203 989 1230 vel
1004 1203 1129 1232 ecclesiis
1141 1204 1266 1233 ﬁnitimis
1277 1210 1380 1233 exorta:
1394 1210 1471 1239 sunt,
1485 1207 1537 1234 sub
1548 1207 1665 1235 aliorum
1683 1215 1735 1236 no-

945 1247 1064 1276 minibus
1080 1248 1107 1276 in
1127 1249 1224 1277 iisdem
1240 1250 1282 1277 vel
1302 1250 1363 1279 aliis
1380 1255 1516 1279 terrarum
1535 1253 1601 1287 oris,
1626 1254 1735 1281 suculis

944 1294 1134 1328 sequentibus,
1153 1295 1364 1330 repullularunt.
1382 1296 1420 1324 Ea
1437 1297 1520 1332 igitur
1533 1306 1595 1333 quae
1605 1299 1641 1326 ab
1655 1299 1735 1334 lgna-

944 1339 984 1367 tio
1009 1345 1106 1368 contra
1130 1341 1172 1368 sui
1196 1342 1327 1376 temporis
1349 1342 1605 1372 Heterodidascalos
1631 1346 1734 1380 scripta

944 1390 1021 1418 sunt,
1041 1386 1075 1413 ad
1090 1387 1253 1414 sententiam
1269 1388 1388 1423 alicujus
1402 1389 1524 1416 haeretici
1539 1391 1587 1424 qui
1604 1390 1651 1417 diu
1672 1396 1734 1425 post

943 1431 1071 1467 martyris
1083 1433 1237 1467 passionem
1249 1437 1331 1461 natus
1350 1434 1397 1467 sit,
1411 1434 1583 1462 reintandam
1599 1441 1733 1470 opportu-

943 1476 1058 1505 nissima
1073 1485 1133 1506 esse
1146 1482 1313 1513 potuerunt;
1332 1486 1386 1506 non
1401 1480 1475 1514 quod
1497 1485 1593 1508 auctor
1606 1481 1734 1516 epistola-

93 1528 156 1556 suis
175 1528 289 1563 scriptis
304 1527 443 1555 contraria
460 1527 641 1556 eiundentem
661 1535 847 1564 repraesentat.
862 1532 891 1560 Si

965 1530 1006 1550 um
1026 1523 1116 1558 ipsum
1140 1524 1296 1551 haereticum
1323 1526 1504 1559 posteriorem
1530 1527 1656 1560 noverit,
1684 1527 1732 1554 sed

94 1581 220 1609 unquam
238 1573 342 1609 igitur,
359 1573 387 1601 in
403 1573 455 1601 hac
471 1574 527 1609 ipsa
542 1576 730 1604 controversia
745 1577 779 1604 de
790 1578 891 1605 distin-

92 1620 187 1648 ctione
206 1626 351 1647 sacrorum
373 1619 517 1652 ordinum,
538 1620 632 1648 liceret
651 1621 744 1649 dicere
759 1621 892 1658 Hierony-

93 1673 171 1692 mum
190 1664 313 1692 naturali
330 1664 449 1699 quadam
468 1664 570 1699 ingenii
593 1665 764 1694 vehementia
789 1667 890 1703 abripi,

92 1715 119 1738 et
132 1711 263 1746 quaedam
284 1718 341 1737 non
362 1711 432 1738 satis
445 1716 573 1739 accurate
586 1719 706 1747 expensa
725 1713 888 1742 eﬂundere:

92 1764 155 1791 qua:
169 1757 319 1791 responsio
336 1757 359 1784 si
374 1761 402 1784 ct
418 1758 485 1785 satis
499 1765 621 1793 congrua
633 1763 661 1786 et
674 1759 764 1787 valida
778 1765 888 1795 repute-

92 1807 153 1834 tur;
169 1809 226 1829 non
242 1802 296 1829 erit
312 1809 383 1837 opus
398 1802 547 1838 quidquam
567 1803 666 1831 addere
686 1804 719 1831 ad
735 1805 890 1832 convellen-

92 1848 159 1875 dum
169 1848 316 1876 sententia:
327 1847 519 1876 Blondelliame
530 1848 748 1878 fundamentum.
758 1849 825 1878 Cum
836 1858 889 1878 au-

93 1898 149 1920 tem
178 1893 253 1920 hanc
274 1892 481 1921 acerbissimam
497 1900 643 1921 censuram
673 1894 706 1922 de
730 1895 890 1931 abreptione

93 1938 254 1974 Hieronymi
272 1946 365 1966 veram
379 1946 441 1967 esse
454 1940 608 1973 contendit,
625 1941 698 1975 quod
715 1941 759 1969 hic
775 1942 888 1975 scribat.

93 1985 196 2012 multos
211 1985 383 2020 apostolicos
399 1985 475 2013 viros
498 1986 632 2014 adversus
651 1986 819 2015 Theodotum
835 1987 889 2024 By-

93 2032 237 2059 zantinum
251 2031 417 2066 scripsisse,
437 2039 500 2060 cum
516 2036 671 2067 temporum
696 2034 768 2061 ratio
780 2034 889 2062 evincat

93 2077 161 2104 nulli
175 2076 336 2111 apostolico
355 2081 452 2104 notum
473 2084 535 2104 esse
558 2077 683 2112 potuisse
704 2077 886 2111 Theodotum,

93 2121 163 2157 fugit
178 2129 244 2149 eum
260 2122 376 2148 omnino
390 2121 472 2149 ratio.
497 2120 556 2148 Non
572 2122 647 2149 enim
662 2122 764 2150 multos
781 2127 887 2151 tantum

93 2167 262 2202 apostolicos
274 2168 368 2200 viros,
381 2167 430 2195 sed
449 2172 476 2195 et
491 2168 653 2202 eloquentes
665 2168 735 2196 dixit
754 2168 888 2205 Hierony-

942 1569 1014 1604 quod
1028 1569 1153 1597 eumdem
1166 1577 1301 1604 errorem,
1313 1578 1392 1605 quem
1407 1571 1543 1605 posterior
1557 1576 1670 1600 secutus
1679 1578 1732 1606 est,

943 1614 970 1642 in
995 1614 1082 1650 priori
1104 1615 1336 1643 condemnaverit.
1359 1616 1417 1650 Qua
1440 1618 1521 1645 unica
1542 1618 1734 1647 observatione

939 1661 1092 1694 praemissa,
1106 1660 1187 1689 facile
1200 1661 1376 1696 particularia
1391 1661 1497 1696 objecta
1518 1662 1691 1691 refelluntur.

975 1705 1036 1734 Duo
1049 1706 1191 1735 Saturnini
1207 1707 1334 1743 dogmata
1347 1708 1501 1744 respexisse
1519 1707 1654 1744 lgnatium
1668 1710 1730 1744 epi-

940 1753 1066 1780 stolicum
1077 1753 1144 1787 vult.
1154 1761 1240 1781 unum
1250 1754 1284 1781 de
1294 1754 1480 1786 matrimonio,
1491 1754 1608 1782 alterunt
1620 1755 1654 1782 de
1666 1754 1732 1784 Jesu

940 1800 1078 1833 putativo,
1102 1799 1218 1835 ideoque
1234 1804 1296 1835 post
1314 1808 1346 1828 ea
1376 1808 1392 1828 a
1429 1800 1577 1828 Saturnino
1595 1801 1732 1836 publicata

941 1844 1051 1878 vixisse,
1067 1849 1095 1872 et
1106 1846 1239 1881 lgnatium
1255 1849 1402 1882 martyrem
1416 1854 1477 1874 esse
1497 1854 1552 1874 non
1567 1854 1659 1882 posse.
1678 1848 1731 1876 Sed

940 1889 1082 1919 Saturnini
1095 1891 1194 1927 dogma
1206 1892 1240 1920 de
1253 1893 1430 1920 matrimonio
1445 1893 1473 1920 in
1489 1894 1617 1929 genuinis
1626 1895 1731 1930 episto—

940 1935 974 1964 lis
989 1944 1044 1964 non
1065 1937 1197 1971 habetur;
1219 1945 1253 1965 ex
1265 1938 1448 1971 assumentis,
1462 1946 1523 1974 quae
1538 1939 1728 1974 repudiamus,

938 1982 1116 2017 depromitur.
1132 1983 1305 2011 Alterumde
1320 1983 1387 2012 Jesu
1401 1984 1535 2019 potativo,
1547 1992 1562 2013 a
1578 1985 1730 2013 Saturnino

937 2029 1027 2064 primo
1041 2028 1179 2063 proditum
1192 2036 1246 2057 non
1262 2033 1314 2057 est.
1330 2029 1445 2057 Etiamsi
1459 2030 1542 2065 igitur
1557 2035 1655 2058 auctor
1668 2032 1729 2066 epi-

937 2075 1069 2102 stolarum
1084 2080 1180 2103 contra
1196 2075 1267 2103 hanc
1288 2075 1425 2109 haeresim,
1443 2084 1525 2112 quam
1540 2077 1667 2105 tuebatur
1682 2077 1730 2105 Sa-

938 2121 1076 2154 turninus,
1089 2121 1240 2156 scripserit,
1256 2129 1311 2148 non
1325 2120 1388 2148 inde
1409 2126 1499 2149 tamen
1516 2123 1643 2157 sequitur
1664 2130 1727 2150 cum

937 2166 980 2194 vel
1004 2166 1184 2194 Saturninum
1200 2166 1320 2199 novisse,
1336 2167 1378 2194 vel
1395 2171 1492 2194 contra
1504 2187 1512 2200 ,
1528 2168 1572 2195 vel
1587 2172 1650 2202 post
1663 2176 1726 2196 eum

93 2221 166 2247 mus,
182 2218 214 2241 ut
228 2213 297 2241 lib.i
312 2213 441 2242 adversus
450 2213 633 2244 Iovinianum:
647 2223 657 2240 ι
670 2214 712 2242 Ad
722 2214 773 2243 bos
785 2221 813 2243 et
823 2214 886 2243 ϐιο-
900 2215 923 2243 D
936 2212 1098 2247 scripsisse;
1115 2212 1179 2247 quia
1193 2212 1289 2239 eadem
1313 2211 1365 2239 fuit
1379 2212 1491 2240 haeresis
1516 2211 1729 2240 Menandrianoo

94 2267 172 2288 mens
188 2266 338 2288 successor
360 2259 493 2294 apostoli,
516 2259 596 2295 cujus
619 2259 722 2288 Paulus
745 2261 887 2296 apostolus

95 2306 230 2338 meminit,
251 2307 348 2333 Scribit
359 2306 500 2340 epistolas,
519 2314 685 2341 omnemque
701 2314 768 2341 pene
782 2315 887 2334 sermo-

94 2362 154 2382 nem
181 2362 265 2382 suum
291 2356 325 2381 de
352 2355 514 2389 virginitatis
536 2356 654 2390 puritate
680 2357 835 2390 contexuit;
859 2362 887 2384 et

95 2400 223 2435 deinceps
245 2401 325 2428 multi
345 2401 485 2435 apostolici
510 2406 536 2428 et
555 2407 689 2437 martyres
714 2407 741 2429 et
765 2403 886 2431 illustres

95 2450 148 2472 tam
163 2446 311 2473 sanctitate
327 2453 409 2481 quam
424 2447 579 2482 eloquentia
600 2448 662 2480 viri,
680 2455 749 2482 quos
773 2456 806 2475 ex
822 2456 885 2482 pro-

94 2492 160 2526 priis
187 2492 300 2526 scriptis
321 2500 403 2520 nosse
425 2493 554 2527 perfacile
575 2499 632 2526 est;
652 2503 661 2520 ι
687 2502 774 2528 neque
790 2500 883 2521 contra

96 2535 266 2564 Theodotum
289 2537 464 2564 solummodo
482 2538 628 2572 scripsisse
649 2539 704 2570 ait,
726 2539 771 2565 sed
789 2544 884 2566 contra

96 2582 222 2610 Ebionem
238 2583 314 2619 (nam
323 2584 357 2610 de
365 2582 512 2611 Valentino
524 2584 605 2610 silent
613 2591 680 2611 mss.
689 2584 884 2618 quamplurimi

97 2633 174 2664 atque
193 2629 267 2656 inter
285 2636 335 2657 eos
359 2629 601 2664 Cantabrigienses
624 2630 694 2664 duo)
716 2638 769 2656 non
792 2630 883 2657 minus

97 2681 173 2708 quam
184 2674 373 2706 Theodotum;
387 2682 476 2709 neque
489 2679 544 2701 tam
556 2682 650 2701 eorum
662 2681 792 2708 per-senas
801 2682 882 2708 quant

97 2721 256 2748 sententiam
280 2720 436 2754 respexisse
457 2720 611 2747 censendus
625 2724 676 2752 est,
686 2720 732 2755 qui
749 2720 775 2745 in
788 2720 882 2746 cadent

97 2768 318 2800 mnsentiebant;
347 2774 436 2801 neque
462 2767 580 2801 denique
607 2775 701 2793 verum
730 2772 785 2797 est,
816 2766 882 2793 nulli

97 2815 242 2849 Ipostolico
261 2818 359 2841 notum
379 2821 438 2841 esse
455 2814 579 2848 potuisse
596 2812 776 2840 Theodotum.
794 2812 881 2844 Quam

99 2859 139 2887 diu
161 2861 237 2889 enim
264 2864 328 2887 ante
347 2858 483 2886 Victorem
512 2858 628 2886 haeresin
660 2865 737 2885 suam
762 2856 881 2891 prodidit

938 2265 1019 2291 rum,
1043 2264 1161 2292 quorum
1189 2257 1384 2292 quamplurimi
1420 2256 1571 2285 Saturnino
1604 2258 1728 2286 seniores

936 2308 1025 2331 erant.
1041 2303 1098 2330 lmo
1108 2303 1167 2338 ipse
1178 2302 1345 2331 Saturninus
1359 2311 1374 2330 a
1390 2303 1540 2340 Menandro
1556 2304 1658 2332 hausit.
1671 2303 1727 2332 Ire-

938 2357 1012 2377 natus
1030 2349 1078 2377 lib.
1094 2357 1114 2381 ι,
1129 2357 1155 2377 c.
1175 2349 1211 2376 22
1226 2356 1233 2376 :
1253 2358 1262 2374 ι
1281 2348 1448 2377 Saturninus
1469 2350 1581 2384 quidem
1598 2349 1727 2377 sitniliter

937 2399 967 2422 ut
980 2394 1138 2427 Menander,
1152 2399 1205 2421 etc.
1223 2403 1232 2420 ι
1247 2393 1420 2429 Epiphanius
1437 2394 1538 2422 diserte
1553 2404 1559 2421 :
1574 2394 1652 2421 Μετὰ
1661 2394 1725 2421 τοῦ-

931 2449 980 2469 ιςον
994 2440 1151 2476 Σατορνῖλός
1171 2449 1213 2472 τις
1241 2440 1357 2476 ἀνέστη,
1375 2440 1423 2467 καὶ
1442 2440 1523 2472 αὐτὸς
1546 2440 1650 2467 ἐκεῖθεν
1675 2440 1726 2473 τὰς

935 2486 1076 2523 ἀφορμὰς,
1097 2486 1151 2513 ἀπὸ
1163 2486 1319 2523 Μενάνδρου
1337 2487 1418 2522 φημὶ,
1433 2487 1481 2514 καὶ
1492 2487 1547 2513 τῶν
1561 2486 1658 2523 πρώην
1676 2487 1725 2514 λα-

935 2532 1000 2560 ϐών.
1013 2532 1200 2560 Menandriani
1215 2537 1306 2560 autem
1322 2537 1349 2560 et
1363 2531 1516 2560 Simoniani
1532 2540 1629 2561 omnes
1644 2533 1725 2562 Chri-.

934 2583 1007 2606 stum
1023 2579 1145 2614 putative
1166 2578 1306 2606 hominem
1321 2578 1407 2606 fuisse
1418 2599 1426 2612 .
1441 2584 1468 2607 et
1482 2579 1603 2613 putative
1616 2583 1723 2606 tantum

934 2632 1046 2660 passum
1073 2623 1232 2657 docebant;
1265 2631 1279 2651 a
1321 2623 1443 2658 Simone,
1474 2625 1595 2657 scilicet,
1622 2624 1722 2656 edocti,

934 2670 982 2705 qui
998 2668 1115 2703 ludatis,
1133 2669 1253 2703 seipsum
1268 2667 1368 2695 Filium
1383 2676 1444 2696 esse
1462 2665 1539 2702 dixit,
1558 2668 1679 2696 παθόντα
1695 2668 1724 2696 δὲ

935 2716 973 2753 μὴ
987 2715 1160 2749 πεπονθέναι,
1175 2715 1243 2742 ἀλλὰ
1259 2715 1368 2751 δοκήσει
1387 2715 1478 2751 μόνον,
1495 2720 1525 2742 ιιι
1547 2715 1619 2743 idem
1638 2714 1724 2742 refert

934 2762 1113 2798 Epiphanius.
1130 2761 1279 2789 Menander
1290 2766 1382 2788 autem
1400 2761 1512 2793 multos,
1525 2765 1594 2788 teste
1613 2759 1722 2787 Iustino

933 2813 1054 2845 martyre
1066 2828 1075 2842 ,
1098 2808 1251 2836 Antiochiae
1266 2807 1385 2841 seduxit,
1400 2814 1471 2843 quos
1495 2807 1622 2842 ignorare
1639 2807 1721 2842 lgna-

934 2856 989 2884 tius
1001 2860 1095 2884 noster
1116 2863 1170 2884 non
1189 2855 1288 2891 potuit.
1304 2854 1362 2883 lmo
1383 2862 1416 2883 ex
1434 2854 1578 2882 Antiochia
1591 2853 1643 2882 fuit
1664 2852 1722 2888 ipse
