  <div class='ocr_page' id='page_1' title='image "/cluster/home/n/w/nwhite01/storage/ocr_20150623/5/njp.32101077772372/183.png"; bbox 0 0 1866 3073; ppageno 0'>
   <div class='ocr_carea' id='block_1_1' title="bbox 157 156 207 188">
    <p class='ocr_par' dir='ltr' id='par_1_1' title="bbox 157 156 207 188">
     <span class='ocr_line' id='line_1_1' title="bbox 157 156 207 188; baseline -0.04 0"><span class='ocrx_word' id='word_1_1' title='bbox 157 156 207 188; x_wconf 67' lang='lat' dir='ltr'><strong>an</strong></span> 
     </span>
    </p>
   </div>
   <div class='ocr_carea' id='block_1_2' title="bbox 690 159 1261 193">
    <p class='ocr_par' dir='ltr' id='par_1_2' title="bbox 690 159 1261 193">
     <span class='ocr_line' id='line_1_2' title="bbox 690 159 1261 193; baseline 0.011 -6"><span class='ocrx_word' id='word_1_2' title='bbox 690 160 719 187; x_wconf 88' lang='lat' dir='ltr'><strong>S.</strong></span> <span class='ocrx_word' id='word_1_3' title='bbox 739 159 914 189; x_wconf 76' lang='lat' dir='ltr'><strong>IGNATIUS.</strong></span> <span class='ocrx_word' id='word_1_4' title='bbox 935 175 971 181; x_wconf 94' lang='lat'>—</span> <span class='ocrx_word' id='word_1_5' title='bbox 989 160 1261 193; x_wconf 66' lang='lat' dir='ltr'><strong>PROLEGOMENA‘.</strong></span> 
     </span>
    </p>
   </div>
   <div class='ocr_carea' id='block_1_3' title="bbox 1740 175 1798 203">
    <p class='ocr_par' dir='ltr' id='par_1_3' title="bbox 1740 175 1798 203">
     <span class='ocr_line' id='line_1_3' title="bbox 1740 175 1798 203; baseline -0.069 1"><span class='ocrx_word' id='word_1_6' title='bbox 1740 175 1798 203; x_wconf 34' lang='lat'><strong>292.</strong></span> 
     </span>
    </p>
   </div>
   <div class='ocr_carea' id='block_1_4' title="bbox 160 218 1798 264">
    <p class='ocr_par' dir='ltr' id='par_1_4' title="bbox 160 218 1798 264">
     <span class='ocr_line' id='line_1_4' title="bbox 160 218 1798 264; baseline 0.005 -18"><span class='ocrx_word' id='word_1_7' title='bbox 160 218 337 248; x_wconf 71' lang='lat' dir='ltr'><strong>Saturninus.</strong></span> <span class='ocrx_word' id='word_1_8' title='bbox 354 221 423 247; x_wconf 79' lang='lat' dir='ltr'><strong>teste</strong></span> <span class='ocrx_word' id='word_1_9' title='bbox 440 219 553 253; x_wconf 56' lang='lat' dir='ltr'><strong>Irenaeo,</strong></span> <span class='ocrx_word' id='word_1_10' title='bbox 564 219 599 247; x_wconf 91' lang='lat' dir='ltr'><strong>de</strong></span> <span class='ocrx_word' id='word_1_11' title='bbox 616 219 696 254; x_wconf 76' lang='lat' dir='ltr'><strong>cuius</strong></span> <span class='ocrx_word' id='word_1_12' title='bbox 717 224 808 252; x_wconf 70' lang='lat' dir='ltr'><strong>aetate,</strong></span> <span class='ocrx_word' id='word_1_13' title='bbox 821 221 867 248; x_wconf 91' lang='lat' dir='ltr'><strong>ubi</strong></span> <span class='ocrx_word' id='word_1_14' title='bbox 882 228 952 255; x_wconf 89' lang='lat' dir='ltr'><strong>opus</strong></span> <span class='ocrx_word' id='word_1_15' title='bbox 967 224 989 251; x_wconf 84' lang='lat' dir='ltr'><strong>A</strong></span> <span class='ocrx_word' id='word_1_16' title='bbox 1003 222 1208 257; x_wconf 79' lang='lat' dir='ltr'><strong>vindicandam,</strong></span> <span class='ocrx_word' id='word_1_17' title='bbox 1229 225 1302 259; x_wconf 86' lang='lat' dir='ltr'><strong>quod</strong></span> <span class='ocrx_word' id='word_1_18' title='bbox 1314 232 1375 261; x_wconf 65' lang='lat' dir='ltr'><strong>qua!</strong></span> <span class='ocrx_word' id='word_1_19' title='bbox 1392 226 1481 261; x_wconf 91' lang='lat' dir='ltr'><strong>primo</strong></span> <span class='ocrx_word' id='word_1_20' title='bbox 1508 229 1672 264; x_wconf 78' lang='lat' dir='ltr'><strong>scripserat.</strong></span> <span class='ocrx_word' id='word_1_21' title='bbox 1693 228 1798 256; x_wconf 82' lang='lat' dir='ltr'><strong>directe</strong></span> 
     </span>
    </p>
   </div>
   <div class='ocr_carea' id='block_1_5' title="bbox 160 265 546 298">
    <p class='ocr_par' dir='ltr' id='par_1_5' title="bbox 160 265 546 298">
     <span class='ocr_line' id='line_1_5' title="bbox 160 265 546 298; baseline 0.003 -6"><span class='ocrx_word' id='word_1_22' title='bbox 160 265 255 298; x_wconf 85' lang='lat' dir='ltr'><strong>fuerit,</strong></span> <span class='ocrx_word' id='word_1_23' title='bbox 271 265 352 293; x_wconf 91' lang='lat' dir='ltr'><strong>latius</strong></span> <span class='ocrx_word' id='word_1_24' title='bbox 368 266 546 293; x_wconf 83' lang='lat' dir='ltr'><strong>disseremus.</strong></span> 
     </span>
    </p>
   </div>
   <div class='ocr_carea' id='block_1_6' title="bbox 195 311 952 347">
    <p class='ocr_par' dir='ltr' id='par_1_6' title="bbox 195 311 952 347">
     <span class='ocr_line' id='line_1_6' title="bbox 195 311 952 347; baseline 0 -7"><span class='ocrx_word' id='word_1_25' title='bbox 195 312 258 340; x_wconf 77' lang='lat' dir='ltr'><strong>Mox</strong></span> <span class='ocrx_word' id='word_1_26' title='bbox 274 313 345 340; x_wconf 88' lang='lat' dir='ltr'><strong>duos</strong></span> <span class='ocrx_word' id='word_1_27' title='bbox 356 319 390 339; x_wconf 87' lang='lat' dir='ltr'><strong>ex</strong></span> <span class='ocrx_word' id='word_1_28' title='bbox 411 312 528 347; x_wconf 89' lang='lat' dir='ltr'><strong>epistola</strong></span> <span class='ocrx_word' id='word_1_29' title='bbox 546 312 579 340; x_wconf 88' lang='lat' dir='ltr'><strong>ad</strong></span> <span class='ocrx_word' id='word_1_30' title='bbox 601 311 792 347; x_wconf 87' lang='lat' dir='ltr'><strong>Philippenses</strong></span> <span class='ocrx_word' id='word_1_31' title='bbox 806 312 883 340; x_wconf 89' lang='lat' dir='ltr'><strong>locos</strong></span> <span class='ocrx_word' id='word_1_32' title='bbox 903 313 952 340; x_wconf 79' lang='lat' dir='ltr'><strong>atl—</strong></span> 
     </span>
    </p>
   </div>
   <div class='ocr_carea' id='block_1_7' title="bbox 158 357 952 394">
    <p class='ocr_par' dir='ltr' id='par_1_7' title="bbox 158 357 952 394">
     <span class='ocr_line' id='line_1_7' title="bbox 158 357 952 394; baseline 0 -8"><span class='ocrx_word' id='word_1_33' title='bbox 158 359 247 392; x_wconf 87' lang='lat' dir='ltr'><strong>ducit,</strong></span> <span class='ocrx_word' id='word_1_34' title='bbox 262 357 418 391; x_wconf 78' lang='lat' dir='ltr'><strong>manifeste,</strong></span> <span class='ocrx_word' id='word_1_35' title='bbox 433 363 464 386; x_wconf 93' lang='lat' dir='ltr'><strong>ut</strong></span> <span class='ocrx_word' id='word_1_36' title='bbox 478 358 527 389; x_wconf 84' lang='lat' dir='ltr'><strong>ait,</strong></span> <span class='ocrx_word' id='word_1_37' title='bbox 540 358 681 393; x_wconf 75' lang='lat' dir='ltr'><strong>pulsantes</strong></span> <span class='ocrx_word' id='word_1_38' title='bbox 695 357 840 392; x_wconf 85' lang='lat' dir='ltr'><strong>Praxeam,</strong></span> <span class='ocrx_word' id='word_1_39' title='bbox 853 363 952 394; x_wconf 52' lang='lat' dir='ltr'><strong>praeter</strong></span> 
     </span>
    </p>
   </div>
   <div class='ocr_carea' id='block_1_8' title="bbox 158 405 951 440">
    <p class='ocr_par' dir='ltr' id='par_1_8' title="bbox 158 405 951 440">
     <span class='ocr_line' id='line_1_8' title="bbox 158 405 951 440; baseline 0 -8"><span class='ocrx_word' id='word_1_40' title='bbox 158 413 207 433; x_wconf 91' lang='lat' dir='ltr'><strong>eos</strong></span> <span class='ocrx_word' id='word_1_41' title='bbox 219 412 291 440; x_wconf 87' lang='lat' dir='ltr'><strong>quos</strong></span> <span class='ocrx_word' id='word_1_42' title='bbox 307 410 385 432; x_wconf 83' lang='lat' dir='ltr'><strong>antea</strong></span> <span class='ocrx_word' id='word_1_43' title='bbox 401 405 555 432; x_wconf 82' lang='lat' dir='ltr'><strong>adduxerat</strong></span> <span class='ocrx_word' id='word_1_44' title='bbox 568 414 575 432; x_wconf 91' lang='lat'>:</span> <span class='ocrx_word' id='word_1_45' title='bbox 588 409 666 432; x_wconf 85' lang='lat' dir='ltr'><strong>erant</strong></span> <span class='ocrx_word' id='word_1_46' title='bbox 680 409 773 432; x_wconf 89' lang='lat' dir='ltr'><strong>autem</strong></span> <span class='ocrx_word' id='word_1_47' title='bbox 785 405 868 432; x_wconf 90' lang='lat' dir='ltr'><strong>etiam</strong></span> <span class='ocrx_word' id='word_1_48' title='bbox 885 405 904 432; x_wconf 88' lang='lat' dir='ltr'><strong>ii</strong></span> <span class='ocrx_word' id='word_1_49' title='bbox 917 412 951 432; x_wconf 89' lang='lat' dir='ltr'><strong>ex</strong></span> 
     </span>
    </p>
   </div>
   <div class='ocr_carea' id='block_1_9' title="bbox 157 449 950 485">
    <p class='ocr_par' dir='ltr' id='par_1_9' title="bbox 157 449 950 485">
     <span class='ocr_line' id='line_1_9' title="bbox 157 449 950 485; baseline 0 -7"><span class='ocrx_word' id='word_1_50' title='bbox 157 450 253 478; x_wconf 84' lang='lat' dir='ltr'><strong>eadem</strong></span> <span class='ocrx_word' id='word_1_51' title='bbox 269 450 398 485; x_wconf 80' lang='lat' dir='ltr'><strong>epistola,</strong></span> <span class='ocrx_word' id='word_1_52' title='bbox 415 454 463 478; x_wconf 88' lang='lat' dir='ltr'><strong>aut</strong></span> <span class='ocrx_word' id='word_1_53' title='bbox 487 450 531 477; x_wconf 92' lang='lat' dir='ltr'><strong>illa</strong></span> <span class='ocrx_word' id='word_1_54' title='bbox 553 450 587 478; x_wconf 86' lang='lat' dir='ltr'><strong>ad</strong></span> <span class='ocrx_word' id='word_1_55' title='bbox 610 450 772 478; x_wconf 83' lang='lat' dir='ltr'><strong>Tarsenses.</strong></span> <span class='ocrx_word' id='word_1_56' title='bbox 787 449 844 478; x_wconf 85' lang='lat' dir='ltr'><strong>Nos</strong></span> <span class='ocrx_word' id='word_1_57' title='bbox 859 456 950 478; x_wconf 86' lang='lat' dir='ltr'><strong>autem</strong></span> 
     </span>
    </p>
   </div>
   <div class='ocr_carea' id='block_1_10' title="bbox 157 494 952 531">
    <p class='ocr_par' dir='ltr' id='par_1_10' title="bbox 157 494 952 531">
     <span class='ocr_line' id='line_1_10' title="bbox 157 494 952 531; baseline 0.004 -9"><span class='ocrx_word' id='word_1_58' title='bbox 157 499 283 522; x_wconf 87' lang='lat' dir='ltr'><strong>neutram</strong></span> <span class='ocrx_word' id='word_1_59' title='bbox 293 494 475 528; x_wconf 80' lang='lat' dir='ltr'><strong>defendimus,</strong></span> <span class='ocrx_word' id='word_1_60' title='bbox 485 500 632 531; x_wconf 88' lang='lat' dir='ltr'><strong>utramque</strong></span> <span class='ocrx_word' id='word_1_61' title='bbox 639 495 865 525; x_wconf 74' lang='lat' dir='ltr'><strong>manifestissime</strong></span> <span class='ocrx_word' id='word_1_62' title='bbox 875 504 952 525; x_wconf 89' lang='lat' dir='ltr'><strong>com-</strong></span> 
     </span>
    </p>
   </div>
   <div class='ocr_carea' id='block_1_11' title="bbox 157 541 500 576">
    <p class='ocr_par' dir='ltr' id='par_1_11' title="bbox 157 541 500 576">
     <span class='ocr_line' id='line_1_11' title="bbox 157 541 500 576; baseline 0.003 -8"><span class='ocrx_word' id='word_1_63' title='bbox 157 541 312 568; x_wconf 87' lang='lat' dir='ltr'><strong>mentiliam</strong></span> <span class='ocrx_word' id='word_1_64' title='bbox 328 541 500 576; x_wconf 82' lang='lat' dir='ltr'><strong>profitemur.</strong></span> 
     </span>
    </p>
   </div>
   <div class='ocr_carea' id='block_1_12' title="bbox 192 585 950 622">
    <p class='ocr_par' dir='ltr' id='par_1_12' title="bbox 192 585 950 622">
     <span class='ocr_line' id='line_1_12' title="bbox 192 585 950 622; baseline 0.005 -9"><span class='ocrx_word' id='word_1_65' title='bbox 192 585 315 622; x_wconf 85' lang='lat' dir='ltr'><strong>Denique</strong></span> <span class='ocrx_word' id='word_1_66' title='bbox 337 586 511 615; x_wconf 87' lang='lat' dir='ltr'><strong>Theodotum</strong></span> <span class='ocrx_word' id='word_1_67' title='bbox 535 587 694 615; x_wconf 87' lang='lat' dir='ltr'><strong>Coriarium</strong></span> <span class='ocrx_word' id='word_1_68' title='bbox 715 588 814 616; x_wconf 82' lang='lat' dir='ltr'><strong>iterum</strong></span> <span class='ocrx_word' id='word_1_69' title='bbox 829 589 950 622; x_wconf 86' lang='lat' dir='ltr'><strong>adducit,</strong></span> 
     </span>
    </p>
   </div>
   <div class='ocr_carea' id='block_1_13' title="bbox 156 632 951 670">
    <p class='ocr_par' dir='ltr' id='par_1_13' title="bbox 156 632 951 670">
     <span class='ocr_line' id='line_1_13' title="bbox 156 632 951 670; baseline 0.003 -10"><span class='ocrx_word' id='word_1_70' title='bbox 156 639 189 660; x_wconf 79' lang='lat' dir='ltr'><strong>ac</strong></span> <span class='ocrx_word' id='word_1_71' title='bbox 201 632 225 660; x_wconf 90' lang='lat' dir='ltr'><strong>si</strong></span> <span class='ocrx_word' id='word_1_72' title='bbox 241 632 422 668; x_wconf 80' lang='lat' dir='ltr'><strong>epistolarum</strong></span> <span class='ocrx_word' id='word_1_73' title='bbox 440 637 538 660; x_wconf 82' lang='lat' dir='ltr'><strong>auctor</strong></span> <span class='ocrx_word' id='word_1_74' title='bbox 549 640 612 660; x_wconf 89' lang='lat' dir='ltr'><strong>eum</strong></span> <span class='ocrx_word' id='word_1_75' title='bbox 629 634 711 661; x_wconf 89' lang='lat' dir='ltr'><strong>etiam</strong></span> <span class='ocrx_word' id='word_1_76' title='bbox 728 634 861 667; x_wconf 82' lang='lat' dir='ltr'><strong>novisset,</strong></span> <span class='ocrx_word' id='word_1_77' title='bbox 876 635 951 670; x_wconf 85' lang='lat' dir='ltr'><strong>quod</strong></span> 
     </span>
    </p>
   </div>
   <div class='ocr_carea' id='block_1_14' title="bbox 155 677 949 714">
    <p class='ocr_par' dir='ltr' id='par_1_14' title="bbox 155 677 949 714">
     <span class='ocr_line' id='line_1_14' title="bbox 155 677 949 714; baseline 0.004 -9"><span class='ocrx_word' id='word_1_78' title='bbox 155 678 239 706; x_wconf 76' lang='lat' dir='ltr'><strong>etiam</strong></span> <span class='ocrx_word' id='word_1_79' title='bbox 265 678 292 705; x_wconf 94' lang='lat' dir='ltr'><strong>in</strong></span> <span class='ocrx_word' id='word_1_80' title='bbox 310 677 469 706; x_wconf 85' lang='lat' dir='ltr'><strong>Usserianis</strong></span> <span class='ocrx_word' id='word_1_81' title='bbox 491 678 564 706; x_wconf 89' lang='lat' dir='ltr'><strong>illius</strong></span> <span class='ocrx_word' id='word_1_82' title='bbox 587 679 756 714; x_wconf 84' lang='lat' dir='ltr'><strong>blasphemia</strong></span> <span class='ocrx_word' id='word_1_83' title='bbox 771 679 888 708; x_wconf 82' lang='lat' dir='ltr'><strong>refutata</strong></span> <span class='ocrx_word' id='word_1_84' title='bbox 903 681 949 708; x_wconf 85' lang='lat' dir='ltr'><strong>sit.</strong></span> 
     </span>
    </p>
   </div>
   <div class='ocr_carea' id='block_1_15' title="bbox 156 725 949 761">
    <p class='ocr_par' dir='ltr' id='par_1_15' title="bbox 156 725 949 761">
     <span class='ocr_line' id='line_1_15' title="bbox 156 725 949 761; baseline 0.004 -9"><span class='ocrx_word' id='word_1_85' title='bbox 156 725 190 752; x_wconf 83' lang='lat' dir='ltr'><strong>Et</strong></span> <span class='ocrx_word' id='word_1_86' title='bbox 201 725 313 761; x_wconf 90' lang='lat' dir='ltr'><strong>quidem</strong></span> <span class='ocrx_word' id='word_1_87' title='bbox 328 726 537 760; x_wconf 80' lang='lat' dir='ltr'><strong>blasphemiam,</strong></span> <span class='ocrx_word' id='word_1_88' title='bbox 549 733 631 760; x_wconf 88' lang='lat' dir='ltr'><strong>quam</strong></span> <span class='ocrx_word' id='word_1_89' title='bbox 646 726 804 754; x_wconf 85' lang='lat' dir='ltr'><strong>Theodotus</strong></span> <span class='ocrx_word' id='word_1_90' title='bbox 816 727 949 760; x_wconf 85' lang='lat' dir='ltr'><strong>defendit,</strong></span> 
     </span>
    </p>
   </div>
   <div class='ocr_carea' id='block_1_16' title="bbox 157 771 952 807">
    <p class='ocr_par' dir='ltr' id='par_1_16' title="bbox 157 771 952 807">
     <span class='ocr_line' id='line_1_16' title="bbox 157 771 952 807; baseline 0.001 -8"><span class='ocrx_word' id='word_1_91' title='bbox 157 771 293 807; x_wconf 74' lang='lat' dir='ltr'><strong>Ignatinm</strong></span> <span class='ocrx_word' id='word_1_92' title='bbox 314 771 494 800; x_wconf 85' lang='lat' dir='ltr'><strong>Usserianum</strong></span> <span class='ocrx_word' id='word_1_93' title='bbox 510 771 646 800; x_wconf 86' lang='lat' dir='ltr'><strong>refutasse</strong></span> <span class='ocrx_word' id='word_1_94' title='bbox 670 773 808 807; x_wconf 82' lang='lat' dir='ltr'><strong>concedo;</strong></span> <span class='ocrx_word' id='word_1_95' title='bbox 825 773 952 801; x_wconf 89' lang='lat' dir='ltr'><strong>Theodo-</strong></span> 
     </span>
    </p>
   </div>
   <div class='ocr_carea' id='block_1_17' title="bbox 156 818 951 854">
    <p class='ocr_par' dir='ltr' id='par_1_17' title="bbox 156 818 951 854">
     <span class='ocr_line' id='line_1_17' title="bbox 156 818 951 854; baseline 0.001 -9"><span class='ocrx_word' id='word_1_96' title='bbox 156 824 215 845; x_wconf 88' lang='lat' dir='ltr'><strong>tum</strong></span> <span class='ocrx_word' id='word_1_97' title='bbox 232 818 342 845; x_wconf 89' lang='lat' dir='ltr'><strong>novisse</strong></span> <span class='ocrx_word' id='word_1_98' title='bbox 357 826 455 845; x_wconf 91' lang='lat' dir='ltr'><strong>rursus</strong></span> <span class='ocrx_word' id='word_1_99' title='bbox 470 825 601 853; x_wconf 82' lang='lat' dir='ltr'><strong>pernego.</strong></span> <span class='ocrx_word' id='word_1_100' title='bbox 619 818 736 846; x_wconf 77' lang='lat' dir='ltr'><strong>Dallteus</strong></span> <span class='ocrx_word' id='word_1_101' title='bbox 752 819 810 854; x_wconf 86' lang='lat' dir='ltr'><strong>ipse</strong></span> <span class='ocrx_word' id='word_1_102' title='bbox 821 819 951 847; x_wconf 87' lang='lat' dir='ltr'><strong>dubitan-</strong></span> 
     </span>
    </p>
   </div>
   <div class='ocr_carea' id='block_1_18' title="bbox 155 864 951 900">
    <p class='ocr_par' dir='ltr' id='par_1_18' title="bbox 155 864 951 900">
     <span class='ocr_line' id='line_1_18' title="bbox 155 864 951 900; baseline 0.003 -9"><span class='ocrx_word' id='word_1_103' title='bbox 155 868 198 892; x_wconf 88' lang='lat' dir='ltr'><strong>ter</strong></span> <span class='ocrx_word' id='word_1_104' title='bbox 229 864 287 891; x_wconf 68' lang='lat' dir='ltr'><strong>hac</strong></span> <span class='ocrx_word' id='word_1_105' title='bbox 318 864 469 899; x_wconf 85' lang='lat' dir='ltr'><strong>proponit:</strong></span> <span class='ocrx_word' id='word_1_106' title='bbox 499 864 549 891; x_wconf 68' lang='lat' dir='ltr'><strong>«Si</strong></span> <span class='ocrx_word' id='word_1_107' title='bbox 574 872 638 891; x_wconf 87' lang='lat' dir='ltr'><strong>vera</strong></span> <span class='ocrx_word' id='word_1_108' title='bbox 656 868 739 898; x_wconf 90' lang='lat' dir='ltr'><strong>sunt,</strong></span> <span class='ocrx_word' id='word_1_109' title='bbox 767 864 865 900; x_wconf 88' lang='lat' dir='ltr'><strong>inquit,</strong></span> <span class='ocrx_word' id='word_1_110' title='bbox 889 873 951 900; x_wconf 67' lang='lat' dir='ltr'><strong>quae</strong></span> 
     </span>
    </p>
   </div>
   <div class='ocr_carea' id='block_1_19' title="bbox 1004 269 1796 311">
    <p class='ocr_par' dir='ltr' id='par_1_19' title="bbox 1004 269 1796 311">
     <span class='ocr_line' id='line_1_19' title="bbox 1004 269 1796 311; baseline 0.01 -15"><span class='ocrx_word' id='word_1_111' title='bbox 1004 269 1130 297; x_wconf 53' lang='lat' dir='ltr'><strong>haeresim</strong></span> <span class='ocrx_word' id='word_1_112' title='bbox 1140 269 1252 298; x_wconf 85' lang='lat' dir='ltr'><strong>ferirent</strong></span> <span class='ocrx_word' id='word_1_113' title='bbox 1262 270 1375 299; x_wconf 87' lang='lat' dir='ltr'><strong>Ebionis</strong></span> <span class='ocrx_word' id='word_1_114' title='bbox 1389 277 1416 300; x_wconf 88' lang='lat' dir='ltr'><strong>et</strong></span> <span class='ocrx_word' id='word_1_115' title='bbox 1425 273 1744 311; x_wconf 80' lang='lat' dir='ltr'><strong>Cerinthi,aliorunique</strong></span> <span class='ocrx_word' id='word_1_116' title='bbox 1756 284 1796 304; x_wconf 87' lang='lat' dir='ltr'><strong>se-</strong></span> 
     </span>
    </p>
   </div>
   <div class='ocr_carea' id='block_1_20' title="bbox 1003 316 1795 359">
    <p class='ocr_par' dir='ltr' id='par_1_20' title="bbox 1003 316 1795 359">
     <span class='ocr_line' id='line_1_20' title="bbox 1003 316 1795 359; baseline 0.011 -16"><span class='ocrx_word' id='word_1_117' title='bbox 1003 316 1062 351; x_wconf 90' lang='lat' dir='ltr'><strong>ipso</strong></span> <span class='ocrx_word' id='word_1_118' title='bbox 1073 318 1272 353; x_wconf 80' lang='lat' dir='ltr'><strong>antiquiorum,</strong></span> <span class='ocrx_word' id='word_1_119' title='bbox 1287 324 1336 347; x_wconf 91' lang='lat' dir='ltr'><strong>aut</strong></span> <span class='ocrx_word' id='word_1_120' title='bbox 1347 328 1396 347; x_wconf 90' lang='lat' dir='ltr'><strong>sua</strong></span> <span class='ocrx_word' id='word_1_121' title='bbox 1411 325 1501 354; x_wconf 67' lang='lat' dir='ltr'><strong>aetate,</strong></span> <span class='ocrx_word' id='word_1_122' title='bbox 1518 327 1579 357; x_wconf 90' lang='lat' dir='ltr'><strong>post</strong></span> <span class='ocrx_word' id='word_1_123' title='bbox 1592 323 1722 351; x_wconf 88' lang='lat' dir='ltr'><strong>omnium</strong></span> <span class='ocrx_word' id='word_1_124' title='bbox 1734 330 1795 359; x_wconf 83' lang='lat' dir='ltr'><strong>apo-</strong></span> 
     </span>
    </p>
   </div>
   <div class='ocr_carea' id='block_1_21' title="bbox 1002 363 1798 399">
    <p class='ocr_par' dir='ltr' id='par_1_21' title="bbox 1002 363 1798 399">
     <span class='ocr_line' id='line_1_21' title="bbox 1002 363 1798 399; baseline 0.009 -10"><span class='ocrx_word' id='word_1_125' title='bbox 1002 363 1138 391; x_wconf 83' lang='lat' dir='ltr'><strong>stolorum</strong></span> <span class='ocrx_word' id='word_1_126' title='bbox 1160 369 1293 399; x_wconf 88' lang='lat' dir='ltr'><strong>mortem,</strong></span> <span class='ocrx_word' id='word_1_127' title='bbox 1324 367 1448 395; x_wconf 81' lang='lat' dir='ltr'><strong>eamdem</strong></span> <span class='ocrx_word' id='word_1_128' title='bbox 1477 368 1590 398; x_wconf 87' lang='lat' dir='ltr'><strong>liberius</strong></span> <span class='ocrx_word' id='word_1_129' title='bbox 1610 369 1798 398; x_wconf 84' lang='lat' dir='ltr'><strong>disseminan-</strong></span> 
     </span>
    </p>
   </div>
   <div class='ocr_carea' id='block_1_22' title="bbox 1002 409 1083 437">
    <p class='ocr_par' dir='ltr' id='par_1_22' title="bbox 1002 409 1083 437">
     <span class='ocr_line' id='line_1_22' title="bbox 1002 409 1083 437; baseline 0.012 -1"><span class='ocrx_word' id='word_1_130' title='bbox 1002 409 1083 437; x_wconf 90' lang='lat' dir='ltr'><strong>tium.</strong></span> 
     </span>
    </p>
   </div>
   <div class='ocr_carea' id='block_1_23' title="bbox 1309 468 1486 498">
    <p class='ocr_par' dir='ltr' id='par_1_23' title="bbox 1309 468 1486 498">
     <span class='ocr_line' id='line_1_23' title="bbox 1309 468 1486 498; baseline 0.006 -1"><span class='ocrx_word' id='word_1_131' title='bbox 1309 468 1423 497; x_wconf 79' lang='lat' dir='ltr'><strong>CAPUT</strong></span> <span class='ocrx_word' id='word_1_132' title='bbox 1442 469 1486 498; x_wconf 87' lang='grc'><strong>111.</strong></span> 
     </span>
    </p>
   </div>
   <div class='ocr_carea' id='block_1_24' title="bbox 1001 525 1796 566">
    <p class='ocr_par' dir='ltr' id='par_1_24' title="bbox 1001 525 1796 566">
     <span class='ocr_line' id='line_1_24' title="bbox 1001 525 1796 566; baseline 0.009 -15"><span class='ocrx_word' id='word_1_133' title='bbox 1001 525 1191 566; x_wconf 65' lang='lat' dir='ltr'><strong>Argumentum</strong></span> <span class='ocrx_word' id='word_1_134' title='bbox 1214 535 1233 566; x_wconf 79' lang='lat' dir='ltr'><strong>_a</strong></span> <span class='ocrx_word' id='word_1_135' title='bbox 1257 526 1390 566; x_wconf 62' lang='lat' dir='ltr'><strong>Vgleutini</strong></span> <span class='ocrx_word' id='word_1_136' title='bbox 1409 528 1469 566; x_wconf 76' lang='lat' dir='ltr'><strong>Sige</strong></span> <span class='ocrx_word' id='word_1_137' title='bbox 1487 530 1599 558; x_wconf 81' lang='lat' dir='ltr'><strong>ductum</strong></span> <span class='ocrx_word' id='word_1_138' title='bbox 1623 532 1796 566; x_wconf 70' lang='lat' dir='ltr'><strong>proponitur.</strong></span> 
     </span>
    </p>
   </div>
   <div class='ocr_carea' id='block_1_25' title="bbox 1055 561 1799 601">
    <p class='ocr_par' dir='ltr' id='par_1_25' title="bbox 1055 561 1799 601">
     <span class='ocr_line' id='line_1_25' title="bbox 1055 561 1799 601; baseline 0.012 -15"><span class='ocrx_word' id='word_1_139' title='bbox 1055 561 1366 601; x_wconf 43' lang='lat' dir='ltr'><strong>ntrod‘ucloriaz-Dalltei</strong></span> <span class='ocrx_word' id='word_1_140' title='bbox 1382 561 1540 601; x_wconf 64' lang='lat' dir='ltr'><strong>conﬁctam</strong></span> <span class='ocrx_word' id='word_1_141' title='bbox 1558 561 1733 601; x_wconf 57' lang='lat' dir='ltr'><strong>refelluntur.</strong></span> <span class='ocrx_word' id='word_1_142' title='bbox 1760 568 1799 594; x_wconf 76' lang='lat' dir='ltr'><strong>De</strong></span> 
     </span>
    </p>
   </div>
   <div class='ocr_carea' id='block_1_26' title="bbox 1036 596 1798 637">
    <p class='ocr_par' dir='ltr' id='par_1_26' title="bbox 1036 596 1798 637">
     <span class='ocr_line' id='line_1_26' title="bbox 1036 596 1798 637; baseline 0.01 -15"><span class='ocrx_word' id='word_1_143' title='bbox 1036 597 1112 637; x_wconf 56' lang='lat' dir='ltr'><strong>traria</strong></span> <span class='ocrx_word' id='word_1_144' title='bbox 1123 596 1233 624; x_wconf 81' lang='lat' dir='ltr'><strong>lectione</strong></span> <span class='ocrx_word' id='word_1_145' title='bbox 1245 598 1346 637; x_wconf 69' lang='lat' dir='ltr'><strong>frustra</strong></span> <span class='ocrx_word' id='word_1_146' title='bbox 1357 596 1512 637; x_wconf 57' lang='lat' dir='ltr'><strong>ambigitur,</strong></span> <span class='ocrx_word' id='word_1_147' title='bbox 1519 596 1728 637; x_wconf 70' lang='lat' dir='ltr'><strong>Interpolatoris</strong></span> <span class='ocrx_word' id='word_1_148' title='bbox 1734 611 1798 637; x_wconf 81' lang='lat' dir='ltr'><strong>pru—</strong></span> 
     </span>
    </p>
   </div>
   <div class='ocr_carea' id='block_1_27' title="bbox 1036 632 1799 671">
    <p class='ocr_par' dir='ltr' id='par_1_27' title="bbox 1036 632 1799 671">
     <span class='ocr_line' id='line_1_27' title="bbox 1036 632 1799 671; baseline 0.009 -13"><span class='ocrx_word' id='word_1_149' title='bbox 1036 632 1126 671; x_wconf 70' lang='lat' dir='ltr'><strong>dentia</strong></span> <span class='ocrx_word' id='word_1_150' title='bbox 1137 640 1274 671; x_wconf 66' lang='lat' dir='ltr'><strong>perperam</strong></span> <span class='ocrx_word' id='word_1_151' title='bbox 1284 632 1439 671; x_wconf 44' lang='lat' dir='ltr'><strong>aduocatum</strong></span> <span class='ocrx_word' id='word_1_152' title='bbox 1455 635 1530 663; x_wconf 77' lang='lat' dir='ltr'><strong>Mala</strong></span> <span class='ocrx_word' id='word_1_153' title='bbox 1542 632 1607 671; x_wconf 57' lang='lat' dir='ltr'><strong>ﬁdes</strong></span> <span class='ocrx_word' id='word_1_154' title='bbox 1620 632 1739 665; x_wconf 41' lang='lat' dir='ltr'><strong>Pelusio.</strong></span> <span class='ocrx_word' id='word_1_155' title='bbox 1749 639 1799 664; x_wconf 79' lang='lat' dir='ltr'><strong>im-</strong></span> 
     </span>
    </p>
   </div>
   <div class='ocr_carea' id='block_1_28' title="bbox 1037 668 1799 709">
    <p class='ocr_par' dir='ltr' id='par_1_28' title="bbox 1037 668 1799 709">
     <span class='ocr_line' id='line_1_28' title="bbox 1037 668 1799 709; baseline 0.012 -17"><span class='ocrx_word' id='word_1_156' title='bbox 1037 668 1130 709; x_wconf 62' lang='lat' dir='ltr'><strong>merito</strong></span> <span class='ocrx_word' id='word_1_157' title='bbox 1149 668 1302 709; x_wconf 72' lang='lat' dir='ltr'><strong>ascribitur.</strong></span> <span class='ocrx_word' id='word_1_158' title='bbox 1321 668 1419 697; x_wconf 73' lang='lat' dir='ltr'><strong>Irenwt&#39;</strong></span> <span class='ocrx_word' id='word_1_159' title='bbox 1435 668 1571 700; x_wconf 64' lang='lat' dir='ltr'><strong>silentium</strong></span> <span class='ocrx_word' id='word_1_160' title='bbox 1586 672 1699 700; x_wconf 77' lang='lat' dir='ltr'><strong>Eusebii</strong></span> <span class='ocrx_word' id='word_1_161' title='bbox 1714 674 1799 700; x_wconf 78' lang='lat' dir='ltr'><strong>silen—</strong></span> 
     </span>
    </p>
   </div>
   <div class='ocr_carea' id='block_1_29' title="bbox 1038 707 1262 738">
    <p class='ocr_par' dir='ltr' id='par_1_29' title="bbox 1038 707 1262 738">
     <span class='ocr_line' id='line_1_29' title="bbox 1038 707 1262 738; baseline 0.013 -10"><span class='ocrx_word' id='word_1_162' title='bbox 1038 707 1075 728; x_wconf 82' lang='grc' dir='ltr'><strong>ιιο</strong></span> <span class='ocrx_word' id='word_1_163' title='bbox 1092 707 1262 738; x_wconf 71' lang='lat' dir='ltr'><strong>expungitur.</strong></span> 
     </span>
    </p>
   </div>
   <div class='ocr_carea' id='block_1_30' title="bbox 1036 769 1795 812">
    <p class='ocr_par' dir='ltr' id='par_1_30' title="bbox 1036 769 1795 812">
     <span class='ocr_line' id='line_1_30' title="bbox 1036 769 1795 812; baseline 0.011 -15"><span class='ocrx_word' id='word_1_164' title='bbox 1036 769 1150 799; x_wconf 83' lang='lat' dir='ltr'><strong>Leviora</strong></span> <span class='ocrx_word' id='word_1_165' title='bbox 1170 772 1228 799; x_wconf 66' lang='lat' dir='ltr'><strong>haec</strong></span> <span class='ocrx_word' id='word_1_166' title='bbox 1251 772 1361 807; x_wconf 87' lang='lat' dir='ltr'><strong>quidem</strong></span> <span class='ocrx_word' id='word_1_167' title='bbox 1384 778 1464 807; x_wconf 88' lang='lat' dir='ltr'><strong>sunt,</strong></span> <span class='ocrx_word' id='word_1_168' title='bbox 1479 779 1507 802; x_wconf 88' lang='lat' dir='ltr'><strong>et</strong></span> <span class='ocrx_word' id='word_1_169' title='bbox 1520 776 1663 810; x_wconf 85' lang='lat' dir='ltr'><strong>omnibus,</strong></span> <span class='ocrx_word' id='word_1_170' title='bbox 1681 777 1795 812; x_wconf 87' lang='lat' dir='ltr'><strong>opinor,</strong></span> 
     </span>
    </p>
   </div>
   <div class='ocr_carea' id='block_1_31' title="bbox 1000 817 1796 855">
    <p class='ocr_par' dir='ltr' id='par_1_31' title="bbox 1000 817 1796 855">
     <span class='ocr_line' id='line_1_31' title="bbox 1000 817 1796 855; baseline 0.008 -11"><span class='ocrx_word' id='word_1_171' title='bbox 1000 817 1146 851; x_wconf 85' lang='lat' dir='ltr'><strong>videntur;</strong></span> <span class='ocrx_word' id='word_1_172' title='bbox 1162 818 1210 846; x_wconf 90' lang='lat' dir='ltr'><strong>sed</strong></span> <span class='ocrx_word' id='word_1_173' title='bbox 1226 819 1314 854; x_wconf 81' lang='lat' dir='ltr'><strong>major</strong></span> <span class='ocrx_word' id='word_1_174' title='bbox 1326 819 1405 848; x_wconf 86' lang='lat' dir='ltr'><strong>nobis</strong></span> <span class='ocrx_word' id='word_1_175' title='bbox 1420 821 1510 855; x_wconf 88' lang='lat' dir='ltr'><strong>capite</strong></span> <span class='ocrx_word' id='word_1_176' title='bbox 1530 821 1564 848; x_wconf 76' lang='grc'><strong>12</strong></span> <span class='ocrx_word' id='word_1_177' title='bbox 1577 821 1725 850; x_wconf 66' lang='grc' dir='ltr'><strong>ἁὶαἰουιιεε</strong></span> <span class='ocrx_word' id='word_1_178' title='bbox 1737 824 1796 850; x_wconf 85' lang='lat' dir='ltr'><strong>ori-</strong></span> 
     </span>
    </p>
   </div>
   <div class='ocr_carea' id='block_1_32' title="bbox 1000 863 1796 902">
    <p class='ocr_par' dir='ltr' id='par_1_32' title="bbox 1000 863 1796 902">
     <span class='ocr_line' id='line_1_32' title="bbox 1000 863 1796 902; baseline 0.008 -12"><span class='ocrx_word' id='word_1_179' title='bbox 1000 867 1046 890; x_wconf 90' lang='lat' dir='ltr'><strong>tur</strong></span> <span class='ocrx_word' id='word_1_180' title='bbox 1061 871 1095 892; x_wconf 86' lang='lat' dir='ltr'><strong>ex</strong></span> <span class='ocrx_word' id='word_1_181' title='bbox 1111 863 1190 897; x_wconf 92' lang='lat' dir='ltr'><strong>loco,</strong></span> <span class='ocrx_word' id='word_1_182' title='bbox 1208 872 1290 900; x_wconf 89' lang='lat' dir='ltr'><strong>quem</strong></span> <span class='ocrx_word' id='word_1_183' title='bbox 1314 865 1348 892; x_wconf 92' lang='lat' dir='ltr'><strong>ad</strong></span> <span class='ocrx_word' id='word_1_184' title='bbox 1368 865 1542 894; x_wconf 83' lang='lat' dir='ltr'><strong>Valentinum</strong></span> <span class='ocrx_word' id='word_1_185' title='bbox 1566 872 1701 902; x_wconf 85' lang='lat' dir='ltr'><strong>spectare,</strong></span> <span class='ocrx_word' id='word_1_186' title='bbox 1715 874 1742 896; x_wconf 89' lang='lat' dir='ltr'><strong>et</strong></span> <span class='ocrx_word' id='word_1_187' title='bbox 1759 870 1796 896; x_wconf 84' lang='lat' dir='ltr'><strong>fi-</strong></span> 
     </span>
    </p>
   </div>
   <div class='ocr_carea' id='block_1_33' title="bbox 155 908 1795 950">
    <p class='ocr_par' dir='ltr' id='par_1_33' title="bbox 155 908 1795 950">
     <span class='ocr_line' id='line_1_33' title="bbox 155 908 1795 950; baseline 0.002 -13"><span class='ocrx_word' id='word_1_188' title='bbox 155 910 250 943; x_wconf 76' lang='lat' dir='ltr'><strong>(Zaius,</strong></span> <span class='ocrx_word' id='word_1_189' title='bbox 264 911 322 938; x_wconf 84' lang='lat' dir='ltr'><strong>sive</strong></span> <span class='ocrx_word' id='word_1_190' title='bbox 333 911 403 938; x_wconf 89' lang='lat' dir='ltr'><strong>alius</strong></span> <span class='ocrx_word' id='word_1_191' title='bbox 416 910 488 945; x_wconf 89' lang='lat' dir='ltr'><strong>apud</strong></span> <span class='ocrx_word' id='word_1_192' title='bbox 500 910 649 938; x_wconf 89' lang='lat' dir='ltr'><strong>Eusebium</strong></span> <span class='ocrx_word' id='word_1_193' title='bbox 664 911 782 946; x_wconf 81' lang='lat' dir='ltr'><strong>scriptor</strong></span> <span class='ocrx_word' id='word_1_194' title='bbox 792 911 950 939; x_wconf 82' lang='lat' dir='ltr'><strong>vetustissi-</strong></span> <span class='ocrx_word' id='word_1_195' title='bbox 964 908 987 936; x_wconf 86' lang='grc' dir='ltr'><strong>Β</strong></span> <span class='ocrx_word' id='word_1_196' title='bbox 1000 909 1062 937; x_wconf 82' lang='lat' dir='ltr'><strong>dem</strong></span> <span class='ocrx_word' id='word_1_197' title='bbox 1083 913 1237 945; x_wconf 83' lang='lat' dir='ltr'><strong>temporum</strong></span> <span class='ocrx_word' id='word_1_198' title='bbox 1257 911 1363 939; x_wconf 81' lang='lat' dir='ltr'><strong>violare</strong></span> <span class='ocrx_word' id='word_1_199' title='bbox 1386 912 1531 940; x_wconf 76' lang='lat' dir='ltr'><strong>manifeste</strong></span> <span class='ocrx_word' id='word_1_200' title='bbox 1551 914 1663 948; x_wconf 89' lang='lat' dir='ltr'><strong>volunt;</strong></span> <span class='ocrx_word' id='word_1_201' title='bbox 1686 914 1713 941; x_wconf 89' lang='lat' dir='ltr'><strong>in</strong></span> <span class='ocrx_word' id='word_1_202' title='bbox 1736 922 1795 950; x_wconf 90' lang='lat' dir='ltr'><strong>quo</strong></span> 
     </span>
    </p>
   </div>
   <div class='ocr_carea' id='block_1_34' title="bbox 155 955 945 991">
    <p class='ocr_par' dir='ltr' id='par_1_34' title="bbox 155 955 945 991">
     <span class='ocr_line' id='line_1_34' title="bbox 155 955 945 991; baseline 0.001 -7"><span class='ocrx_word' id='word_1_203' title='bbox 155 964 218 985; x_wconf 87' lang='lat' dir='ltr'><strong>Inus</strong></span> <span class='ocrx_word' id='word_1_204' title='bbox 241 956 318 989; x_wconf 80' lang='lat' dir='ltr'><strong>dicit,</strong></span> <span class='ocrx_word' id='word_1_205' title='bbox 335 965 345 982; x_wconf 77' lang='grc' dir='ltr'>ι</span> <span class='ocrx_word' id='word_1_206' title='bbox 376 955 566 985; x_wconf 78' lang='lat' dir='ltr'><strong>Theodotum.</strong></span> <span class='ocrx_word' id='word_1_207' title='bbox 585 956 707 989; x_wconf 87' lang='lat' dir='ltr'><strong>scilicet,</strong></span> <span class='ocrx_word' id='word_1_208' title='bbox 735 956 856 991; x_wconf 86' lang='lat' dir='ltr'><strong>primum</strong></span> <span class='ocrx_word' id='word_1_209' title='bbox 871 964 945 985; x_wconf 83' lang='lat' dir='ltr'><strong>asse-</strong></span> 
     </span>
    </p>
   </div>
   <div class='ocr_carea' id='block_1_35' title="bbox 155 999 946 1038">
    <p class='ocr_par' dir='ltr' id='par_1_35' title="bbox 155 999 946 1038">
     <span class='ocr_line' id='line_1_35' title="bbox 155 999 946 1038; baseline 0.001 -8"><span class='ocrx_word' id='word_1_210' title='bbox 155 1003 245 1030; x_wconf 84' lang='lat' dir='ltr'><strong>ruisse</strong></span> <span class='ocrx_word' id='word_1_211' title='bbox 257 1002 400 1031; x_wconf 84' lang='lat' dir='ltr'><strong>Christum</strong></span> <span class='ocrx_word' id='word_1_212' title='bbox 413 1002 499 1030; x_wconf 87' lang='lat' dir='ltr'><strong>fuisse</strong></span> <span class='ocrx_word' id='word_1_213' title='bbox 512 1002 615 1029; x_wconf 87' lang='lat' dir='ltr'><strong>nttdum</strong></span> <span class='ocrx_word' id='word_1_214' title='bbox 631 1003 786 1036; x_wconf 87' lang='lat' dir='ltr'><strong>hominem;</strong></span> <span class='ocrx_word' id='word_1_215' title='bbox 799 999 863 1038; x_wconf 80' lang='lat' dir='ltr'><strong>ipse</strong></span> <span class='ocrx_word' id='word_1_216' title='bbox 873 1003 946 1031; x_wconf 91' lang='lat' dir='ltr'><strong>enim</strong></span> 
     </span>
    </p>
   </div>
   <div class='ocr_carea' id='block_1_36' title="bbox 155 1049 946 1084">
    <p class='ocr_par' dir='ltr' id='par_1_36' title="bbox 155 1049 946 1084">
     <span class='ocr_line' id='line_1_36' title="bbox 155 1049 946 1084; baseline 0.001 -8"><span class='ocrx_word' id='word_1_217' title='bbox 155 1049 256 1084; x_wconf 90' lang='lat' dir='ltr'><strong>optime</strong></span> <span class='ocrx_word' id='word_1_218' title='bbox 279 1049 355 1076; x_wconf 84' lang='lat' dir='ltr'><strong>novit</strong></span> <span class='ocrx_word' id='word_1_219' title='bbox 368 1049 426 1076; x_wconf 64' lang='lat' dir='ltr'><strong>haec</strong></span> <span class='ocrx_word' id='word_1_220' title='bbox 438 1069 446 1082; x_wconf 90' lang='lat'><strong>,</strong></span> <span class='ocrx_word' id='word_1_221' title='bbox 469 1049 493 1076; x_wconf 88' lang='lat' dir='ltr'><strong>si</strong></span> <span class='ocrx_word' id='word_1_222' title='bbox 510 1049 606 1076; x_wconf 84' lang='lat' dir='ltr'><strong>stricte</strong></span> <span class='ocrx_word' id='word_1_223' title='bbox 625 1054 781 1082; x_wconf 78' lang='lat' dir='ltr'><strong>sumantur,</strong></span> <span class='ocrx_word' id='word_1_224' title='bbox 803 1057 866 1077; x_wconf 87' lang='lat' dir='ltr'><strong>vera</strong></span> <span class='ocrx_word' id='word_1_225' title='bbox 891 1057 946 1077; x_wconf 91' lang='lat' dir='ltr'><strong>non</strong></span> 
     </span>
    </p>
   </div>
   <div class='ocr_carea' id='block_1_37' title="bbox 154 1094 947 1129">
    <p class='ocr_par' dir='ltr' id='par_1_37' title="bbox 154 1094 947 1129">
     <span class='ocr_line' id='line_1_37' title="bbox 154 1094 947 1129; baseline 0 -7"><span class='ocrx_word' id='word_1_226' title='bbox 154 1103 234 1128; x_wconf 80' lang='lat' dir='ltr'><strong>esse;</strong></span> <span class='ocrx_word' id='word_1_227' title='bbox 256 1095 333 1122; x_wconf 81' lang='lat' dir='ltr'><strong>novit</strong></span> <span class='ocrx_word' id='word_1_228' title='bbox 354 1095 423 1122; x_wconf 85' lang='lat' dir='ltr'><strong>alios</strong></span> <span class='ocrx_word' id='word_1_229' title='bbox 437 1094 658 1129; x_wconf 90' lang='lat' dir='ltr'><strong>quamplurimos</strong></span> <span class='ocrx_word' id='word_1_230' title='bbox 676 1094 722 1121; x_wconf 92' lang='lat' dir='ltr'><strong>diu</strong></span> <span class='ocrx_word' id='word_1_231' title='bbox 744 1099 808 1122; x_wconf 87' lang='lat' dir='ltr'><strong>ante</strong></span> <span class='ocrx_word' id='word_1_232' title='bbox 820 1094 947 1122; x_wconf 88' lang='lat' dir='ltr'><strong>Theodo-</strong></span> 
     </span>
    </p>
   </div>
   <div class='ocr_carea' id='block_1_38' title="bbox 155 1139 947 1176">
    <p class='ocr_par' dir='ltr' id='par_1_38' title="bbox 155 1139 947 1176">
     <span class='ocr_line' id='line_1_38' title="bbox 155 1139 947 1176; baseline -0.001 -7"><span class='ocrx_word' id='word_1_233' title='bbox 155 1146 226 1174; x_wconf 84' lang='lat' dir='ltr'><strong>tum,</strong></span> <span class='ocrx_word' id='word_1_234' title='bbox 240 1149 296 1169; x_wconf 82' lang='lat' dir='ltr'><strong>non</strong></span> <span class='ocrx_word' id='word_1_235' title='bbox 309 1149 412 1176; x_wconf 87' lang='lat' dir='ltr'><strong>paucos</strong></span> <span class='ocrx_word' id='word_1_236' title='bbox 428 1142 510 1168; x_wconf 82' lang='lat' dir='ltr'><strong>etiam</strong></span> <span class='ocrx_word' id='word_1_237' title='bbox 523 1145 587 1168; x_wconf 89' lang='lat' dir='ltr'><strong>ante</strong></span> <span class='ocrx_word' id='word_1_238' title='bbox 598 1139 745 1176; x_wconf 88' lang='lat' dir='ltr'><strong>lgnatium,</strong></span> <span class='ocrx_word' id='word_1_239' title='bbox 757 1141 881 1169; x_wconf 86' lang='lat' dir='ltr'><strong>eamdem</strong></span> <span class='ocrx_word' id='word_1_240' title='bbox 892 1141 947 1168; x_wconf 70' lang='lat' dir='ltr'><strong>hae-</strong></span> 
     </span>
    </p>
   </div>
   <div class='ocr_carea' id='block_1_39' title="bbox 155 1187 946 1227">
    <p class='ocr_par' dir='ltr' id='par_1_39' title="bbox 155 1187 946 1227">
     <span class='ocr_line' id='line_1_39' title="bbox 155 1187 946 1227; baseline 0 -11"><span class='ocrx_word' id='word_1_241' title='bbox 155 1189 238 1216; x_wconf 82' lang='lat' dir='ltr'><strong>resim</strong></span> <span class='ocrx_word' id='word_1_242' title='bbox 255 1189 459 1227; x_wconf 76' lang='lat' dir='ltr'><strong>promulgasse,</strong></span> <span class='ocrx_word' id='word_1_243' title='bbox 477 1195 596 1223; x_wconf 90' lang='lat' dir='ltr'><strong>quorum</strong></span> <span class='ocrx_word' id='word_1_244' title='bbox 631 1187 772 1223; x_wconf 85' lang='lat' dir='ltr'><strong>catalogus</strong></span> <span class='ocrx_word' id='word_1_245' title='bbox 793 1189 864 1223; x_wconf 88' lang='lat' dir='ltr'><strong>apud</strong></span> <span class='ocrx_word' id='word_1_246' title='bbox 880 1188 946 1223; x_wconf 85' lang='lat' dir='ltr'><strong>Epi-</strong></span> 
     </span>
    </p>
   </div>
   <div class='ocr_carea' id='block_1_40' title="bbox 154 1232 946 1270">
    <p class='ocr_par' dir='ltr' id='par_1_40' title="bbox 154 1232 946 1270">
     <span class='ocr_line' id='line_1_40' title="bbox 154 1232 946 1270; baseline 0.001 -8"><span class='ocrx_word' id='word_1_247' title='bbox 154 1235 285 1270; x_wconf 88' lang='lat' dir='ltr'><strong>phanium</strong></span> <span class='ocrx_word' id='word_1_248' title='bbox 302 1234 413 1270; x_wconf 77' lang='lat' dir='ltr'><strong>legitur.</strong></span> <span class='ocrx_word' id='word_1_249' title='bbox 433 1232 486 1261; x_wconf 87' lang='lat' dir='ltr'><strong>Sed</strong></span> <span class='ocrx_word' id='word_1_250' title='bbox 512 1233 674 1268; x_wconf 66' lang='lat' dir='ltr'><strong>scriptomm</strong></span> <span class='ocrx_word' id='word_1_251' title='bbox 695 1233 770 1260; x_wconf 92' lang='lat' dir='ltr'><strong>illum</strong></span> <span class='ocrx_word' id='word_1_252' title='bbox 786 1234 946 1269; x_wconf 88' lang='lat' dir='ltr'><strong>antiquissi-</strong></span> 
     </span>
    </p>
   </div>
   <div class='ocr_carea' id='block_1_41' title="bbox 154 1279 946 1316">
    <p class='ocr_par' dir='ltr' id='par_1_41' title="bbox 154 1279 946 1316">
     <span class='ocr_line' id='line_1_41' title="bbox 154 1279 946 1316; baseline -0.001 -7"><span class='ocrx_word' id='word_1_253' title='bbox 154 1289 231 1309; x_wconf 87' lang='lat' dir='ltr'><strong>tnum</strong></span> <span class='ocrx_word' id='word_1_254' title='bbox 247 1286 343 1313; x_wconf 79' lang='lat' dir='ltr'><strong>vocat;</strong></span> <span class='ocrx_word' id='word_1_255' title='bbox 367 1280 495 1308; x_wconf 83' lang='lat' dir='ltr'><strong>dabimus</strong></span> <span class='ocrx_word' id='word_1_256' title='bbox 513 1280 597 1315; x_wconf 92' lang='lat' dir='ltr'><strong>igitur</strong></span> <span class='ocrx_word' id='word_1_257' title='bbox 612 1279 652 1306; x_wconf 92' lang='lat' dir='ltr'><strong>illi</strong></span> <span class='ocrx_word' id='word_1_258' title='bbox 677 1279 824 1316; x_wconf 78' lang='grc' dir='ltr'>σύγχρονον</span> <span class='ocrx_word' id='word_1_259' title='bbox 839 1280 946 1308; x_wconf 84' lang='lat' dir='ltr'><strong>Tertul-</strong></span> 
     </span>
    </p>
   </div>
   <div class='ocr_carea' id='block_1_42' title="bbox 154 1325 942 1360">
    <p class='ocr_par' dir='ltr' id='par_1_42' title="bbox 154 1325 942 1360">
     <span class='ocr_line' id='line_1_42' title="bbox 154 1325 942 1360; baseline 0 -6"><span class='ocrx_word' id='word_1_260' title='bbox 154 1328 270 1360; x_wconf 82' lang='lat' dir='ltr'><strong>lianum,</strong></span> <span class='ocrx_word' id='word_1_261' title='bbox 286 1336 295 1354; x_wconf 76' lang='grc' dir='ltr'>ι</span> <span class='ocrx_word' id='word_1_262' title='bbox 307 1326 455 1355; x_wconf 84' lang='lat' dir='ltr'><strong>Cerinthus</strong></span> <span class='ocrx_word' id='word_1_263' title='bbox 467 1326 605 1354; x_wconf 80' lang='lat' dir='ltr'><strong>Christum</strong></span> <span class='ocrx_word' id='word_1_264' title='bbox 621 1325 760 1353; x_wconf 77' lang='lat' dir='ltr'><strong>hominem</strong></span> <span class='ocrx_word' id='word_1_265' title='bbox 775 1330 942 1354; x_wconf 88' lang='lat' dir='ltr'><strong>tantummo-</strong></span> 
     </span>
    </p>
   </div>
   <div class='ocr_carea' id='block_1_43' title="bbox 153 1371 945 1402">
    <p class='ocr_par' dir='ltr' id='par_1_43' title="bbox 153 1371 945 1402">
     <span class='ocr_line' id='line_1_43' title="bbox 153 1371 945 1402; baseline -0.003 0"><span class='ocrx_word' id='word_1_266' title='bbox 153 1375 190 1402; x_wconf 84' lang='lat' dir='ltr'><strong>do</strong></span> <span class='ocrx_word' id='word_1_267' title='bbox 205 1375 265 1402; x_wconf 86' lang='lat' dir='ltr'><strong>sine</strong></span> <span class='ocrx_word' id='word_1_268' title='bbox 288 1374 391 1401; x_wconf 89' lang='lat' dir='ltr'><strong>deitate</strong></span> <span class='ocrx_word' id='word_1_269' title='bbox 417 1373 567 1400; x_wconf 89' lang='lat' dir='ltr'><strong>contendit.</strong></span> <span class='ocrx_word' id='word_1_270' title='bbox 584 1381 594 1398; x_wconf 68' lang='grc' dir='ltr'>ι</span> <span class='ocrx_word' id='word_1_271' title='bbox 623 1371 657 1399; x_wconf 81' lang='lat' dir='ltr'><strong>Et</strong></span> <span class='ocrx_word' id='word_1_272' title='bbox 679 1380 798 1400; x_wconf 85' lang='lat' dir='ltr'><strong>rursus:</strong></span> <span class='ocrx_word' id='word_1_273' title='bbox 816 1381 826 1398; x_wconf 81' lang='lat' dir='ltr'><strong>t</strong></span> <span class='ocrx_word' id='word_1_274' title='bbox 842 1372 945 1400; x_wconf 79' lang='lat' dir='ltr'><strong>Poterit</strong></span> 
     </span>
    </p>
   </div>
   <div class='ocr_carea' id='block_1_44' title="bbox 154 1418 943 1455">
    <p class='ocr_par' dir='ltr' id='par_1_44' title="bbox 154 1418 943 1455">
     <span class='ocr_line' id='line_1_44' title="bbox 154 1418 943 1455; baseline -0.003 -7"><span class='ocrx_word' id='word_1_275' title='bbox 154 1421 213 1448; x_wconf 72' lang='lat' dir='ltr'><strong>lucc</strong></span> <span class='ocrx_word' id='word_1_276' title='bbox 224 1420 317 1455; x_wconf 92' lang='lat' dir='ltr'><strong>opinio</strong></span> <span class='ocrx_word' id='word_1_277' title='bbox 333 1419 430 1447; x_wconf 85' lang='lat' dir='ltr'><strong>Ebioni</strong></span> <span class='ocrx_word' id='word_1_278' title='bbox 447 1419 604 1451; x_wconf 68' lang='lat' dir='ltr'><strong>convenire,</strong></span> <span class='ocrx_word' id='word_1_279' title='bbox 620 1418 667 1454; x_wconf 89' lang='lat' dir='ltr'><strong>qui</strong></span> <span class='ocrx_word' id='word_1_280' title='bbox 681 1418 784 1446; x_wconf 91' lang='lat' dir='ltr'><strong>nudum</strong></span> <span class='ocrx_word' id='word_1_281' title='bbox 806 1419 943 1447; x_wconf 87' lang='lat' dir='ltr'><strong>hominem</strong></span> 
     </span>
    </p>
   </div>
   <div class='ocr_carea' id='block_1_45' title="bbox 153 1464 942 1494">
    <p class='ocr_par' dir='ltr' id='par_1_45' title="bbox 153 1464 942 1494">
     <span class='ocr_line' id='line_1_45' title="bbox 153 1464 942 1494; baseline 0.001 -1"><span class='ocrx_word' id='word_1_282' title='bbox 153 1466 297 1494; x_wconf 88' lang='lat' dir='ltr'><strong>constituit</strong></span> <span class='ocrx_word' id='word_1_283' title='bbox 309 1464 413 1493; x_wconf 71' lang='lat' dir='ltr'><strong>Iesum.</strong></span> <span class='ocrx_word' id='word_1_284' title='bbox 427 1474 437 1491; x_wconf 70' lang='grc' dir='ltr'><strong>ι</strong></span> <span class='ocrx_word' id='word_1_285' title='bbox 462 1464 525 1492; x_wconf 69' lang='lat' dir='ltr'><strong>Haec</strong></span> <span class='ocrx_word' id='word_1_286' title='bbox 541 1465 586 1492; x_wconf 88' lang='lat' dir='ltr'><strong>ille</strong></span> <span class='ocrx_word' id='word_1_287' title='bbox 605 1465 674 1492; x_wconf 90' lang='lat' dir='ltr'><strong>libro</strong></span> <span class='ocrx_word' id='word_1_288' title='bbox 689 1464 727 1492; x_wconf 85' lang='lat' dir='ltr'><strong>De</strong></span> <span class='ocrx_word' id='word_1_289' title='bbox 741 1473 819 1492; x_wconf 75' lang='lat' dir='ltr'><strong>carne</strong></span> <span class='ocrx_word' id='word_1_290' title='bbox 833 1465 942 1494; x_wconf 77' lang='lat' dir='ltr'><strong>Christi.</strong></span> 
     </span>
    </p>
   </div>
   <div class='ocr_carea' id='block_1_46' title="bbox 155 1510 942 1546">
    <p class='ocr_par' dir='ltr' id='par_1_46' title="bbox 155 1510 942 1546">
     <span class='ocr_line' id='line_1_46' title="bbox 155 1510 942 1546; baseline 0.001 -7"><span class='ocrx_word' id='word_1_291' title='bbox 155 1511 286 1539; x_wconf 87' lang='lat' dir='ltr'><strong>Dabimus</strong></span> <span class='ocrx_word' id='word_1_292' title='bbox 298 1511 365 1539; x_wconf 84' lang='lat' dir='ltr'><strong>Caio</strong></span> <span class='ocrx_word' id='word_1_293' title='bbox 383 1511 564 1546; x_wconf 84' lang='lat' dir='ltr'><strong>antiquiorem</strong></span> <span class='ocrx_word' id='word_1_294' title='bbox 581 1510 712 1538; x_wconf 68' lang='lat' dir='ltr'><strong>[renatum</strong></span> <span class='ocrx_word' id='word_1_295' title='bbox 726 1532 734 1544; x_wconf 89' lang='lat'><strong>,</strong></span> <span class='ocrx_word' id='word_1_296' title='bbox 751 1511 799 1546; x_wconf 90' lang='lat' dir='ltr'><strong>qui</strong></span> <span class='ocrx_word' id='word_1_297' title='bbox 815 1511 862 1539; x_wconf 91' lang='lat' dir='ltr'><strong>lih.</strong></span> <span class='ocrx_word' id='word_1_298' title='bbox 879 1520 900 1544; x_wconf 87' lang='grc' dir='ltr'><strong>ι,</strong></span> <span class='ocrx_word' id='word_1_299' title='bbox 916 1520 942 1540; x_wconf 87' lang='lat' dir='ltr'><strong>c.</strong></span> 
     </span>
    </p>
   </div>
   <div class='ocr_carea' id='block_1_47' title="bbox 152 1557 979 1607">
    <p class='ocr_par' dir='ltr' id='par_1_47' title="bbox 152 1557 979 1607">
     <span class='ocr_line' id='line_1_47' title="bbox 152 1557 979 1607; baseline 0.001 -22"><span class='ocrx_word' id='word_1_300' title='bbox 152 1557 200 1591; x_wconf 80' lang='lat'><strong>25,</strong></span> <span class='ocrx_word' id='word_1_301' title='bbox 214 1558 247 1585; x_wconf 91' lang='lat' dir='ltr'><strong>de</strong></span> <span class='ocrx_word' id='word_1_302' title='bbox 263 1557 396 1585; x_wconf 89' lang='lat' dir='ltr'><strong>Cerintho</strong></span> <span class='ocrx_word' id='word_1_303' title='bbox 409 1557 468 1584; x_wconf 82' lang='lat' dir='ltr'><strong>haec</strong></span> <span class='ocrx_word' id='word_1_304' title='bbox 490 1557 591 1584; x_wconf 83' lang='lat' dir='ltr'><strong>habet:</strong></span> <span class='ocrx_word' id='word_1_305' title='bbox 610 1566 620 1583; x_wconf 80' lang='lat' dir='ltr'><strong>t</strong></span> <span class='ocrx_word' id='word_1_306' title='bbox 635 1557 728 1584; x_wconf 81' lang='lat' dir='ltr'><strong>Jesum</strong></span> <span class='ocrx_word' id='word_1_307' title='bbox 745 1561 835 1585; x_wconf 78' lang='lat' dir='ltr'><strong>autem</strong></span> <span class='ocrx_word' id='word_1_308' title='bbox 851 1558 943 1593; x_wconf 87' lang='lat' dir='ltr'><strong>subje-</strong></span> <span class='ocrx_word' id='word_1_309' title='bbox 957 1577 979 1607; x_wconf 63' lang='grc' dir='ltr'><strong><em>ε</em></strong></span> 
     </span>
    </p>
   </div>
   <div class='ocr_carea' id='block_1_48' title="bbox 153 1603 944 1639">
    <p class='ocr_par' dir='ltr' id='par_1_48' title="bbox 153 1603 944 1639">
     <span class='ocr_line' id='line_1_48' title="bbox 153 1603 944 1639; baseline 0.001 -8"><span class='ocrx_word' id='word_1_310' title='bbox 153 1605 188 1632; x_wconf 86' lang='lat' dir='ltr'><strong>cit</strong></span> <span class='ocrx_word' id='word_1_311' title='bbox 202 1612 256 1631; x_wconf 92' lang='lat' dir='ltr'><strong>non</strong></span> <span class='ocrx_word' id='word_1_312' title='bbox 270 1612 304 1631; x_wconf 87' lang='lat' dir='ltr'><strong>ex</strong></span> <span class='ocrx_word' id='word_1_313' title='bbox 320 1603 431 1639; x_wconf 76' lang='lat' dir='ltr'><strong>Virgine</strong></span> <span class='ocrx_word' id='word_1_314' title='bbox 446 1607 541 1630; x_wconf 89' lang='lat' dir='ltr'><strong>natum</strong></span> <span class='ocrx_word' id='word_1_315' title='bbox 557 1603 740 1639; x_wconf 87' lang='lat' dir='ltr'><strong>(impossibile</strong></span> <span class='ocrx_word' id='word_1_316' title='bbox 761 1604 835 1631; x_wconf 91' lang='lat' dir='ltr'><strong>enim</strong></span> <span class='ocrx_word' id='word_1_317' title='bbox 853 1604 905 1632; x_wconf 87' lang='lat' dir='ltr'><strong>hoc</strong></span> <span class='ocrx_word' id='word_1_318' title='bbox 919 1605 944 1632; x_wconf 86' lang='lat' dir='ltr'><strong>ei</strong></span> 
     </span>
    </p>
   </div>
   <div class='ocr_carea' id='block_1_49' title="bbox 152 1651 946 1687">
    <p class='ocr_par' dir='ltr' id='par_1_49' title="bbox 152 1651 946 1687">
     <span class='ocr_line' id='line_1_49' title="bbox 152 1651 946 1687; baseline 0.003 -9"><span class='ocrx_word' id='word_1_319' title='bbox 152 1652 243 1679; x_wconf 90' lang='lat' dir='ltr'><strong>visum</strong></span> <span class='ocrx_word' id='word_1_320' title='bbox 258 1653 322 1685; x_wconf 88' lang='lat' dir='ltr'><strong>est),</strong></span> <span class='ocrx_word' id='word_1_321' title='bbox 339 1651 425 1679; x_wconf 84' lang='lat' dir='ltr'><strong>fuisse</strong></span> <span class='ocrx_word' id='word_1_322' title='bbox 443 1656 534 1678; x_wconf 88' lang='lat' dir='ltr'><strong>autem</strong></span> <span class='ocrx_word' id='word_1_323' title='bbox 558 1659 621 1680; x_wconf 83' lang='lat' dir='ltr'><strong>eunt</strong></span> <span class='ocrx_word' id='word_1_324' title='bbox 643 1651 745 1687; x_wconf 83' lang='lat' dir='ltr'><strong>Jeseph</strong></span> <span class='ocrx_word' id='word_1_325' title='bbox 765 1656 793 1679; x_wconf 89' lang='lat' dir='ltr'><strong>et</strong></span> <span class='ocrx_word' id='word_1_326' title='bbox 811 1651 902 1680; x_wconf 78' lang='lat' dir='ltr'><strong>Maria:</strong></span> <span class='ocrx_word' id='word_1_327' title='bbox 918 1653 946 1680; x_wconf 81' lang='lat' dir='ltr'><strong>tl-</strong></span> 
     </span>
    </p>
   </div>
   <div class='ocr_carea' id='block_1_50' title="bbox 153 1697 944 1732">
    <p class='ocr_par' dir='ltr' id='par_1_50' title="bbox 153 1697 944 1732">
     <span class='ocr_line' id='line_1_50' title="bbox 153 1697 944 1732; baseline -0.001 -6"><span class='ocrx_word' id='word_1_328' title='bbox 153 1698 236 1730; x_wconf 85' lang='lat' dir='ltr'><strong>lium,</strong></span> <span class='ocrx_word' id='word_1_329' title='bbox 255 1698 383 1726; x_wconf 86' lang='lat' dir='ltr'><strong>similiter</strong></span> <span class='ocrx_word' id='word_1_330' title='bbox 401 1702 433 1725; x_wconf 92' lang='lat' dir='ltr'><strong>ut</strong></span> <span class='ocrx_word' id='word_1_331' title='bbox 450 1697 548 1732; x_wconf 90' lang='lat' dir='ltr'><strong>reliqui</strong></span> <span class='ocrx_word' id='word_1_332' title='bbox 570 1705 665 1725; x_wconf 91' lang='lat' dir='ltr'><strong>omnes</strong></span> <span class='ocrx_word' id='word_1_333' title='bbox 686 1697 820 1726; x_wconf 84' lang='lat' dir='ltr'><strong>homines.</strong></span> <span class='ocrx_word' id='word_1_334' title='bbox 836 1707 846 1724; x_wconf 75' lang='grc'><strong>»</strong></span> <span class='ocrx_word' id='word_1_335' title='bbox 871 1697 944 1725; x_wconf 90' lang='lat' dir='ltr'><strong>Idem</strong></span> 
     </span>
    </p>
   </div>
   <div class='ocr_carea' id='block_1_51' title="bbox 153 1743 944 1780">
    <p class='ocr_par' dir='ltr' id='par_1_51' title="bbox 153 1743 944 1780">
     <span class='ocr_line' id='line_1_51' title="bbox 153 1743 944 1780; baseline 0 -9"><span class='ocrx_word' id='word_1_336' title='bbox 153 1745 242 1779; x_wconf 87' lang='lat' dir='ltr'><strong>capite</strong></span> <span class='ocrx_word' id='word_1_337' title='bbox 264 1744 389 1780; x_wconf 87' lang='lat' dir='ltr'><strong>sequenti</strong></span> <span class='ocrx_word' id='word_1_338' title='bbox 412 1752 419 1771; x_wconf 92' lang='lat'>:</span> <span class='ocrx_word' id='word_1_339' title='bbox 443 1753 453 1770; x_wconf 77' lang='lat' dir='ltr'><strong>t</strong></span> <span class='ocrx_word' id='word_1_340' title='bbox 477 1743 529 1778; x_wconf 88' lang='lat' dir='ltr'><strong>Qui</strong></span> <span class='ocrx_word' id='word_1_341' title='bbox 544 1750 635 1771; x_wconf 80' lang='lat' dir='ltr'><strong>autem</strong></span> <span class='ocrx_word' id='word_1_342' title='bbox 660 1744 790 1771; x_wconf 88' lang='lat' dir='ltr'><strong>dicuntur</strong></span> <span class='ocrx_word' id='word_1_343' title='bbox 810 1743 944 1778; x_wconf 66' lang='lat' dir='ltr'><strong>Ebionmi,</strong></span> 
     </span>
    </p>
   </div>
   <div class='ocr_carea' id='block_1_52' title="bbox 152 1788 945 1824">
    <p class='ocr_par' dir='ltr' id='par_1_52' title="bbox 152 1788 945 1824">
     <span class='ocr_line' id='line_1_52' title="bbox 152 1788 945 1824; baseline -0.001 -7"><span class='ocrx_word' id='word_1_344' title='bbox 152 1789 330 1817; x_wconf 87' lang='lat' dir='ltr'><strong>consentiunt</strong></span> <span class='ocrx_word' id='word_1_345' title='bbox 346 1788 457 1824; x_wconf 90' lang='lat' dir='ltr'><strong>quidem</strong></span> <span class='ocrx_word' id='word_1_346' title='bbox 475 1789 606 1816; x_wconf 89' lang='lat' dir='ltr'><strong>mundum</strong></span> <span class='ocrx_word' id='word_1_347' title='bbox 623 1795 639 1816; x_wconf 86' lang='lat' dir='ltr'><strong>a</strong></span> <span class='ocrx_word' id='word_1_348' title='bbox 651 1788 706 1816; x_wconf 88' lang='lat' dir='ltr'><strong>Deo</strong></span> <span class='ocrx_word' id='word_1_349' title='bbox 719 1788 821 1816; x_wconf 84' lang='lat' dir='ltr'><strong>factum</strong></span> <span class='ocrx_word' id='word_1_350' title='bbox 832 1797 840 1822; x_wconf 86' lang='lat'>;</span> <span class='ocrx_word' id='word_1_351' title='bbox 853 1796 884 1816; x_wconf 89' lang='lat' dir='ltr'><strong>ea</strong></span> <span class='ocrx_word' id='word_1_352' title='bbox 896 1796 945 1816; x_wconf 87' lang='lat' dir='ltr'><strong>au-</strong></span> 
     </span>
    </p>
   </div>
   <div class='ocr_carea' id='block_1_53' title="bbox 152 1833 944 1870">
    <p class='ocr_par' dir='ltr' id='par_1_53' title="bbox 152 1833 944 1870">
     <span class='ocr_line' id='line_1_53' title="bbox 152 1833 944 1870; baseline -0.001 -8"><span class='ocrx_word' id='word_1_353' title='bbox 152 1839 208 1862; x_wconf 86' lang='lat' dir='ltr'><strong>tem</strong></span> <span class='ocrx_word' id='word_1_354' title='bbox 226 1842 287 1869; x_wconf 68' lang='lat' dir='ltr'><strong>quae</strong></span> <span class='ocrx_word' id='word_1_355' title='bbox 302 1839 367 1861; x_wconf 87' lang='lat' dir='ltr'><strong>sunt</strong></span> <span class='ocrx_word' id='word_1_356' title='bbox 381 1842 444 1869; x_wconf 87' lang='lat' dir='ltr'><strong>erga</strong></span> <span class='ocrx_word' id='word_1_357' title='bbox 456 1834 614 1866; x_wconf 87' lang='lat' dir='ltr'><strong>Dominum,</strong></span> <span class='ocrx_word' id='word_1_358' title='bbox 631 1841 685 1861; x_wconf 91' lang='lat' dir='ltr'><strong>non</strong></span> <span class='ocrx_word' id='word_1_359' title='bbox 710 1834 838 1862; x_wconf 91' lang='lat' dir='ltr'><strong>similiter</strong></span> <span class='ocrx_word' id='word_1_360' title='bbox 868 1833 944 1870; x_wconf 81' lang='lat' dir='ltr'><strong>[lego</strong></span> 
     </span>
    </p>
   </div>
   <div class='ocr_carea' id='block_1_54' title="bbox 153 1879 944 1916">
    <p class='ocr_par' dir='ltr' id='par_1_54' title="bbox 153 1879 944 1916">
     <span class='ocr_line' id='line_1_54' title="bbox 153 1879 944 1916; baseline 0 -8"><span class='ocrx_word' id='word_1_361' title='bbox 153 1879 350 1916; x_wconf 85' lang='lat' dir='ltr'><strong>consimiliter]</strong></span> <span class='ocrx_word' id='word_1_362' title='bbox 372 1884 402 1907; x_wconf 88' lang='lat' dir='ltr'><strong>ut</strong></span> <span class='ocrx_word' id='word_1_363' title='bbox 420 1880 566 1908; x_wconf 84' lang='lat' dir='ltr'><strong>Cerinthus</strong></span> <span class='ocrx_word' id='word_1_364' title='bbox 579 1885 605 1908; x_wconf 90' lang='lat' dir='ltr'><strong>et</strong></span> <span class='ocrx_word' id='word_1_365' title='bbox 625 1879 805 1915; x_wconf 82' lang='lat' dir='ltr'><strong>Carpocrates</strong></span> <span class='ocrx_word' id='word_1_366' title='bbox 827 1880 944 1915; x_wconf 89' lang='lat' dir='ltr'><strong>opinan-</strong></span> 
     </span>
    </p>
   </div>
   <div class='ocr_carea' id='block_1_55' title="bbox 153 1925 943 1955">
    <p class='ocr_par' dir='ltr' id='par_1_55' title="bbox 153 1925 943 1955">
     <span class='ocr_line' id='line_1_55' title="bbox 153 1925 943 1955; baseline 0.001 -2"><span class='ocrx_word' id='word_1_367' title='bbox 153 1930 209 1953; x_wconf 76' lang='lat' dir='ltr'><strong>tur.</strong></span> <span class='ocrx_word' id='word_1_368' title='bbox 227 1935 237 1952; x_wconf 75' lang='grc' dir='ltr'><strong><em>ι</em></strong></span> <span class='ocrx_word' id='word_1_369' title='bbox 253 1925 292 1953; x_wconf 88' lang='lat' dir='ltr'><strong>Ne</strong></span> <span class='ocrx_word' id='word_1_370' title='bbox 303 1931 394 1954; x_wconf 89' lang='lat' dir='ltr'><strong>autem</strong></span> <span class='ocrx_word' id='word_1_371' title='bbox 416 1926 600 1954; x_wconf 88' lang='lat' dir='ltr'><strong>emendationi</strong></span> <span class='ocrx_word' id='word_1_372' title='bbox 616 1931 715 1954; x_wconf 71' lang='lat' dir='ltr'><strong>nostrae</strong></span> <span class='ocrx_word' id='word_1_373' title='bbox 730 1927 808 1954; x_wconf 87' lang='lat' dir='ltr'><strong>inniti</strong></span> <span class='ocrx_word' id='word_1_374' title='bbox 827 1927 943 1955; x_wconf 83' lang='lat' dir='ltr'><strong>nimium</strong></span> 
     </span>
    </p>
   </div>
   <div class='ocr_carea' id='block_1_56' title="bbox 153 1972 944 2009">
    <p class='ocr_par' dir='ltr' id='par_1_56' title="bbox 153 1972 944 2009">
     <span class='ocr_line' id='line_1_56' title="bbox 153 1972 944 2009; baseline 0.001 -10"><span class='ocrx_word' id='word_1_375' title='bbox 153 1972 305 2006; x_wconf 77' lang='lat' dir='ltr'><strong>videamur,</strong></span> <span class='ocrx_word' id='word_1_376' title='bbox 322 1972 393 2000; x_wconf 89' lang='lat' dir='ltr'><strong>idem</strong></span> <span class='ocrx_word' id='word_1_377' title='bbox 417 1973 465 2000; x_wconf 86' lang='lat' dir='ltr'><strong>lib.</strong></span> <span class='ocrx_word' id='word_1_378' title='bbox 485 1981 523 2006; x_wconf 84' lang='lat' dir='ltr'><strong>tv,</strong></span> <span class='ocrx_word' id='word_1_379' title='bbox 545 1980 571 2000; x_wconf 90' lang='lat' dir='ltr'><strong>c.</strong></span> <span class='ocrx_word' id='word_1_380' title='bbox 596 1973 632 2001; x_wconf 81' lang='grc'>58</span> <span class='ocrx_word' id='word_1_381' title='bbox 651 1983 658 2000; x_wconf 90' lang='lat'><strong>:</strong></span> <span class='ocrx_word' id='word_1_382' title='bbox 682 1973 836 2009; x_wconf 83' lang='grc' dir='ltr'>Ἀνακρινεῖ</span> <span class='ocrx_word' id='word_1_383' title='bbox 850 1973 879 2000; x_wconf 80' lang='grc' dir='ltr'><strong>δὲ</strong></span> <span class='ocrx_word' id='word_1_384' title='bbox 896 1973 944 2000; x_wconf 80' lang='grc' dir='ltr'><strong>καὶ</strong></span> 
     </span>
    </p>
   </div>
   <div class='ocr_carea' id='block_1_57' title="bbox 152 2016 943 2055">
    <p class='ocr_par' dir='ltr' id='par_1_57' title="bbox 152 2016 943 2055">
     <span class='ocr_line' id='line_1_57' title="bbox 152 2016 943 2055; baseline 0 -9"><span class='ocrx_word' id='word_1_385' title='bbox 152 2019 217 2050; x_wconf 79' lang='grc' dir='ltr'><strong>τοὺς</strong></span> <span class='ocrx_word' id='word_1_386' title='bbox 234 2019 416 2051; x_wconf 78' lang='grc' dir='ltr'><strong>Ἔὸιωναῐους,</strong></span> <span class='ocrx_word' id='word_1_387' title='bbox 439 2018 503 2051; x_wconf 86' lang='grc' dir='ltr'><strong>Πῶς</strong></span> <span class='ocrx_word' id='word_1_388' title='bbox 517 2019 642 2046; x_wconf 78' lang='grc' dir='ltr'>δύνανται</span> <span class='ocrx_word' id='word_1_389' title='bbox 670 2019 800 2055; x_wconf 80' lang='grc' dir='ltr'><strong>σωθῆναι,</strong></span> <span class='ocrx_word' id='word_1_390' title='bbox 821 2016 846 2046; x_wconf 72' lang='grc' dir='ltr'>εἰ</span> <span class='ocrx_word' id='word_1_391' title='bbox 874 2019 912 2055; x_wconf 85' lang='grc' dir='ltr'><strong>μὴ</strong></span> <span class='ocrx_word' id='word_1_392' title='bbox 929 2020 943 2046; x_wconf 81' lang='grc' dir='ltr'><strong><em>ὁ</em></strong></span> 
     </span>
    </p>
   </div>
   <div class='ocr_carea' id='block_1_58' title="bbox 153 2062 941 2102">
    <p class='ocr_par' dir='ltr' id='par_1_58' title="bbox 153 2062 941 2102">
     <span class='ocr_line' id='line_1_58' title="bbox 153 2062 941 2102; baseline 0.004 -11"><span class='ocrx_word' id='word_1_393' title='bbox 153 2064 220 2096; x_wconf 71' lang='grc' dir='ltr'><strong>Θεὸς</strong></span> <span class='ocrx_word' id='word_1_394' title='bbox 235 2062 267 2102; x_wconf 84' lang='grc' dir='ltr'>ἧν</span> <span class='ocrx_word' id='word_1_395' title='bbox 281 2066 295 2092; x_wconf 84' lang='grc' dir='ltr'>ὁ</span> <span class='ocrx_word' id='word_1_396' title='bbox 307 2065 354 2101; x_wconf 76' lang='grc' dir='ltr'><strong>τὴν</strong></span> <span class='ocrx_word' id='word_1_397' title='bbox 367 2065 502 2102; x_wconf 80' lang='grc' dir='ltr'><strong>σωτηρίαν</strong></span> <span class='ocrx_word' id='word_1_398' title='bbox 516 2065 605 2092; x_wconf 84' lang='grc' dir='ltr'>αὐτῶν</span> <span class='ocrx_word' id='word_1_399' title='bbox 619 2065 666 2092; x_wconf 81' lang='grc' dir='ltr'><strong>ὲπὶ</strong></span> <span class='ocrx_word' id='word_1_400' title='bbox 680 2065 733 2101; x_wconf 82' lang='grc' dir='ltr'><strong>γῆς</strong></span> <span class='ocrx_word' id='word_1_401' title='bbox 746 2066 941 2102; x_wconf 61' lang='grc' dir='ltr'><strong>ὲργασάμενοςυ</strong></span> 
     </span>
    </p>
   </div>
   <div class='ocr_carea' id='block_1_59' title="bbox 152 2109 943 2147">
    <p class='ocr_par' dir='ltr' id='par_1_59' title="bbox 152 2109 943 2147">
     <span class='ocr_line' id='line_1_59' title="bbox 152 2109 943 2147; baseline 0.003 -11"><span class='ocrx_word' id='word_1_402' title='bbox 152 2109 171 2146; x_wconf 82' lang='grc' dir='ltr'><strong>ἢ</strong></span> <span class='ocrx_word' id='word_1_403' title='bbox 185 2109 244 2142; x_wconf 87' lang='grc' dir='ltr'>πῶς</span> <span class='ocrx_word' id='word_1_404' title='bbox 258 2110 400 2146; x_wconf 72' lang='grc' dir='ltr'><strong>ἄνθρωπος</strong></span> <span class='ocrx_word' id='word_1_405' title='bbox 414 2111 534 2147; x_wconf 83' lang='grc' dir='ltr'><strong>χωρήσει</strong></span> <span class='ocrx_word' id='word_1_406' title='bbox 544 2111 584 2143; x_wconf 77' lang='grc' dir='ltr'><strong>εἰς</strong></span> <span class='ocrx_word' id='word_1_407' title='bbox 594 2109 670 2144; x_wconf 75' lang='grc' dir='ltr'><strong>Θεδν,</strong></span> <span class='ocrx_word' id='word_1_408' title='bbox 688 2111 712 2137; x_wconf 77' lang='grc' dir='ltr'><strong>εἰ</strong></span> <span class='ocrx_word' id='word_1_409' title='bbox 728 2110 764 2146; x_wconf 88' lang='grc' dir='ltr'>μὴ</span> <span class='ocrx_word' id='word_1_410' title='bbox 778 2112 792 2137; x_wconf 83' lang='grc' dir='ltr'><strong><em>ὁ</em></strong></span> <span class='ocrx_word' id='word_1_411' title='bbox 805 2110 872 2143; x_wconf 81' lang='grc' dir='ltr'><strong>Θεὸς</strong></span> <span class='ocrx_word' id='word_1_412' title='bbox 880 2112 943 2147; x_wconf 77' lang='grc' dir='ltr'><strong>ἐχω-</strong></span> 
     </span>
    </p>
   </div>
   <div class='ocr_carea' id='block_1_60' title="bbox 153 2156 943 2194">
    <p class='ocr_par' dir='ltr' id='par_1_60' title="bbox 153 2156 943 2194">
     <span class='ocr_line' id='line_1_60' title="bbox 153 2156 943 2194; baseline 0.003 -10"><span class='ocrx_word' id='word_1_413' title='bbox 153 2157 224 2194; x_wconf 59' lang='lat' dir='ltr'><strong>mon</strong></span> <span class='ocrx_word' id='word_1_414' title='bbox 239 2158 278 2189; x_wconf 76' lang='grc' dir='ltr'><strong>εἰς</strong></span> <span class='ocrx_word' id='word_1_415' title='bbox 287 2157 440 2193; x_wconf 77' lang='grc' dir='ltr'>ἄνθρωπον.</span> <span class='ocrx_word' id='word_1_416' title='bbox 452 2156 537 2186; x_wconf 81' lang='lat' dir='ltr'><strong>Vetus</strong></span> <span class='ocrx_word' id='word_1_417' title='bbox 552 2157 687 2192; x_wconf 82' lang='lat' dir='ltr'><strong>interpres</strong></span> <span class='ocrx_word' id='word_1_418' title='bbox 701 2166 708 2184; x_wconf 92' lang='lat'>:</span> <span class='ocrx_word' id='word_1_419' title='bbox 725 2167 734 2183; x_wconf 79' lang='lat' dir='ltr'><strong>t</strong></span> <span class='ocrx_word' id='word_1_420' title='bbox 748 2157 943 2186; x_wconf 83' lang='lat' dir='ltr'><strong>Jndicahitau-</strong></span> 
     </span>
    </p>
   </div>
   <div class='ocr_carea' id='block_1_61' title="bbox 152 2200 942 2237">
    <p class='ocr_par' dir='ltr' id='par_1_61' title="bbox 152 2200 942 2237">
     <span class='ocr_line' id='line_1_61' title="bbox 152 2200 942 2237; baseline 0.005 -10"><span class='ocrx_word' id='word_1_421' title='bbox 152 2206 207 2228; x_wconf 88' lang='lat' dir='ltr'><strong>tem</strong></span> <span class='ocrx_word' id='word_1_422' title='bbox 230 2205 257 2228; x_wconf 90' lang='lat' dir='ltr'><strong>et</strong></span> <span class='ocrx_word' id='word_1_423' title='bbox 280 2200 439 2234; x_wconf 88' lang='lat' dir='ltr'><strong>Ebionitas,</strong></span> <span class='ocrx_word' id='word_1_424' title='bbox 463 2201 602 2236; x_wconf 91' lang='lat' dir='ltr'><strong>quomodo</strong></span> <span class='ocrx_word' id='word_1_425' title='bbox 625 2206 743 2237; x_wconf 87' lang='lat' dir='ltr'><strong>possunt</strong></span> <span class='ocrx_word' id='word_1_426' title='bbox 755 2202 867 2236; x_wconf 89' lang='lat' dir='ltr'><strong>salvari,</strong></span> <span class='ocrx_word' id='word_1_427' title='bbox 887 2203 942 2231; x_wconf 89' lang='lat' dir='ltr'><strong>nisi</strong></span> 
     </span>
    </p>
   </div>
   <div class='ocr_carea' id='block_1_62' title="bbox 1000 954 1792 992">
    <p class='ocr_par' dir='ltr' id='par_1_62' title="bbox 1000 954 1792 992">
     <span class='ocr_line' id='line_1_62' title="bbox 1000 954 1792 992; baseline 0.006 -10"><span class='ocrx_word' id='word_1_428' title='bbox 1000 954 1152 983; x_wconf 86' lang='lat' dir='ltr'><strong>Salmasius</strong></span> <span class='ocrx_word' id='word_1_429' title='bbox 1163 960 1191 983; x_wconf 87' lang='lat' dir='ltr'><strong>et</strong></span> <span class='ocrx_word' id='word_1_430' title='bbox 1200 955 1368 989; x_wconf 86' lang='lat' dir='ltr'><strong>Blondellus,</strong></span> <span class='ocrx_word' id='word_1_431' title='bbox 1379 961 1443 984; x_wconf 90' lang='lat' dir='ltr'><strong>ante</strong></span> <span class='ocrx_word' id='word_1_432' title='bbox 1453 957 1595 992; x_wconf 66' lang='lat' dir='ltr'><strong>Dallaeum,</strong></span> <span class='ocrx_word' id='word_1_433' title='bbox 1606 959 1792 987; x_wconf 87' lang='lat' dir='ltr'><strong>desudarunt.</strong></span> 
     </span>
    </p>
   </div>
   <div class='ocr_carea' id='block_1_63' title="bbox 998 1000 1794 1041">
    <p class='ocr_par' dir='ltr' id='par_1_63' title="bbox 998 1000 1794 1041">
     <span class='ocr_line' id='line_1_63' title="bbox 998 1000 1794 1041; baseline 0.008 -13"><span class='ocrx_word' id='word_1_434' title='bbox 998 1000 1094 1029; x_wconf 83' lang='lat' dir='ltr'><strong>Exstat</strong></span> <span class='ocrx_word' id='word_1_435' title='bbox 1109 1002 1155 1030; x_wconf 88' lang='lat' dir='ltr'><strong>ille</strong></span> <span class='ocrx_word' id='word_1_436' title='bbox 1168 1002 1278 1037; x_wconf 91' lang='lat' dir='ltr'><strong>quidem</strong></span> <span class='ocrx_word' id='word_1_437' title='bbox 1304 1004 1331 1030; x_wconf 91' lang='lat' dir='ltr'><strong>in</strong></span> <span class='ocrx_word' id='word_1_438' title='bbox 1349 1004 1464 1039; x_wconf 86' lang='lat' dir='ltr'><strong>epistola</strong></span> <span class='ocrx_word' id='word_1_439' title='bbox 1486 1005 1519 1032; x_wconf 88' lang='lat' dir='ltr'><strong>ad</strong></span> <span class='ocrx_word' id='word_1_440' title='bbox 1535 1004 1728 1041; x_wconf 77' lang='lat' dir='ltr'><strong>Magnesianos</strong></span> <span class='ocrx_word' id='word_1_441' title='bbox 1739 1028 1747 1039; x_wconf 87' lang='lat'><strong>,</strong></span> <span class='ocrx_word' id='word_1_442' title='bbox 1763 1012 1794 1034; x_wconf 86' lang='lat' dir='ltr'><strong>et</strong></span> 
     </span>
    </p>
   </div>
   <div class='ocr_carea' id='block_1_64' title="bbox 998 1048 1793 1087">
    <p class='ocr_par' dir='ltr' id='par_1_64' title="bbox 998 1048 1793 1087">
     <span class='ocr_line' id='line_1_64' title="bbox 998 1048 1793 1087; baseline 0.006 -12"><span class='ocrx_word' id='word_1_443' title='bbox 998 1049 1026 1075; x_wconf 89' lang='lat' dir='ltr'><strong>in</strong></span> <span class='ocrx_word' id='word_1_444' title='bbox 1039 1048 1134 1076; x_wconf 87' lang='lat' dir='ltr'><strong>codice</strong></span> <span class='ocrx_word' id='word_1_445' title='bbox 1150 1048 1270 1077; x_wconf 89' lang='lat' dir='ltr'><strong>Mediceo</strong></span> <span class='ocrx_word' id='word_1_446' title='bbox 1286 1049 1314 1076; x_wconf 94' lang='lat' dir='ltr'><strong>in</strong></span> <span class='ocrx_word' id='word_1_447' title='bbox 1335 1050 1408 1077; x_wconf 91' lang='lat' dir='ltr'><strong>hunc</strong></span> <span class='ocrx_word' id='word_1_448' title='bbox 1426 1050 1537 1078; x_wconf 90' lang='lat' dir='ltr'><strong>modum</strong></span> <span class='ocrx_word' id='word_1_449' title='bbox 1554 1053 1728 1087; x_wconf 86' lang='lat' dir='ltr'><strong>concipitur:</strong></span> <span class='ocrx_word' id='word_1_450' title='bbox 1742 1051 1793 1085; x_wconf 77' lang='grc' dir='ltr'><strong>Εἷς</strong></span> 
     </span>
    </p>
   </div>
   <div class='ocr_carea' id='block_1_65' title="bbox 997 1094 1792 1134">
    <p class='ocr_par' dir='ltr' id='par_1_65' title="bbox 997 1094 1792 1134">
     <span class='ocr_line' id='line_1_65' title="bbox 997 1094 1792 1134; baseline 0.006 -13"><span class='ocrx_word' id='word_1_451' title='bbox 997 1094 1063 1126; x_wconf 83' lang='grc' dir='ltr'><strong>Θεός</strong></span> <span class='ocrx_word' id='word_1_452' title='bbox 1077 1095 1150 1122; x_wconf 80' lang='grc' dir='ltr'>ἐστιν</span> <span class='ocrx_word' id='word_1_453' title='bbox 1169 1096 1184 1122; x_wconf 82' lang='grc' dir='ltr'><strong>ὁ</strong></span> <span class='ocrx_word' id='word_1_454' title='bbox 1202 1095 1364 1131; x_wconf 76' lang='grc' dir='ltr'>φανερώσας</span> <span class='ocrx_word' id='word_1_455' title='bbox 1383 1096 1478 1123; x_wconf 78' lang='grc' dir='ltr'><strong>ἑαυτὸν</strong></span> <span class='ocrx_word' id='word_1_456' title='bbox 1491 1097 1538 1124; x_wconf 86' lang='grc' dir='ltr'><strong>διὰ</strong></span> <span class='ocrx_word' id='word_1_457' title='bbox 1561 1098 1650 1133; x_wconf 76' lang='grc' dir='ltr'><strong>Ἰησοῦ</strong></span> <span class='ocrx_word' id='word_1_458' title='bbox 1669 1099 1792 1134; x_wconf 76' lang='grc' dir='ltr'><strong>Χριστοῦ</strong></span> 
     </span>
    </p>
   </div>
   <div class='ocr_carea' id='block_1_66' title="bbox 997 1140 1792 1177">
    <p class='ocr_par' dir='ltr' id='par_1_66' title="bbox 997 1140 1792 1177">
     <span class='ocr_line' id='line_1_66' title="bbox 997 1140 1792 1177; baseline 0.008 -11"><span class='ocrx_word' id='word_1_459' title='bbox 997 1140 1064 1167; x_wconf 80' lang='grc' dir='ltr'>Υἱοῦ</span> <span class='ocrx_word' id='word_1_460' title='bbox 1078 1140 1173 1174; x_wconf 83' lang='grc' dir='ltr'><strong>αὑτοῦ,</strong></span> <span class='ocrx_word' id='word_1_461' title='bbox 1186 1142 1215 1173; x_wconf 79' lang='grc' dir='ltr'><strong>ὅς</strong></span> <span class='ocrx_word' id='word_1_462' title='bbox 1229 1142 1303 1168; x_wconf 70' lang='grc' dir='ltr'><strong>ἔστιν</strong></span> <span class='ocrx_word' id='word_1_463' title='bbox 1312 1142 1394 1169; x_wconf 73' lang='grc' dir='ltr'><strong>αὑτοῦ</strong></span> <span class='ocrx_word' id='word_1_464' title='bbox 1407 1142 1494 1177; x_wconf 82' lang='grc' dir='ltr'><strong>Λόγος</strong></span> <span class='ocrx_word' id='word_1_465' title='bbox 1507 1143 1602 1176; x_wconf 74' lang='grc' dir='ltr'><strong>ἀΐδιος,</strong></span> <span class='ocrx_word' id='word_1_466' title='bbox 1611 1144 1662 1171; x_wconf 83' lang='grc' dir='ltr'><strong>οὐκ</strong></span> <span class='ocrx_word' id='word_1_467' title='bbox 1680 1145 1735 1171; x_wconf 79' lang='grc' dir='ltr'><strong>ἀπὸ</strong></span> <span class='ocrx_word' id='word_1_468' title='bbox 1749 1153 1792 1172; x_wconf 87' lang='grc' dir='ltr'><strong>σι-</strong></span> 
     </span>
    </p>
   </div>
   <div class='ocr_carea' id='block_1_67' title="bbox 996 1187 1792 1223">
    <p class='ocr_par' dir='ltr' id='par_1_67' title="bbox 996 1187 1792 1223">
     <span class='ocr_line' id='line_1_67' title="bbox 996 1187 1792 1223; baseline 0.008 -10"><span class='ocrx_word' id='word_1_469' title='bbox 996 1187 1048 1222; x_wconf 86' lang='grc' dir='ltr'><strong>γῆς</strong></span> <span class='ocrx_word' id='word_1_470' title='bbox 1061 1187 1209 1222; x_wconf 82' lang='grc' dir='ltr'>προελθών.</span> <span class='ocrx_word' id='word_1_471' title='bbox 1225 1187 1360 1223; x_wconf 81' lang='lat' dir='ltr'><strong>lnterpres</strong></span> <span class='ocrx_word' id='word_1_472' title='bbox 1375 1188 1542 1217; x_wconf 84' lang='lat' dir='ltr'><strong>Usserianus</strong></span> <span class='ocrx_word' id='word_1_473' title='bbox 1559 1199 1567 1217; x_wconf 90' lang='lat'><strong>:</strong></span> <span class='ocrx_word' id='word_1_474' title='bbox 1588 1199 1597 1216; x_wconf 84' lang='lat' dir='ltr'><strong>t</strong></span> <span class='ocrx_word' id='word_1_475' title='bbox 1614 1189 1692 1218; x_wconf 90' lang='lat' dir='ltr'><strong>Unus</strong></span> <span class='ocrx_word' id='word_1_476' title='bbox 1717 1191 1792 1220; x_wconf 87' lang='lat' dir='ltr'><strong>Deus</strong></span> 
     </span>
    </p>
   </div>
   <div class='ocr_carea' id='block_1_68' title="bbox 996 1233 1790 1270">
    <p class='ocr_par' dir='ltr' id='par_1_68' title="bbox 996 1233 1790 1270">
     <span class='ocr_line' id='line_1_68' title="bbox 996 1233 1790 1270; baseline 0.004 -9"><span class='ocrx_word' id='word_1_477' title='bbox 996 1237 1050 1266; x_wconf 85' lang='lat' dir='ltr'><strong>est,</strong></span> <span class='ocrx_word' id='word_1_478' title='bbox 1065 1233 1114 1269; x_wconf 86' lang='lat' dir='ltr'><strong>qui</strong></span> <span class='ocrx_word' id='word_1_479' title='bbox 1126 1233 1312 1261; x_wconf 83' lang='lat' dir='ltr'><strong>manifestavit</strong></span> <span class='ocrx_word' id='word_1_480' title='bbox 1329 1235 1450 1270; x_wconf 85' lang='lat' dir='ltr'><strong>seipsum</strong></span> <span class='ocrx_word' id='word_1_481' title='bbox 1471 1243 1521 1270; x_wconf 90' lang='lat' dir='ltr'><strong>per</strong></span> <span class='ocrx_word' id='word_1_482' title='bbox 1535 1235 1630 1264; x_wconf 64' lang='lat' dir='ltr'><strong>Iesum</strong></span> <span class='ocrx_word' id='word_1_483' title='bbox 1645 1236 1790 1265; x_wconf 80' lang='lat' dir='ltr'><strong>Christum</strong></span> 
     </span>
    </p>
   </div>
   <div class='ocr_carea' id='block_1_69' title="bbox 996 1279 1790 1316">
    <p class='ocr_par' dir='ltr' id='par_1_69' title="bbox 996 1279 1790 1316">
     <span class='ocr_line' id='line_1_69' title="bbox 996 1279 1790 1316; baseline 0.004 -9"><span class='ocrx_word' id='word_1_484' title='bbox 996 1279 1096 1307; x_wconf 84' lang='lat' dir='ltr'><strong>Filium</strong></span> <span class='ocrx_word' id='word_1_485' title='bbox 1111 1279 1209 1314; x_wconf 82' lang='lat' dir='ltr'><strong>ipsius,</strong></span> <span class='ocrx_word' id='word_1_486' title='bbox 1221 1280 1267 1314; x_wconf 89' lang='lat' dir='ltr'><strong>qui</strong></span> <span class='ocrx_word' id='word_1_487' title='bbox 1281 1284 1324 1307; x_wconf 86' lang='lat' dir='ltr'><strong>est</strong></span> <span class='ocrx_word' id='word_1_488' title='bbox 1338 1279 1425 1315; x_wconf 85' lang='lat' dir='ltr'><strong>ipsius</strong></span> <span class='ocrx_word' id='word_1_489' title='bbox 1439 1279 1559 1308; x_wconf 78' lang='lat' dir='ltr'><strong>Verbum</strong></span> <span class='ocrx_word' id='word_1_490' title='bbox 1571 1286 1718 1316; x_wconf 64' lang='lat' dir='ltr'><strong>aeternum,</strong></span> <span class='ocrx_word' id='word_1_491' title='bbox 1733 1290 1790 1310; x_wconf 83' lang='lat' dir='ltr'><strong>non</strong></span> 
     </span>
    </p>
   </div>
   <div class='ocr_carea' id='block_1_70' title="bbox 994 1327 1790 1364">
    <p class='ocr_par' dir='ltr' id='par_1_70' title="bbox 994 1327 1790 1364">
     <span class='ocr_line' id='line_1_70' title="bbox 994 1327 1790 1364; baseline 0.004 -10"><span class='ocrx_word' id='word_1_492' title='bbox 994 1335 1011 1354; x_wconf 88' lang='lat' dir='ltr'><strong>a</strong></span> <span class='ocrx_word' id='word_1_493' title='bbox 1026 1327 1136 1355; x_wconf 89' lang='lat' dir='ltr'><strong>silentio</strong></span> <span class='ocrx_word' id='word_1_494' title='bbox 1146 1327 1331 1362; x_wconf 73' lang='lat' dir='ltr'><strong>progrediens.</strong></span> <span class='ocrx_word' id='word_1_495' title='bbox 1344 1336 1355 1353; x_wconf 67' lang='grc' dir='ltr'>ι</span> <span class='ocrx_word' id='word_1_496' title='bbox 1373 1327 1576 1362; x_wconf 85' lang='lat' dir='ltr'><strong>lnterpolatoris</strong></span> <span class='ocrx_word' id='word_1_497' title='bbox 1591 1333 1683 1356; x_wconf 86' lang='lat' dir='ltr'><strong>autem</strong></span> <span class='ocrx_word' id='word_1_498' title='bbox 1705 1337 1790 1364; x_wconf 88' lang='lat' dir='ltr'><strong>para-</strong></span> 
     </span>
    </p>
   </div>
   <div class='ocr_carea' id='block_1_71' title="bbox 995 1370 1788 1412">
    <p class='ocr_par' dir='ltr' id='par_1_71' title="bbox 995 1370 1788 1412">
     <span class='ocr_line' id='line_1_71' title="bbox 995 1370 1788 1412; baseline 0.004 -13"><span class='ocrx_word' id='word_1_499' title='bbox 995 1373 1106 1408; x_wconf 85' lang='lat' dir='ltr'><strong>phrasis</strong></span> <span class='ocrx_word' id='word_1_500' title='bbox 1122 1373 1159 1400; x_wconf 86' lang='lat' dir='ltr'><strong>ita</strong></span> <span class='ocrx_word' id='word_1_501' title='bbox 1174 1380 1204 1400; x_wconf 89' lang='lat' dir='ltr'><strong>se</strong></span> <span class='ocrx_word' id='word_1_502' title='bbox 1216 1372 1298 1400; x_wconf 83' lang='lat' dir='ltr'><strong>habet</strong></span> <span class='ocrx_word' id='word_1_503' title='bbox 1311 1381 1319 1399; x_wconf 87' lang='lat'><strong>:</strong></span> <span class='ocrx_word' id='word_1_504' title='bbox 1335 1370 1383 1405; x_wconf 79' lang='grc' dir='ltr'><strong>Εἷς</strong></span> <span class='ocrx_word' id='word_1_505' title='bbox 1393 1374 1458 1406; x_wconf 71' lang='grc' dir='ltr'><strong>Θεὸς</strong></span> <span class='ocrx_word' id='word_1_506' title='bbox 1471 1375 1546 1400; x_wconf 72' lang='grc' dir='ltr'><strong>ἔστιν</strong></span> <span class='ocrx_word' id='word_1_507' title='bbox 1554 1375 1569 1401; x_wconf 81' lang='grc' dir='ltr'><strong><em>ὁ</em></strong></span> <span class='ocrx_word' id='word_1_508' title='bbox 1577 1375 1788 1412; x_wconf 73' lang='grc' dir='ltr'><strong>παντοκράτωρ,</strong></span> 
     </span>
    </p>
   </div>
   <div class='ocr_carea' id='block_1_72' title="bbox 994 1418 1790 1456">
    <p class='ocr_par' dir='ltr' id='par_1_72' title="bbox 994 1418 1790 1456">
     <span class='ocr_line' id='line_1_72' title="bbox 994 1418 1790 1456; baseline 0.004 -11"><span class='ocrx_word' id='word_1_509' title='bbox 994 1420 1009 1446; x_wconf 80' lang='grc' dir='ltr'>ὁ</span> <span class='ocrx_word' id='word_1_510' title='bbox 1024 1418 1185 1454; x_wconf 80' lang='grc' dir='ltr'>φανερώσας</span> <span class='ocrx_word' id='word_1_511' title='bbox 1199 1419 1294 1446; x_wconf 78' lang='grc' dir='ltr'><strong>ἑαυτὸν</strong></span> <span class='ocrx_word' id='word_1_512' title='bbox 1308 1419 1353 1446; x_wconf 80' lang='grc' dir='ltr'><strong>διὰ</strong></span> <span class='ocrx_word' id='word_1_513' title='bbox 1373 1419 1459 1455; x_wconf 84' lang='grc' dir='ltr'><strong>Ἰησοῦ</strong></span> <span class='ocrx_word' id='word_1_514' title='bbox 1469 1420 1588 1456; x_wconf 80' lang='grc' dir='ltr'><strong>Χριστοῦ</strong></span> <span class='ocrx_word' id='word_1_515' title='bbox 1600 1420 1650 1447; x_wconf 78' lang='grc' dir='ltr'><strong>τοῦ</strong></span> <span class='ocrx_word' id='word_1_516' title='bbox 1665 1422 1731 1448; x_wconf 81' lang='grc' dir='ltr'><strong>Υἱοῦ</strong></span> <span class='ocrx_word' id='word_1_517' title='bbox 1741 1422 1790 1449; x_wconf 78' lang='grc' dir='ltr'><strong>αὐ-</strong></span> 
     </span>
    </p>
   </div>
   <div class='ocr_carea' id='block_1_73' title="bbox 994 1463 1788 1503">
    <p class='ocr_par' dir='ltr' id='par_1_73' title="bbox 994 1463 1788 1503">
     <span class='ocr_line' id='line_1_73' title="bbox 994 1463 1788 1503; baseline 0.006 -13"><span class='ocrx_word' id='word_1_518' title='bbox 994 1463 1087 1498; x_wconf 80' lang='grc' dir='ltr'><strong>τοῦ,ὃς</strong></span> <span class='ocrx_word' id='word_1_519' title='bbox 1096 1465 1170 1491; x_wconf 85' lang='grc' dir='ltr'><strong>ὲστιν</strong></span> <span class='ocrx_word' id='word_1_520' title='bbox 1183 1465 1266 1492; x_wconf 77' lang='grc' dir='ltr'><strong>αὐτοῦ</strong></span> <span class='ocrx_word' id='word_1_521' title='bbox 1282 1465 1369 1499; x_wconf 85' lang='grc' dir='ltr'><strong>Λόγος</strong></span> <span class='ocrx_word' id='word_1_522' title='bbox 1379 1465 1409 1492; x_wconf 82' lang='grc' dir='ltr'><strong>οὐ</strong></span> <span class='ocrx_word' id='word_1_523' title='bbox 1420 1466 1511 1501; x_wconf 76' lang='grc' dir='ltr'><strong>ρητὸς,</strong></span> <span class='ocrx_word' id='word_1_524' title='bbox 1530 1466 1586 1493; x_wconf 81' lang='grc' dir='ltr'><strong>ἀλλ’</strong></span> <span class='ocrx_word' id='word_1_525' title='bbox 1595 1467 1740 1503; x_wconf 80' lang='grc' dir='ltr'><strong>οὐσιώδης·</strong></span> <span class='ocrx_word' id='word_1_526' title='bbox 1756 1469 1788 1495; x_wconf 73' lang='grc' dir='ltr'><strong>οὐ</strong></span> 
     </span>
    </p>
   </div>
   <div class='ocr_carea' id='block_1_74' title="bbox 994 1509 1789 1549">
    <p class='ocr_par' dir='ltr' id='par_1_74' title="bbox 994 1509 1789 1549">
     <span class='ocr_line' id='line_1_74' title="bbox 994 1509 1789 1549; baseline 0.005 -13"><span class='ocrx_word' id='word_1_527' title='bbox 994 1510 1049 1545; x_wconf 83' lang='grc' dir='ltr'><strong>γάρ</strong></span> <span class='ocrx_word' id='word_1_528' title='bbox 1068 1510 1126 1536; x_wconf 74' lang='grc' dir='ltr'><strong>ἐστι</strong></span> <span class='ocrx_word' id='word_1_529' title='bbox 1145 1509 1239 1542; x_wconf 77' lang='grc' dir='ltr'><strong>λαλιᾶς</strong></span> <span class='ocrx_word' id='word_1_530' title='bbox 1268 1511 1399 1547; x_wconf 71' lang='grc' dir='ltr'><strong>ἐνάρθρου</strong></span> <span class='ocrx_word' id='word_1_531' title='bbox 1418 1511 1550 1548; x_wconf 80' lang='grc' dir='ltr'><strong>φώνημα,</strong></span> <span class='ocrx_word' id='word_1_532' title='bbox 1571 1513 1629 1539; x_wconf 86' lang='grc' dir='ltr'><strong>ἀλλ’</strong></span> <span class='ocrx_word' id='word_1_533' title='bbox 1648 1514 1789 1549; x_wconf 72' lang='grc' dir='ltr'><strong>ἐνεργείας</strong></span> 
     </span>
    </p>
   </div>
   <div class='ocr_carea' id='block_1_75' title="bbox 994 1555 1788 1594">
    <p class='ocr_par' dir='ltr' id='par_1_75' title="bbox 994 1555 1788 1594">
     <span class='ocr_line' id='line_1_75' title="bbox 994 1555 1788 1594; baseline 0.006 -12"><span class='ocrx_word' id='word_1_534' title='bbox 994 1555 1088 1592; x_wconf 82' lang='grc' dir='ltr'><strong>θεῖκῆς</strong></span> <span class='ocrx_word' id='word_1_535' title='bbox 1097 1556 1176 1583; x_wconf 81' lang='grc' dir='ltr'><strong>οὐσία</strong></span> <span class='ocrx_word' id='word_1_536' title='bbox 1186 1558 1312 1593; x_wconf 83' lang='grc' dir='ltr'><strong>γεννητή.</strong></span> <span class='ocrx_word' id='word_1_537' title='bbox 1326 1557 1461 1592; x_wconf 86' lang='lat' dir='ltr'><strong>lnterpres</strong></span> <span class='ocrx_word' id='word_1_538' title='bbox 1472 1559 1600 1594; x_wconf 80' lang='lat' dir='ltr'><strong>vulgatus</strong></span> <span class='ocrx_word' id='word_1_539' title='bbox 1611 1567 1620 1585; x_wconf 91' lang='lat'><strong>:</strong></span> <span class='ocrx_word' id='word_1_540' title='bbox 1635 1569 1645 1583; x_wconf 80' lang='grc' dir='ltr'><strong>σ</strong></span> <span class='ocrx_word' id='word_1_541' title='bbox 1657 1558 1736 1587; x_wconf 88' lang='lat' dir='ltr'><strong>Unus</strong></span> <span class='ocrx_word' id='word_1_542' title='bbox 1745 1565 1788 1588; x_wconf 85' lang='lat' dir='ltr'><strong>est</strong></span> 
     </span>
    </p>
   </div>
   <div class='ocr_carea' id='block_1_76' title="bbox 995 1601 1786 1640">
    <p class='ocr_par' dir='ltr' id='par_1_76' title="bbox 995 1601 1786 1640">
     <span class='ocr_line' id='line_1_76' title="bbox 995 1601 1786 1640; baseline 0.005 -11"><span class='ocrx_word' id='word_1_543' title='bbox 995 1601 1067 1630; x_wconf 86' lang='lat' dir='ltr'><strong>Deus</strong></span> <span class='ocrx_word' id='word_1_544' title='bbox 1082 1602 1268 1638; x_wconf 86' lang='lat' dir='ltr'><strong>omnipotens,</strong></span> <span class='ocrx_word' id='word_1_545' title='bbox 1283 1603 1330 1639; x_wconf 90' lang='lat' dir='ltr'><strong>qui</strong></span> <span class='ocrx_word' id='word_1_546' title='bbox 1345 1603 1530 1631; x_wconf 85' lang='lat' dir='ltr'><strong>manifestavit</strong></span> <span class='ocrx_word' id='word_1_547' title='bbox 1541 1605 1664 1639; x_wconf 89' lang='lat' dir='ltr'><strong>seipsum</strong></span> <span class='ocrx_word' id='word_1_548' title='bbox 1679 1613 1728 1640; x_wconf 89' lang='lat' dir='ltr'><strong>per</strong></span> <span class='ocrx_word' id='word_1_549' title='bbox 1740 1605 1786 1633; x_wconf 83' lang='lat' dir='ltr'><strong>Je-</strong></span> 
     </span>
    </p>
   </div>
   <div class='ocr_carea' id='block_1_77' title="bbox 995 1648 1784 1686">
    <p class='ocr_par' dir='ltr' id='par_1_77' title="bbox 995 1648 1784 1686">
     <span class='ocr_line' id='line_1_77' title="bbox 995 1648 1784 1686; baseline 0.005 -11"><span class='ocrx_word' id='word_1_550' title='bbox 995 1655 1056 1676; x_wconf 85' lang='lat' dir='ltr'><strong>sum</strong></span> <span class='ocrx_word' id='word_1_551' title='bbox 1070 1648 1210 1676; x_wconf 82' lang='lat' dir='ltr'><strong>Christum</strong></span> <span class='ocrx_word' id='word_1_552' title='bbox 1224 1649 1325 1677; x_wconf 82' lang='lat' dir='ltr'><strong>Filium</strong></span> <span class='ocrx_word' id='word_1_553' title='bbox 1334 1657 1426 1683; x_wconf 90' lang='lat' dir='ltr'><strong>suum,</strong></span> <span class='ocrx_word' id='word_1_554' title='bbox 1441 1650 1489 1685; x_wconf 90' lang='lat' dir='ltr'><strong>qui</strong></span> <span class='ocrx_word' id='word_1_555' title='bbox 1501 1655 1544 1678; x_wconf 91' lang='lat' dir='ltr'><strong>est</strong></span> <span class='ocrx_word' id='word_1_556' title='bbox 1554 1650 1675 1678; x_wconf 82' lang='lat' dir='ltr'><strong>Verbum</strong></span> <span class='ocrx_word' id='word_1_557' title='bbox 1687 1652 1784 1686; x_wconf 87' lang='lat' dir='ltr'><strong>ipsius.</strong></span> 
     </span>
    </p>
   </div>
   <div class='ocr_carea' id='block_1_78' title="bbox 995 1695 1785 1732">
    <p class='ocr_par' dir='ltr' id='par_1_78' title="bbox 995 1695 1785 1732">
     <span class='ocr_line' id='line_1_78' title="bbox 995 1695 1785 1732; baseline 0.006 -11"><span class='ocrx_word' id='word_1_558' title='bbox 995 1702 1053 1722; x_wconf 87' lang='lat' dir='ltr'><strong>non</strong></span> <span class='ocrx_word' id='word_1_559' title='bbox 1071 1695 1250 1730; x_wconf 83' lang='lat' dir='ltr'><strong>prolativum,</strong></span> <span class='ocrx_word' id='word_1_560' title='bbox 1265 1696 1381 1730; x_wconf 88' lang='lat' dir='ltr'><strong>scilicet,</strong></span> <span class='ocrx_word' id='word_1_561' title='bbox 1398 1696 1446 1725; x_wconf 82' lang='lat' dir='ltr'><strong>sed</strong></span> <span class='ocrx_word' id='word_1_562' title='bbox 1461 1698 1663 1732; x_wconf 87' lang='lat' dir='ltr'><strong>substantiale;</strong></span> <span class='ocrx_word' id='word_1_563' title='bbox 1678 1706 1734 1726; x_wconf 90' lang='lat' dir='ltr'><strong>non</strong></span> <span class='ocrx_word' id='word_1_564' title='bbox 1744 1698 1785 1726; x_wconf 84' lang='lat' dir='ltr'><strong>lo-</strong></span> 
     </span>
    </p>
   </div>
   <div class='ocr_carea' id='block_1_79' title="bbox 995 1741 1785 1778">
    <p class='ocr_par' dir='ltr' id='par_1_79' title="bbox 995 1741 1785 1778">
     <span class='ocr_line' id='line_1_79' title="bbox 995 1741 1785 1778; baseline 0.003 -8"><span class='ocrx_word' id='word_1_565' title='bbox 995 1742 1069 1770; x_wconf 88' lang='lat' dir='ltr'><strong>cutio</strong></span> <span class='ocrx_word' id='word_1_566' title='bbox 1084 1741 1235 1769; x_wconf 59' lang='lat' dir='ltr'><strong>articulatm</strong></span> <span class='ocrx_word' id='word_1_567' title='bbox 1250 1742 1344 1777; x_wconf 83' lang='lat' dir='ltr'><strong>vocis,</strong></span> <span class='ocrx_word' id='word_1_568' title='bbox 1359 1743 1406 1770; x_wconf 87' lang='lat' dir='ltr'><strong>sed</strong></span> <span class='ocrx_word' id='word_1_569' title='bbox 1428 1743 1552 1778; x_wconf 87' lang='lat' dir='ltr'><strong>operatio</strong></span> <span class='ocrx_word' id='word_1_570' title='bbox 1568 1743 1684 1772; x_wconf 89' lang='lat' dir='ltr'><strong>Deitatis</strong></span> <span class='ocrx_word' id='word_1_571' title='bbox 1695 1765 1703 1777; x_wconf 96' lang='lat'><strong>,</strong></span> <span class='ocrx_word' id='word_1_572' title='bbox 1720 1745 1785 1772; x_wconf 61' lang='lat' dir='ltr'><strong>sulr</strong></span> 
     </span>
    </p>
   </div>
   <div class='ocr_carea' id='block_1_80' title="bbox 994 1788 1383 1824">
    <p class='ocr_par' dir='ltr' id='par_1_80' title="bbox 994 1788 1383 1824">
     <span class='ocr_line' id='line_1_80' title="bbox 994 1788 1383 1824; baseline -0.003 -8"><span class='ocrx_word' id='word_1_573' title='bbox 994 1788 1107 1820; x_wconf 84' lang='lat' dir='ltr'><strong>stantia,</strong></span> <span class='ocrx_word' id='word_1_574' title='bbox 1123 1788 1236 1821; x_wconf 89' lang='lat' dir='ltr'><strong>scilicet,</strong></span> <span class='ocrx_word' id='word_1_575' title='bbox 1252 1788 1353 1824; x_wconf 86' lang='lat' dir='ltr'><strong>genita.</strong></span> <span class='ocrx_word' id='word_1_576' title='bbox 1373 1798 1383 1814; x_wconf 72' lang='grc' dir='ltr'>ι</span> 
     </span>
    </p>
   </div>
   <div class='ocr_carea' id='block_1_81' title="bbox 1030 1834 1783 1870">
    <p class='ocr_par' dir='ltr' id='par_1_81' title="bbox 1030 1834 1783 1870">
     <span class='ocr_line' id='line_1_81' title="bbox 1030 1834 1783 1870; baseline 0.004 -9"><span class='ocrx_word' id='word_1_577' title='bbox 1030 1834 1068 1862; x_wconf 82' lang='lat' dir='ltr'><strong>De</strong></span> <span class='ocrx_word' id='word_1_578' title='bbox 1089 1834 1132 1862; x_wconf 89' lang='lat' dir='ltr'><strong>his</strong></span> <span class='ocrx_word' id='word_1_579' title='bbox 1153 1835 1245 1862; x_wconf 86' lang='lat' dir='ltr'><strong>verbis</strong></span> <span class='ocrx_word' id='word_1_580' title='bbox 1260 1834 1325 1870; x_wconf 91' lang='lat' dir='ltr'><strong>quid</strong></span> <span class='ocrx_word' id='word_1_581' title='bbox 1339 1834 1444 1869; x_wconf 76' lang='lat' dir='ltr'><strong>iudicet</strong></span> <span class='ocrx_word' id='word_1_582' title='bbox 1460 1834 1553 1863; x_wconf 81' lang='lat' dir='ltr'><strong>dicere</strong></span> <span class='ocrx_word' id='word_1_583' title='bbox 1568 1835 1658 1863; x_wconf 84' lang='lat' dir='ltr'><strong>voluit</strong></span> <span class='ocrx_word' id='word_1_584' title='bbox 1672 1837 1715 1863; x_wconf 82' lang='lat' dir='ltr'><strong>vir</strong></span> <span class='ocrx_word' id='word_1_585' title='bbox 1734 1837 1783 1865; x_wconf 88' lang='lat' dir='ltr'><strong>do-</strong></span> 
     </span>
    </p>
   </div>
   <div class='ocr_carea' id='block_1_82' title="bbox 993 1880 1780 1916">
    <p class='ocr_par' dir='ltr' id='par_1_82' title="bbox 993 1880 1780 1916">
     <span class='ocr_line' id='line_1_82' title="bbox 993 1880 1780 1916; baseline 0.003 -9"><span class='ocrx_word' id='word_1_586' title='bbox 993 1880 1132 1908; x_wconf 88' lang='lat' dir='ltr'><strong>ctissimus</strong></span> <span class='ocrx_word' id='word_1_587' title='bbox 1154 1885 1298 1915; x_wconf 85' lang='lat' dir='ltr'><strong>antequam</strong></span> <span class='ocrx_word' id='word_1_588' title='bbox 1323 1884 1513 1915; x_wconf 79' lang='lat' dir='ltr'><strong>argumentum</strong></span> <span class='ocrx_word' id='word_1_589' title='bbox 1533 1880 1624 1915; x_wconf 89' lang='lat' dir='ltr'><strong>ipsum</strong></span> <span class='ocrx_word' id='word_1_590' title='bbox 1642 1882 1780 1916; x_wconf 85' lang='lat' dir='ltr'><strong>explicare</strong></span> 
     </span>
    </p>
   </div>
   <div class='ocr_carea' id='block_1_83' title="bbox 993 1926 1781 1962">
    <p class='ocr_par' dir='ltr' id='par_1_83' title="bbox 993 1926 1781 1962">
     <span class='ocr_line' id='line_1_83' title="bbox 993 1926 1781 1962; baseline 0.001 -8"><span class='ocrx_word' id='word_1_591' title='bbox 993 1934 1027 1954; x_wconf 86' lang='lat' dir='ltr'><strong>ac</strong></span> <span class='ocrx_word' id='word_1_592' title='bbox 1037 1927 1106 1954; x_wconf 87' lang='lat' dir='ltr'><strong>tueri</strong></span> <span class='ocrx_word' id='word_1_593' title='bbox 1128 1926 1335 1962; x_wconf 77' lang='lat' dir='ltr'><strong>aggrederetur;</strong></span> <span class='ocrx_word' id='word_1_594' title='bbox 1350 1926 1397 1954; x_wconf 87' lang='lat' dir='ltr'><strong>sed</strong></span> <span class='ocrx_word' id='word_1_595' title='bbox 1408 1933 1458 1961; x_wconf 93' lang='lat' dir='ltr'><strong>pro</strong></span> <span class='ocrx_word' id='word_1_596' title='bbox 1470 1926 1575 1960; x_wconf 77' lang='lat' dir='ltr'><strong>judicio</strong></span> <span class='ocrx_word' id='word_1_597' title='bbox 1588 1934 1641 1954; x_wconf 88' lang='lat' dir='ltr'><strong>suo</strong></span> <span class='ocrx_word' id='word_1_598' title='bbox 1651 1927 1781 1956; x_wconf 88' lang='lat' dir='ltr'><strong>inanissi—</strong></span> 
     </span>
    </p>
   </div>
   <div class='ocr_carea' id='block_1_84' title="bbox 993 1971 1781 2007">
    <p class='ocr_par' dir='ltr' id='par_1_84' title="bbox 993 1971 1781 2007">
     <span class='ocr_line' id='line_1_84' title="bbox 993 1971 1781 2007; baseline 0 -7"><span class='ocrx_word' id='word_1_599' title='bbox 993 1978 1067 2000; x_wconf 87' lang='lat' dir='ltr'><strong>tnam</strong></span> <span class='ocrx_word' id='word_1_600' title='bbox 1085 1972 1271 2007; x_wconf 80' lang='lat' dir='ltr'><strong>conjecturam</strong></span> <span class='ocrx_word' id='word_1_601' title='bbox 1285 1972 1407 2007; x_wconf 82' lang='lat' dir='ltr'><strong>protulit.</strong></span> <span class='ocrx_word' id='word_1_602' title='bbox 1428 1981 1438 1997; x_wconf 76' lang='grc' dir='ltr'>ι</span> <span class='ocrx_word' id='word_1_603' title='bbox 1451 1971 1546 2004; x_wconf 86' lang='lat' dir='ltr'><strong>Nemo,</strong></span> <span class='ocrx_word' id='word_1_604' title='bbox 1563 1973 1664 2007; x_wconf 90' lang='lat' dir='ltr'><strong>inquit,</strong></span> <span class='ocrx_word' id='word_1_605' title='bbox 1680 1977 1781 2000; x_wconf 87' lang='lat' dir='ltr'><strong>tantam</strong></span> 
     </span>
    </p>
   </div>
   <div class='ocr_carea' id='block_1_85' title="bbox 994 2017 1783 2053">
    <p class='ocr_par' dir='ltr' id='par_1_85' title="bbox 994 2017 1783 2053">
     <span class='ocr_line' id='line_1_85' title="bbox 994 2017 1783 2053; baseline 0.001 -7"><span class='ocrx_word' id='word_1_606' title='bbox 994 2019 1064 2046; x_wconf 91' lang='lat' dir='ltr'><strong>inter</strong></span> <span class='ocrx_word' id='word_1_607' title='bbox 1076 2018 1231 2053; x_wconf 83' lang='lat' dir='ltr'><strong>lgnatianos</strong></span> <span class='ocrx_word' id='word_1_608' title='bbox 1244 2017 1354 2045; x_wconf 87' lang='lat' dir='ltr'><strong>codices</strong></span> <span class='ocrx_word' id='word_1_609' title='bbox 1366 2017 1552 2046; x_wconf 85' lang='lat' dir='ltr'><strong>diversitatem</strong></span> <span class='ocrx_word' id='word_1_610' title='bbox 1566 2026 1633 2046; x_wconf 87' lang='lat' dir='ltr'><strong>casu</strong></span> <span class='ocrx_word' id='word_1_611' title='bbox 1648 2019 1783 2047; x_wconf 86' lang='lat' dir='ltr'><strong>accidisse</strong></span> 
     </span>
    </p>
   </div>
   <div class='ocr_carea' id='block_1_86' title="bbox 993 2063 1782 2099">
    <p class='ocr_par' dir='ltr' id='par_1_86' title="bbox 993 2063 1782 2099">
     <span class='ocr_line' id='line_1_86' title="bbox 993 2063 1782 2099; baseline -0.001 -6"><span class='ocrx_word' id='word_1_612' title='bbox 993 2065 1129 2093; x_wconf 80' lang='lat' dir='ltr'><strong>censebit:</strong></span> <span class='ocrx_word' id='word_1_613' title='bbox 1141 2074 1150 2091; x_wconf 73' lang='grc' dir='ltr'>ι</span> <span class='ocrx_word' id='word_1_614' title='bbox 1165 2065 1224 2092; x_wconf 90' lang='lat' dir='ltr'><strong>sine</strong></span> <span class='ocrx_word' id='word_1_615' title='bbox 1238 2064 1322 2091; x_wconf 91' lang='lat' dir='ltr'><strong>dubio</strong></span> <span class='ocrx_word' id='word_1_616' title='bbox 1333 2071 1424 2091; x_wconf 87' lang='lat' dir='ltr'><strong>nemo.</strong></span> <span class='ocrx_word' id='word_1_617' title='bbox 1440 2063 1629 2099; x_wconf 87' lang='lat' dir='ltr'><strong>Quisquamne</strong></span> <span class='ocrx_word' id='word_1_618' title='bbox 1647 2069 1702 2092; x_wconf 89' lang='lat' dir='ltr'><strong>tam</strong></span> <span class='ocrx_word' id='word_1_619' title='bbox 1717 2065 1782 2092; x_wconf 81' lang='lat' dir='ltr'><strong>fun-</strong></span> 
     </span>
    </p>
   </div>
   <div class='ocr_carea' id='block_1_87' title="bbox 993 2109 1783 2147">
    <p class='ocr_par' dir='ltr' id='par_1_87' title="bbox 993 2109 1783 2147">
     <span class='ocr_line' id='line_1_87' title="bbox 993 2109 1783 2147; baseline -0.003 -8"><span class='ocrx_word' id='word_1_620' title='bbox 993 2119 1044 2147; x_wconf 85' lang='lat' dir='ltr'><strong>gus</strong></span> <span class='ocrx_word' id='word_1_621' title='bbox 1068 2115 1120 2144; x_wconf 84' lang='lat' dir='ltr'><strong>est,</strong></span> <span class='ocrx_word' id='word_1_622' title='bbox 1135 2115 1167 2138; x_wconf 89' lang='lat' dir='ltr'><strong>ut</strong></span> <span class='ocrx_word' id='word_1_623' title='bbox 1190 2113 1279 2145; x_wconf 89' lang='lat' dir='ltr'><strong>putet,</strong></span> <span class='ocrx_word' id='word_1_624' title='bbox 1298 2109 1333 2136; x_wconf 88' lang='lat' dir='ltr'><strong>ab</strong></span> <span class='ocrx_word' id='word_1_625' title='bbox 1361 2118 1372 2135; x_wconf 81' lang='lat' dir='ltr'><strong>t</strong></span> <span class='ocrx_word' id='word_1_626' title='bbox 1389 2109 1619 2144; x_wconf 84' lang='lat' dir='ltr'><strong>antiquariorum,</strong></span> <span class='ocrx_word' id='word_1_627' title='bbox 1636 2111 1707 2139; x_wconf 85' lang='lat' dir='ltr'><strong>alias</strong></span> <span class='ocrx_word' id='word_1_628' title='bbox 1733 2119 1783 2146; x_wconf 85' lang='lat' dir='ltr'><strong>pro</strong></span> 
     </span>
    </p>
   </div>
   <div class='ocr_carea' id='block_1_88' title="bbox 992 2154 1783 2190">
    <p class='ocr_par' dir='ltr' id='par_1_88' title="bbox 992 2154 1783 2190">
     <span class='ocr_line' id='line_1_88' title="bbox 992 2154 1783 2190; baseline 0.001 -7"><span class='ocrx_word' id='word_1_629' title='bbox 992 2155 1054 2183; x_wconf 88' lang='lat' dir='ltr'><strong>aliis</strong></span> <span class='ocrx_word' id='word_1_630' title='bbox 1070 2155 1174 2183; x_wconf 89' lang='lat' dir='ltr'><strong>litteras</strong></span> <span class='ocrx_word' id='word_1_631' title='bbox 1195 2158 1243 2182; x_wconf 88' lang='lat' dir='ltr'><strong>aut</strong></span> <span class='ocrx_word' id='word_1_632' title='bbox 1259 2161 1340 2182; x_wconf 79' lang='lat' dir='ltr'><strong>voces</strong></span> <span class='ocrx_word' id='word_1_633' title='bbox 1349 2154 1539 2186; x_wconf 88' lang='lat' dir='ltr'><strong>scribentium,</strong></span> <span class='ocrx_word' id='word_1_634' title='bbox 1554 2155 1722 2190; x_wconf 76' lang='lat' dir='ltr'><strong>negligentia</strong></span> <span class='ocrx_word' id='word_1_635' title='bbox 1742 2158 1783 2184; x_wconf 88' lang='lat' dir='ltr'><strong>vel</strong></span> 
     </span>
    </p>
   </div>
   <div class='ocr_carea' id='block_1_89' title="bbox 991 2201 1783 2238">
    <p class='ocr_par' dir='ltr' id='par_1_89' title="bbox 991 2201 1783 2238">
     <span class='ocr_line' id='line_1_89' title="bbox 991 2201 1783 2238; baseline 0.001 -9"><span class='ocrx_word' id='word_1_636' title='bbox 991 2209 1085 2230; x_wconf 88' lang='lat' dir='ltr'><strong>errore</strong></span> <span class='ocrx_word' id='word_1_637' title='bbox 1096 2201 1223 2236; x_wconf 87' lang='lat' dir='ltr'><strong>simplici,</strong></span> <span class='ocrx_word' id='word_1_638' title='bbox 1240 2210 1250 2227; x_wconf 72' lang='grc' dir='ltr'>ι</span> <span class='ocrx_word' id='word_1_639' title='bbox 1272 2209 1304 2228; x_wconf 86' lang='lat' dir='ltr'><strong>ex</strong></span> <span class='ocrx_word' id='word_1_640' title='bbox 1318 2201 1405 2229; x_wconf 89' lang='lat' dir='ltr'><strong>tribus</strong></span> <span class='ocrx_word' id='word_1_641' title='bbox 1422 2201 1562 2229; x_wconf 84' lang='lat' dir='ltr'><strong>vocabulis</strong></span> <span class='ocrx_word' id='word_1_642' title='bbox 1577 2202 1648 2229; x_wconf 84' lang='lat' dir='ltr'><strong>duas</strong></span> <span class='ocrx_word' id='word_1_643' title='bbox 1660 2202 1783 2238; x_wconf 84' lang='lat' dir='ltr'><strong>integras</strong></span> 
     </span>
    </p>
   </div>
   <div class='ocr_carea' id='block_1_90' title="bbox 155 2247 1784 2284">
    <p class='ocr_par' dir='ltr' id='par_1_90' title="bbox 155 2247 1784 2284">
     <span class='ocr_line' id='line_1_90' title="bbox 155 2247 1784 2284; baseline 0.002 -10"><span class='ocrx_word' id='word_1_644' title='bbox 155 2247 226 2274; x_wconf 88' lang='lat' dir='ltr'><strong>Deus</strong></span> <span class='ocrx_word' id='word_1_645' title='bbox 242 2251 294 2280; x_wconf 87' lang='lat' dir='ltr'><strong>est,</strong></span> <span class='ocrx_word' id='word_1_646' title='bbox 306 2247 354 2282; x_wconf 90' lang='lat' dir='ltr'><strong>qui</strong></span> <span class='ocrx_word' id='word_1_647' title='bbox 366 2247 482 2274; x_wconf 85' lang='lat' dir='ltr'><strong>salutem</strong></span> <span class='ocrx_word' id='word_1_648' title='bbox 500 2255 593 2275; x_wconf 90' lang='lat' dir='ltr'><strong>eorum</strong></span> <span class='ocrx_word' id='word_1_649' title='bbox 606 2255 689 2283; x_wconf 85' lang='lat' dir='ltr'><strong>super</strong></span> <span class='ocrx_word' id='word_1_650' title='bbox 701 2254 800 2276; x_wconf 90' lang='lat' dir='ltr'><strong>terram</strong></span> <span class='ocrx_word' id='word_1_651' title='bbox 817 2254 945 2284; x_wconf 86' lang='lat' dir='ltr'><strong>operatus</strong></span> <span class='ocrx_word' id='word_1_652' title='bbox 960 2251 984 2282; x_wconf 81' lang='grc' dir='ltr'><strong>ι)</strong></span> <span class='ocrx_word' id='word_1_653' title='bbox 996 2248 1082 2276; x_wconf 87' lang='lat' dir='ltr'><strong>lineas</strong></span> <span class='ocrx_word' id='word_1_654' title='bbox 1099 2252 1127 2276; x_wconf 89' lang='lat' dir='ltr'><strong>et</strong></span> <span class='ocrx_word' id='word_1_655' title='bbox 1142 2248 1232 2275; x_wconf 89' lang='lat' dir='ltr'><strong>verbis</strong></span> <span class='ocrx_word' id='word_1_656' title='bbox 1245 2252 1273 2275; x_wconf 90' lang='lat' dir='ltr'><strong>et</strong></span> <span class='ocrx_word' id='word_1_657' title='bbox 1297 2247 1408 2283; x_wconf 84' lang='lat' dir='ltr'><strong>syllabis</strong></span> <span class='ocrx_word' id='word_1_658' title='bbox 1430 2252 1457 2274; x_wconf 88' lang='lat' dir='ltr'><strong>et</strong></span> <span class='ocrx_word' id='word_1_659' title='bbox 1471 2248 1579 2280; x_wconf 87' lang='lat' dir='ltr'><strong>litteris,</strong></span> <span class='ocrx_word' id='word_1_660' title='bbox 1595 2248 1719 2276; x_wconf 90' lang='lat' dir='ltr'><strong>maxime</strong></span> <span class='ocrx_word' id='word_1_661' title='bbox 1742 2250 1784 2277; x_wconf 84' lang='lat' dir='ltr'><strong>di-</strong></span> 
     </span>
    </p>
   </div>
   <div class='ocr_carea' id='block_1_91' title="bbox 152 2291 942 2328">
    <p class='ocr_par' dir='ltr' id='par_1_91' title="bbox 152 2291 942 2328">
     <span class='ocr_line' id='line_1_91' title="bbox 152 2291 942 2328; baseline 0.006 -10"><span class='ocrx_word' id='word_1_662' title='bbox 152 2293 217 2319; x_wconf 81' lang='lat' dir='ltr'><strong>est‘.’</strong></span> <span class='ocrx_word' id='word_1_663' title='bbox 234 2291 267 2319; x_wconf 86' lang='lat' dir='ltr'><strong>Et</strong></span> <span class='ocrx_word' id='word_1_664' title='bbox 280 2292 514 2327; x_wconf 81' lang='lat' dir='ltr'><strong>quemadmodum</strong></span> <span class='ocrx_word' id='word_1_665' title='bbox 528 2292 613 2320; x_wconf 88' lang='lat' dir='ltr'><strong>homo</strong></span> <span class='ocrx_word' id='word_1_666' title='bbox 628 2294 743 2321; x_wconf 83' lang='lat' dir='ltr'><strong>transiet</strong></span> <span class='ocrx_word' id='word_1_667' title='bbox 760 2294 787 2321; x_wconf 93' lang='lat' dir='ltr'><strong>in</strong></span> <span class='ocrx_word' id='word_1_668' title='bbox 804 2294 901 2328; x_wconf 87' lang='lat' dir='ltr'><strong>Deum,</strong></span> <span class='ocrx_word' id='word_1_669' title='bbox 918 2296 942 2323; x_wconf 93' lang='lat' dir='ltr'><strong>si</strong></span> 
     </span>
    </p>
   </div>
   <div class='ocr_carea' id='block_1_92' title="bbox 154 2337 942 2368">
    <p class='ocr_par' dir='ltr' id='par_1_92' title="bbox 154 2337 942 2368">
     <span class='ocr_line' id='line_1_92' title="bbox 154 2337 942 2368; baseline 0.005 -4"><span class='ocrx_word' id='word_1_670' title='bbox 154 2345 208 2364; x_wconf 90' lang='lat' dir='ltr'><strong>non</strong></span> <span class='ocrx_word' id='word_1_671' title='bbox 224 2337 295 2365; x_wconf 87' lang='lat' dir='ltr'><strong>Deus</strong></span> <span class='ocrx_word' id='word_1_672' title='bbox 310 2338 338 2364; x_wconf 91' lang='lat' dir='ltr'><strong>in</strong></span> <span class='ocrx_word' id='word_1_673' title='bbox 350 2337 508 2365; x_wconf 78' lang='lat' dir='ltr'><strong>hominem?</strong></span> <span class='ocrx_word' id='word_1_674' title='bbox 524 2347 533 2364; x_wconf 72' lang='grc' dir='ltr'><strong><em>ι</em></strong></span> <span class='ocrx_word' id='word_1_675' title='bbox 550 2337 610 2366; x_wconf 79' lang='lat' dir='ltr'><strong>Non</strong></span> <span class='ocrx_word' id='word_1_676' title='bbox 626 2343 717 2366; x_wconf 84' lang='lat' dir='ltr'><strong>autem</strong></span> <span class='ocrx_word' id='word_1_677' title='bbox 731 2339 818 2367; x_wconf 84' lang='lat' dir='ltr'><strong>Ebion</strong></span> <span class='ocrx_word' id='word_1_678' title='bbox 835 2345 942 2368; x_wconf 90' lang='lat' dir='ltr'><strong>tantum</strong></span> 
     </span>
    </p>
   </div>
   <div class='ocr_carea' id='block_1_93' title="bbox 153 2382 941 2421">
    <p class='ocr_par' dir='ltr' id='par_1_93' title="bbox 153 2382 941 2421">
     <span class='ocr_line' id='line_1_93' title="bbox 153 2382 941 2421; baseline 0.005 -11"><span class='ocrx_word' id='word_1_679' title='bbox 153 2383 199 2411; x_wconf 89' lang='lat' dir='ltr'><strong>diu</strong></span> <span class='ocrx_word' id='word_1_680' title='bbox 216 2387 278 2410; x_wconf 90' lang='lat' dir='ltr'><strong>ante</strong></span> <span class='ocrx_word' id='word_1_681' title='bbox 296 2382 392 2418; x_wconf 87' lang='lat' dir='ltr'><strong>lgnatii</strong></span> <span class='ocrx_word' id='word_1_682' title='bbox 406 2384 568 2419; x_wconf 85' lang='lat' dir='ltr'><strong>martyrium</strong></span> <span class='ocrx_word' id='word_1_683' title='bbox 584 2385 663 2416; x_wconf 77' lang='lat' dir='ltr'><strong>vixit,</strong></span> <span class='ocrx_word' id='word_1_684' title='bbox 681 2385 727 2413; x_wconf 86' lang='lat' dir='ltr'><strong>sed</strong></span> <span class='ocrx_word' id='word_1_685' title='bbox 742 2390 770 2413; x_wconf 89' lang='lat' dir='ltr'><strong>et</strong></span> <span class='ocrx_word' id='word_1_686' title='bbox 783 2385 941 2421; x_wconf 84' lang='lat' dir='ltr'><strong>Cerinthns,</strong></span> 
     </span>
    </p>
   </div>
   <div class='ocr_carea' id='block_1_94' title="bbox 153 2428 943 2466">
    <p class='ocr_par' dir='ltr' id='par_1_94' title="bbox 153 2428 943 2466">
     <span class='ocr_line' id='line_1_94' title="bbox 153 2428 943 2466; baseline 0.006 -11"><span class='ocrx_word' id='word_1_687' title='bbox 153 2429 201 2464; x_wconf 85' lang='lat' dir='ltr'><strong>qui</strong></span> <span class='ocrx_word' id='word_1_688' title='bbox 218 2428 248 2456; x_wconf 90' lang='lat' dir='ltr'><strong>S.</strong></span> <span class='ocrx_word' id='word_1_689' title='bbox 264 2428 364 2456; x_wconf 84' lang='lat' dir='ltr'><strong>Joanni</strong></span> <span class='ocrx_word' id='word_1_690' title='bbox 381 2434 463 2457; x_wconf 79' lang='lat' dir='ltr'><strong>notus</strong></span> <span class='ocrx_word' id='word_1_691' title='bbox 479 2429 540 2457; x_wconf 81' lang='lat' dir='ltr'><strong>fuit.</strong></span> <span class='ocrx_word' id='word_1_692' title='bbox 555 2429 634 2463; x_wconf 87' lang='lat' dir='ltr'><strong>Quod</strong></span> <span class='ocrx_word' id='word_1_693' title='bbox 650 2430 673 2458; x_wconf 91' lang='lat' dir='ltr'><strong>si</strong></span> <span class='ocrx_word' id='word_1_694' title='bbox 691 2431 870 2466; x_wconf 85' lang='lat' dir='ltr'><strong>interpolator</strong></span> <span class='ocrx_word' id='word_1_695' title='bbox 881 2433 943 2460; x_wconf 91' lang='lat' dir='ltr'><strong>illu-</strong></span> 
     </span>
    </p>
   </div>
   <div class='ocr_carea' id='block_1_95' title="bbox 153 2476 942 2511">
    <p class='ocr_par' dir='ltr' id='par_1_95' title="bbox 153 2476 942 2511">
     <span class='ocr_line' id='line_1_95' title="bbox 153 2476 942 2511; baseline 0.006 -9"><span class='ocrx_word' id='word_1_696' title='bbox 153 2480 243 2503; x_wconf 89' lang='lat' dir='ltr'><strong>strare</strong></span> <span class='ocrx_word' id='word_1_697' title='bbox 268 2480 297 2503; x_wconf 88' lang='lat' dir='ltr'><strong>et</strong></span> <span class='ocrx_word' id='word_1_698' title='bbox 323 2476 492 2511; x_wconf 81' lang='lat' dir='ltr'><strong>ampliﬁcare</strong></span> <span class='ocrx_word' id='word_1_699' title='bbox 520 2476 634 2504; x_wconf 87' lang='lat' dir='ltr'><strong>studens</strong></span> <span class='ocrx_word' id='word_1_700' title='bbox 660 2484 692 2503; x_wconf 89' lang='lat' dir='ltr'><strong>ea</strong></span> <span class='ocrx_word' id='word_1_701' title='bbox 721 2485 782 2511; x_wconf 66' lang='lat' dir='ltr'><strong>qum</strong></span> <span class='ocrx_word' id='word_1_702' title='bbox 811 2478 942 2507; x_wconf 87' lang='lat' dir='ltr'><strong>adversus</strong></span> 
     </span>
    </p>
   </div>
   <div class='ocr_carea' id='block_1_96' title="bbox 141 2521 942 2558">
    <p class='ocr_par' dir='ltr' id='par_1_96' title="bbox 141 2521 942 2558">
     <span class='ocr_line' id='line_1_96' title="bbox 141 2521 942 2558; baseline 0.004 -9"><span class='ocrx_word' id='word_1_703' title='bbox 141 2521 297 2549; x_wconf 84' lang='lat' dir='ltr'><strong>-Ebionitas</strong></span> <span class='ocrx_word' id='word_1_704' title='bbox 308 2527 334 2549; x_wconf 90' lang='lat' dir='ltr'><strong>et</strong></span> <span class='ocrx_word' id='word_1_705' title='bbox 357 2521 480 2549; x_wconf 85' lang='lat' dir='ltr'><strong>Cerinthi</strong></span> <span class='ocrx_word' id='word_1_706' title='bbox 504 2522 656 2557; x_wconf 89' lang='lat' dir='ltr'><strong>discipulos</strong></span> <span class='ocrx_word' id='word_1_707' title='bbox 679 2522 780 2558; x_wconf 84' lang='lat' dir='ltr'><strong>scripta</strong></span> <span class='ocrx_word' id='word_1_708' title='bbox 803 2529 884 2558; x_wconf 88' lang='lat' dir='ltr'><strong>sunt,</strong></span> <span class='ocrx_word' id='word_1_709' title='bbox 908 2525 942 2552; x_wconf 92' lang='lat' dir='ltr'><strong>ad</strong></span> 
     </span>
    </p>
   </div>
   <div class='ocr_carea' id='block_1_97' title="bbox 152 2566 943 2598">
    <p class='ocr_par' dir='ltr' id='par_1_97' title="bbox 152 2566 943 2598">
     <span class='ocr_line' id='line_1_97' title="bbox 152 2566 943 2598; baseline 0.005 -4"><span class='ocrx_word' id='word_1_710' title='bbox 152 2566 327 2595; x_wconf 81' lang='lat' dir='ltr'><strong>Theodotum</strong></span> <span class='ocrx_word' id='word_1_711' title='bbox 339 2568 464 2596; x_wconf 91' lang='lat' dir='ltr'><strong>eamdem</strong></span> <span class='ocrx_word' id='word_1_712' title='bbox 473 2568 597 2596; x_wconf 69' lang='lat' dir='ltr'><strong>haeresim</strong></span> <span class='ocrx_word' id='word_1_713' title='bbox 607 2569 814 2597; x_wconf 86' lang='lat' dir='ltr'><strong>resuscitantem</strong></span> <span class='ocrx_word' id='word_1_714' title='bbox 822 2570 943 2598; x_wconf 79' lang='lat' dir='ltr'><strong>referen-</strong></span> 
     </span>
    </p>
   </div>
   <div class='ocr_carea' id='block_1_98' title="bbox 153 2613 941 2651">
    <p class='ocr_par' dir='ltr' id='par_1_98' title="bbox 153 2613 941 2651">
     <span class='ocr_line' id='line_1_98' title="bbox 153 2613 941 2651; baseline 0.003 -10"><span class='ocrx_word' id='word_1_715' title='bbox 153 2613 188 2641; x_wconf 84' lang='lat' dir='ltr'><strong>da</strong></span> <span class='ocrx_word' id='word_1_716' title='bbox 203 2614 327 2648; x_wconf 88' lang='lat' dir='ltr'><strong>censuit;</strong></span> <span class='ocrx_word' id='word_1_717' title='bbox 343 2622 378 2641; x_wconf 96' lang='lat' dir='ltr'><strong>an</strong></span> <span class='ocrx_word' id='word_1_718' title='bbox 391 2614 475 2650; x_wconf 83' lang='lat' dir='ltr'><strong>igitur</strong></span> <span class='ocrx_word' id='word_1_719' title='bbox 483 2615 589 2650; x_wconf 80' lang='lat' dir='ltr'><strong>putavit</strong></span> <span class='ocrx_word' id='word_1_720' title='bbox 598 2614 770 2643; x_wconf 86' lang='lat' dir='ltr'><strong>Theodotum</strong></span> <span class='ocrx_word' id='word_1_721' title='bbox 782 2616 871 2651; x_wconf 89' lang='lat' dir='ltr'><strong>primo</strong></span> <span class='ocrx_word' id='word_1_722' title='bbox 883 2616 941 2651; x_wconf 91' lang='lat' dir='ltr'><strong>epi-</strong></span> 
     </span>
    </p>
   </div>
   <div class='ocr_carea' id='block_1_99' title="bbox 153 2659 942 2695">
    <p class='ocr_par' dir='ltr' id='par_1_99' title="bbox 153 2659 942 2695">
     <span class='ocr_line' id='line_1_99' title="bbox 153 2659 942 2695; baseline 0.003 -9"><span class='ocrx_word' id='word_1_723' title='bbox 153 2659 287 2686; x_wconf 82' lang='lat' dir='ltr'><strong>stularum</strong></span> <span class='ocrx_word' id='word_1_724' title='bbox 303 2660 541 2695; x_wconf 76' lang='lat' dir='ltr'><strong>scriptorinotum</strong></span> <span class='ocrx_word' id='word_1_725' title='bbox 558 2660 664 2688; x_wconf 73' lang='lat' dir='ltr'><strong>fuisse?</strong></span> <span class='ocrx_word' id='word_1_726' title='bbox 677 2660 745 2688; x_wconf 89' lang='lat' dir='ltr'><strong>Illud</strong></span> <span class='ocrx_word' id='word_1_727' title='bbox 759 2661 873 2688; x_wconf 88' lang='lat' dir='ltr'><strong>omnino</strong></span> <span class='ocrx_word' id='word_1_728' title='bbox 885 2668 942 2688; x_wconf 90' lang='lat' dir='ltr'><strong>non</strong></span> 
     </span>
    </p>
   </div>
   <div class='ocr_carea' id='block_1_100' title="bbox 154 2705 942 2742">
    <p class='ocr_par' dir='ltr' id='par_1_100' title="bbox 154 2705 942 2742">
     <span class='ocr_line' id='line_1_100' title="bbox 154 2705 942 2742; baseline 0.001 -10"><span class='ocrx_word' id='word_1_729' title='bbox 154 2705 294 2740; x_wconf 89' lang='lat' dir='ltr'><strong>sequitur;</strong></span> <span class='ocrx_word' id='word_1_730' title='bbox 313 2706 398 2734; x_wconf 89' lang='lat' dir='ltr'><strong>multa</strong></span> <span class='ocrx_word' id='word_1_731' title='bbox 413 2707 486 2734; x_wconf 93' lang='lat' dir='ltr'><strong>enim</strong></span> <span class='ocrx_word' id='word_1_732' title='bbox 500 2707 559 2742; x_wconf 90' lang='lat' dir='ltr'><strong>ipse</strong></span> <span class='ocrx_word' id='word_1_733' title='bbox 571 2706 699 2737; x_wconf 85' lang='lat' dir='ltr'><strong>inseruit.</strong></span> <span class='ocrx_word' id='word_1_734' title='bbox 711 2714 773 2742; x_wconf 68' lang='lat' dir='ltr'><strong>quae</strong></span> <span class='ocrx_word' id='word_1_735' title='bbox 787 2706 822 2733; x_wconf 88' lang='lat' dir='ltr'><strong>ad</strong></span> <span class='ocrx_word' id='word_1_736' title='bbox 834 2709 942 2733; x_wconf 64' lang='lat' dir='ltr'><strong>aetatem</strong></span> 
     </span>
    </p>
   </div>
   <div class='ocr_carea' id='block_1_101' title="bbox 154 2751 942 2788">
    <p class='ocr_par' dir='ltr' id='par_1_101' title="bbox 154 2751 942 2788">
     <span class='ocr_line' id='line_1_101' title="bbox 154 2751 942 2788; baseline 0.004 -10"><span class='ocrx_word' id='word_1_737' title='bbox 154 2751 234 2786; x_wconf 86' lang='lat' dir='ltr'><strong>primi</strong></span> <span class='ocrx_word' id='word_1_738' title='bbox 261 2751 404 2788; x_wconf 85' lang='lat' dir='ltr'><strong>scriptoris</strong></span> <span class='ocrx_word' id='word_1_739' title='bbox 427 2753 530 2780; x_wconf 84' lang='lat' dir='ltr'><strong>referre</strong></span> <span class='ocrx_word' id='word_1_740' title='bbox 547 2753 625 2781; x_wconf 91' lang='lat' dir='ltr'><strong>nullo</strong></span> <span class='ocrx_word' id='word_1_741' title='bbox 641 2754 724 2781; x_wconf 86' lang='lat' dir='ltr'><strong>modo</strong></span> <span class='ocrx_word' id='word_1_742' title='bbox 748 2752 846 2788; x_wconf 89' lang='lat' dir='ltr'><strong>potuit.</strong></span> <span class='ocrx_word' id='word_1_743' title='bbox 863 2752 942 2786; x_wconf 87' lang='lat' dir='ltr'><strong>Quod</strong></span> 
     </span>
    </p>
   </div>
   <div class='ocr_carea' id='block_1_102' title="bbox 154 2798 943 2834">
    <p class='ocr_par' dir='ltr' id='par_1_102' title="bbox 154 2798 943 2834">
     <span class='ocr_line' id='line_1_102' title="bbox 154 2798 943 2834; baseline 0.004 -10"><span class='ocrx_word' id='word_1_744' title='bbox 154 2798 178 2824; x_wconf 89' lang='lat' dir='ltr'><strong>si</strong></span> <span class='ocrx_word' id='word_1_745' title='bbox 194 2798 231 2826; x_wconf 83' lang='lat' dir='ltr'><strong>ita</strong></span> <span class='ocrx_word' id='word_1_746' title='bbox 244 2799 431 2827; x_wconf 85' lang='lat' dir='ltr'><strong>existimasset</strong></span> <span class='ocrx_word' id='word_1_747' title='bbox 445 2800 544 2834; x_wconf 88' lang='lat' dir='ltr'><strong>planus</strong></span> <span class='ocrx_word' id='word_1_748' title='bbox 562 2799 618 2833; x_wconf 89' lang='lat' dir='ltr'><strong>ille,</strong></span> <span class='ocrx_word' id='word_1_749' title='bbox 640 2800 674 2827; x_wconf 87' lang='lat' dir='ltr'><strong>ad</strong></span> <span class='ocrx_word' id='word_1_750' title='bbox 699 2807 750 2827; x_wconf 90' lang='lat' dir='ltr'><strong>nos</strong></span> <span class='ocrx_word' id='word_1_751' title='bbox 770 2798 857 2832; x_wconf 87' lang='lat' dir='ltr'><strong>nihil;</strong></span> <span class='ocrx_word' id='word_1_752' title='bbox 875 2799 943 2827; x_wconf 86' lang='lat' dir='ltr'><strong>satis</strong></span> 
     </span>
    </p>
   </div>
   <div class='ocr_carea' id='block_1_103' title="bbox 153 2843 942 2879">
    <p class='ocr_par' dir='ltr' id='par_1_103' title="bbox 153 2843 942 2879">
     <span class='ocr_line' id='line_1_103' title="bbox 153 2843 942 2879; baseline 0 -9"><span class='ocrx_word' id='word_1_753' title='bbox 153 2843 226 2870; x_wconf 80' lang='lat' dir='ltr'><strong>enim</strong></span> <span class='ocrx_word' id='word_1_754' title='bbox 242 2848 284 2871; x_wconf 87' lang='lat' dir='ltr'><strong>est</strong></span> <span class='ocrx_word' id='word_1_755' title='bbox 301 2843 334 2871; x_wconf 85' lang='lat' dir='ltr'><strong>ad</strong></span> <span class='ocrx_word' id='word_1_756' title='bbox 347 2844 474 2871; x_wconf 88' lang='lat' dir='ltr'><strong>tuendam</strong></span> <span class='ocrx_word' id='word_1_757' title='bbox 491 2844 571 2879; x_wconf 90' lang='lat' dir='ltr'><strong>primi</strong></span> <span class='ocrx_word' id='word_1_758' title='bbox 587 2844 730 2879; x_wconf 85' lang='lat' dir='ltr'><strong>scriptoris</strong></span> <span class='ocrx_word' id='word_1_759' title='bbox 752 2843 942 2879; x_wconf 84' lang='lat' dir='ltr'><strong>antiquitatem</strong></span> 
     </span>
    </p>
   </div>
   <div class='ocr_carea' id='block_1_104' title="bbox 154 2887 943 2924">
    <p class='ocr_par' dir='ltr' id='par_1_104' title="bbox 154 2887 943 2924">
     <span class='ocr_line' id='line_1_104' title="bbox 154 2887 943 2924; baseline 0.001 -8"><span class='ocrx_word' id='word_1_760' title='bbox 154 2891 182 2915; x_wconf 87' lang='lat' dir='ltr'><strong>ct</strong></span> <span class='ocrx_word' id='word_1_761' title='bbox 197 2887 233 2916; x_wconf 87' lang='lat' dir='ltr'><strong>ab</strong></span> <span class='ocrx_word' id='word_1_762' title='bbox 256 2889 415 2924; x_wconf 84' lang='lat' dir='ltr'><strong>impostoris</strong></span> <span class='ocrx_word' id='word_1_763' title='bbox 437 2889 510 2917; x_wconf 89' lang='lat' dir='ltr'><strong>illius</strong></span> <span class='ocrx_word' id='word_1_764' title='bbox 527 2889 710 2924; x_wconf 73' lang='lat' dir='ltr'><strong>jam’gtandem</strong></span> <span class='ocrx_word' id='word_1_765' title='bbox 735 2888 798 2917; x_wconf 85' lang='lat' dir='ltr'><strong>ﬁcta</strong></span> <span class='ocrx_word' id='word_1_766' title='bbox 813 2887 943 2923; x_wconf 86' lang='lat' dir='ltr'><strong>opinione</strong></span> 
     </span>
    </p>
   </div>
   <div class='ocr_carea' id='block_1_105' title="bbox 993 2292 1782 2328">
    <p class='ocr_par' dir='ltr' id='par_1_105' title="bbox 993 2292 1782 2328">
     <span class='ocr_line' id='line_1_105' title="bbox 993 2292 1782 2328; baseline 0.003 -8"><span class='ocrx_word' id='word_1_767' title='bbox 993 2300 1088 2320; x_wconf 83' lang='lat' dir='ltr'><strong>versas</strong></span> <span class='ocrx_word' id='word_1_768' title='bbox 1109 2297 1189 2320; x_wconf 87' lang='lat' dir='ltr'><strong>natas</strong></span> <span class='ocrx_word' id='word_1_769' title='bbox 1210 2292 1290 2320; x_wconf 83' lang='lat' dir='ltr'><strong>esse?</strong></span> <span class='ocrx_word' id='word_1_770' title='bbox 1307 2292 1495 2328; x_wconf 88' lang='lat' dir='ltr'><strong>Quisquamne</strong></span> <span class='ocrx_word' id='word_1_771' title='bbox 1515 2297 1569 2320; x_wconf 88' lang='lat' dir='ltr'><strong>tam</strong></span> <span class='ocrx_word' id='word_1_772' title='bbox 1588 2292 1693 2327; x_wconf 85' lang='lat' dir='ltr'><strong>fatuus,</strong></span> <span class='ocrx_word' id='word_1_773' title='bbox 1709 2295 1782 2322; x_wconf 90' lang='lat' dir='ltr'><strong>utin</strong></span> 
     </span>
    </p>
   </div>
   <div class='ocr_carea' id='block_1_106' title="bbox 994 2337 1782 2373">
    <p class='ocr_par' dir='ltr' id='par_1_106' title="bbox 994 2337 1782 2373">
     <span class='ocr_line' id='line_1_106' title="bbox 994 2337 1782 2373; baseline 0.004 -8"><span class='ocrx_word' id='word_1_774' title='bbox 994 2338 1037 2366; x_wconf 90' lang='lat' dir='ltr'><strong>his</strong></span> <span class='ocrx_word' id='word_1_775' title='bbox 1053 2338 1203 2373; x_wconf 72' lang='lat' dir='ltr'><strong>praesertim</strong></span> <span class='ocrx_word' id='word_1_776' title='bbox 1223 2337 1365 2372; x_wconf 78' lang='lat' dir='ltr'><strong>epistolis,</strong></span> <span class='ocrx_word' id='word_1_777' title='bbox 1389 2338 1490 2373; x_wconf 90' lang='lat' dir='ltr'><strong>quibus</strong></span> <span class='ocrx_word' id='word_1_778' title='bbox 1516 2338 1707 2373; x_wconf 81' lang='lat' dir='ltr'><strong>interpolator,</strong></span> <span class='ocrx_word' id='word_1_779' title='bbox 1729 2348 1782 2368; x_wconf 86' lang='lat' dir='ltr'><strong>non</strong></span> 
     </span>
    </p>
   </div>
   <div class='ocr_carea' id='block_1_107' title="bbox 993 2382 1783 2420">
    <p class='ocr_par' dir='ltr' id='par_1_107' title="bbox 993 2382 1783 2420">
     <span class='ocr_line' id='line_1_107' title="bbox 993 2382 1783 2420; baseline 0.004 -10"><span class='ocrx_word' id='word_1_780' title='bbox 993 2387 1099 2410; x_wconf 91' lang='lat' dir='ltr'><strong>tantum</strong></span> <span class='ocrx_word' id='word_1_781' title='bbox 1111 2382 1261 2410; x_wconf 85' lang='lat' dir='ltr'><strong>sententias</strong></span> <span class='ocrx_word' id='word_1_782' title='bbox 1274 2383 1390 2418; x_wconf 89' lang='lat' dir='ltr'><strong>aliquot,</strong></span> <span class='ocrx_word' id='word_1_783' title='bbox 1398 2384 1445 2412; x_wconf 87' lang='lat' dir='ltr'><strong>sed</strong></span> <span class='ocrx_word' id='word_1_784' title='bbox 1456 2388 1484 2411; x_wconf 87' lang='lat' dir='ltr'><strong>et</strong></span> <span class='ocrx_word' id='word_1_785' title='bbox 1499 2384 1620 2419; x_wconf 82' lang='lat' dir='ltr'><strong>integras</strong></span> <span class='ocrx_word' id='word_1_786' title='bbox 1633 2385 1783 2420; x_wconf 88' lang='lat' dir='ltr'><strong>aliquando</strong></span> 
     </span>
    </p>
   </div>
   <div class='ocr_carea' id='block_1_108' title="bbox 993 2428 1783 2464">
    <p class='ocr_par' dir='ltr' id='par_1_108' title="bbox 993 2428 1783 2464">
     <span class='ocr_line' id='line_1_108' title="bbox 993 2428 1783 2464; baseline 0.003 -8"><span class='ocrx_word' id='word_1_787' title='bbox 993 2429 1108 2464; x_wconf 82' lang='lat' dir='ltr'><strong>paginas</strong></span> <span class='ocrx_word' id='word_1_788' title='bbox 1126 2428 1252 2461; x_wconf 87' lang='lat' dir='ltr'><strong>inseruit,</strong></span> <span class='ocrx_word' id='word_1_789' title='bbox 1268 2437 1329 2456; x_wconf 81' lang='lat' dir='ltr'><strong>cum</strong></span> <span class='ocrx_word' id='word_1_790' title='bbox 1346 2429 1481 2464; x_wconf 85' lang='lat' dir='ltr'><strong>insignem</strong></span> <span class='ocrx_word' id='word_1_791' title='bbox 1499 2429 1620 2464; x_wconf 88' lang='lat' dir='ltr'><strong>aliquam</strong></span> <span class='ocrx_word' id='word_1_792' title='bbox 1634 2431 1783 2458; x_wconf 74' lang='lat' dir='ltr'><strong>diversita-</strong></span> 
     </span>
    </p>
   </div>
   <div class='ocr_carea' id='block_1_109' title="bbox 993 2474 1782 2512">
    <p class='ocr_par' dir='ltr' id='par_1_109' title="bbox 993 2474 1782 2512">
     <span class='ocr_line' id='line_1_109' title="bbox 993 2474 1782 2512; baseline 0.003 -9"><span class='ocrx_word' id='word_1_793' title='bbox 993 2479 1049 2503; x_wconf 90' lang='lat' dir='ltr'><strong>tem</strong></span> <span class='ocrx_word' id='word_1_794' title='bbox 1070 2474 1306 2508; x_wconf 81' lang='lat' dir='ltr'><strong>animadverterit,</strong></span> <span class='ocrx_word' id='word_1_795' title='bbox 1322 2475 1356 2502; x_wconf 88' lang='lat' dir='ltr'><strong>de</strong></span> <span class='ocrx_word' id='word_1_796' title='bbox 1375 2476 1596 2510; x_wconf 86' lang='lat' dir='ltr'><strong>antiquariorum</strong></span> <span class='ocrx_word' id='word_1_797' title='bbox 1616 2477 1782 2512; x_wconf 77' lang='lat' dir='ltr'><strong>negligentia</strong></span> 
     </span>
    </p>
   </div>
   <div class='ocr_carea' id='block_1_110' title="bbox 993 2520 1783 2557">
    <p class='ocr_par' dir='ltr' id='par_1_110' title="bbox 993 2520 1783 2557">
     <span class='ocr_line' id='line_1_110' title="bbox 993 2520 1783 2557; baseline 0.001 -8"><span class='ocrx_word' id='word_1_798' title='bbox 993 2525 1040 2549; x_wconf 82' lang='lat' dir='ltr'><strong>aut</strong></span> <span class='ocrx_word' id='word_1_799' title='bbox 1056 2528 1151 2549; x_wconf 90' lang='lat' dir='ltr'><strong>errore</strong></span> <span class='ocrx_word' id='word_1_800' title='bbox 1169 2521 1287 2557; x_wconf 85' lang='lat' dir='ltr'><strong>cogitet?</strong></span> <span class='ocrx_word' id='word_1_801' title='bbox 1302 2520 1453 2554; x_wconf 86' lang='lat' dir='ltr'><strong>Quorsum,</strong></span> <span class='ocrx_word' id='word_1_802' title='bbox 1466 2529 1569 2557; x_wconf 70' lang='lat' dir='ltr'><strong>quaeso,</strong></span> <span class='ocrx_word' id='word_1_803' title='bbox 1590 2522 1651 2549; x_wconf 73' lang='lat' dir='ltr'><strong>haec</strong></span> <span class='ocrx_word' id='word_1_804' title='bbox 1670 2524 1783 2550; x_wconf 80' lang='lat' dir='ltr'><strong>cautio?</strong></span> 
     </span>
    </p>
   </div>
   <div class='ocr_carea' id='block_1_111' title="bbox 992 2566 1782 2605">
    <p class='ocr_par' dir='ltr' id='par_1_111' title="bbox 992 2566 1782 2605">
     <span class='ocr_line' id='line_1_111' title="bbox 992 2566 1782 2605; baseline 0.003 -11"><span class='ocrx_word' id='word_1_805' title='bbox 992 2566 1105 2602; x_wconf 82' lang='lat' dir='ltr'><strong>Nempe,</strong></span> <span class='ocrx_word' id='word_1_806' title='bbox 1121 2567 1144 2594; x_wconf 91' lang='lat' dir='ltr'><strong>si</strong></span> <span class='ocrx_word' id='word_1_807' title='bbox 1168 2567 1221 2595; x_wconf 90' lang='lat' dir='ltr'><strong>hoc</strong></span> <span class='ocrx_word' id='word_1_808' title='bbox 1242 2575 1309 2595; x_wconf 84' lang='lat' dir='ltr'><strong>casu</strong></span> <span class='ocrx_word' id='word_1_809' title='bbox 1335 2575 1389 2595; x_wconf 94' lang='lat' dir='ltr'><strong>non</strong></span> <span class='ocrx_word' id='word_1_810' title='bbox 1415 2567 1525 2601; x_wconf 84' lang='lat' dir='ltr'><strong>accidit,</strong></span> <span class='ocrx_word' id='word_1_811' title='bbox 1544 2577 1554 2593; x_wconf 75' lang='grc' dir='ltr'>ί</span> <span class='ocrx_word' id='word_1_812' title='bbox 1570 2575 1653 2595; x_wconf 90' lang='lat' dir='ltr'><strong>nemo</strong></span> <span class='ocrx_word' id='word_1_813' title='bbox 1673 2570 1782 2605; x_wconf 84' lang='lat' dir='ltr'><strong>negabit</strong></span> 
     </span>
    </p>
   </div>
   <div class='ocr_carea' id='block_1_112' title="bbox 993 2612 1782 2648">
    <p class='ocr_par' dir='ltr' id='par_1_112' title="bbox 993 2612 1782 2648">
     <span class='ocr_line' id='line_1_112' title="bbox 993 2612 1782 2648; baseline -0.001 -7"><span class='ocrx_word' id='word_1_814' title='bbox 993 2614 1130 2646; x_wconf 85' lang='lat' dir='ltr'><strong>consulto,</strong></span> <span class='ocrx_word' id='word_1_815' title='bbox 1145 2617 1172 2640; x_wconf 91' lang='lat' dir='ltr'><strong>et</strong></span> <span class='ocrx_word' id='word_1_816' title='bbox 1184 2613 1220 2640; x_wconf 93' lang='lat' dir='ltr'><strong>ob</strong></span> <span class='ocrx_word' id='word_1_817' title='bbox 1233 2613 1352 2647; x_wconf 89' lang='lat' dir='ltr'><strong>aliquam</strong></span> <span class='ocrx_word' id='word_1_818' title='bbox 1378 2613 1513 2640; x_wconf 89' lang='lat' dir='ltr'><strong>rationem</strong></span> <span class='ocrx_word' id='word_1_819' title='bbox 1528 2612 1563 2639; x_wconf 87' lang='lat' dir='ltr'><strong>ab</strong></span> <span class='ocrx_word' id='word_1_820' title='bbox 1582 2613 1782 2648; x_wconf 75' lang='lat' dir='ltr'><strong>interpolatum</strong></span> 
     </span>
    </p>
   </div>
   <div class='ocr_carea' id='block_1_113' title="bbox 992 2658 1782 2692">
    <p class='ocr_par' dir='ltr' id='par_1_113' title="bbox 992 2658 1782 2692">
     <span class='ocr_line' id='line_1_113' title="bbox 992 2658 1782 2692; baseline -0.001 -6"><span class='ocrx_word' id='word_1_821' title='bbox 992 2663 1126 2686; x_wconf 87' lang='lat' dir='ltr'><strong>mutatum</strong></span> <span class='ocrx_word' id='word_1_822' title='bbox 1143 2658 1229 2686; x_wconf 86' lang='lat' dir='ltr'><strong>fuisse</strong></span> <span class='ocrx_word' id='word_1_823' title='bbox 1247 2658 1322 2687; x_wconf 83' lang='lat' dir='ltr'><strong>hunc</strong></span> <span class='ocrx_word' id='word_1_824' title='bbox 1345 2658 1488 2692; x_wconf 86' lang='lat' dir='ltr'><strong>scriptoris</strong></span> <span class='ocrx_word' id='word_1_825' title='bbox 1508 2665 1675 2685; x_wconf 88' lang='lat' dir='ltr'><strong>sermonem.</strong></span> <span class='ocrx_word' id='word_1_826' title='bbox 1694 2668 1704 2684; x_wconf 78' lang='grc' dir='ltr'>ι</span> <span class='ocrx_word' id='word_1_827' title='bbox 1726 2658 1782 2685; x_wconf 90' lang='lat' dir='ltr'><strong>lmo</strong></span> 
     </span>
    </p>
   </div>
   <div class='ocr_carea' id='block_1_114' title="bbox 993 2703 1781 2737">
    <p class='ocr_par' dir='ltr' id='par_1_114' title="bbox 993 2703 1781 2737">
     <span class='ocr_line' id='line_1_114' title="bbox 993 2703 1781 2737; baseline -0.001 -5"><span class='ocrx_word' id='word_1_828' title='bbox 993 2712 1057 2733; x_wconf 89' lang='lat' dir='ltr'><strong>vero</strong></span> <span class='ocrx_word' id='word_1_829' title='bbox 1073 2705 1135 2732; x_wconf 87' lang='lat' dir='ltr'><strong>licet</strong></span> <span class='ocrx_word' id='word_1_830' title='bbox 1157 2712 1222 2733; x_wconf 88' lang='lat' dir='ltr'><strong>casu</strong></span> <span class='ocrx_word' id='word_1_831' title='bbox 1243 2711 1299 2731; x_wconf 89' lang='lat' dir='ltr'><strong>non</strong></span> <span class='ocrx_word' id='word_1_832' title='bbox 1323 2703 1464 2737; x_wconf 89' lang='lat' dir='ltr'><strong>acciderit,</strong></span> <span class='ocrx_word' id='word_1_833' title='bbox 1478 2704 1515 2731; x_wconf 87' lang='lat' dir='ltr'><strong>ita</strong></span> <span class='ocrx_word' id='word_1_834' title='bbox 1541 2709 1634 2732; x_wconf 86' lang='lat' dir='ltr'><strong>tamen</strong></span> <span class='ocrx_word' id='word_1_835' title='bbox 1654 2705 1781 2732; x_wconf 87' lang='lat' dir='ltr'><strong>consulto</strong></span> 
     </span>
    </p>
   </div>
   <div class='ocr_carea' id='block_1_115' title="bbox 993 2750 1781 2785">
    <p class='ocr_par' dir='ltr' id='par_1_115' title="bbox 993 2750 1781 2785">
     <span class='ocr_line' id='line_1_115' title="bbox 993 2750 1781 2785; baseline -0.001 -6"><span class='ocrx_word' id='word_1_836' title='bbox 993 2751 1094 2779; x_wconf 83' lang='lat' dir='ltr'><strong>factum</strong></span> <span class='ocrx_word' id='word_1_837' title='bbox 1108 2758 1180 2783; x_wconf 82' lang='lat' dir='ltr'><strong>esse,</strong></span> <span class='ocrx_word' id='word_1_838' title='bbox 1196 2755 1227 2778; x_wconf 92' lang='lat' dir='ltr'><strong>ut</strong></span> <span class='ocrx_word' id='word_1_839' title='bbox 1241 2750 1312 2778; x_wconf 83' lang='lat' dir='ltr'><strong>ratio</strong></span> <span class='ocrx_word' id='word_1_840' title='bbox 1324 2750 1415 2785; x_wconf 91' lang='lat' dir='ltr'><strong>aliqua</strong></span> <span class='ocrx_word' id='word_1_841' title='bbox 1438 2750 1586 2785; x_wconf 89' lang='lat' dir='ltr'><strong>peculiaris</strong></span> <span class='ocrx_word' id='word_1_842' title='bbox 1600 2750 1781 2785; x_wconf 77' lang='lat' dir='ltr'><strong>interpolato-</strong></span> 
     </span>
    </p>
   </div>
   <div class='ocr_carea' id='block_1_116' title="bbox 994 2796 1780 2832">
    <p class='ocr_par' dir='ltr' id='par_1_116' title="bbox 994 2796 1780 2832">
     <span class='ocr_line' id='line_1_116' title="bbox 994 2796 1780 2832; baseline -0.003 -7"><span class='ocrx_word' id='word_1_843' title='bbox 994 2805 1049 2825; x_wconf 89' lang='lat' dir='ltr'><strong>rem</strong></span> <span class='ocrx_word' id='word_1_844' title='bbox 1071 2797 1105 2824; x_wconf 89' lang='lat' dir='ltr'><strong>ad</strong></span> <span class='ocrx_word' id='word_1_845' title='bbox 1129 2804 1161 2824; x_wconf 90' lang='lat' dir='ltr'><strong>ea</strong></span> <span class='ocrx_word' id='word_1_846' title='bbox 1180 2797 1355 2832; x_wconf 88' lang='lat' dir='ltr'><strong>potissimum</strong></span> <span class='ocrx_word' id='word_1_847' title='bbox 1371 2796 1453 2823; x_wconf 88' lang='lat' dir='ltr'><strong>verba</strong></span> <span class='ocrx_word' id='word_1_848' title='bbox 1470 2796 1603 2823; x_wconf 86' lang='lat' dir='ltr'><strong>mutanda</strong></span> <span class='ocrx_word' id='word_1_849' title='bbox 1629 2796 1780 2831; x_wconf 66' lang='lat' dir='ltr'><strong>impulerit,</strong></span> 
     </span>
    </p>
   </div>
   <div class='ocr_carea' id='block_1_117' title="bbox 993 2841 1782 2878">
    <p class='ocr_par' dir='ltr' id='par_1_117' title="bbox 993 2841 1782 2878">
     <span class='ocr_line' id='line_1_117' title="bbox 993 2841 1782 2878; baseline -0.001 -8"><span class='ocrx_word' id='word_1_850' title='bbox 993 2851 1047 2870; x_wconf 93' lang='lat' dir='ltr'><strong>non</strong></span> <span class='ocrx_word' id='word_1_851' title='bbox 1062 2844 1201 2878; x_wconf 88' lang='lat' dir='ltr'><strong>sequitur:</strong></span> <span class='ocrx_word' id='word_1_852' title='bbox 1217 2842 1276 2878; x_wconf 88' lang='lat' dir='ltr'><strong>ipsa</strong></span> <span class='ocrx_word' id='word_1_853' title='bbox 1287 2842 1423 2878; x_wconf 87' lang='lat' dir='ltr'><strong>generalis</strong></span> <span class='ocrx_word' id='word_1_854' title='bbox 1436 2841 1617 2877; x_wconf 86' lang='lat' dir='ltr'><strong>interpolandi</strong></span> <span class='ocrx_word' id='word_1_855' title='bbox 1631 2842 1782 2877; x_wconf 88' lang='lat' dir='ltr'><strong>paraphra-</strong></span> 
     </span>
    </p>
   </div>
   <div class='ocr_carea' id='block_1_118' title="bbox 993 2887 1781 2923">
    <p class='ocr_par' dir='ltr' id='par_1_118' title="bbox 993 2887 1781 2923">
     <span class='ocr_line' id='line_1_118' title="bbox 993 2887 1781 2923; baseline 0 -7"><span class='ocrx_word' id='word_1_856' title='bbox 993 2887 1114 2923; x_wconf 85' lang='lat' dir='ltr'><strong>sticeque</strong></span> <span class='ocrx_word' id='word_1_857' title='bbox 1124 2888 1216 2916; x_wconf 87' lang='lat' dir='ltr'><strong>omnia</strong></span> <span class='ocrx_word' id='word_1_858' title='bbox 1227 2895 1298 2923; x_wconf 86' lang='lat' dir='ltr'><strong>pene</strong></span> <span class='ocrx_word' id='word_1_859' title='bbox 1307 2887 1461 2922; x_wconf 83' lang='lat' dir='ltr'><strong>exponendi</strong></span> <span class='ocrx_word' id='word_1_860' title='bbox 1473 2887 1556 2919; x_wconf 86' lang='lat' dir='ltr'><strong>ratio.</strong></span> <span class='ocrx_word' id='word_1_861' title='bbox 1568 2892 1599 2916; x_wconf 86' lang='lat' dir='ltr'><strong>ut</strong></span> <span class='ocrx_word' id='word_1_862' title='bbox 1610 2888 1690 2923; x_wconf 88' lang='lat' dir='ltr'><strong>alibi,</strong></span> <span class='ocrx_word' id='word_1_863' title='bbox 1701 2888 1781 2916; x_wconf 83' lang='lat' dir='ltr'><strong>etiam</strong></span> 
     </span>
    </p>
   </div>
  </div>
