1866 3073
41 160 134 189 ’193

478 161 500 190 1.
521 161 705 190 PEARSONll
725 161 875 191 VINDICIA

961 163 1120 192 iATlANlE.
1142 178 1177 184 —
1197 163 1287 192 PARS
1305 163 1338 193 lL

1671 167 1725 196 ΞΜ

90 225 114 248 et
125 220 168 247 hic
186 219 298 248 suilicit.
320 220 362 248 Ex
380 221 509 250 omnibus
528 222 784 257 interpolationibus
805 223 878 250 nulla
893 225 916 252 Α
929 223 1078 251 Christiani
1099 223 1164 251 facti
1179 229 1254 258 sunt,
1266 224 1395 252 viderunt
1408 223 1561 252 Turrianus
1574 228 1601 252 et
1613 223 1723 253 Leibius

90 276 150 296 casu
170 266 241 294 facta
263 272 331 295 est:
350 268 401 295 sed
414 268 462 303 qui
483 268 653 303 singularum
670 268 806 296 rationem
827 269 880 296 ali-

88 323 168 350 quam
182 313 354 348 peculiarem
381 314 532 342 reddiderit
560 322 677 349 magnus
691 319 765 342 certe
783 315 881 350 Apollo

88 362 149 389 erit.
165 360 250 388 Mutat
274 360 412 396 impostor
435 360 480 388 ille
502 367 552 396 pro
563 360 642 387 libitu
666 361 759 388 omnia
777 370 785 388 :
806 366 880 389 nunc

86 407 201 442 phrases
208 407 389 435 obscuriores
402 407 481 442 plane
490 407 600 439 omittit,
611 415 685 435 nunc
697 407 759 434 aliis
774 407 879 442 planio-

86 453 165 481 ribus
175 453 319 488 exprimit,
331 461 406 480 nunc
417 453 595 488 planissimas
605 453 684 481 aliter
699 453 793 486 refert,
807 462 881 482 nunc

86 499 240 534 Scriptum
263 499 325 526 loca
348 499 499 532 interserit,
514 506 589 527 nunc
605 500 648 526 sui
669 499 800 534 temporis
813 507 880 527 con-

85 545 251 574 suetudines
260 543 382 577 infercit,
395 552 469 573 nunc
483 553 548 573 suas
564 545 717 574 sententias
730 545 879 581 aliquando

84 591 228 626 longiores
258 591 352 626 ῥήσεις
377 589 479 625 lgnatio
507 592 652 626 supponit;
676 592 714 618 ita
739 591 879 627 lgnatiana

83 637 181 664 omnia
204 637 344 664 illustrare
364 641 393 664 et
417 637 584 672 ampliﬁcare
601 638 715 667 studens
734 647 785 667 sua
803 638 877 666 fecit.

83 682 113 711 In
138 683 192 711 hac
217 682 279 718 ipsa
302 683 418 718 epistola
440 683 474 710 ad
488 683 680 719 Magnesianos
699 685 807 713 libidini
823 693 879 714 suae

83 733 232 764 tantopere
256 728 380 760 indulsit.
394 733 424 756 ut
446 729 492 756 vix
516 733 571 757 tres
585 734 633 757 aut
649 735 769 765 quatuor
782 738 878 759 versus

84 775 225 808 invenias,
239 774 267 801 in
280 774 380 809 quibus
394 775 463 802 nihil
475 775 648 803 iinmutavit:
665 781 696 804 ut
708 777 808 804 mirum
823 785 878 805 non

83 821 131 854 sit,
147 821 172 848 si
179 821 295 848 omnino
306 820 408 848 frustra
421 828 511 849 causae
530 821 629 857 aliquae
647 824 798 857 praesertim
812 823 879 851 sub-

90 867 156 894 tiles
179 867 282 895 barum
306 867 528 894 immutationum
550 872 722 902 quaerantur.
746 868 800 897 Pro
817 869 877 896 θεο-

83 911 280 954 πρεπεστάτου
296 913 393 940 scribit
408 912 480 939 Θείου
497 913 544 940 καὶ
554 913 692 946 ποθεινοῦ,
709 922 773 943 cum
787 920 876 944 tamen

82 968 145 988 eam
163 967 259 987 vocem
279 959 344 987 alibi
357 959 520 993 retinuerit;
543 967 594 995 pro
610 960 787 995 διαφυγόντες
808 961 877 988 Θεοῦ

82 1004 249 1041 τευξόμεθα,
267 1004 350 1032 habet
364 1008 469 1032 tantum
481 1005 674 1040 διαφεύξεσθε;
692 1014 744 1042 pro
757 1007 878 1043 συγχρᾶ-

82 1053 159 1084 σθαι,
175 1051 375 1087 καταφρονεῖν”;
387 1058 438 1086 pro
451 1051 522 1078 κατὰ
535 1052 660 1088 δύναμιν,
671 1053 740 1089 μετὰ
749 1053 876 1090 γνώμην;

80 1106 132 1134 pro
144 1098 176 1125 οὐ
194 1098 266 1135 πρὸς
281 1098 372 1133 σάρκα
387 1098 402 1124 ὁ
418 1098 514 1132 Λόγος,
524 1098 592 1126 ἀλλὰ
609 1099 679 1135 πρὸς
695 1100 772 1133 Θεόν,
783 1099 879 1129 scribit

79 1144 110 1171 οὐ
129 1144 202 1180 πρὸς
218 1143 376 1179 ἄνθρωπον,
391 1143 459 1170 ἀλλὰ
476 1143 544 1180 πρὸς
560 1143 628 1171 Θεὸν
644 1144 700 1180 ἔχει
716 1146 765 1181 τὴν
781 1146 878 1180 ἀναφο-

81 1190 157 1226 pb;
174 1196 227 1225 pro
255 1189 327 1217 κατὰ
351 1189 487 1225 μηδεμίαν
510 1189 671 1226 ὑπόκρισιν,
702 1191 772 1218 κατὰ
795 1191 877 1227 μηδὲν

80 1236 159 1272 αὐτῷ
175 1236 348 1270 ἀντιλέγειν;
365 1243 416 1270 pro
432 1235 547 1268 ἕκαστος
570 1238 612 1269 εἰς
633 1237 678 1264 τὸν
696 1237 761 1264 ἴδιον
784 1239 876 1271 τόπον,

79 1282 199 1313 tunc;
217 1280 272 1308 τῶν
289 1280 435 1316 ᾑρημένων
456 1281 496 1312 εις
512 1281 558 1308 τδν
573 1281 656 1308 τόπον
679 1281 727 1309 τοῦ
751 1282 877 1319 εὑρεθέν-

80 1336 147 1361 cog;
166 1332 257 1355 totum
279 1327 398 1362 denique
414 1327 505 1355 locum
521 1328 555 1355 de
566 1327 673 1356 duobus
696 1330 816 1357 nummis
840 1330 878 1358 ita

81 1373 272 1408 interpolavit,
298 1377 329 1400 ut
353 1381 387 1401 ne
412 1373 468 1401 duo
490 1373 600 1408 quidem
617 1374 713 1410 lgnatii
742 1375 876 1403 vocabula

81 1420 156 1455 apud
164 1427 228 1447 eum
244 1419 327 1447 simul
336 1419 516 1454 reperiantur.
528 1419 659 1453 Quaenam
674 1420 765 1448 autem
778 1421 876 1450 horum

81 1466 261 1500 aliorumque
276 1465 400 1499 ejusdem
416 1464 512 1493 farina:
525 1466 792 1501 quamplurimorum
805 1467 876 1495 ratio

81 1512 160 1539 reddi
171 1515 274 1546 potest,
293 1510 347 1538 nisi
360 1511 432 1546 quod
449 1511 546 1539 melius
560 1519 590 1539 se
615 1511 736 1539 scribere
753 1512 877 1545 potuisse

80 1557 191 1592 putavit
201 1557 302 1592 planus
316 1556 371 1588 ille,
385 1564 468 1591 quam
481 1556 632 1591 scripserat
642 1556 779 1592 lgnatius.

116 1603 173 1632 Sed
194 1612 246 1632 cur
263 1603 323 1631 haec
334 1603 508 1638 potissimum
523 1603 654 1631 mutanda
672 1603 875 1631 existimaverit

80 1650 277 1685 interpolator,
292 1650 321 1677 in
344 1653 475 1684 promptu
496 1654 538 1677 est
559 1649 619 1676 viro
631 1648 793 1677 doctissimo
805 1649 876 1676 ratio

81 1704 137 1724 non
157 1696 290 1723 obscura.
314 1705 324 1721 ε
339 1694 365 1723 Is
380 1694 454 1722 enim
466 1695 571 1722 veritus
590 1699 633 1723 est
645 1701 681 1721 ne
697 1694 749 1722 ista
764 1695 787 1722 si
803 1694 876 1731 lege-

79 1748 191 1776 rentur,
205 1741 338 1777 epistolas
354 1748 408 1768 non
420 1740 528 1776 lgnatii,
546 1740 593 1768 sed
612 1740 726 1768 alterius
740 1741 876 1769 recentio-

80 1787 120 1816 ris
144 1794 208 1815 esse
232 1786 391 1821 proderent.
407 1795 418 1812 ι
449 1785 471 1813 0
493 1785 656 1821 praeclarum
672 1785 877 1820 interpolatoris

81 1833 243 1869 ingenium!
258 1841 275 1859 ο
287 1836 444 1860 emunctam
467 1832 580 1859 narem!
608 1839 625 1859 ο
638 1831 783 1859 subactum
802 1831 877 1866 judi-

82 1880 174 1907 cium!
203 1879 282 1911 Quod
299 1878 446 1913 Origenes,
463 1878 535 1913 quod
557 1877 702 1910 Eusebius,
716 1878 789 1912 quod
812 1878 876 1904 Dio—

82 1925 180 1960 nysius
188 1929 216 1951 et
229 1925 287 1959 ipse
295 1925 404 1959 planus,
415 1924 486 1958 quod
495 1924 673 1955 Athanasius,
682 1923 874 1958 Hieronymus,

82 1970 296 2003 'l‘beodoretus,
311 1970 437 1997 Gelasius
461 1970 552 1996 videre
575 1977 629 1996 non
656 1974 812 2003 potuerunt,
833 1969 876 1995 ille

82 2017 176 2044 statim
193 2016 327 2044 odoratus
349 2020 408 2048 est,
423 2016 473 2042 has
498 2015 603 2042 scilicet
627 2015 757 2049 epistolas
780 2014 875 2048 lgnatii

82 2063 215 2098 martyris
230 2070 292 2090 esse
308 2069 363 2089 non
379 2070 471 2097 posse,
484 2069 499 2088 a
513 2061 668 2089 recentiore
682 2061 775 2095 aliquo
788 2061 876 2095 impo-

82 2115 156 2137 store
183 2109 262 2136 ﬁctas
285 2116 356 2141 esse,
375 2117 425 2136 sua
452 2116 503 2143 ope
530 2109 664 2143 indigere,
688 2113 718 2135 ut
740 2116 790 2142 pro
814 2116 877 2135 rere

82 2154 234 2189 lgnatianis
254 2154 417 2181 habeantur.
434 2153 577 2186 Quomodo
594 2158 684 2180 autem
706 2154 763 2180 haec
779 2153 876 2187 deprc—

83 2198 214 2226 hendisse
239 2198 369 2233 putatur?
395 2208 404 2224 ε
418 2198 490 2226 Vidit
505 2204 585 2226 istam
602 2198 695 2230 Verbi,
722 2198 841 2231 scilicet,
860 2206 875 2224 a

932 268 1072 302 Vedelius,
1094 268 1224 296 Usserius
1241 274 1269 297 et
1292 269 1427 297 Dallaeus?
1445 269 1486 296 An
1502 269 1547 297 ille
1562 270 1667 297 veritus
1680 276 1722 298 est

931 322 967 342 ne
985 315 1098 350 obliqua
1122 315 1214 350 aliqua
1238 316 1334 349 verba,
1350 316 1383 342 ad
1407 315 1581 343 Valentinum
1602 315 1671 344 forte
1688 324 1722 344 ex

930 361 992 396 ejus
1015 362 1152 389 sententia
1177 362 1341 396 spectantia,
1356 361 1451 397 lgnatii
1476 369 1572 390 omnes
1591 362 1723 397 epistolas

931 412 1074 443 suspectas
1093 408 1254 440 redderent;
1280 409 1328 443 qui
1345 407 1478 436 Theodoti
1499 416 1598 436 nomen
1616 409 1643 436 in
1662 409 1722 439 epi-

931 454 1002 482 stola
1013 454 1046 481 ad
1060 454 1214 482 Trallianos
1224 454 1431 489 exprimendum
1445 454 1561 489 putavit,
1573 462 1654 489 quem
1666 460 1721 482 tant

930 501 977 529 diu
993 503 1056 535 post
1075 499 1250 527 Valentinum
1266 500 1369 528 vixisse
1384 508 1481 528 omnes
1497 501 1619 528 norunt?
1635 500 1719 528 Reco-

930 545 1022 573 lantur
1036 546 1118 573 verba
1130 553 1191 581 quae
1206 545 1322 573 Dallteus
1336 546 1393 581 ipse
1405 546 1487 581 paulo
1499 551 1572 579 ante,
1587 546 1622 574 ad
1639 547 1721 574 ﬁnem

929 599 1001 627 pene
1011 591 1113 626 prioris
1123 591 1232 627 capitis,
1242 599 1274 618 ex
1287 599 1336 618 sua
1348 592 1483 619 sententia
1497 593 1618 627 scripsit.
1634 601 1645 617 ‹
1658 591 1721 620 Haec

929 642 958 665 et
971 638 1025 665 alia
1041 638 1115 666 velut
1138 638 1165 665 in
1180 637 1353 666 Theodotum
1379 638 1454 666 dicta
1468 638 1526 673 ipse
1541 639 1720 674 epistolarum

930 683 1110 718 interpolator
1129 683 1269 718 accepisse
1284 691 1317 711 eo
1333 683 1474 717 noscitur,
1488 685 1561 719 quod
1579 685 1668 711 locum
1686 684 1719 711 ad

930 728 1079 757 Trallesios
1094 729 1186 757 hunc:
1211 738 1221 754 ι
1235 729 1331 764 Fugite
1343 729 1431 757 malas
1453 730 1617 765 propagines
1638 738 1720 765 gene—

929 779 1021 803 rantes
1042 774 1161 802 fructum
1187 774 1372 808 mortiferum,
1384 784 1394 801 D
1415 775 1554 803 illustrare
1566 780 1593 803 ct
1604 777 1720 812 ampliﬁ:

930 828 993 848 care
1016 821 1050 848 de
1063 828 1139 848 more
1163 820 1294 852 studens,
1309 828 1398 856 eoque
1411 821 1458 848 hic
1478 821 1581 849 addens
1595 822 1719 857 ipsorum

930 866 1122 894 haereticorum
1147 867 1259 894 nomina
1285 875 1355 901 quos
1370 867 1397 894 in
1410 868 1534 902 epistolis
1548 876 1619 903 quas
1634 868 1719 897 inter-

929 913 1039 947 polabat
1057 917 1168 940 notatos
1184 917 1212 940 et
1223 912 1357 940 refutatos
1372 921 1433 941 esse
1450 914 1574 948 putabat,
1593 914 1721 942 Theodo-

930 962 988 985 tum
1003 958 1075 986 inter
1088 958 1140 985 hos
1164 958 1266 986 diserte
1285 959 1411 986 ediderit.
1436 959 1614 995 lnterpolator
1625 961 1718 996 igitur,

928 1004 952 1032 si
966 1005 1025 1032 haec
1042 1004 1076 1032 ad
1092 1004 1267 1032 Valentinum
1283 1010 1423 1040 spectasse
1440 1006 1599 1041 cogitasset,
1617 1015 1671 1034 non
1685 1015 1716 1034 ea

928 1050 1075 1078 delevisset
1098 1058 1133 1078 ne
1158 1056 1297 1078 auctorem
1323 1051 1482 1086 proderent,
1504 1053 1550 1080 sed
1574 1060 1625 1088 pro
1642 1061 1719 1081 more

928 1102 992 1127 suo,
1005 1095 1048 1123 vel
1073 1095 1134 1131 ipso
1147 1096 1240 1130 judice
1264 1095 1376 1129 Dallaeo,
1390 1096 1527 1124 Valentini
1546 1104 1646 1125 nomen
1659 1098 1720 1126 edi-

928 1140 1024 1168 disset.
1055 1140 1107 1174 Qui
1133 1141 1207 1169 enim
1239 1141 1432 1169 haereticorum
1453 1142 1575 1175 nomine,
1600 1150 1671 1177 quos
1690 1143 1718 1170 in

928 1187 1052 1222 epistolis
1067 1195 1137 1222 quas
1159 1187 1341 1223 interpolabat
1358 1192 1470 1216 notatos
1489 1188 1574 1217 fuisse
1591 1190 1717 1224 putabat,

929 1234 1029 1261 addere
1043 1234 1184 1266 voluerat;
1199 1241 1286 1269 quare
1305 1233 1476 1262 Theodotum
1500 1235 1649 1268 insereret,
1664 1235 1719 1263 Va-

928 1279 1062 1307 lentinum
1072 1279 1222 1312 omitteret,
1232 1287 1295 1307 cum
1309 1278 1469 1309 Theodotus
1477 1279 1622 1307 Valentino
1633 1281 1719 1308 multo

927 1325 1021 1361 junior
1038 1329 1122 1358 esset,
1135 1325 1276 1360 multoque
1286 1325 1462 1353 manifestius
1478 1330 1585 1354 aetatem
1601 1327 1719 1362 scripto-

927 1372 967 1399 ris
980 1371 1127 1406 proderet?
1142 1369 1195 1398 Sed
1208 1371 1276 1398 nihil
1291 1371 1336 1399 ille
1349 1371 1404 1399 tale
1415 1372 1548 1407 cogitasse
1563 1373 1718 1402 censendus

928 1422 990 1451 est;
1018 1424 1108 1452 neque
1133 1417 1253 1445 rationes
1270 1418 1466 1453 excogitanda,
1482 1423 1530 1445 aut
1548 1419 1718 1454 providentia

928 1463 987 1497 Dei,
1002 1463 1095 1491 nescio
1109 1467 1289 1499 quapropter,
1308 1464 1363 1491 huc
1377 1464 1555 1498 advocanda;
1576 1472 1625 1499 pro
1641 1472 1718 1492 more

929 1517 981 1538 suo
1005 1509 1196 1544 interpolator,
1225 1510 1318 1537 omnia
1343 1509 1482 1537 illustrare
1503 1515 1530 1538 et
1550 1511 1718 1545 ampliﬁcare

929 1555 1053 1587 studens,
1067 1555 1125 1582 haec
1140 1554 1313 1588 immutavit;
1331 1554 1412 1589 plane
1426 1559 1455 1582 ut
1474 1554 1502 1581 in
1521 1555 1571 1583 hac
1585 1555 1644 1591 ipsa
1660 1557 1718 1591 epi-

927 1602 996 1629 stola
1021 1601 1104 1636 paulo
1124 1605 1187 1628 ante
1208 1608 1259 1636 pro
1285 1600 1327 1628 his
1345 1600 1453 1628 verbis:
1475 1601 1523 1632 Ὂς
1541 1600 1593 1637 πρὸ
1611 1601 1717 1628 αἰώνων

927 1647 1002 1683 παρὰ
1016 1647 1105 1683 Πατρὶ
1120 1645 1165 1683 ἦν,
1182 1646 1229 1673 καὶ
1246 1647 1275 1673 ὲν
1291 1646 1363 1673 τέλει
1385 1646 1483 1682 ἐφάνη,
1505 1655 1514 1672 ι
1530 1647 1577 1682 qui
1589 1653 1652 1674 ante
1664 1655 1716 1674 sae-

926 1693 989 1720 cula
1011 1693 1084 1728 apud
1099 1692 1206 1720 Patrem
1225 1696 1299 1723 erat,
1323 1696 1351 1720 et
1367 1692 1394 1719 in
1412 1691 1466 1718 ﬁne
1479 1692 1616 1727 apparuit,
1632 1702 1641 1718 »
1659 1693 1717 1720 haec

925 1740 1132 1775 paraphrastice
1148 1740 1305 1767 substituit:
1329 1739 1377 1771 ⁸ος
1394 1738 1447 1775 πρὸ
1461 1738 1565 1766 αἰώνων
1581 1739 1657 1775 παρὰ
1677 1740 1717 1775 τῷ

926 1786 1015 1822 Πατρὶ
1031 1786 1173 1822 γεννηθεὶς
1184 1807 1192 1819 ,
1208 1784 1243 1822 ἦν
1264 1786 1350 1821 Λόγος
1366 1786 1448 1819 Θεὸς,
1468 1786 1614 1822 μονογενὴς
1632 1786 1696 1819 Υἱός
1707 1795 1714 1802 ·

928 1835 976 1862 καὶ
989 1833 1036 1861 ἐπὶ
1051 1833 1190 1870 συντελείᾳ
1201 1834 1255 1861 τῶν
1266 1833 1370 1861 αἰώνων
1385 1834 1401 1860 ό
1415 1834 1496 1866 αὐτὸς
1508 1834 1639 1871 διαμένει.
1656 1834 1717 1871 Τῆς

927 1880 982 1916 γὰρ
992 1880 1153 1913 βασιλείας
1166 1879 1259 1907 αὐτοῦ
1274 1881 1330 1907 οὐκ
1344 1879 1412 1907 ἐστι
1424 1878 1522 1912 τέλος,
1535 1881 1601 1916 φησὶ
1615 1881 1712 1918 Δανιὴ)

927 1926 942 1952 ὁ
955 1926 1108 1962 προφήτης.
1127 1935 1137 1951 ‹
1151 1925 1204 1958 Qui
1220 1929 1283 1953 ante
1300 1925 1398 1953 secula
1412 1925 1518 1960 genitus
1533 1930 1575 1954 est
1590 1934 1604 1953 a
1624 1926 1715 1959 Patre,

926 1969 999 1997 Deus
1018 1969 1135 1997 Verbum
1146 1989 1155 2003 ,
1166 1968 1323 2003 unigenitus
1337 1967 1441 1995 Filius:
1457 1971 1484 1995 et
1499 1967 1526 1994 in
1543 1973 1717 1994 consumma-

930 2016 1006 2043 tione
1033 2015 1196 2043 saeculorum
1219 2014 1278 2049 ipse
1294 2018 1450 2049 permanet:
1475 2013 1551 2048 regni
1570 2013 1643 2040 enim
1659 2013 1717 2047 ejus

927 2068 980 2087 non
998 2061 1049 2088 erit
1071 2060 1143 2095 ﬁnis,
1165 2059 1254 2094 inquit
1277 2059 1372 2086 Daniel
1392 2059 1535 2093 propheta.
1551 2068 1561 2085 ›
1582 2057 1618 2085 Ut
1634 2057 1717 2093 igitur

928 2105 956 2132 in
971 2105 1026 2139 his,
1043 2105 1079 2132 ita
1096 2105 1123 2131 in
1142 2104 1196 2131 illis
1217 2104 1291 2131 nulla
1315 2103 1440 2131 lectionis
1458 2103 1614 2135 diversitas,
1629 2110 1717 2137 neque

927 2156 1021 2179 tamen
1033 2150 1087 2178 ulla
1097 2150 1299 2177 immutationis
1307 2148 1452 2177 manifesta
1459 2157 1557 2177 causa:
1571 2149 1616 2176 sed
1625 2149 1717 2183 priora

927 2198 1048 2225 auctoris
1065 2197 1148 2224 verba
1173 2202 1238 2224 sunt
1250 2217 1258 2229 ,
1274 2196 1429 2231 posteriora
1457 2196 1653 2231 paraphrastze.
1670 2195 1717 2229 qui

84 2244 146 2280 Sige
165 2244 369 2271 emanationem
385 2243 558 2271 Valentinum
577 2244 681 2280 lgnatio
696 2245 875 2271 recentiorem
892 2249 914 2277 ῐ)
928 2253 978 2281 pro
1003 2251 1081 2272 more
1103 2251 1155 2271 suo
1179 2243 1300 2271 breviter
1323 2250 1339 2269 a
1366 2246 1485 2277 martyre
1507 2241 1579 2268 dicta
1597 2240 1716 2275 longiori

82 2291 173 2324 olere;
187 2298 222 2318 eo
249 2290 392 2318 delendam
415 2292 535 2325 putavit,
562 2300 595 2318 ne
619 2291 756 2325 personati
779 2291 875 2326 lgnatii

83 2336 179 2363 drama
198 2336 337 2370 proderet.
352 2345 361 2362 ›
379 2336 513 2364 Callidum
529 2345 594 2364 sane
607 2342 634 2364 et
646 2337 800 2371 importune
812 2345 876 2371 pru—

84 2382 193 2410 dentem
208 2382 298 2409 virum
312 2382 371 2410 haec
384 2387 521 2417 arguunt;
537 2383 584 2409 sed
601 2383 748 2410 videndum
764 2384 876 2410 omnino

85 2435 119 2454 an
132 2434 167 2455 eo
189 2427 380 2463 interpolatori
403 2432 568 2463 competant.
585 2428 654 2461 Quid
668 2428 759 2455 enim?
779 2437 813 2455 an
832 2429 876 2455 ille

84 2474 156 2501 cavit
178 2481 214 2501 ne
240 2474 343 2508 aliquid
365 2474 392 2501 in
410 2474 454 2501 illa
471 2474 585 2508 epistola
605 2474 783 2508 reperiretur,
802 2475 875 2508 quod

85 2525 192 2548 aetatem
208 2519 348 2548 Valentini
363 2528 459 2555 sapere
476 2521 626 2552 videretur,
646 2521 692 2554 qui
709 2527 803 2547 omnes
821 2520 876 2548 fere

85 2566 217 2601 epistolas
242 2567 279 2593 ita
297 2567 503 2599 transmutavit,
531 2571 561 2593 ut
583 2567 625 2593 sui
649 2566 777 2600 temporis
801 2574 876 2593 more

86 2612 222 2647 modoque
237 2611 427 2646 loquerentur,
444 2616 470 2639 et
490 2611 542 2638 tria
560 2616 622 2646 post
635 2610 807 2637 Valentinum
823 2619 876 2638 δεε-

87 2657 146 2684 cuia
170 2657 318 2692 saperent?
344 2657 386 2684 An
413 2657 458 2684 ille
483 2656 581 2683 metuit
600 2663 632 2682 ne
648 2661 756 2683 aetatem
779 2656 875 2691 lgnatii

87 2703 219 2738 epistolici
233 2703 371 2739 proderet,
386 2703 434 2738 qui
447 2702 501 2730 ista
518 2710 580 2729 eum
597 2702 631 2729 ad
648 2701 875 2737 Philadelphenos

87 2750 250 2778 scribentem
275 2754 455 2785 repraesentat
474 2758 480 2776 :
502 2758 511 2774 ι
527 2748 692 2784 Presbyteri,
719 2750 825 2777 diaconi
850 2751 876 2775 et

89 2795 207 2830 reliquus
215 2796 319 2829 clerus,
332 2803 386 2822 una
395 2803 457 2823 cum
471 2795 572 2830 populo
583 2795 723 2827 universo,
732 2795 874 2827 militibus,

89 2841 296 2877 magistratibus
316 2845 344 2869 et
362 2842 482 2873 Caesare,
500 2841 552 2876 ipsi
565 2841 694 2876 episcopo
709 2841 847 2872 obediant,
864 2850 872 2866 ι

928 2292 1007 2327 ῥήσει
1026 2290 1189 2326 explicatius
1214 2293 1242 2317 et
1257 2288 1383 2316 ornatius
1407 2288 1514 2315 tradere
1540 2294 1570 2315 se
1595 2287 1718 2321 potuisse

925 2336 1069 2372 judicavit.
1080 2335 1216 2371 lgnatium
1224 2342 1279 2362 non
1291 2334 1474 2366 admittimus,
1484 2332 1717 2367 interpolatorem,

927 2383 986 2412 sive
997 2383 1116 2411 Arianus
1137 2381 1231 2415 fuerit,
1246 2381 1303 2409 sive
1321 2388 1388 2413 non,
1402 2380 1515 2407 omnino
1529 2379 1718 2414 repudiamus.

927 2431 1084 2465 pariterque
1095 2429 1285 2457 inanissimam
1298 2435 1360 2456 esse
1372 2428 1443 2455 hanc
1454 2426 1641 2461 conjecturam
1654 2432 1719 2461 pro—

926 2476 1098 2504 nuntiamus.

961 2522 1031 2550 Aliis
1055 2523 1139 2549 etiam
1164 2520 1252 2549 utitur
1275 2518 1443 2555 conjecturis
1457 2517 1491 2545 ad
1505 2516 1558 2545 hoc
1571 2523 1719 2552 argumen-

927 2572 985 2596 tum
1012 2567 1235 2599 introductoriis,
1250 2566 1338 2601 iisque
1356 2564 1443 2591 nihilo
1466 2563 1636 2590 melioribus.
1654 2561 1719 2589 Vult

926 2613 1000 2641 enim
1023 2612 1165 2641 Petavium
1193 2621 1203 2639 ‹
1218 2611 1284 2639 novi
1306 2610 1410 2646 aliquid
1434 2616 1495 2637 esse
1518 2609 1546 2635 in
1568 2607 1719 2635 Usseriana

926 2658 1048 2687 editione
1075 2666 1168 2686 secum
1196 2658 1337 2691 sensisse,
1362 2656 1436 2692 quod
1455 2659 1596 2683 auctorem
1614 2654 1720 2690 lgnatio

926 2705 1111 2734 recentiorem
1130 2708 1243 2739 arguat;
1270 2704 1353 2738 idque
1375 2707 1468 2738 patere
1484 2709 1518 2729 ex
1538 2701 1599 2736 ejus
1616 2700 1719 2735 eﬁ‘ugio

926 2752 985 2785 quo
1002 2750 1048 2778 illa
1069 2749 1104 2777 de
1126 2748 1188 2784 Sige
1203 2749 1285 2776 verba
1299 2756 1314 2775 a
1331 2747 1470 2775 Valentini
1484 2754 1567 2775 sensu
1584 2747 1721 2774 abducere

927 2801 1046 2825 conatus
1058 2799 1110 2824 est.
1127 2804 1136 2821 ι
1154 2794 1272 2822 Talesne
1288 2801 1353 2822 vero
1365 2794 1417 2821 sibi
1431 2798 1516 2822 testes
1528 2793 1671 2828 adiungit?
1686 2800 1720 2820 ex

930 2843 1158 2878 tali‘argumento
1177 2847 1271 2868 secum
1289 2839 1494 2867 consentientes
1504 2859 1512 2872 ,
1527 2843 1555 2866 et
1568 2846 1602 2866 ex
1618 2838 1721 2866 nostris

88 2894 147 2921 qua
160 2892 263 2925 scripta
279 2896 334 2916 non
353 2887 439 2916 fuisse
453 2891 601 2923 antequam
618 2886 734 2915 Romani
750 2887 880 2922 Caesares
932 2896 997 2917 suos
1012 2886 1096 2916 facit!
1114 2886 1228 2924 Silidem
1240 2892 1303 2914 cum
1317 2884 1418 2914 Dallaeo
1430 2892 1525 2913 revera
1541 2885 1627 2913 sensit
1641 2884 1720 2912 Peta-
