1866 3073
654 167 684 194 S.
703 163 876 194 IGNATIUS.
896 179 931 185 —
947 161 1217 192 PROLEGOMENA.

1736 158 1792 187 Μ

154 232 230 264 vius,
246 235 276 258 ut
301 230 346 258 ille
370 229 537 265 suspicatur,
562 233 590 258 et
612 227 695 264 Sigen
719 227 940 255 Valentinianam
955 226 979 256 Α
992 230 1022 253 ut
1035 225 1132 260 probet
1146 227 1242 252 contra
1255 222 1398 251 immotam
1415 226 1569 257 temporum
1585 220 1669 249 ﬁdem
1690 224 1793 248 aucto-

157 277 251 306 animo
264 277 399 312 probavit,
413 276 504 303 verbis
522 275 648 311 negavit;
665 275 690 303 is
704 279 779 302 certe
792 281 874 309 quem
890 273 944 301 sibi

158 324 291 359 adiungit,
305 331 385 359 quem
397 323 461 350 alibi
478 329 556 350 «vere
570 325 597 349 et
610 328 742 357 generose
750 320 783 348 de
792 319 944 356 Ignaiiam's

158 370 276 398 locutum
291 371 396 401 asserit.
413 377 489 405 quem
509 373 654 405 postquam
671 367 834 396 Vossianam
849 372 876 394 et
889 365 944 394 Us-

159 417 297 445 serianam
315 416 410 452 lgnatii
422 416 568 444 editionem
583 415 662 448 vidit,
676 422 726 450 pro
745 422 795 442 sua
811 413 946 450 singulari

157 463 282 491 doctrina
301 470 405 498 proque
425 462 541 490 solemni
565 462 684 498 quadam
700 469 749 490 sua
763 461 945 497 generositate

157 517 251 538 veram
267 509 360 537 statim
386 514 413 537 et
434 509 659 537 animadvertisse
673 514 701 537 et
714 508 870 545 professum
883 515 946 536 esse

159 556 236 588 dicit.
249 565 258 583 I
271 561 299 584 et
309 556 425 584 mendax
437 560 465 584 et
474 557 619 589 subdolus,
632 560 659 584 et
672 556 784 584 minime
795 562 946 592 generosus

159 611 205 631 aut
219 611 300 630 verax
316 607 344 630 ut
359 602 443 631 fuerit
456 610 566 631 necesse
580 608 632 631 est.
648 602 677 631 Si
692 603 746 631 ulla
762 603 867 631 homini
880 602 948 631 ﬁdes

159 655 213 680 est,
229 650 256 677 in
271 650 322 677 bac
339 658 424 678 causa
442 654 535 678 noster
554 655 596 678 est
609 649 754 684 Petavius;
772 650 795 678 si
811 650 896 684 nulla,
913 650 948 678 il-

160 696 250 723 iurum
263 701 314 724 est.
330 696 383 724 Sed
399 704 449 731 ego
461 697 495 724 de
510 696 562 724 ﬁde
573 695 675 724 Petavii
691 696 871 724 dubitandum
886 704 948 724 esse

160 744 275 771 minime
286 751 396 771 censeo.
409 743 438 771 Si
451 743 496 771 ille
510 742 622 771 Medicei
634 743 738 771 codicis
752 743 882 779 epistolas
894 750 949 770 non

161 791 255 818 minus
271 789 348 818 ﬁctas
365 790 470 825 putavit
482 798 564 826 quam
575 790 713 826 vulgares,
726 798 777 819 cur
792 790 842 818 has
856 794 950 826 postea

162 843 272 871 semper
284 837 444 872 repudiavit,
458 836 520 866 illas
528 837 656 870 admisit,
666 845 817 873 earumque
828 836 951 864 auctori-

163 887 219 910 tate
231 889 303 918 saepe
310 891 377 911 usus
384 888 426 911 est
433 883 444 910 ?
451 879 500 911 cur
507 891 536 911 se
543 883 570 911 in
577 883 621 911 his
629 883 783 918 rejiciendis
790 883 951 918 ingenuum,

164 927 193 954 iu
205 927 258 956 illis
273 928 437 964 recipiendis
452 929 611 957 mendacem
626 929 772 964 praestitit?
784 928 952 962 Certeillud,

165 975 239 1009 quod
257 974 403 1003 miriﬁcum
427 974 556 1011 effugium
580 975 698 1010 appellat
722 975 849 1007 Dallaaus,
863 975 953 1002 virum

164 1022 422 1057 praestantissimum
431 1027 486 1050 tam
495 1022 574 1050 laedis
581 1023 816 1059 tergiversationis
824 1030 878 1050 non
887 1029 955 1049 con-

167 1068 262 1096 vincit.
286 1068 352 1097 Nam
374 1073 401 1096 et
414 1076 465 1104 ego
487 1068 590 1097 Petavii
605 1077 716 1097 sensum
730 1069 763 1097 de
778 1068 896 1104 simplici
914 1068 955 1096 si-

166 1115 252 1143 lentio
266 1123 360 1143 verum
374 1123 435 1144 esse
451 1120 535 1151 puto;
549 1120 577 1143 et
594 1115 702 1143 tametsi
717 1116 750 1143 ad
767 1115 848 1151 Sigea
865 1115 955 1143 haere-

166 1161 286 1190 ticorum
301 1162 384 1190 verba
407 1162 527 1190 auctoris
547 1161 713 1194 referantur,
730 1166 761 1189 ut
784 1162 830 1190 alii
849 1162 954 1196 volunt,

166 1208 235 1236 nihil
251 1208 315 1236 inde
327 1209 390 1236 n0vi
413 1209 441 1236 in
455 1208 578 1243 epistolis
595 1216 667 1242 esse,
682 1208 750 1236 nihil
765 1208 836 1244 quod
857 1213 955 1236 aucto-

168 1261 226 1281 rem
247 1253 352 1289 lgnatio
370 1253 507 1289 iuniorem
530 1257 636 1290 arguat,
657 1261 720 1282 cum
736 1254 838 1281 nostris
857 1253 955 1288 sentio,

169 1299 251 1334 idque
266 1307 310 1327 me
325 1300 482 1328 ﬁrmissime
496 1301 749 1329 demonstraturum
765 1300 882 1328 conﬁdo.

204 1345 260 1374 Nec
271 1351 360 1375 tamen
377 1347 467 1375 adhuc
485 1348 518 1375 ad
534 1351 725 1383 argumentum
744 1347 832 1382 ipsum
852 1346 958 1375 accedit

169 1394 330 1430 priusquam
344 1393 411 1422 illud
423 1399 551 1427 annotet,
567 1393 640 1430 quod
663 1393 750 1429 ipsius
765 1397 956 1429 argumentum

171 1448 414 1476 supervacaneum.
425 1448 487 1469 esse
505 1445 533 1468 et
553 1441 655 1469 nullius
671 1449 737 1469 usus
758 1440 890 1468 ostendit.
903 1439 958 1468 0b-

176 1490 268 1514 servat
297 1486 370 1514 enim
399 1496 408 1513 ε
423 1487 482 1514 haec
506 1487 629 1523 epistola:
658 1488 740 1515 verba
764 1487 797 1515 ad
821 1486 959 1514 Valentini

171 1532 272 1568 dogma
297 1533 366 1560 adeo
388 1537 450 1568 apta
465 1537 547 1569 atquc
568 1534 692 1569 apposita
711 1541 782 1566 esse,
798 1538 839 1568 ut,
851 1533 959 1562 etiamsi

172 1586 251 1606 mens
271 1579 392 1607 auctoris
410 1579 474 1612 alio,
489 1580 554 1607 dum
573 1587 606 1607 ea
620 1580 762 1614 scriberet,
779 1580 958 1616 respexisset,

173 1625 231 1654 ﬁeri
240 1630 330 1653 tamen
346 1633 400 1653 non
414 1627 532 1661 potuerit
545 1627 610 1662 quin
626 1634 657 1654 ea
674 1626 803 1660 lrenaeus,
815 1627 838 1654 si
855 1631 959 1662 nosset,

173 1673 315 1709 arriperet.
333 1678 360 1701 et
385 1678 480 1701 contra
501 1672 638 1701 Valentini
660 1674 814 1710 expositum
835 1682 850 1702 a
870 1681 901 1702 se
915 1682 961 1703 so-

173 1720 279 1748 mnium
297 1719 397 1748 alicubi
414 1723 571 1754 usurparet.
588 1720 624 1747 At
640 1724 749 1748 constat
763 1719 895 1748 lrenmum
911 1728 960 1748 eo-

172 1774 235 1794 rum
252 1774 393 1801 nunquam
406 1767 576 1795 meminisse.
591 1776 601 1793 ι
615 1766 675 1794 Νοη
690 1767 727 1794 ita
740 1766 889 1803 disputavit
901 1766 962 1794 Sal-

175 1812 297 1846 masius,
322 1819 376 1840 non
400 1812 575 1846 Albertinus,
601 1813 648 1848 qui
674 1813 792 1849 scriptas
811 1813 896 1841 fuisse
912 1813 963 1842 bas

175 1859 306 1895 epistolas
319 1865 382 1888 ante
395 1858 488 1887 lrena:i
511 1859 596 1888 libros
608 1860 681 1887 ultro
695 1859 861 1894 fatebantur,
874 1868 964 1896 neque

175 1914 224 1934 eas
238 1905 339 1934 Irenaeo
360 1906 513 1943 incognitas
533 1906 619 1934 fuisse
632 1913 674 1933 ve.
687 1905 872 1936 somniahant.
889 1905 963 1933 Satis

176 1952 216 1980 illi
230 1956 340 1986 norunt,
353 1957 381 1980 et
397 1960 447 1980 nos
459 1952 567 1979 abumle
584 1951 773 1986 probavimus,
789 1950 864 1978 nullo
879 1950 963 1978 modo

178 1998 354 2026 sentiendum
382 2006 444 2026 esse
472 1997 605 2025 Irenaeum
630 1997 690 2025 haec
713 1997 806 2029 verba,
823 1997 846 2024 si
862 1996 965 2031 optime

177 2045 319 2076 novisset.
338 2045 361 2072 si
378 2044 412 2072 ad
429 2052 553 2076 manum,
568 2052 631 2073 cum
655 2043 796 2075 scriberet.
813 2042 965 2076 habuisset,

177 2098 274 2119 contra
292 2090 465 2118 Valentinum
488 2098 624 2125 usurpare
642 2090 773 2118 voluisse.
794 2089 864 2117 Cum
882 2089 965 2124 igitur

177 2139 221 2166 vir
235 2139 413 2166 doctissimus
429 2138 492 2165 inde
504 2137 660 2166 concludit:
678 2146 687 2163 ε
699 2136 771 2172 Ergo
784 2136 966 2171 undecunque

177 2184 237 2212 haec
247 2183 329 2216 verba
346 2188 454 2218 sumpta
467 2182 534 2216 sint,
550 2187 578 2211 et
600 2182 759 2218 quicunque
774 2181 811 2209 sit
822 2188 918 2208 eorum
932 2180 967 2208 de

177 2234 278 2258 caetero
292 2237 403 2263 sensus,
417 2229 461 2256 illa
485 2233 576 2257 tamen
599 2229 711 2257 evidens
726 2227 808 2255 nobis
822 2234 968 2263 argumen-

177 2280 236 2305 tum
257 2276 415 2304 ministrant
436 2275 470 2303 ad
486 2274 727 2303 demonstrandam
750 2274 850 2301 harum
863 2273 968 2308 episto-

177 2324 267 2353 larum
288 2325 437 2352 novitatem
463 2330 497 2350 ac
511 2322 747 2358 suppositionem:
763 2330 773 2348 ι
791 2320 818 2348 id
834 2319 907 2356 quod
926 2323 969 2347 est

179 2365 385 2406 iniquissimum
402 2369 533 2405 postulat.
558 2368 635 2396 Itane
658 2374 735 2400 vero,
751 2366 909 2402 quicunque
934 2365 970 2393 sit

179 2416 280 2444 horum
304 2415 451 2443 verborum
477 2421 591 2447 sensus,
615 2414 673 2442 sive
696 2416 795 2441 auctor
818 2411 971 2446 respexerit

180 2461 355 2489 Valentinum
376 2460 433 2488 sive
455 2467 522 2491 non,
538 2466 615 2494 teque
627 2458 742 2486 evidens
759 2456 812 2484 erit
824 2463 972 2491 argumen-

180 2512 239 2535 tum
252 2513 302 2542 pro
316 2505 438 2533 novitate
452 2503 641 2539 epistolarum,
656 2502 738 2538 idque
753 2509 839 2530 sensu
857 2500 973 2528 Dallaea-

180 2552 237 2581 no?
250 2550 348 2580 Nostro
359 2550 476 2578 fortasse
488 2556 569 2577 sensu
583 2556 659 2584 :cque
672 2548 785 2576 evidens
798 2554 861 2575 esse
871 2550 971 2581 potest,

180 2599 208 2627 id
221 2603 264 2626 est
283 2597 358 2625 nullo
371 2596 451 2625 modo
468 2596 589 2624 evidens.
603 2595 659 2624 Nos
673 2595 744 2623 forte
758 2599 835 2623 recte
848 2599 973 2621 asserere

180 2651 339 2679 possumus,
347 2643 405 2670 sive
415 2642 566 2677 respexerit
577 2646 674 2670 auctor
682 2640 820 2669 Valentini
830 2638 973 2671 hscresim,

181 2690 240 2718 sive
262 2698 332 2723 non,
347 2689 460 2724 perinde
473 2697 553 2723 esse;
571 2693 699 2717 neutrum
718 2688 791 2716 enim
811 2688 846 2716 ad
859 2684 975 2716 convel-

182 2736 289 2764 lendam
317 2735 494 2772 epistolarum
521 2736 733 2771 antiquitatem,
748 2735 822 2770 quod
846 2737 975 2765 scinsuS.

181 2782 329 2817 quidquam
347 2782 429 2809 valet.
441 2781 476 2809 At
488 2787 518 2809 ut
531 2782 586 2814 ille,
603 2782 650 2817 qui
664 2781 822 2809 verba'ba‘ec
837 2781 934 2808 advers
941 2784 976 2805 us

181 2824 357 2854 Valentinum
381 2826 483 2861 scripta
509 2826 596 2854 fuisse
622 2825 774 2858 contendit,
790 2825 837 2860 qui
856 2825 917 2852 ideo
935 2820 977 2852 alb

182 2871 285 2906 lauatio
300 2871 382 2899 scribi
396 2880 451 2899 non
464 2871 587 2907 potuisse
600 2871 711 2905 asserit,
727 2870 792 2905 quia
807 2869 970 2898 Valentinus

182 2917 286 2954 lguatio
294 2918 387 2954 iunior
400 2918 462 2950 fuit,
474 2918 520 2952 qui
536 2921 729 2951 argumentum
742 2916 832 2948 ipsum
843 2916 968 2946 producit

995 279 1052 301 rem
1069 272 1168 307 dogma
1188 270 1345 297 hareticum
1361 273 1424 304 post
1442 272 1560 296 mortem
1574 266 1677 303 lgnatii
1697 271 1794 294 ortum

995 318 1173 353 exposuisse:
1191 321 1222 344 ut
1236 316 1291 350 ille,
1310 316 1435 351 inquam,
1448 314 1562 350 perinde
1573 322 1634 342 esse
1651 313 1798 341 scriberet

995 365 1054 392 sive
1078 368 1175 392 auctor
1187 362 1363 391 Valentinum
1380 361 1546 398 respexerit,
1562 361 1620 389 sive
1633 368 1709 391 non,
1727 358 1797 387 mihi

996 411 1106 447 quidem
1120 410 1220 438 mirum
1233 410 1349 438 videtur.
1358 409 1444 436 Nemo
1457 415 1578 444 unquam
1595 407 1648 435 hoc
1661 405 1798 438 dixisset,

997 457 1044 493 qui
1062 457 1197 492 putaverit
1219 465 1249 485 se
1272 456 1360 484 valide
1378 455 1496 491 probare
1510 454 1633 490 potuisse
1652 456 1684 480 et
1698 459 1799 487 respe-

997 505 1072 532 xisse
1094 509 1232 532 auctorem
1254 503 1287 531 ad
1304 502 1476 531 Valentinum
1496 505 1524 529 et
1534 500 1672 536 lgnatium
1689 503 1799 534 marty-

998 559 1056 580 rem
1071 558 1127 586 praa
1140 554 1220 578 aetate
1235 558 1289 578 non
1304 549 1427 585 potuisse
1443 547 1564 577 scribere
1578 550 1678 574 contra
1693 544 1799 573 Valen-

998 597 1098 626 tinum.
1115 595 1193 623 Unde
1216 603 1266 631 ego
1288 595 1387 630 colligo
1400 594 1490 622 virum
1510 592 1708 621 doctissimum
1731 591 1799 618 huic

1000 648 1161 678 argumento
1177 642 1233 670 sive
1249 641 1437 673 Salmasiano,
1451 640 1509 668 sive
1524 638 1723 666 Blondclliano
1737 644 1796 665 ma-

1000 692 1073 720 xime
1093 690 1224 722 diﬁidere,
1244 697 1351 724 suoque
1374 688 1499 723 negativo
1521 686 1704 722 potissimum
1735 684 1797 712 uiti.

1000 738 1063 766 Haec
1075 742 1164 765 autem
1175 736 1317 764 fluctuatio
1331 739 1479 770 utrumque
1491 733 1573 763 simul
1581 732 1717 761 destruit.
1729 730 1798 759 Nam

1001 785 1023 814 si
1039 789 1136 812 auctor
1152 783 1322 811 Valentinum
1340 789 1394 810 non
1408 781 1539 816 respexit,
1553 781 1600 808 sed
1619 780 1699 808 aliud
1716 779 1798 815 plane

1001 831 1029 859 in
1041 830 1133 859 animo
1147 830 1253 861 habuit,
1265 833 1293 857 et
1306 828 1376 856 nihil
1390 827 1463 855 aliud
1478 835 1560 862 quam
1574 826 1696 862 simplex
1714 825 1799 853 silen-

1002 876 1070 904 tium
1093 875 1189 907 voluit,
1202 874 1273 910 perit
1296 877 1488 909 argumentum
1509 871 1661 904 internum,
1677 879 1714 898 ex
1739 870 1798 905 ipsa

1003 922 1117 958 epistola
1133 922 1262 950 ductum:
1287 924 1314 948 et
1326 919 1349 948 si
1371 923 1469 947 auctor
1490 918 1544 946 hoc
1558 921 1669 945 tantum
1696 917 1797 948 voluit,

1004 973 1078 997 certe
1093 976 1154 996 eum
1170 967 1290 995 [renatus
1303 970 1377 994 recte
1391 966 1542 1001 intelligere
1557 965 1666 1000 potuit;
1683 963 1758 999 quod
1775 963 1798 991 si

1004 1017 1042 1045 ita
1059 1014 1202 1048 intellexit,
1216 1021 1358 1049 nunquam
1375 1012 1458 1040 verba
1473 1011 1572 1047 lgnatii
1588 1014 1692 1039 contra
1712 1010 1799 1045 ipsius

1005 1066 1124 1091 mentem
1150 1061 1282 1088 adversus
1305 1058 1479 1086 Valentinum
1515 1064 1614 1092 urgere
1641 1055 1796 1088 voluisset,

1005 1109 1128 1142 adaeque
1141 1107 1215 1136 cadit
1232 1111 1422 1142 argumentum
1445 1108 1587 1132 externum
1601 1111 1616 1131 a
1631 1102 1745 1131 defectu
1759 1107 1798 1129 te-

1006 1154 1129 1182 stimonii
1150 1153 1352 1187 depromptum.
1374 1149 1468 1185 Neque
1481 1157 1547 1177 vero
1562 1148 1652 1183 magis
1666 1148 1798 1183 probatur

1006 1201 1150 1236 epistolam
1170 1200 1241 1227 hanc
1256 1197 1349 1226 lr'enaai
1374 1201 1453 1225 aetate
1474 1204 1529 1224 non
1546 1196 1699 1230 exstitisse,
1716 1202 1750 1223 ex
1766 1202 1797 1222 eo

1007 1247 1080 1283 quod
1100 1246 1219 1274 [rt-meus
1241 1245 1323 1273 verba
1345 1243 1403 1272 haec
1426 1243 1538 1271 minime
1552 1242 1648 1271 citavit
1665 1243 1797 1270 adversus

1007 1292 1194 1325 Valentinum,
1216 1298 1298 1326 quam
1325 1298 1375 1317 nec
1394 1294 1492 1325 quarto
1506 1288 1607 1317 saeculo
1627 1288 1756 1316 eamdem
1771 1287 1797 1314 iu

1008 1339 1150 1368 hominum
1165 1338 1292 1366 manibus
1313 1336 1409 1370 fuisse,
1424 1337 1496 1371 quod
1517 1343 1548 1363 ea
1566 1335 1649 1362 verba
1668 1342 1725 1362 non
1740 1334 1796 1361 lau-

1008 1385 1134 1415 daverint
1156 1384 1307 1424 Eusebius',
1323 1384 1489 1411 Athanasius
1500 1404 1507 1416 ,
1522 1382 1641 1410 Basilius
1667 1381 1796 1409 adversus

1008 1431 1219 1463 Marcellum,ad
1236 1430 1314 1465 cujus
1327 1430 1455 1458 hmresim
1470 1429 1640 1457 refutandam
1657 1427 1742 1466 verba
1754 1427 1795 1454 illa

1008 1480 1039 1512 ὃς
1055 1480 1129 1506 ἐστιν
1141 1476 1224 1504 αὐτοῦ
1241 1477 1326 1510 Λόγος
1343 1476 1437 1508 ἀΐδιος,
1454 1479 1534 1503 erant
1549 1473 1794 1510 opportunissima.

1009 1524 1156 1553 Marcellus
1170 1523 1243 1551 enim
1258 1521 1352 1550 docuit
1360 1521 1501 1549 Christum
1516 1520 1601 1548 fuisse
1611 1519 1694 1555 ψιλὸν
1705 1519 1794 1553 Λόγον,

973 1578 996 1611 c
1011 1571 1183 1605 minimeque
1195 1574 1338 1602 aeternum,
1350 1572 1380 1596 ut
1393 1567 1540 1595 orientales
1556 1566 1678 1602 episcopi
1696 1572 1796 1593 assere-

1010 1618 1095 1646 bant:
1122 1616 1280 1652 aliquando,
1304 1615 1419 1646 scilicet.
1439 1614 1559 1642 Verbum
1584 1620 1640 1641 non
1667 1612 1760 1644 fuisse,
1772 1615 1796 1639 et

1009 1673 1045 1693 ne
1059 1672 1133 1692 nunc
1148 1663 1257 1698 quidem
1277 1670 1338 1690 esse
1353 1661 1480 1690 asseruit.
1504 1660 1544 1689 lta
1560 1660 1728 1688 sententiam
1741 1659 1796 1693 eius

1010 1709 1122 1745 exponit
1136 1708 1165 1736 S.
1179 1707 1298 1735 Basilius
1311 1706 1425 1741 epistola
1435 1706 1469 1734 52
1481 1716 1488 1734 :
1498 1707 1546 1738 ’ος
1558 1706 1643 1740 Λόγον
1659 1705 1710 1742 μὲν
1726 1703 1795 1740 εἰρῆ-

1012 1754 1074 1783 σθαι
1100 1753 1147 1781 τδν
1173 1752 1303 1790 μονογενῆ
1330 1752 1436 1784 δίδωσι,
1465 1751 1535 1779 κατὰ
1560 1751 1655 1788 χρείαν
1683 1751 1729 1778 καὶ
1753 1749 1795 1777 ἐπὶ

1010 1801 1109 1838 καιροῦ
1132 1799 1314 1837 προελθόντα,
1332 1798 1413 1826 πάλιν
1436 1799 1465 1826 δὲ
1489 1799 1529 1831 εις
1549 1798 1594 1825 τδν
1609 1798 1674 1825 ὅθεν
1694 1796 1796 1832 ἐξῆλθεν

1012 1846 1270 1884 ἑπαναστρέψαντα,
1290 1845 1351 1873 οὔτε
1377 1845 1431 1880 πρὸ
1455 1845 1504 1881 τῆς
1530 1844 1619 1872 ὲεὸδου
1636 1841 1725 1873 εἶναι.
1740 1841 1795 1870 οὔτε

1015 1894 1084 1932 μετὰ
1093 1893 1143 1930 τὴν
1155 1892 1285 1920 ἐπάνοδον
1296 1891 1455 1926 ὑφεστάναι.
1469 1900 1479 1917 ι
1492 1890 1544 1924 Qui
1555 1890 1727 1926 unigenitum
1741 1888 1795 1923 qui-

1014 1941 1076 1970 dem
1092 1940 1213 1968 Verbum
1231 1939 1285 1967 dici
1304 1938 1442 1970 concedit,
1457 1938 1608 1966 secundum
1624 1946 1707 1965 usum
1734 1941 1758 1964 et
1771 1935 1794 1962 in

1015 1992 1137 2022 tempore
1150 1985 1339 2022 progrediens,
1357 1992 1468 2012 rursum
1480 1988 1571 2011 autem
1584 1983 1617 2011 ad
1633 1983 1712 2010 illum
1724 1990 1737 2009 a
1748 1989 1796 2017 quo

1015 2033 1099 2062 exivit
1124 2025 1277 2065 revertens,
1292 2035 1384 2066 neque
1409 2034 1472 2058 ante
1495 2030 1598 2058 exitum
1626 2037 1701 2061 esse,
1716 2035 1797 2063 neque

1015 2085 1078 2117 post
1091 2080 1210 2108 reditum
1224 2078 1386 2106 subsistere.
1405 2087 1414 2104 ι
1432 2077 1490 2105 lmo
1504 2084 1571 2104 vero
1586 2075 1733 2104 Marcellus
1746 2075 1798 2110 ipse

1016 2127 1054 2154 ita
1067 2134 1097 2154 se
1116 2125 1246 2161 exprimit
1263 2124 1333 2160 apud
1358 2123 1519 2157 Eusebium,
1535 2123 1614 2158 quasi
1636 2122 1720 2150 fuerit
1742 2125 1798 2148 ante

1017 2178 1126 2199 omnem
1151 2177 1243 2196 rerum
1261 2167 1480 2203 productionem,
1506 2167 1608 2202 ἡσυχία
1632 2175 1693 2198 τις,
1721 2166 1748 2192 ὲν
1765 2163 1798 2199 τῷ

1017 2216 1078 2252 Θεῷ
1095 2215 1141 2243 τοῦ
1158 2215 1244 2249 Λόγου
1261 2214 1347 2246 ὄντος,
1371 2223 1381 2240 ι
1396 2213 1533 2241 silentium
1550 2212 1701 2248 quoddam,
1719 2211 1799 2238 Verbo

984 2256 1047 2290 Din
1070 2261 1126 2288 Deo
1140 2260 1302 2293 exsistente,
1318 2268 1327 2286 ι
1349 2267 1412 2287 cum
1426 2263 1518 2286 autem
1539 2258 1658 2286 mundus
1673 2258 1798 2285 creandos

1018 2311 1101 2336 esset.
1118 2306 1179 2334 τότε
1196 2307 1210 2333 ὁ
1226 2305 1311 2340 Λόγος
1339 2304 1477 2342 προελθὼν
1502 2305 1607 2339 ἐγίνετο
1632 2304 1681 2331 τοῦ
1706 2304 1799 2338 κόσμου

1019 2355 1145 2390 ποιητής,
1167 2363 1176 2379 ‹
1189 2357 1255 2381 tunc
1272 2351 1392 2380 Verbum
1411 2351 1589 2387 progrediens
1612 2351 1695 2379 ﬁebat
1714 2349 1799 2378 tuendi

1020 2400 1156 2429 conditor.
1173 2409 1183 2425 ι
1200 2398 1252 2426 Ubi
1268 2398 1355 2426 obiter
1370 2405 1468 2425 moneo
1486 2397 1568 2425 verba
1583 2405 1644 2432 quae
1658 2397 1730 2432 apud
1750 2395 1799 2422 Eu-

1022 2446 1127 2475 sebium
1144 2449 1306 2480 sequuntur,
1317 2444 1331 2472 ὃ
1347 2444 1537 2480 καὶπρότερον
1549 2443 1622 2471 ἔνδον
1633 2443 1736 2479 ωητῶς
1750 2442 1800 2468 vivo—

1024 2492 1117 2529 μάζων
1133 2491 1231 2524 αὐτόν;
1257 2495 1284 2518 et
1296 2491 1334 2518 ita
1348 2490 1515 2523 redduntur,
1531 2499 1541 2517 ι
1556 2490 1630 2526 quod
1644 2491 1721 2525 prius
1736 2489 1799 2516 intus

1023 2538 1242 2566 intellectualiter
1256 2537 1379 2565 residens
1390 2537 1401 2548 ‘
1422 2537 1479 2571 ipse
1495 2536 1557 2569 fuit,
1574 2546 1583 2563 ι
1601 2537 1703 2571 duplici
1717 2542 1800 2562 emen-

1024 2585 1132 2614 datione
1151 2592 1220 2619 opus
1240 2584 1352 2616 habere,
1365 2588 1392 2611 et
1407 2583 1446 2611 sic
1465 2583 1555 2618 primo
1570 2583 1633 2618 legi,
1649 2584 1663 2610 6
1680 2583 1726 2610 καὶ
1741 2580 1800 2617 πρό-

1023 2641 1102 2670 τερον
1121 2631 1194 2659 ἔνδον
1219 2630 1321 2666 ναητῶς
1338 2629 1489 2665 ἑτοιμάζων
1505 2629 1586 2656 αὐτόν
1615 2629 1657 2664 (ut
1673 2629 1700 2657 in
1717 2627 1761 2654 lib.
1784 2632 1799 2652 u

1027 2679 1066 2707 De
1082 2679 1146 2707 εδει.
1167 2678 1279 2713 theolog.
1296 2685 1321 2706 c.
1333 2677 1361 2709 8,
1375 2681 1402 2704 et
1418 2676 1465 2703 lib.
1485 2683 1529 2708 Ill,
1544 2683 1570 2703 c.
1582 2675 1610 2707 ὅ,
1624 2672 1767 2710 leguntur),
1778 2675 1800 2698 et

1026 2724 1054 2752 in
1070 2724 1144 2751 hunc
1159 2723 1270 2750 modum
1286 2722 1354 2750 verti
1369 2722 1478 2753 debere,
1506 2731 1515 2747 ε
1531 2720 1580 2755 qui
1595 2720 1677 2748 etiam
1693 2724 1752 2747 ante
1763 2718 1800 2744 in-

1026 2774 1072 2798 tus
1088 2770 1307 2797 intellcctualiter
1323 2768 1485 2804 praeparavit
1501 2777 1575 2796 eum.
1593 2779 1603 2796 ι
1623 2768 1694 2802 Quid
1706 2767 1737 2795 ad
1751 2766 1800 2793 haec

1027 2817 1146 2845 Marcelli
1166 2816 1313 2844 refellenda
1331 2816 1432 2849 aptius,
1450 2823 1532 2850 quam
1553 2814 1649 2850 lgnatii
1666 2813 1739 2845 illud,
1758 2810 1801 2837 οὔκ

1028 2863 1082 2891 ἀπὺ
1100 2863 1178 2897 σιγῆς
1195 2862 1353 2898 προελθών;
1370 2862 1441 2897 quod
1465 2866 1556 2889 tamen
1583 2865 1690 2888 veteres
1705 2858 1741 2886 illi
1755 2856 1801 2883 Ευ-

1031 2907 1135 2942 sebius,
1146 2906 1320 2938 Athanasius.
1330 2907 1460 2939 Basilius.
1472 2906 1573 2939 quibus
1585 2904 1708 2937 limatius
1717 2906 1798 2931 uoster
