1866 3073
50 155 96 183 907

422 157 448 185 ³.
469 157 650 186 PEARSONII
671 158 832 188 VINDICIE

925 159 1061 189 .TIANE.
1081 175 1117 182 —
1135 161 1224 190 PARS
1244 161 1277 189 ιι.

1623 165 1678 194 298

52 222 102 243 tam
126 214 209 250 probe
231 216 367 250 cognitus
393 221 458 250 est,
473 217 585 245 minime
611 223 789 253 usurparunt.
805 218 839 246 Et
852 226 875 254 Α
889 225 923 246 ex
950 218 1171 246 adversariorum
1196 219 1330 247 sententia
1344 220 1469 248 confecta
1490 220 1564 249 erit:
1582 229 1677 250 assero

52 261 155 296 qtidem
167 260 304 289 Eusebius
317 261 394 290 hanc
406 262 527 290 Marcelli
542 264 705 292 sententiam
716 272 778 292 cum
792 264 838 292 illa

53 308 131 334 veteri
147 306 346 335 Gnosticorum
361 314 515 348 comparat,
531 317 580 337 nec
594 314 684 339 tamen
698 310 839 346 lgnatiana

54 353 106 384 illa.
121 361 182 388 qua:
197 353 256 388 ipse
270 354 378 389 optime
394 360 517 387 noverat,
535 355 663 383 Marcello
677 356 782 391 objicit.
802 357 839 384 lta

55 397 120 423 enim
129 397 311 431 loquiturlib.
327 405 393 430 u,c.
412 398 461 426 19:
475 400 506 425 Ἀ
520 399 547 426 δὲ
564 400 723 436 Μάρκελλος
739 401 839 436 ἐτόλμα

56 443 237 475 ὑποτίθεσθαι,
255 444 342 470 πάλαι
367 445 417 480 μὲν
442 445 527 479 λέγων
544 444 613 473 εἶναι
630 447 675 473 τὸν
694 447 774 480 Θεὸν,
793 449 840 475 καὶ

56 489 110 515 τινὰ
125 489 244 524 ἡσυχίαν
262 490 322 524 ἅμα
339 490 378 525 τῷ
394 490 453 525 Θεῷ
471 490 635 526 ὑπογράφων
657 491 762 528 ἐαυτῷ,
781 493 839 520 κατ’

55 534 129 560 αὐτὸν
147 535 251 560 ἐκεῖνον
267 534 314 561 τὸν
332 535 386 562 τῶν
409 535 495 562 ἀθέων
518 536 683 572 αἱρεσιωτῶν
708 538 838 574 ἀρχηγὸν,

56 579 81 610 ὃς
91 580 123 605 τὰ
132 579 200 606 ἄθεα
212 579 385 615 δογματίζων
402 581 566 616 ἀπεφαίνετο
582 582 678 616 λέγων,
688 581 757 611 (Ἦν
773 583 838 616 Θεὸς

56 624 97 650 11':
115 625 177 660 ειγή
188 633 194 640 ⁸
203 635 212 650 ι
224 625 295 660 μετὰ
304 626 331 652 δὲ
341 625 390 661 τὴν
408 626 485 662 σιγὴν
495 627 541 653 καὶ
550 627 598 663 τὴν
606 628 721 664 ἡσυχίαν
739 629 838 665 προελ-

56 670 106 695 θεῖν
123 669 168 696 τὸν
192 671 280 705 Λόγον
300 671 347 698 τοῦ
364 671 431 698 Θεοῦ
449 672 477 698 ὲν
500 673 570 708 ἀρχῇ
594 673 642 709 τῆς
664 675 840 710 κοσμοποιτας

56 716 183 751 δριττικῇ
202 717 338 752 ἐνεργείᾳ.
360 717 447 751 «Quae
468 722 557 745 autem
580 726 733 754 supponere
755 728 839 748 ausus

56 767 94 789 est
108 762 269 796 Marcellus,
288 764 383 791 dicens
397 764 462 791 olim
479 764 585 799 quidem
603 765 686 794 fuisse
701 766 798 799 Deum,
813 772 840 795 et

57 809 170 842 quietem
184 810 333 844 quamdam
349 810 430 837 simul
447 818 509 838 cum
523 810 579 838 Deo
593 812 751 840 describens
774 812 838 848 (se-

57 855 173 881 cundum
185 855 278 890 ipsum
291 855 519 891 illumimpiorum
534 857 721 886 bzereticorum
730 859 837 892 ducem,

57 900 99 934 qui
127 901 213 934 impia
238 901 428 936 dogmatizans
456 903 577 930 deﬁnivit
603 903 746 938 inquiens.
773 904 840 932 Erat
857 905 878 932 Β

59 946 121 972 Deus
132 952 158 972 et
171 947 337 982 silentium),
349 952 410 982 post
423 948 560 976 silentium
574 954 664 977 autem
679 954 707 978 et
721 950 840 985 quietem

56 993 223 1025 processisse
244 993 364 1021 Verbum
392 994 438 1021 Dei
469 995 496 1022 in
523 996 658 1031 principio
692 997 840 1025 creationis

55 1039 144 1065 mundi
170 1038 276 1066 eﬁicui
300 1039 469 1073 operatione.
486 1049 495 1066 ι
523 1040 591 1068 (lum
607 1041 691 1077 igitur
705 1041 840 1070 Eusebius

55 1082 211 1110 Marcellum
236 1084 440 1119 perstrinxerit,
456 1085 528 1119 quod
542 1085 661 1113 Verbum
677 1091 738 1121 post
757 1087 841 1114 silen-

55 1131 117 1156 tium
134 1130 271 1164 prodiisse
291 1130 401 1163 dixerit,
414 1134 441 1158 et
457 1131 537 1158 simul
556 1132 639 1159 etiam
654 1132 842 1162 observaverit

57 1177 109 1203 haec
119 1183 134 1202 a
148 1175 291 1203 Gnosticis
304 1176 401 1204 hausta
415 1185 485 1211 esse,
498 1179 569 1213 apud
580 1186 650 1213 quos
663 1179 751 1214 primo
762 1184 841 1207 erant

56 1222 122 1250 Deus
137 1228 165 1250 ct
181 1224 342 1257 silentium;
361 1232 424 1252 cum
437 1224 508 1252 idem
525 1225 678 1253 certissime
692 1226 774 1254 etiam
790 1234 841 1254 no-

57 1269 121 1296 verit
140 1270 199 1297 haec
223 1278 286 1304 quae
310 1278 384 1298 nunc
399 1271 471 1305 apud
491 1270 624 1307 lgnatium
647 1271 774 1307 legimus,
790 1279 848 1300 nec-

59 1320 142 1342 Iamen
169 1315 305 1344 adversus
328 1315 446 1344 Marcelli
466 1317 591 1346 haeresim
617 1318 756 1353 usurparit
777 1318 840 1346 loco

59 1363 118 1390 satis
143 1369 312 1398 opportuno,
326 1363 388 1398 quis
415 1371 469 1391 non
495 1363 569 1391 videt
591 1363 652 1392 sine
667 1364 723 1392 ullo
742 1363 841 1392 funda-

59 1414 144 1436 mento
170 1408 257 1436 asseri
276 1409 416 1444 lgnatiana
444 1409 536 1436 lrenmi
555 1411 656 1438 saeculo
683 1418 737 1437 non
757 1411 842 1438 exsti-

60 1454 130 1484 tisse,
145 1453 221 1488 quod
243 1460 276 1480 ea
296 1454 340 1481 ille
355 1455 487 1482 adversus
503 1453 640 1482 Valentini
662 1456 769 1484 somnia
785 1464 841 1484 non

59 1499 193 1533 usurparit
203 1500 216 1526 τ

91 1545 223 1578 Quocirca
236 1545 291 1572 levi
305 1545 524 1573 antecedentium
541 1547 761 1582 conjecturarum
773 1547 841 1574 vell-

60 1592 156 1619 tatione
172 1591 288 1625 diﬁlata,
305 1592 339 1619 ad
355 1596 546 1627 argumentum
562 1593 650 1628 ipsum
667 1600 682 1620 a
698 1591 842 1620 Valentino

61 1639 165 1666 ductum
179 1638 298 1672 accedo;
313 1643 398 1673 utque
419 1639 484 1666 illud
500 1639 602 1666 nullam
619 1639 672 1666 vim
687 1639 721 1666 ad
733 1639 842 1667 elevan-

64 1684 116 1712 dam
138 1684 238 1720 lgnatii
253 1685 443 1712 auctoritatem
453 1705 461 1718 ,
476 1685 532 1712 imo
548 1693 583 1712 ne
597 1685 714 1720 speciem
731 1685 842 1720 quidem

64 1731 136 1758 ullam
160 1736 210 1758 aut
233 1731 502 1759 verisimilitudinem
527 1731 667 1759 continere
685 1731 841 1764 ostendam,

63 1783 173 1811 quatuor
194 1777 434 1812 propositionibus
454 1785 511 1804 rem
528 1785 637 1805 omnem
664 1777 841 1813 complectar,

63 1824 153 1858 quibus
166 1829 195 1851 et
207 1824 350 1851 veritatem
359 1823 511 1851 luculenter
524 1828 703 1859 exponam,et
715 1824 843 1852 omnibus

61 1868 277 1897 adversariorum
291 1869 492 1904 objectionibus
505 1869 729 1898 manifestissime
744 1877 843 1897 occur-

61 1922 120 1942 ram.
137 1916 242 1943 Assero
258 1915 341 1950 igitur
358 1916 448 1950 primo
461 1909 614 1944 clarissime
630 1921 725 1951 patere
746 1921 843 1944 aucto-

59 1968 107 1989 rem
123 1962 250 1997 epistola:
268 1961 302 1988 ad
325 1961 480 1997 Magnesios
500 1962 603 1989 nullam
621 1962 702 1989 aliam
717 1962 842 1990 haeresim

58 2008 141 2035 verbis
151 2017 185 2036 ex
199 2016 231 2035 ea
243 2008 359 2043 prolatis
372 2008 538 2042 respexisse,
548 2016 631 2043 quam
646 2016 704 2036 eam
719 2017 780 2044 quae
791 2009 844 2036 fuit

57 2052 146 2088 lgnatii
169 2062 232 2082 aevo
251 2054 439 2090 cognitissima
453 2075 461 2087 ,
485 2053 673 2082 Ebionitarum
693 2056 796 2084 scilicet
817 2061 844 2084 et

55 2098 260 2129 Nazarseorum.
278 2099 347 2127 Cum
365 2105 458 2127 autem
480 2101 629 2128 adversarii
652 2101 719 2129 adeo
735 2110 844 2130 asseve-

54 2152 144 2174 ranter
155 2146 339 2178 contendant,
355 2147 413 2173 haec
425 2146 547 2181 epistola:
564 2148 646 2175 verba
661 2148 694 2176 ad
707 2148 842 2177 Valentini

53 2198 242 2220 commentum
264 2192 409 2227 respicere,
423 2192 537 2228 ejusque
561 2194 699 2228 peculiare
716 2195 841 2223 delirium

52 2244 147 2273 reapse
164 2238 251 2266 ferire
267 2248 274 2265 :
289 2246 384 2266 assero
399 2238 519 2266 secundo
538 2240 620 2267 verba
643 2241 712 2275 ipsa,
729 2246 759 2268 ut
778 2246 842 2269 sunt

50 2284 82 2311 ab
97 2289 215 2311 auctore
228 2284 350 2319 epistolze
366 2285 481 2319 prolata,
495 2286 528 2313 ad
543 2284 717 2314 Valentinum
730 2288 842 2316 omnino

50 2338 104 2358 non
119 2336 260 2366 spectare,
275 2338 326 2358 nec
339 2331 398 2358 sine
416 2331 533 2358 violenta
558 2332 715 2361 detorsione
729 2334 762 2360 ad
782 2334 841 2369 ejus

50 2377 177 2405 lueresim
185 2377 374 2412 exponendam
384 2375 606 2414 refutandamquc
614 2379 742 2414 applicari
751 2388 840 2415 posse.

50 2422 77 2450 Si
93 2424 161 2458 quis
175 2427 269 2450 tamen
289 2423 380 2450 adhuc
394 2423 453 2450 sine
471 2423 576 2452 ratione
592 2424 726 2452 Valentini
743 2426 841 2461 dogma

49 2469 192 2504 respicere
216 2469 275 2496 hate
301 2469 383 2496 verba
402 2470 525 2504 potuisse
541 2471 623 2504 velit,
642 2479 677 2499 ne
692 2473 841 2508 quidquam

48 2521 149 2543 contra
165 2515 360 2550 antiquitatem
373 2515 497 2551 epistola:
511 2516 569 2544 haec
581 2516 675 2552 iniqua
685 2519 841 2553 conjectura

49 2562 144 2589 valere
152 2561 285 2588 videatur
297 2569 304 2586 :
317 2568 412 2588 assero
425 2562 507 2589 tertio
516 2561 589 2589 illam
603 2562 689 2597 ipsam
704 2563 841 2597 haeresim,

49 2612 192 2642 quatenus
207 2607 250 2635 his
261 2607 353 2635 verbis
369 2607 445 2635 feriri
460 2613 581 2643 putatur,
596 2608 740 2639 Valentino
754 2611 843 2641 fuisse

50 2653 251 2688 antiquiorem,
265 2657 293 2680 et
309 2660 325 2680 a
340 2653 537 2682 vetustioribus
555 2656 686 2690 gnosticis
699 2657 750 2692 ipsi
765 2657 843 2693 lgna-

51 2698 90 2725 tio
101 2699 203 2726 coaevis
214 2698 370 2726 certissime
382 2698 541 2728 derivatam.
555 2699 632 2733 Quod
647 2702 670 2729 si
683 2702 744 2738 quis
759 2704 842 2731 etiam

49 2744 137 2772 adhuc
153 2744 327 2779 pnetractius
339 2747 410 2774 tueri
420 2748 495 2780 velit,
509 2754 648 2778 auctorem
664 2751 784 2786 epistolae
796 2752 840 2780 his

49 2790 138 2818 verbis
164 2790 340 2820 Valentinum
368 2793 457 2828 ipsum
482 2797 654 2830 respexisse,
680 2805 731 2825 nec
759 2798 840 2834 Sigen

50 2835 184 2870 prioribus
202 2836 343 2865 haereticis
365 2839 501 2874 cognitam
522 2840 608 2870 fuisse
626 2847 688 2877 post
707 2848 747 2871 tot
764 2848 841 2871 vete-

52 2889 111 2910 rum
125 2888 217 2918 aperta
232 2883 391 2910 testimonia
404 2886 532 2915 concedat
545 2896 551 2914 :
568 2896 616 2916 nec
628 2889 668 2917 sic
678 2890 785 2925 quidem
798 2896 842 2917 res

209 2929 353 2961 ΡΔτιιοι,
378 2929 436 2960 Gn.
459 2932 498 2964 V.

890 264 964 291 enim
987 269 1097 299 quarto,
1112 264 1188 291 nullo
1203 270 1366 300 argumento
1381 267 1448 294 satis
1463 267 1543 294 ﬁrmo
1564 267 1675 302 probari

890 317 970 343 posse
983 309 1058 344 ipsos
1066 309 1198 337 Valentini
1209 311 1361 346 peculiares
1371 319 1481 341 errores
1494 313 1581 342 fuisse
1594 313 1676 349 lgna-

889 355 928 382 tio
943 355 1054 389 martyri
1066 363 1179 391 prorsus
1194 357 1358 389 incognitas.

1196 424 1311 453 CAPUT
1333 425 1375 454 IV.

890 479 982 521 Prima
1003 482 1124 521 (isset-"tio,
1141 481 1218 521 uerba
1238 481 1285 521 ille
1299 483 1348 521 οὐκ
1365 483 1513 521 ἀπὸ-σιγῆς
1537 486 1675 521 προελθών

925 515 1035 551 heresin
1058 515 1247 543 Ebionitarum
1262 517 1356 551 ferire,
1372 515 1510 550 probatur"
1521 515 1674 548 eat-antece-

925 550 1046 587 dentibus
1057 556 1081 587 et
1095 550 1320 587 consequentibus.
1339 553 1489 587 Ezplicutio
1500 559 1603 582 tantum
1613 562 1675 583 sunt

926 585 1014 625 Λόγοο
1035 586 1284 625 diﬁiou._0ppo§ilio
1308 585 1471 625 ἰῃιρῖλόγον
1486 594 1511 616 et
1526 588 1604 625 σιγὴν
1621 592 1675 625 fre-

926 606 1011 619 .-νιυ-
1035 606 1129 612 una-uv-
1150 606 1283 620 vrrvu-IOV
1308 606 1370 614 ιιιιιι
1394 606 1470 622 Λυιυν
1486 606 1511 616 ὖ,
1526 606 1581 624 υιςι
1594 606 1604 615 V
1621 606 1673 625 ΙΙῦ·

925 621 1107 658 quentissimtt.
1125 620 1229 658 Petavii
1242 623 1368 658 expositio
1381 623 1540 658 defenditur.
1557 606 1673 658 Ohict'lio

926 655 958 682 de
973 656 1072 690 frigida
1088 656 1217 683 locutione
1231 657 1360 690 reﬁcitur.
1380 655 1485 685 Similes
1499 655 1610 687 retermu
1623 660 1674 687 Pa-

927 694 997 730 trum
1008 691 1205 731 explicationes
1218 692 1376 731 afferuntur.
1394 693 1518 731 Geminus
1533 694 1562 722 S.
1579 697 1672 731 Augu-

925 725 989 751 stini
1001 725 1250 764 locuspiudicutur,
1269 733 1294 754 et
1316 728 1401 754 altera
1428 729 1562 764 Fulgentii
1583 725 1675 764 ﬁrma-

925 738 989 751 mm
1005 738 1075 752 iocus
1090 738 1250 758 vmuwutur,
1269 738 1294 754 ει
1316 738 1401 754 auaro
1428 738 1477 755 rut
1497 738 1562 757 euut
1583 738 1675 764 prma-

925 764 978 800 ριν.
996 759 1175 800 chuliouem
1185 762 1289 788 inanem
1311 771 1362 789 non
1376 772 1440 800 esse.
1471 738 1524 791 V901;
1537 766 1676 800 προελθεῖν

925 794 1073 835 Pet-aviario
1087 796 1175 835 sensui
1191 802 1389 835 nourepugnut,
1411 799 1457 824 Ἐκ
1472 794 1604 835 σιγῆςύεἰ
1622 801 1675 827 ἀπὸ

926 830 1005 865 σιγῆς
1017 838 1070 857 non
1087 832 1156 858 male
1174 831 1248 858 reddi
1264 830 1326 866 post
1341 833 1490 860 silentium.

926 885 994 912 lllud
1007 891 1097 913 autem
1111 887 1184 922 quod
1200 888 1288 922 primo
1303 889 1362 916 loco
1373 891 1552 918 asserendum
1571 892 1674 926 putavi,

893 937 1032 959 auctorem
1048 933 1169 968 epistolae
1194 935 1227 961 ad
1245 935 1399 971 Magnesios
1414 938 1504 965 verbis
1516 946 1549 966 ex
1566 947 1596 966 ea
1612 947 1676 975 pro-

891 977 954 1006 latis
969 979 1085 1007 hzeresin
1100 979 1301 1014 Ebionitarum,
1322 989 1411 1017 neque
1427 984 1510 1012 ullam
1527 986 1608 1013 aliam
1631 995 1675 1015 re-

891 1025 1023 1059 spexisse,
1041 1026 1257 1055 luculentissime
1273 1028 1413 1062 probatur.
1437 1030 1502 1058 Dua:
1522 1033 1594 1060 enim
1611 1041 1677 1061 con-

888 1069 1018 1104 junctivae
1039 1072 1190 1105 particulae,
1214 1080 1267 1100 una
1284 1074 1363 1101 initio
1378 1075 1492 1110 hujusce
1515 1079 1675 1112 sententiae,

891 1116 975 1144 altera
997 1117 1131 1153 principio
1147 1120 1287 1154 sequentis
1311 1121 1426 1152 inserta.
1451 1124 1518 1151 satis
1533 1125 1677 1154 manifeste

891 1163 1039 1191 ostendunt
1061 1171 1116 1199 quo
1140 1168 1196 1193 tota
1219 1167 1352 1194 sententia
1375 1168 1516 1197 referenda
1532 1171 1622 1204 sit,et
1641 1172 1678 1200 ad

891 1208 957 1242 quid
972 1214 1069 1237 auctor
1085 1211 1218 1246 epistolae,
1235 1219 1298 1240 cum
1309 1220 1341 1240 ea
1358 1213 1499 1248 scriberet,
1512 1217 1674 1245 collinearit.

890 1252 1029 1282 Particula
1044 1255 1098 1291 γάρ
1112 1257 1231 1284 ostendit
1242 1258 1313 1285 hanc
1327 1259 1415 1293 ipsam
1429 1261 1590 1289 sententiam
1604 1264 1677 1298 prio—

891 1299 929 1326 ris
946 1299 1082 1328 rationem
1103 1302 1261 1336 continere;
1280 1308 1307 1330 et
1330 1306 1468 1339 sequentis
1483 1307 1615 1340 particula
1629 1306 1677 1336 οὖν

891 1344 1010 1371 Ostendit
1024 1352 1083 1372 eam
1098 1353 1131 1373 ex
1143 1346 1196 1374 hac
1209 1348 1286 1382 sequi
1299 1347 1407 1376 debere.
1425 1350 1460 1377 At
1473 1355 1501 1378 et
1515 1353 1677 1381 antecedens

891 1390 1027 1418 sententia
1050 1396 1077 1418 et
1100 1396 1247 1426 sequentes
1271 1393 1402 1422 Ebionem
1429 1396 1529 1424 diserte
1556 1397 1675 1430 feriunt;

891 1443 958 1470 ergo
968 1441 995 1463 et
1004 1435 1062 1464 haec
1071 1444 1132 1472 quae
1143 1437 1243 1472 prioris
1250 1440 1384 1467 rationem
1399 1442 1527 1476 explicat,
1542 1449 1569 1470 et
1584 1449 1678 1478 poste-

893 1481 1014 1509 rioribus
1028 1483 1206 1511 occasionem
1225 1485 1337 1519 praebet.
1357 1486 1527 1516 Antecedens
1544 1489 1602 1517 haec
1613 1495 1676 1518 est:

893 1536 905 1554 ι
920 1527 951 1554 Si
966 1528 1039 1556 enim
1056 1536 1144 1563 usque
1158 1537 1233 1557 nunc
1256 1531 1407 1558 secundum
1421 1532 1594 1562 Judaismum
1609 1536 1678 1563 vivi-

854 1577 875 1606 ρ
893 1580 965 1605 mus,
980 1574 1144 1601 conﬁtemur
1153 1575 1268 1610 gratiam
1283 1584 1338 1604 non
1351 1579 1496 1613 recepisse.
1515 1589 1523 1606 I
1543 1580 1580 1608 De
1595 1582 1676 1609 Ebio-

892 1619 959 1646 nteis
973 1618 1091 1647 lrenaaus
1101 1620 1149 1648 lib.
1165 1628 1184 1653 t,
1195 1629 1220 1648 c.
1234 1621 1269 1648 26
1282 1632 1289 1650 :
1304 1632 1313 1648 ι
1329 1623 1570 1653 Circumciduntnr
1580 1631 1607 1654 et
1617 1635 1677 1662 per-

892 1669 1018 1692 severant
1043 1666 1070 1692 in
1094 1667 1137 1694 his
1155 1668 1411 1703 consuetudinibus,
1426 1678 1487 1705 quae
1499 1677 1562 1699 sunt
1579 1680 1677 1701 secun-

892 1710 957 1737 dum
984 1710 1082 1746 legem,
1100 1716 1127 1739 et
1149 1711 1264 1740 Judaico
1278 1714 1435 1742 charactere
1455 1716 1503 1743 uti.
1522 1726 1531 1742 ›
1550 1717 1621 1745 Idem
1640 1725 1677 1747 te-
1707 1728 1712 1737 ι

893 1760 998 1783 stautur
1014 1761 1076 1791 post
1100 1757 1232 1785 lrenaeum
1258 1766 1377 1787 omnes:
1403 1762 1568 1791 antecedens
1594 1764 1677 1799 igitur

893 1802 1031 1828 sententia
1043 1802 1174 1830 Ebionem
1186 1804 1287 1831 diserte
1296 1804 1366 1832 ferit.
1377 1805 1443 1838 Quae
1453 1814 1542 1835 autem
1555 1817 1677 1845 sequun-

893 1850 938 1872 tur
953 1855 959 1873 :
974 1847 1005 1873 Et
1018 1845 1062 1874 οὖν
1077 1849 1101 1874 οἱ
1120 1849 1149 1874 ὲν
1170 1849 1294 1881 παλαιοῖς
1315 1851 1472 1887 πράγμασιν
1492 1854 1677 1891 ἀναστραφέν-

892 1899 948 1922 rec,
962 1892 1001 1923 εἰς
1016 1893 1160 1928 καινότητα
1174 1894 1279 1926 ἐλπίδος
1294 1895 1401 1930 ἤλυθον.
1417 1906 1426 1922 ι
1448 1897 1476 1924 Si
1493 1900 1575 1933 igitur
1589 1901 1616 1927 in
1629 1909 1677 1928 ve-

894 1938 999 1965 teribus
1014 1938 1097 1967 rebus
1118 1941 1274 1967 conversati
1295 1941 1323 1968 in
1349 1943 1496 1970 novitatem
1518 1945 1576 1979 spei
1593 1954 1676 1974 vene.

894 1987 969 2016 runt,
987 1992 997 2009 ι
1020 1988 1048 2011 et
1067 1988 1165 2012 caetera
1185 1986 1281 2013 eodem
1298 1987 1378 2022 plane
1399 1989 1524 2022 tendunt,
1542 1996 1572 2019 ut
1594 2001 1610 2020 a
1627 1993 1677 2022 Ju-

893 2028 1008 2063 daismo,
1024 2037 1130 2065 nempe,
1145 2032 1275 2059 recedant
1289 2033 1337 2068 qui
1350 2033 1592 2065 Christianismum
1615 2046 1676 2067 am-

893 2074 1067 2109 plectuntur:
1086 2083 1148 2111 quae
1163 2077 1255 2104 omnia
1272 2077 1374 2106 directe
1388 2079 1520 2109 adversus
1542 2081 1676 2112 Ebionem

893 2124 919 2146 et
943 2127 1075 2155 sequaces
1096 2121 1225 2148 militant.
1246 2121 1310 2150 Haec
1323 2123 1381 2159 ipsa
1396 2127 1532 2154 sententia
1546 2129 1581 2156 ab
1595 2137 1676 2165 argu-

893 2169 986 2193 mento
1002 2167 1108 2202 incipit,
1129 2175 1184 2202 quo
1205 2168 1245 2195 uti
1260 2173 1366 2198 veteres
1381 2171 1514 2200 adversus
1534 2173 1676 2204 Ebionitas

894 2210 1052 2246 similesque
1074 2213 1216 2240 haereticos
1242 2215 1366 2243 solebant
1387 2226 1393 2243 :
1420 2218 1451 2244 Οἱ
1473 2218 1528 2254 γὰρ
1544 2219 1676 2248 θειότατοι

859 2256 881 2283 D
894 2257 1031 2292 προφῆται
1052 2258 1121 2285 κατὰ
1143 2259 1260 2295 Χριστὸν
1283 2261 1385 2297 Ἰησοῦν
1401 2262 1510 2298 ἔζησαν.
1537 2274 1546 2290 ι
1563 2265 1679 2295 Divinis-

893 2303 956 2330 simi
981 2304 1053 2331 enim
1082 2305 1219 2339 prophetae
1244 2308 1395 2335 secundum
1417 2309 1556 2338 Christum
1582 2311 1676 2341 Jesum

891 2349 1036 2382 vixerunt;
1049 2360 1058 2375 ι
1079 2355 1105 2378 et
1120 2357 1151 2378 ut
1165 2352 1336 2381 demonstret
1348 2362 1396 2382 eos
1408 2356 1494 2390 gratia
1511 2357 1614 2385 Christi
1634 2359 1677 2386 in-

892 2394 1011 2429 spiratos
1028 2396 1078 2423 hoc
1100 2395 1208 2431 fecisse,
1224 2399 1351 2427 eumdem
1367 2400 1463 2435 Deum,
1480 2410 1560 2437 quem
1575 2403 1614 2431 illi
1629 2412 1676 2432 co-

891 2440 995 2473 lebant,
1008 2441 1200 2470 manifestasse
1213 2452 1241 2471 se
1253 2452 1300 2479 per
1312 2444 1411 2473 Filium
1424 2455 1504 2475 suum
1519 2449 1594 2483 dicit,
1608 2460 1617 2476 ι
1628 2451 1676 2486 qui

892 2490 935 2512 est
948 2491 1080 2514 aeternum
1096 2488 1156 2522 ejus
1173 2487 1304 2523 Verbum,
1317 2500 1326 2516 ι
1344 2496 1439 2519 contra
1454 2494 1579 2521 eumdem
1594 2495 1676 2522 Ebio-

893 2537 966 2563 nem,
981 2531 1028 2565 qui
1050 2539 1112 2558 eum
1136 2533 1238 2560 nudum
1263 2534 1400 2562 hominem
1428 2543 1490 2563 esse
1514 2538 1674 2570 asserebat,

892 2579 1024 2602 aeternum
1041 2577 1164 2611 negabat.
1183 2578 1242 2606 Non
1258 2583 1364 2607 tantum
1377 2581 1449 2607 enim
1462 2581 1499 2608 illi
1513 2574 1559 2617 qui
1571 2591 1605 2610 ex
1616 2585 1675 2612 viro

893 2624 920 2646 et
944 2619 1046 2648 femina
1063 2621 1204 2650 Christum
1225 2625 1420 2658 praedicabant,
1442 2627 1488 2653 sed
1511 2631 1538 2654 et
1556 2628 1573 2654 ii
1592 2630 1674 2656 etiam

893 2666 941 2699 qui
966 2674 1027 2693 eum
1048 2674 1081 2694 ex
1105 2667 1217 2702 Virgine
1241 2673 1336 2696 natum
1361 2672 1558 2706 agnoscebant,
1572 2673 1602 2699 οὐ
1622 2675 1676 2710 μὴν

893 2710 951 2737 οὐδ’
966 2712 1065 2746 ὁμοίως
1079 2709 1218 2743 καὶλοῦτοι
1237 2715 1423 2752 προῦπάρχειν
1444 2718 1524 2745 αὑτὸν
1543 2719 1609 2746 Θεὸν
1625 2709 1668 2746 Ad

893 2763 939 2789 γον
950 2756 1013 2783 ὄντα
1026 2758 1071 2784 καὶ
1082 2759 1176 2793 σοφίαν
1187 2759 1369 2795 ὁμολογοῦσιν,
1383 2771 1391 2788 ι
1408 2764 1600 2797 ρι’ωειιοιιιὶεεθ
1612 2772 1676 2792 eum

893 2804 924 2827 ut
939 2799 1023 2829 Deum
1033 2802 1152 2830 Verbum
1164 2809 1190 2831 et
1200 2804 1366 2840 Sapientiam
1382 2808 1492 2835 minime
1506 2809 1673 2836 conﬁteban-

894 2851 948 2879 tur,
967 2857 977 2873 ι
997 2852 1026 2875 ιιι
1037 2853 1151 2877 testatur
1166 2850 1303 2880 Eusebius
1315 2852 1363 2880 lib.
1377 2861 1419 2888 ni,
1435 2862 1460 2882 c.
1475 2854 1520 2882 27.
1532 2853 1570 2883 Ita
1583 2857 1674 2884 omnia

893 2893 1076 2921 convellendas
1098 2894 1211 2924 Ebionis
1228 2897 1324 2926 haeresi
1338 2900 1472 2935 ‘apprime
1485 2901 1674 2936 conveniunt,

1481 2946 1518 2977 10
