1866 3073
171 137 226 167 999

173 203 262 230 neque
274 195 329 224 alio
348 201 465 231 possunt
479 201 614 232 spectare,
629 197 684 225 nis;
697 197 751 224 vim
767 196 858 225 verbis
872 196 957 224 mani-
971 199 994 227 Α

173 240 271 268 festam
288 241 449 269 inferamus.

208 284 276 312 Cum
292 291 381 314 autem
398 286 536 314 Christum
552 287 658 314 dixerat
670 287 790 315 Verbum
806 291 955 319 aeternum,

172 331 202 363 δς
215 332 288 358 ἐστιν
301 332 381 359 αὑτοῦ
401 333 485 367 Λόγος
500 333 594 366 ἀΐδιος,
613 334 639 361 id
655 334 774 362 breviter
791 335 909 369 explicat
923 334 957 362 iis

172 378 273 411 verbis,
284 378 333 404 οὐκ
344 379 397 405 ἀπὸ
412 380 489 415 σιγῆς
503 379 652 415 προελθών,
668 389 677 406 ‹
694 379 823 414 Verbum,
833 380 956 415 inquam,

172 429 316 456 aeternum,
331 432 385 451 non
407 432 422 452 a
439 425 547 453 silentio
571 427 745 460 proveniens,
765 436 775 452 ι
793 431 824 453 ut
842 426 956 453 verbum

172 478 220 497 seu
235 477 326 498 sermo
347 471 438 498 oMnis
452 472 499 506 qui
522 476 641 500 aeternus
659 479 714 499 non
733 476 784 499 est.
807 470 870 499 Haec
883 472 956 499 enim

172 516 288 550 adjectio
305 516 371 544 nihil
385 517 459 544 aliud
472 521 514 545 est
529 526 611 552 quam
625 517 748 553 exegesis
763 518 822 545 sive
834 518 956 552 explica-

171 562 209 589 tio
226 562 384 590 aeternitatis
409 561 505 595 Verbi,
520 570 608 598 eaque
620 563 702 598 plane
718 563 852 591 naturalis
865 567 892 590 et
908 563 959 590 ob-

169 609 225 640 via,
239 613 267 637 et
285 609 345 636 sine
361 609 418 637 ullo
433 614 560 644 respectu
582 609 616 637 ad
631 609 713 637 aliam
731 609 850 644 aliquam
872 616 956 644 pecu-

169 655 264 682 liarem
279 655 395 682 heresin
409 654 528 682 maxime
540 654 662 690 propria,
679 655 795 683 reddens
807 661 901 682 veram
913 662 959 682 no-

168 702 271 729 tionem
295 701 388 729 azterni
413 700 505 732 Verbi,
522 706 549 728 et
563 701 597 728 ab
612 701 666 728 alio
681 701 764 729 verbo
787 707 843 728 non
856 704 959 728 aeterno

170 752 244 774 recte
260 747 442 782 distinguens.
468 746 518 774 Hic
539 751 581 774 est
596 747 719 774 omnium
738 746 880 774 hominum
898 746 959 773 vul-

169 794 243 829 garis
265 794 299 821 de
313 794 396 822 verbo
417 796 584 829 conceptus,
610 799 640 822 ut
655 794 728 829 quod
752 793 890 822 silentium
914 801 960 821 re-

169 841 276 876 spiciat.
294 840 332 869 Ita
350 841 421 876 apud
440 840 584 876 Virgilium
599 840 672 868 Juno
682 841 704 857 ’⁸
717 841 733 868 :'

333 907 341 914 .
356 907 363 914 .
381 907 387 913 .
409 887 481 919 Quid
497 895 537 914 me
550 886 607 914 alta
621 886 730 914 silentia
746 887 818 922 cogis

205 921 342 957 Rumpere,
357 927 383 949 et
394 923 535 949 obductum
550 922 633 949 verbis
641 922 749 958 vulgare
757 921 897 950 dolorem!

169 965 221 994 Ubi
230 967 473 1001 Servius,'Silentia
488 973 578 994 autem
593 975 730 1003 rumpere,
745 977 754 994 t
766 968 840 1003 loqui
850 967 959 1004 proprie

169 1014 286 1042 dictum.
303 1024 312 1040 ι
325 1014 362 1041 Ex
376 1014 485 1041 silentio
499 1021 565 1054 ergo
578 1014 645 1046 exit,
662 1021 710 1041 seu
724 1014 880 1049 prorumpit
894 1021 958 1040 ver-

169 1060 246 1088 bum.
260 1060 328 1095 Huic
339 1064 430 1088 autem
445 1059 484 1095 τῷ
495 1067 623 1095 rumpere
637 1060 775 1088 silentium
789 1059 958 1088 contrarium

169 1107 242 1142 apud
261 1106 371 1136 Graecos
383 1111 424 1134 est
437 1107 468 1133 τὺ
480 1107 633 1142 ἐχεμυθεῖν.
654 1105 808 1142 Hesychius
823 1115 829 1133 :
843 1105 958 1141 Ἐχέμυ-

170 1152 226 1185 θος,
242 1152 311 1188 ἔχων
324 1154 354 1179 ὲν
368 1152 457 1188 ἑαυτῷ
478 1152 524 1179 τὸν
544 1153 637 1187 λόγον,
654 1153 713 1188 1ἦτοι
728 1151 837 1188 κρατῶν
856 1151 901 1178 τὸν
920 1151 960 1178 λό-

170 1207 218 1233 γον
235 1200 335 1235 σιωπῇ.
359 1199 392 1226 Et
406 1207 502 1227 rursus
516 1208 523 1226 :
545 1199 714 1235 Ἐχεμυθεῖν,
732 1200 848 1235 σιωπᾷν,
862 1199 959 1233 λόγους

170 1245 288 1279 στέγειν.
307 1245 384 1273 Unde
400 1244 545 1273 Ammonio
555 1245 657 1273 dicitur
668 1246 731 1282 σιγὴ
747 1245 854 1281 στέρξις
866 1245 957 1280 λόγου,

171 1291 218 1318 ubi
238 1291 336 1326 sentio
354 1291 446 1326 potius
471 1291 615 1327 legendum
631 1291 735 1325 στέξις,
760 1292 865 1326 στέγειν
885 1291 959 1318 enim

172 1337 250 1372 λόγον
263 1345 296 1365 eo
310 1345 393 1366 sensu
408 1337 504 1366 dicunt
517 1339 614 1372 Graeci,
632 1346 686 1366 non
704 1338 837 1374 στέργειν,
847 1342 878 1366 ιιι
897 1337 960 1372 opi—

171 1392 232 1412 nor.
250 1384 314 1413 Inde
328 1385 408 1422 σιγῆς
425 1391 452 1414 et
471 1385 550 1421 λόγου
565 1386 710 1414 antithesis
732 1385 861 1413 omnibus
877 1383 959 1412 fami-

170 1430 258 1462 liaris.
276 1436 307 1460 ut
318 1431 507 1461 Nazianzenus
521 1433 644 1460 carmine
659 1432 693 1459 l2
710 1432 744 1460 ad
759 1432 924 1467 episcopos:

243 1479 330 1506 Θύσω
340 1479 390 1507 καὶ
403 1479 505 1515 σιγὴν,
520 1480 560 1513 ὡς
571 1479 725 1513 τοπάροιθε
738 1479 841 1514 λόγον.

171 1523 205 1552 Et
216 1530 277 1552 orat
292 1525 326 1553 Η
339 1535 346 1553 :
363 1527 394 1553 Ol
404 1526 452 1553 τοῦ
468 1526 548 1560 λόγου
560 1525 694 1561 τοσαύτης
707 1525 790 1560 ἐσμὲν
811 1523 890 1559 σιγῆς
911 1531 961 1559 μι-

173 1572 240 1598 στοί.
258 1572 327 1599 Cum
350 1573 433 1608 igitur
451 1573 562 1600 verbum
587 1573 646 1600 sive
663 1580 818 1600 sermonem
833 1578 960 1599 commu-

171 1618 242 1646 niter
257 1622 396 1653 sumptum
411 1619 449 1646 ita
465 1619 610 1653 concipere
626 1618 776 1650 soleamus,
791 1621 822 1644 ut
839 1624 903 1644 eum
925 1616 963 1643 si-

172 1662 286 1689 lentium
306 1670 414 1698 semper
435 1664 585 1698 prmcedat;
613 1667 710 1690 auctor
732 1667 824 1689 autem
841 1662 964 1697 epistolze

169 1709 228 1743 jam
242 1709 358 1737 dixisset
374 1709 494 1737 Verbum
511 1710 585 1744 quod
600 1710 726 1738 Christus
740 1714 792 1741 est,
807 1715 869 1736 esse
882 1713 962 1736 aeter-

172 1762 256 1788 num;
271 1760 404 1783 aztemum
420 1760 511 1783 antem
528 1764 588 1784 esse
600 1764 654 1783 non
671 1759 761 1791 potest
775 1755 848 1790 quod
865 1755 900 1782 ab
911 1755 962 1782 ali-

173 1809 229 1836 quo
244 1802 298 1829 alio
314 1802 494 1836 preceditur:
513 1809 576 1829 vere
593 1805 619 1829 et
633 1807 788 1837 opportune
800 1809 863 1828 cum
885 1800 964 1828 Chri-

173 1851 246 1874 stum
264 1846 382 1875 Verbum
395 1848 522 1883 appellat,
539 1856 592 1875 non
609 1848 662 1876 tale
679 1848 792 1883 intelligi
806 1847 904 1875 debere
915 1847 964 1875 ad-

174 1898 278 1926 monet,
304 1894 387 1929 quale
404 1904 414 1920 ι
433 1902 468 1922 ex
489 1895 598 1923 silentio
612 1895 765 1930 proveniat.
781 1904 791 1920 ι
818 1893 963 1922 Silentium

175 1945 265 1967 autem
287 1941 343 1968 sive
363 1941 438 1975 σιγή,
455 1940 514 1968 sive
535 1941 623 1975 σιωπή
641 1940 759 1972 dicatur,
784 1940 896 1975 perinde
910 1944 963 1968 est.

176 1982 212 2012 Ut
226 1984 352 2014 Clemens
366 1986 569 2014 Alexandrinus
580 2006 588 2019 ,
599 1986 787 2013 Admonitione
800 1986 835 2012 ad
847 1985 941 2013 Gentes
954 1993 964 2012 :

175 2031 261 2058 Τοῦτο
273 2029 306 2068 ἦν
320 2032 334 2059 ὃ
354 2032 475 2068 ᾐνίττετο
491 2034 508 2068 ὴ
523 2033 657 2068 Ζαχαρίου
681 2033 771 2068 σιωπὴ
792 2032 965 2068 ἀναμένουσα

176 2079 221 2105 τὸν
230 2078 380 2115 πρόδρομον
391 2079 437 2106 τοῦ
451 2079 568 2115 Χριστοῦ
586 2078 702 2114 καρπὸν,
720 2078 763 2104 ἴνα
777 2078 827 2113 τῆς
838 2077 966 2113 ἀληθείας

174 2126 206 2152 τὸ
219 2125 276 2160 φῶς
288 2127 302 2152 ό
314 2126 399 2159 Λόγος
414 2126 467 2152 τῶν
484 2125 660 2161 προφητικῶν
672 2125 840 2161 αἰνιγμάτων
852 2124 901 2161 τὴν
916 2133 967 2160 μυ-

176 2171 274 2206 στικὴν
297 2170 465 2206 ἀπολύσηται
491 2171 596 2207 σιωπὴν
619 2171 785 2205 Εὐαγγέλιον
809 2171 964 2206 γενόμενος.

975 1553 998 1585 C

662 136 690 164 S.
710 135 884 164 lGNATlUS.
904 151 939 155 —
953 133 1220 163 PROLEGOMENA.

1750 131 1810 159 500

1008 199 1051 222 est
1067 202 1099 222 ea
1113 202 1174 222 esse
1193 201 1227 221 ex
1241 198 1304 228 .tota
1322 192 1464 228 lgnatiana
1479 191 1610 228 perioche
1624 189 1787 219 certissima
1798 200 1809 220 ι

1007 246 1034 269 ct
1048 240 1165 268 Dallaeus
1180 241 1239 275 ipse
1255 240 1301 267 illa
1319 239 1418 274 verba,
1433 240 1464 271 ὅς
1475 240 1550 266 ἐστιν
1560 238 1645 266 αὐτοῦ
1661 237 1750 272 Λόγος
1764 237 1808 264 άπ-

1006 289 1072 321 διος,
1092 288 1170 316 affert
1184 292 1316 323 tanquam
1327 287 1460 315 adversus
1475 287 1652 314 Artemonem
1669 290 1698 313 et
1710 285 1810 313 Theo-

1006 337 1101 362 dotum
1114 334 1295 362 disertissima
1304 353 1312 367 ,
1329 334 1377 369 qui
1390 333 1504 361 Ebionis
1518 333 1636 360 heresin
1649 331 1810 367 amplecte-

1009 381 1130 408 bantur:
1147 381 1182 408 de
1205 379 1430 415 interpretatione
1448 379 1567 414 simplici
1581 386 1680 406 eorum
1703 378 1803 405 verbo

1007 435 1081 460 rum,
1092 427 1143 453 οὐκ
1152 426 1207 453 ἀπὸ
1219 426 1298 462 σιγῆς
1308 424 1457 462 προελθών,
1466 425 1532 460 quid
1543 424 1662 452 senserit
1671 423 1812 455 Danaus.

1008 473 1096 509 probe
1110 473 1168 501 scio
1183 480 1216 500 ex
1241 472 1275 500 iis
1288 479 1349 506 quae
1364 476 1459 498 contra
1474 470 1615 498 Petavium
1638 470 1811 505 disputavit.

1008 520 1055 548 llle
1071 520 1145 548 enim
1170 519 1401 555 perspicacissimi
1416 518 1518 553 ingenii
1538 517 1645 545 .lesuita
1669 519 1747 545 hunc
1766 517 1812 544 uti

1008 565 1082 593 baud
1096 565 1179 601 paulo
1193 564 1408 593 commodiorem
1421 568 1450 592 et
1464 563 1616 592 faciliorem
1631 571 1747 591 sensum
1761 570 1814 591 se-

1007 615 1088 640 cutus
1109 615 1162 639 est.
1187 620 1196 637 ι
1213 610 1345 643 Verbum,
1359 610 1459 645 inquit,
1477 610 1535 638 sive
1548 617 1706 638 sermonem
1721 609 1813 645 lgna-

1008 657 1063 684 tius
1077 657 1177 685 asserit
1190 663 1253 684 esse
1275 655 1369 684 Iesum
1383 656 1525 684 Christum
1544 655 1594 683 Dei
1608 655 1721 689 Filium,
1745 662 1812 683 non

1008 703 1098 737 qualis
1120 707 1164 730 est
1178 707 1288 730 creatus
1300 707 1328 730 et
1342 702 1482 730 humanus
1496 709 1599 734 sermo,
1619 702 1667 737 qui
1681 701 1710 729 in
1733 705 1813 729 tem-

1009 757 1075 784 pore
1097 749 1194 784 incipit
1211 753 1240 777 et
1261 750 1289 776 in
1308 755 1431 784 tempore
1454 748 1573 780 desinit;
1593 756 1648 775 non
1666 748 1742 775 enim
1762 751 1814 776 est

1009 799 1138 823 aeternus.
1164 794 1224 823 Hoc
1249 802 1347 827 unum,
1372 801 1423 822 nec
1447 793 1521 821 aliud
1542 794 1693 828 quidquam
1716 793 1813 820 voluit

1009 842 1142 878 Ignarius.
1160 851 1170 865 ι
1186 841 1263 870 Hanc
1277 846 1368 869 autem
1388 841 1494 869 Petavii
1507 841 1721 876 explicationem
1739 839 1811 867 Da].

1007 889 1075 917 lzeus
1087 888 1214 923 frigidam
1232 893 1260 915 et
1276 888 1386 915 inanem
1402 887 1536 923 argutiam
1551 890 1641 914 vocat.
1656 885 1715 926 Ego
1732 885 1761 913 in
1775 893 1810 912 ea

1008 934 1078 962 nihil
1101 933 1243 969 frigidum,
1260 933 1328 961 nihil
1352 933 1449 965 inane,
1464 940 1498 960 ne
1520 933 1673 968 quidquam
1690 931 1809 966 quidem

1009 983 1135 1013 argutum
1149 978 1249 1011 video;
1265 978 1358 1006 omnia
1370 978 1461 1013 potius
1475 978 1568 1013 plana,
1581 977 1741 1012 perspicua,
1755 984 1811 1011 ap-

1008 1025 1109 1060 posita,
1135 1029 1162 1052 et
1189 1024 1329 1052 communi
1353 1024 1512 1051 Graecorum
1539 1023 1663 1051 sermoni
1685 1024 1810 1050 maxime

1009 1070 1162 1098 conformia
1178 1070 1315 1098 videntur.
1325 1070 1486 1105 Sedprimo,
1502 1070 1602 1105 inquit,
1612 1077 1712 1104 (quam
1727 1069 1810 1104 frigi-

1009 1117 1074 1145 dum
1091 1121 1143 1149 est,
1156 1116 1348 1151 Magnesianos
1364 1124 1488 1150 monere,
1504 1115 1604 1143 Filium
1623 1116 1671 1143 Dei
1688 1116 1810 1143 verbum

1009 1171 1071 1191 esse
1091 1162 1188 1198 ipsius,
1204 1170 1259 1190 non
1276 1167 1367 1190 tamen
1381 1163 1517 1198 ejusmodi
1533 1167 1564 1189 ut
1578 1166 1641 1197 post
1662 1162 1810 1190 silentium

1009 1209 1152 1244 prodierit.
1168 1219 1177 1236 i
1188 1209 1248 1236 lam
1262 1208 1390 1236 criticum
1406 1208 1462 1243 agit
1477 1207 1604 1240 Dallazus,
1623 1207 1672 1235 sed
1687 1206 1811 1235 infelici-

1011 1259 1061 1282 ter.
1070 1254 1141 1288 Quid
1152 1255 1237 1288 enim,
1250 1255 1273 1282 si
1283 1255 1336 1282 hoc
1347 1254 1477 1289 frigidum
1491 1253 1538 1286 sit,
1550 1261 1617 1289 ergo
1629 1252 1810 1288 lgnatianum

1010 1308 1071 1329 esse
1096 1308 1150 1331 non
1168 1301 1274 1336 potest?
1296 1301 1337 1327 An
1362 1307 1475 1328 necesse
1498 1303 1540 1328 est
1562 1304 1593 1327 ut
1608 1299 1810 1331 sanctissimus

1011 1351 1114 1383 martyr
1132 1347 1232 1374 melius
1247 1347 1399 1382 scripserit,
1414 1354 1496 1382 quam
1513 1346 1582 1374 clari
1597 1346 1672 1373 inter
1692 1345 1809 1372 Graecos

1010 1397 1147 1426 oratores,
1159 1393 1187 1420 in
1199 1400 1317 1428 quorum
1333 1393 1507 1420 orationibus
1519 1392 1605 1420 multa
1620 1391 1722 1425 frigide
1734 1391 1809 1419 dicta

1011 1444 1142 1467 norarunt
1163 1440 1251 1468 critici
1275 1440 1397 1467 veteres?
1412 1439 1450 1466 De
1469 1439 1589 1467 Isocrate
1613 1446 1725 1466 summo
1747 1439 1809 1465 viro

1012 1483 1160 1520 Dionysius
1172 1483 1406 1520 Halycarnasseus
1416 1494 1423 1511 :
1435 1483 1600 1519 Σχηματιζει
1611 1483 1640 1510 δὲ
1656 1483 1809 1519 φορτικῶς,

1013 1530 1060 1558 καὶ
1074 1530 1108 1557 τὰ
1123 1530 1208 1557 πολλὰ
1222 1531 1326 1565 γίνεται
1342 1530 1456 1566 ψυχρός.
1470 1531 1529 1557 1ωο
1545 1529 1676 1557 Isocratis
1687 1529 1811 1556 imitato-

1014 1584 1058 1604 res
1076 1576 1191 1612 frigidos
1205 1584 1267 1604 esse
1284 1577 1420 1609 observat,
1437 1584 1471 1604 ex
1486 1576 1588 1611 quibus
1611 1575 1740 1603 nominat
1762 1573 1810 1601 Ti-

1014 1629 1125 1654 maeum,
1139 1622 1279 1650 Platonem
1300 1628 1327 1650 et
1341 1623 1512 1657 Sosigenem.
1521 1622 1665 1656 Longinus
1672 1621 1808 1649 Timanm

1014 1669 1117 1706 pariter
1132 1674 1160 1698 et
1177 1670 1318 1698 Platonem
1339 1671 1479 1703 nominat,
1494 1670 1595 1705 quibus
1611 1670 1697 1698 etiam
1716 1669 1810 1697 Χειιοι

1014 1716 1145 1750 phontem
1175 1715 1309 1751 adiungit.
1334 1715 1394 1743 Non
1416 1715 1499 1751 igitur
1523 1716 1654 1751 martyris
1682 1715 1808 1743 auctori-

1015 1765 1097 1788 tatem
1113 1761 1262 1795 imminuit,
1275 1762 1298 1789 si
1316 1761 1386 1789 forte
1400 1761 1505 1796 aliquid
1520 1761 1619 1797 frigide
1629 1761 1747 1794 dixerit;
1759 1762 1808 1788 diu

1015 1811 1078 1834 ante
1089 1815 1152 1835 eum
1168 1807 1269 1835 summi
1283 1808 1310 1834 in
1325 1807 1430 1835 Graecia
1445 1807 1497 1834 viri
1520 1807 1620 1843 frigide
1634 1802 1723 1834 multa
1738 1808 1808 1834 scri-

1014 1854 1103 1889 psisse
1118 1855 1204 1882 notati
1220 1859 1294 1882 sunt.
1315 1854 1367 1882 Sed
1392 1854 1515 1882 nondum
1531 1854 1621 1886 video,
1637 1861 1725 1889 quare
1748 1853 1808 1880 hac

1015 1899 1118 1928 locutio
1147 1901 1216 1928 adeo
1231 1900 1330 1936 frigida
1345 1901 1543 1928 existimetur:
1570 1899 1629 1927 lino
1650 1907 1738 1931 vero,
1761 1900 1806 1926 in-

1015 1947 1085 1981 quit,
1107 1956 1116 1972 ε
1133 1947 1214 1982 quasi
1246 1947 1281 1975 sit
1299 1947 1446 1982 quisquam
1470 1946 1539 1974 adeo
1553 1945 1659 1979 fatuus,
1677 1951 1707 1973 ut
1725 1952 1807 1981 quem

1016 1993 1092 2020 audit
1107 2000 1167 2021 esse
1191 1992 1284 2020 Jesum
1309 1993 1450 2020 Christum
1474 1992 1523 2020 Dei
1546 1992 1659 2025 Filium,
1678 1991 1807 2020 eumdem

1015 2044 1112 2073 putare
1134 2039 1221 2074 possit
1235 2046 1250 2066 a
1270 2039 1380 2067 silentio
1392 2047 1454 2067 esse
1477 2040 1588 2067 ortum?
1603 2049 1614 2066 ι
1630 2039 1731 2067 Astute
1751 2040 1808 2066 hac

1016 2085 1142 2120 quidem;
1157 2085 1258 2112 omittit
1272 2085 1345 2113 enim
1369 2085 1395 2113 id
1409 2086 1483 2121 quod
1499 2086 1528 2113 in
1543 2086 1597 2113 hac
1610 2093 1640 2113 re
1653 2089 1697 2113 est
1711 2085 1809 2120 praeci-

1016 2138 1101 2165 puum
1130 2129 1249 2158 Verbum
1279 2131 1398 2164 scilicet,
1413 2132 1471 2160 sive
1485 2139 1653 2160 sermonem.
1675 2131 1808 2164 Quamvis
1839 2131 1840 2134 “

1017 2176 1065 2204 Dei
1078 2177 1163 2206 Filius
1174 2178 1293 2212 dicatur,
1312 2179 1376 2206 dum
1399 2184 1491 2207 tamen
1508 2179 1622 2206 verbum
1645 2178 1732 2210 idem,
1751 2179 1808 2206 sive
1838 2171 1839 2202 i

182 2227 190 2242 1
208 2216 265 2244 lloc
279 2221 338 2244 erat
354 2217 426 2251 quod
442 2217 633 2244 subindicabat
648 2216 788 2244 Zachariae
809 2217 917 2244 silentiu

1100 2231 1110 2251 J
1134 2224 1246 2258 dicitur,
1261 2224 1340 2253 facile
1352 2226 1416 2253 talis
1428 2229 1580 2261 conceptus
1593 2226 1621 2252 in
1643 2227 1740 2253 animo
1759 2233 1808 2252 au-

178 2262 299 2289 frnctum
311 2261 415 2289 Christi
428 2269 624 2296 praecursorem
638 2262 810 2296 praestolans,
822 2266 852 2289 ut
862 2261 909 2288 lux
918 2268 966 2288 ve-

178 2308 270 2335 ritatis
292 2307 413 2334 Verbum
430 2307 651 2342 propheticorum
674 2309 848 2343 aenigmatum
870 2307 967 2343 mysti-

179 2363 243 2384 cum
259 2355 377 2383 solveret
393 2355 534 2382 silentium
559 2355 737 2390 Evangelium
761 2354 968 2390 factum..Spe—

180 2405 271 2429 ctatur
285 2401 367 2436 igitur
377 2400 456 2434 λόγος
469 2401 652 2428 communiter
663 2405 793 2435 tanquam
806 2400 895 2436 σιγῆς,
909 2400 968 2427 sive

182 2447 287 2481 σιωπῆς
297 2446 439 2479 ἀπόλυσις,
447 2445 636 2481 praecedentis,
651 2446 763 2480 scilicet,
776 2447 876 2475 silentii
894 2447 969 2475 solu-

181 2492 230 2519 tio.
253 2490 336 2518 Recte
356 2490 440 2525 igitur
468 2490 596 2518 admonet
610 2490 731 2526 lgnatius
764 2497 867 2525 noster,
889 2491 970 2519 Chri-

181 2541 265 2568 stum,
273 2543 334 2563 cum
346 2535 431 2570 Λόγος
440 2535 549 2569 dicitur,
563 2540 694 2564 veternum
705 2540 794 2564 tamen
804 2544 875 2570 esse,
889 2537 970 2564 adeo-

182 2590 237 2618 que
250 2582 330 2609 talem
337 2589 470 2615 nonesse,
476 2582 565 2617 qualis
575 2590 608 2610 ex
615 2584 782 2618 praecedente
789 2583 898 2612 silentio
907 2591 971 2618 pro-

181 2628 293 2663 rumpit.
312 2627 374 2656 H320
393 2632 436 2656 est
450 2629 612 2657 assertionis
633 2635 734 2658 nostra:
763 2630 836 2657 ratio
852 2629 971 2658 breviter

184 2676 329 2710 explicata.

219 2721 289 2754 Quid
303 2722 336 2749 de
351 2721 386 2750 iis
400 2730 461 2758 quae
472 2722 507 2750 de
519 2722 616 2752 haeresi
629 2722 743 2752 Ebionis
761 2723 892 2757 diximus,
907 2730 972 2750 sen-

185 2767 254 2795 tiant
278 2768 330 2795 viri
354 2768 447 2801 docti,
470 2770 578 2803 nescio;
601 2770 722 2798 nondum
746 2771 837 2803 enim,
861 2774 891 2797 ut
916 2770 973 2805 opi-

186 2820 247 2845 nor.
263 2813 321 2854 hate
335 2821 352 2841 a
371 2815 501 2848 quopiam
517 2815 588 2843 dicta
608 2820 686 2850 sunt;
702 2816 773 2854 mihi
788 2820 881 2854 tamen
902 2816 971 2845 satis

216 2860 241 2876 °'
375 2867 403 2891 x,
418 2858 463 2887 05.
702 2853 707 2856 r

1016 2269 1150 2297 dientium
1166 2269 1311 2305 formatur,
1326 2272 1368 2299 vel
1382 2271 1502 2307 objectio
1514 2272 1618 2306 potius.
1631 2272 1737 2299 Verum
1748 2272 1808 2307 qni-

1017 2317 1078 2344 dem
1101 2321 1144 2345 est
1168 2316 1314 2353 lgnatium,
1350 2319 1416 2346 dum
1440 2319 1498 2347 vult
1520 2319 1665 2347 Christum
1689 2319 1808 2349 Verbum
1835 2323 1837 2337 ⁴

1018 2368 1154 2391 aeternum
1169 2364 1324 2398 ostendere,
1342 2369 1417 2393 recte
1430 2372 1494 2393 eum
1507 2365 1609 2393 Filium
1626 2367 1712 2394 etiam
1726 2368 1809 2395 nomi-
1835 2382 1836 2405 γ

1019 2415 1102 2436 nare:
1116 2408 1168 2436 hoc
1179 2409 1253 2436 enim
1266 2408 1398 2444 frigidum
1410 2417 1465 2437 non
1476 2414 1530 2444 est,
1548 2411 1595 2438 sed
1608 2413 1806 2440 necessarium.

1019 2452 1058 2480 Ita
1079 2453 1213 2488 judicavit
1231 2438 1347 2489 magnus
1360 2438 1540 2488 Athanasius,
1560 2455 1661 2492 lgnatii

1020 2506 1082 2526 mus
1105 2499 1248 2534 interpres,
1271 2501 1320 2528 lib.
1337 2500 1376 2528 De
1392 2501 1501 2536 synodi:
1515 2510 1526 2528 :
1544 2503 1604 2530 Ἵνα
1621 2503 1660 2539 μὴ
1675 2504 1756 2531 πάλιν
1769 2512 1806 2536 τις
1833 2505 1834 2543 l

1020 2544 1126 2571 ἀκούων
1141 2545 1219 2580 μόνον
1236 2545 1313 2580 λόγον
1328 2547 1427 2583 νομίσῃ
1443 2547 1567 2574 τοιοῦτον
1582 2546 1654 2575 εἶναι
1669 2547 1725 2582 οἷός
1739 2551 1806 2576 ἐστιν
1828 2555 1833 2583 1

1021 2591 1035 2617 ό
1049 2590 1102 2616 τῶν
1116 2570 1480 2627 ἀνθρώπωνξιάνυπὲστέτος,
1491 2593 1548 2620 ἀλλ’
1558 2570 1726 2630 exeam-vid;

1022 2633 1080 2661 ἐστι
1092 2634 1213 2672 γινώσκῃ
1227 2636 1320 2663 τοῦτον
1334 2635 1402 2664 εἶναι
1422 2637 1511 2670 ζῶντα
1523 2638 1613 2673 Λόγον
1626 2641 1677 2667 καὶ
1695 2641 1806 2667 ἐνούσιον
1830 2625 1832 2677 4

1024 2681 1129 2714 σοφίαν.
1148 2691 1157 2708 ε
1176 2682 1216 2710 Ac
1238 2690 1273 2710 ne
1295 2684 1358 2718 quis
1383 2684 1499 2712 audiens
1520 2692 1682 2714 sermonem
1707 2692 1803 2715 tantum
1827 2691 1831 2748 Ι

1024 2727 1160 2748 existimat
1183 2729 1265 2748 Iglpm
1282 2736 1343 2748 Acan
1369 2729 1458 2748 muli:
1479 2734 1520 2748 ut
1543 2731 1693 2748 hominum
1718 2733 1804 2748 ὀι-λε.»

1023 2727 1160 2755 existimet
1183 2729 1266 2756 talem
1282 2736 1353 2762 esse,
1369 2729 1459 2764 qualis
1479 2734 1521 2757 est
1542 2731 1706 2766 hominum,
1718 2733 1804 2761 'subsl-

1023 2773 1121 2800 stentia
1135 2781 1242 2808 carens,
1265 2774 1313 2802 sed
1334 2774 1449 2802 audiens
1465 2775 1539 2810 quod
1561 2775 1655 2804 Filius
1682 2778 1728 2810 sit,
1745 2777 1804 2804 sciat

1024 2819 1097 2848 hunc
1105 2826 1166 2849 esse
1179 2820 1270 2849 vivum
1281 2828 1436 2850 sermonem
1445 2826 1472 2850 et
1484 2821 1703 2852 substantialem
1714 2826 1803 2860 θερίαν
1827 2817 1829 2884 1
