1866 3073
59 171 104 200 ἔμοι

464 173 486 202 J.
507 174 689 203 PEARSONII
707 174 869 203 VlNDlCIIE
888 174 1237 204 i'GNATIANAE.——PARS
1250 176 1282 204 ll.

1635 178 1687 206 502

63 229 136 260 tiam,
152 238 163 254 ι
188 233 243 257 etc.
267 228 415 259 Maximus
443 231 620 260 Taurinensis
635 240 643 259 :
663 243 673 259 ‹
690 233 729 260 Ne
748 233 860 260 verbum
873 236 899 266 Α
915 243 924 260 α
942 233 1072 267 Quaenam
1087 239 1129 262 est
1147 234 1191 262 illa
1208 236 1358 270 generatio,
1374 245 1427 272 qua
1442 236 1474 264 In
1487 239 1615 274 prindpio
1637 247 1694 268 erat

67 277 152 311 ipsum
172 283 228 303 non
256 277 449 304 substantiam
469 278 600 311 veritatis,
625 278 671 306 sed
696 279 858 314 prolativum

66 322 199 358 loquentis
221 321 271 349 Dei
295 327 411 357 putares
434 331 494 351 esse
511 331 675 357 sermonem,
698 325 797 352 dicitur
811 325 857 353 Fi-

65 368 127 396 lius.
145 378 156 395 ι
173 367 208 395 Et
229 372 322 396 tamen
348 369 428 396 multi
454 369 574 402 fuerunt,
597 377 686 405 neque
709 370 754 398 isti
769 371 856 403 fatui,

67 413 109 448 qui
125 413 271 441 Christum
288 418 318 441 et
330 413 431 440 Filium
447 413 494 441 Dei
508 414 663 448 credebant,
680 420 708 443 et
728 416 855 448 Verbum.

67 466 113 486 nec
133 463 230 486 tamen
243 459 358 487 verbum
382 465 525 493 aeternum,
550 461 673 496 adeoque
694 469 727 489 ex
750 463 858 490 silentio

65 504 236 540 profectum;
258 505 332 533 unde
356 505 542 533 Tertulliauus
565 507 674 542 negavit
687 506 771 534 Deum
795 515 857 536 esse

65 551 248 578 sennonalem
264 558 280 578 a
295 551 442 587 principio,
456 556 483 579 et
499 552 589 588 primo
606 552 688 580 tacite
706 553 854 587 cogitasse,

63 601 87 624 et
97 597 277 631 disposuisse
298 604 391 625 secum
410 605 470 632 qua:
482 606 530 633 per
543 605 697 626 sermonem
721 606 783 626 mox
797 603 856 627 erat

62 643 199 675 dicturus.
214 648 242 671 et
257 642 389 678 Origenes
403 644 431 671 in
447 643 579 672 Joannem
598 645 700 673 multos
715 653 764 673 sua
776 651 856 673 aetate

62 690 206 717 exstitisse
222 689 315 723 docet,
330 690 376 724 qui
392 695 520 725 tanquam
536 691 709 726 perspicuum
725 691 790 718 illud
805 691 854 719 ad-

61 734 221 767 mittebant,
245 734 345 761 Filium
362 734 409 762 Dei
431 743 492 763 esse
506 735 625 764 Verbum
649 741 854 772 nuncupatum,

59 780 179 815 οεόμενοι
195 780 340 816 προφορὰν
353 782 491 817 πατρικὴν
505 783 585 809 οἱονεὶ
597 783 626 809 ὲν
640 783 784 815 συλλαϐαῖς
799 792 855 810 κει-

61 826 145 860 μένην
160 823 233 852 εἶναι
247 826 294 853 τὸν
309 827 372 853 Υἱὺν
383 827 429 853 τοῦ
441 827 519 860 Θεοῦ,
529 829 711 857 existimantes
723 830 853 862 prolatio-

57 879 117 898 nem
132 876 279 906 paternam
292 873 370 907 quasi
385 873 412 899 in
421 873 530 908 syllabis
545 874 670 905 iacentem
682 883 738 902 esse
752 874 854 902 Filium

916 280 1025 307 Verbum
1036 301 1044 312 ,
1060 285 1084 307 et
1105 280 1218 308 Verbum
1237 280 1294 309 erat
1311 284 1382 318 apud
1398 283 1492 318 Deum,
1504 290 1529 312 et
1548 285 1618 314 Deus
1636 295 1694 314 erat

909 326 1014 354 uerbum
1028 327 1070 353 πῖ
1087 335 1096 352 ι
1111 327 1153 354 vel
1172 327 1244 361 quod
1261 333 1303 355 est
1313 329 1364 356 hoc
1376 328 1507 362 Verbum.
1520 333 1592 367 quod
1605 333 1694 360 dictu-

907 379 955 399 rus
968 375 1046 399 antea
1062 380 1116 400 non
1134 372 1247 406 silebat;
1265 381 1320 408 quo
1334 375 1416 410 dicto,
1435 384 1489 404 non
1505 378 1580 405 siluit
1594 379 1642 414 qui
1653 380 1694 407 di~

907 417 1078 453 cebathuod
1086 424 1127 446 est
1136 417 1251 446 Verbum
1264 420 1323 448 sine
1334 425 1467 456 tempore,
1478 431 1526 458 per
1537 423 1610 458 quod
1623 425 1693 453 facta

907 468 971 491 sunt
986 465 1127 499 tempora?
1142 464 1271 498 Verbum,
1291 467 1364 501 quod
1384 467 1453 495 labia
1471 468 1572 497 nullius
1587 472 1694 505 aperuit

907 514 1037 544 coeptum,
1052 510 1183 538 clausitve
1195 512 1320 540 finitum?
1334 522 1343 538 ν
1357 513 1407 541 Cui
1423 516 1560 549 geminum
1574 517 1693 552 adjungo

906 554 937 582 B.
955 555 1089 590 Fulgentii
1102 557 1204 589 locum,
1218 558 1252 585 ad
1264 557 1476 588 Trasimundum
1489 562 1536 589 lib.
1550 570 1589 595 Ill,
1603 571 1628 591 c.
1641 564 1691 591 l8:

910 610 920 626 ι
937 601 999 628 Fuit
1014 601 1106 630 infans
1124 602 1241 630 Verbum
1257 605 1407 632 secundum
1430 614 1552 640 carnem,
1568 613 1595 636 et
1618 608 1692 636 fandi

906 653 963 673 non
976 647 1072 674 habuit
1084 647 1240 676 facultatem
1256 659 1262 675 ε
1274 650 1321 677 sed
1339 650 1410 678 idem
1423 651 1542 680 Verbum
1558 654 1633 682 nullo
1646 663 1694 682 un-

906 698 988 727 quam
1004 693 1092 727 potuit
1107 694 1228 722 coerceri
1249 695 1369 728 silentio,
1387 697 1449 732 quia
1475 698 1532 732 ipse
1548 704 1589 726 est
1603 699 1692 729 Patris

905 739 1070 773 sempiterna
1095 739 1207 768 locutio.
1223 750 1233 767 ι
1262 741 1382 777 Uterque
1398 749 1488 771 autem
1512 747 1691 775 aeternitatem

905 784 987 812 Verbi
1001 784 1048 813 Dei
1063 786 1136 813 clare
1150 787 1279 822 explicat,
1295 793 1322 815 et
1339 796 1355 816 a
1373 790 1455 816 verbo
1471 791 1602 825 humano,
1618 795 1693 828 quod

904 836 938 857 ex
965 835 1060 857 neutra
1087 835 1164 865 parte
1187 837 1318 859 aeternum
1343 837 1395 865 est,
1422 834 1579 869 distinguit,
1598 841 1694 871 utpote

904 874 979 908 quod
1004 882 1020 902 ι
1039 875 1148 902 silentio
1171 875 1293 911 incipiat,
1318 881 1345 905 et
1361 878 1388 905 in
1413 879 1551 907 silentium
1573 882 1692 912 desinat.

57 917 117 950 Dei,
132 925 228 952 neque
243 918 328 945 ullam
347 919 373 946 ei
388 919 569 947 substantiam
585 925 632 948 aut
646 921 852 948 subsistentiam
867 929 889 957 Β
903 919 974 952 Quid
988 919 1022 946 ad
1037 919 1097 947 hac
1110 920 1152 946 vir
1166 920 1362 949 doctissimus?
1374 921 1465 950 Primo
1479 924 1507 950 in
1521 923 1549 951 S.
1563 924 1693 960 Augusu-

56 963 222 991 tribuentes.
239 963 268 991 Si
283 964 390 998 quoties
405 965 442 992 ita
453 965 533 993 Verbi
548 966 623 992 notio
636 966 753 994 traditur
762 971 790 994 et
804 975 853 994 ex-

58 1009 186 1043 piicatur,
203 1014 236 1038 ut
251 1010 335 1037 simul
351 1018 366 1037 a
382 1010 483 1039 talibus
499 1012 676 1046 conceptibus
701 1012 830 1040 liberetur
844 1032 851 1044 ,

58 1054 155 1090 frigida
169 1055 208 1083 sit
221 1055 341 1088 locutio;
359 1055 459 1088 frigent
473 1061 545 1083 certe
560 1056 650 1083 omnia
675 1055 724 1084 SS.
742 1056 851 1085 Patrum

56 1102 168 1136 scripta,
192 1100 300 1137 frigent
323 1109 418 1130 omnes
439 1102 629 1138 theologorum
655 1103 851 1138 expositiones.

56 1146 185 1174 Universi
214 1147 292 1174 enim
317 1147 434 1175 sollicite
453 1153 550 1175 curant
573 1157 618 1183 ne,
643 1157 706 1178 cum
726 1149 852 1178 Christus

55 1193 174 1220 Verbum
191 1193 309 1226 dicitur,
325 1193 379 1220 tale
392 1193 504 1222 verbum
525 1200 614 1223 mente
637 1196 825 1230 concipiamus
842 1216 849 1228 ,

53 1240 131 1275 quale
147 1247 184 1267 ex
199 1247 252 1268 ore
267 1240 388 1268 humano
408 1242 552 1276 provenire
573 1242 671 1275 soleat,
688 1247 735 1269 aut
753 1243 851 1277 quovis

53 1287 131 1313 modo
139 1291 282 1314 aeternum
300 1294 353 1313 non
365 1288 409 1314 sit.
423 1287 548 1315 Clemens
555 1288 763 1321 Alexandrinus,
775 1288 851 1315 Stro-

51 1338 113 1360 tut.
131 1341 151 1360 γ
165 1342 173 1360 :
195 1333 228 1360 '0
244 1333 301 1368 γὰρ
316 1333 362 1360 τοῦ
379 1333 486 1369 Πατρὸς
499 1334 552 1361 τῶν
563 1334 631 1360 ὃλων
641 1334 725 1368 Λόγος
741 1335 790 1370 οὺχ
806 1331 851 1361 οὗ·

51 1379 91 1411 τός
107 1380 189 1406 ἐστιν
206 1380 223 1406 ὀ
240 1380 420 1415 προφορικὺς,
435 1380 515 1414 σοφία
527 1380 555 1406 δὲ
571 1380 618 1407 καὶ
632 1380 784 1416 χρηστότης
800 1389 851 1416 φα-

51 1427 195 1461 νερωςάτη
223 1426 274 1452 τοῦ
289 1425 372 1460 θεοῦ.
388 1426 534 1459 Eusebius,
555 1426 592 1454 De
607 1427 699 1454 coclea.
723 1427 848 1462 tlieolog..

51 1472 94 1499 lib.
115 1480 138 1506 l,
157 1480 185 1500 c.
205 1472 255 1505 20,
275 1477 352 1500 notat
367 1471 500 1500 Joannem
516 1473 619 1501 dixisse
643 1473 709 1504 Θεὸς
723 1470 757 1508 ἦν
770 1473 785 1499 ὸ
799 1472 851 1499 Λό-

49 1527 104 1551 γος,
122 1526 184 1546 non
203 1522 299 1545 autem
315 1518 397 1550 θεῖος,
411 1518 449 1551 ὡς
464 1519 496 1546 ἂν
512 1519 548 1554 μή
561 1528 603 1551 τις
625 1519 706 1546 αὑτὸν
720 1519 758 1554 τῷ
774 1519 850 1554 παρὰ

47 1564 211 1600 ἀνθρώποις
225 1565 320 1599 ὅμοιον
335 1562 403 1591 εἶναι
419 1565 527 1600 φήσειε,
542 1565 661 1600 alibique
676 1570 751 1592 notat
764 1564 848 1592 Deum

47 1612 81 1646 μὴ
97 1611 194 1644 Λόγον
210 1609 340 1645 αἰσθητὸν
358 1610 429 1645 ἔχειν
446 1611 497 1637 ὑπὸ
511 1610 634 1647 γλώττης
648 1611 828 1646 ἐξηχούμενον
838 1631 845 1643 ,
861 1601 884 1632 C

46 1657 91 1682 nl.
109 1656 158 1683 διὰ
174 1657 322 1691 προφορᾶς
337 1655 446 1692 θνητοῖς
457 1656 524 1683 ὠσὶν
539 1657 741 1692 ἐξακουόμενον.
755 1657 783 1684 S.
796 1657 848 1692 Cy-

46 1703 126 1729 rillus
154 1701 430 1737 Hierosolymitanus
460 1703 539 1737 quasi
567 1702 663 1735 lgnatii
692 1703 846 1738 Paraphra-

46 1752 119 1780 sten,
139 1752 173 1774 ut
196 1747 277 1780 alibi,
292 1752 392 1782 ageret,
411 1749 516 1776 catech.
539 1749 577 1776 4:
597 1749 711 1776 Πίστευε
727 1750 768 1776 ὅτι
788 1749 847 1781 ἐνὸς

46 1793 114 1820 θεοῦ
134 1793 289 1829 μονογενὴς
302 1791 343 1826 εἷς
354 1795 429 1821 ὲστιν
442 1795 516 1827 Υἱὸς,
531 1795 583 1831 πρὸ
595 1795 703 1822 πάντων
714 1794 768 1822 τῶν
783 1794 848 1822 αἰώ-

46 1849 99 1866 νων
123 1840 196 1871 Θεὸς
219 1840 321 1874 Λόγος·
346 1841 433 1875 Λόγος
454 1842 485 1867 οὐ
502 1842 702 1877 προφορητικὺς
717 1842 757 1873 εἰς
777 1841 847 1877 ἀέρα

47 1886 241 1920 διαχεόμενος,
251 1884 315 1912 οὔτε
329 1885 418 1921 λόγοις
425 1887 620 1919 ἀνυποστάτοις
630 1886 846 1922 ἐξομοιούμενος.

47 1930 245 1958 Gravissimus
273 1931 391 1966 scriptor
417 1931 564 1967 Gregorius
592 1931 733 1968 Nyssenus
750 1941 757 1959 :
773 1932 846 1967 Ποίῳ

48 1977 121 2012 λόγῳ
136 1977 189 2004 καὶ
209 1977 281 2012 ποίῳ
299 1977 450 2012 «vatiuati;
472 1978 533 2005 οὒτε
558 1978 612 2015 γὰρ
630 1979 705 2014 ῥῆμα.
720 1980 733 2005 ὁ
746 1979 845 2013 Λόγος,

48 2023 112 2049 οὔτε
127 2023 237 2057 ἄσθμα
258 2022 288 2049 τὸ
305 2022 429 2058 Πνεῦμα.
447 2023 624 2057 Novatianus,
639 2025 686 2052 lib.
702 2023 741 2051 De
756 2023 846 2051 Trini-

50 2074 104 2095 ωε
115 2077 126 2095 :
143 2078 154 2094 ε
173 2068 276 2096 Sermo
290 2068 376 2097 Filius
391 2074 472 2097 natus
483 2074 525 2097 est
537 2070 584 2104 qui
597 2078 649 2097 non
663 2070 691 2096 in
704 2077 772 2098 sono
785 2077 847 2104 per-

49 2117 125 2144 cussi
142 2117 230 2149 aeris,
246 2121 294 2144 aut
308 2121 372 2144 tono
386 2122 488 2145 coactae
500 2118 533 2145 de
543 2117 696 2145 visceribus
711 2118 786 2145 vocis
797 2125 845 2145 ac-

49 2163 174 2197 cipitur;
202 2162 250 2190 sed
274 2163 302 2190 in
328 2163 481 2191 substantia
504 2164 616 2198 prolatae
637 2171 652 2190 a
668 2163 723 2191 Deo
736 2163 846 2191 virtutis

50 2209 227 2244 agnoscitur.
240 2217 256 2234 τ
273 2207 303 2236 S.
320 2208 450 2241 Hilarius,
463 2209 500 2236 De
513 2208 599 2242 Triu.,
615 2209 633 2236 l.
648 2216 686 2236 vn
701 2218 707 2236 :
723 2218 732 2234 ι
747 2208 847 2244 Unige-

51 2256 128 2283 nitus
149 2255 226 2283 Deus
251 2260 278 2282 et
294 2255 412 2283 Verbum
437 2260 494 2289 est;
517 2256 564 2283 sed
580 2255 751 2284 innascibilis
766 2255 846 2283 Pater

51 2309 200 2336 nunquam
215 2301 330 2328 omnino
343 2301 403 2328 sine
418 2300 507 2329 Verbo
522 2305 574 2329 est.
587 2300 647 2329 Non
661 2301 734 2336 quod
754 2301 846 2336 prola-

53 2348 91 2375 tio
105 2348 185 2375 vocis
198 2353 296 2374 natura
310 2347 347 2375 sit
360 2347 433 2381 Filii,
447 2348 494 2376 sed
509 2356 542 2375 ex
559 2348 614 2375 Deo
629 2347 701 2376 Deus
718 2355 781 2375 cum
797 2354 845 2374 ve-

54 2395 137 2421 ritate
146 2393 298 2422 nativitatis
310 2393 472 2421 subsistens.
484 2403 494 2418 »
505 2393 619 2429 Vigilius
628 2393 774 2428 Tapsensis
781 2400 845 2420 cum

54 2441 89 2467 ad
102 2439 157 2467 ista
170 2438 274 2466 Psalmi
291 2448 300 2466 :
315 2448 325 2464 ι
339 2438 430 2466 Verbo
444 2437 550 2466 Domini
561 2439 621 2466 coeli
635 2439 815 2472 firmatisunt,
833 2448 842 2465 ι

55 2484 224 2512 asseruisset
235 2483 355 2512 Verbum
371 2492 405 2512 eo
422 2485 483 2512 loco
496 2492 558 2512 esse
568 2484 666 2512 Filium
675 2485 773 2518 Patris,
787 2490 845 2513 sta-

57 2531 107 2557 tim
121 2529 245 2557 addidit:
260 2539 270 2556 ι
288 2529 340 2557 Ubi
357 2529 396 2556 ait
409 2538 417 2557 :
432 2528 522 2556 Verbo
537 2529 654 2562 Domini,
670 2537 726 2557 non
747 2537 846 2557 sonum

57 2576 132 2603 vocis
147 2575 431 2603 ineousubstantivum
444 2583 504 2603 esse
518 2575 648 2610 accipias,
664 2583 746 2610 quam
763 2575 786 2603 si
797 2583 846 2603 va-

60 2620 133 2648 lidus
144 2620 207 2656 quis
219 2622 311 2649 emisit
325 2621 360 2648 de
373 2621 521 2654 montibus,
532 2621 600 2649 solet
613 2621 725 2649 reboare
736 2621 815 2649 echo.
833 2630 842 2646 ι

94 2665 151 2694 Hoc
165 2666 314 2695 discrimen
330 2667 404 2694 inter
423 2666 543 2694 Verbum
562 2668 684 2695 divinum
704 2672 732 2695 et
747 2668 845 2695 huma-

64 2719 124 2740 mun
147 2718 310 2748 prosecutus
335 2718 378 2741 est
398 2712 427 2740 S.
453 2714 633 2749 Augustinus,
656 2714 735 2749 cujus
755 2714 845 2742 locum

70 2765 98 2785 ex
119 2767 246 2788 sermone
273 2760 313 2788 De
342 2759 492 2787 Nativitate
522 2760 629 2788 Domini
657 2761 771 2788 adduxit
795 2760 846 2789 Pe-

72 2804 147 2832 tavius
156 2804 189 2831 ad
200 2804 272 2832 hanc
282 2812 342 2832 rem
354 2805 474 2832 maxime
486 2806 734 2839 accommodatum,
745 2810 772 2834 et
783 2814 845 2834 cum

73 2850 240 2883 explicatione
260 2851 316 2878 loci
341 2850 476 2886 lgnatiani
495 2859 609 2886 prorsus
631 2852 843 2887 conspirantem.

95 2909 115 2925 "
126 2907 203 2937 Joan.
216 2917 236 2944 ι,
251 2909 277 2936 l.

904 972 981 998 num,
1004 965 1051 1000 qui
1067 965 1143 994 solus
1167 973 1182 993 a
1207 965 1319 994 Petavio
1346 967 1474 996 laudatus
1499 975 1551 1003 est,
1569 971 1689 1004 involat,

902 1017 1020 1045 eumque
1026 1011 1202 1040 acerbissime
1209 1012 1343 1048 obiurgat,
1352 1014 1425 1049 quod
1441 1024 1449 1040 ι
1460 1016 1582 1050 argutias
1589 1022 1690 1052 captet,

902 1062 929 1084 et
943 1057 970 1084 in
987 1057 1021 1085 iis
1034 1065 1102 1092 pene
1113 1062 1186 1086 totus
1202 1059 1246 1091 sit,
1258 1068 1267 1084 )
1282 1067 1333 1088 nec
1347 1061 1462 1088 miratur
1477 1063 1549 1096 quod
1565 1072 1575 1089 ε
1588 1063 1691 1100 aliquid

903 1103 1060 1138 hujusmodi
1075 1104 1180 1132 luserit.
1191 1114 1200 1130 ι
1213 1104 1331 1140 (Equius
1339 1106 1391 1134 hoc
1399 1107 1427 1134 in
1445 1106 1473 1134 S.
1486 1107 1638 1143 Augustino
1651 1110 1691 1138 fe-

902 1150 1028 1183 rendum,
1045 1154 1117 1186 quod
1134 1151 1207 1179 haud
1219 1152 1314 1180 mitius
1327 1157 1441 1180 caeteros
1455 1152 1550 1182 Patres
1572 1159 1691 1184 tractare

903 1196 999 1223 soleat.
1016 1195 1068 1224 Sed
1081 1197 1172 1232 qualis
1185 1198 1279 1232 qualis
1303 1199 1421 1234 scriptor
1441 1199 1479 1226 illi
1499 1199 1622 1228 videatur
1633 1201 1690 1228 Au—

901 1243 1041 1277 gustinus,
1058 1243 1084 1270 id
1098 1248 1172 1271 certe
1194 1243 1274 1276 fecit,
1302 1245 1376 1279 quod
1401 1250 1464 1272 ante
1481 1253 1543 1273 eum
1567 1246 1689 1282 lgnatius

901 1289 1059 1324 epistolicus
1073 1300 1079 1316 :
1094 1289 1212 1317 Verbum
1225 1291 1349 1318 divinum
1363 1291 1398 1318 ab
1414 1292 1534 1319 humano
1552 1293 1689 1327 distinxit,

901 1334 973 1368 quod
987 1341 1042 1361 non
1055 1334 1169 1367 perinde
1182 1341 1196 1361 a
1212 1335 1322 1362 silentio
1339 1336 1468 1371 incipiat;
1483 1344 1533 1364 nec
1550 1337 1577 1364 in
1595 1345 1626 1364 ea
1643 1345 1689 1365 no-

901 1380 986 1413 tione,
999 1384 1030 1407 ut
1042 1379 1075 1406 ab
1091 1379 1196 1415 lgnatio
1207 1381 1380 1415 exprimitur,
1395 1381 1545 1416 quidquam
1557 1387 1599 1410 est
1610 1390 1677 1418 argu

901 1431 970 1454 tum.
989 1426 1146 1462 Respondet
1161 1426 1284 1453 secundo
1299 1435 1306 1452 :
1327 1435 1337 1451 ‹
1353 1425 1379 1453 ld
1397 1435 1451 1454 non
1469 1427 1536 1455 dicit
1558 1428 1689 1463 Augusti-

900 1481 963 1506 nus,
977 1473 1051 1508 quo‘d
1062 1476 1166 1500 noster.
1182 1482 1192 1498 ι
1208 1471 1305 1498 Mirum
1319 1473 1370 1500 hoc
1381 1473 1490 1508 quidem
1506 1483 1512 1501 :
1524 1475 1602 1508 plane
1613 1475 1687 1502 enim

900 1518 971 1546 idem
994 1519 1070 1546 dicit.
1088 1518 1207 1547 Noster:
1232 1529 1241 1545 ι
1259 1518 1380 1547 Verbum
1402 1519 1474 1554 quod
1488 1528 1543 1547 non
1567 1520 1688 1554 prodita

900 1563 1028 1597 silentio;
1042 1573 1051 1589 ι
1069 1564 1129 1592 ille:
1142 1574 1151 1590 ί
1162 1564 1240 1597 Quod
1254 1569 1296 1592 est
1309 1565 1360 1592 hoc
1374 1564 1503 1597 Verbum,
1515 1567 1587 1600 quod
1599 1566 1687 1595 dictu-

899 1618 947 1638 rus
964 1616 1044 1637 antea
1059 1618 1112 1637 non
1129 1611 1244 1639 silebat?
1265 1620 1274 1637 l
1292 1610 1362 1644 Quid
1377 1611 1429 1638 dici
1446 1612 1535 1646 potuit
1552 1612 1689 1640 similius?

898 1655 936 1684 De
950 1657 1046 1684 eodem
1068 1656 1158 1685 Verbo
1171 1657 1303 1692 loquitur,
1319 1661 1346 1684 ct
1363 1657 1434 1684 idem
1452 1657 1486 1685 de
1499 1657 1595 1685 eodem
1613 1666 1688 1686 assc-

898 1703 943 1730 rit.
957 1702 1224 1739 AtS.Augustinus«
1236 1702 1356 1731 Verbum
1373 1703 1462 1731 solum
1479 1707 1506 1730 et
1520 1711 1656 1736 seorsum,
1670 1712 1686 1731 a

897 1749 1137 1784 nolionepersonae
1144 1751 1298 1784 praecisum,
1313 1750 1466 1777 considerat
1475 1759 1498 1783 ;›
1514 1757 1578 1784 ergo
1590 1750 1616 1777 id
1629 1758 1685 1778 non

897 1795 964 1822 dicit
980 1796 1052 1831 quod
1070 1796 1201 1832 lgnatius.
1219 1796 1317 1823 Mirum
1335 1797 1387 1824 hoc
1403 1795 1533 1831 effugium
1548 1803 1574 1824 ct
1592 1801 1686 1831 aperte

897 1840 1007 1868 falsum.
1024 1840 1158 1876 Loquitur
1174 1841 1343 1877 Augustinus
1357 1849 1411 1868 non
1434 1842 1525 1869 minus
1548 1842 1582 1870 de
1596 1841 1686 1870 Verbo

897 1887 1075 1920 personaliter
1088 1893 1206 1922 sumpto,
1223 1896 1303 1922 quam
1319 1887 1451 1922 lgnatins.
1469 1887 1507 1914 Ita
1522 1888 1595 1915 enim
1616 1888 1686 1916 inci—

896 1933 937 1966 pit
952 1941 957 1958 :
980 1941 988 1957 ι
1004 1931 1135 1964 Quaenam
1155 1936 1197 1960 est
1212 1933 1257 1959 illa
1270 1932 1423 1967 generatio,
1440 1940 1494 1967 qua
1514 1933 1542 1959 in
1555 1934 1685 1969 principio

896 1983 953 2004 erat
979 1977 1100 2011 Verbum,
1117 1982 1141 2004 et
1163 1977 1273 2005 Verbum
1289 1984 1346 2005 erat
1361 1978 1432 2013 apud
1447 1978 1550 2011 Deum,
1567 1983 1591 2005 et
1615 1979 1684 2006 Deus

897 2029 954 2050 erat
967 2023 1079 2051 Verbum
1087 2025 1100 2051 ?
1109 2034 1118 2050 ι
1127 2025 1247 2060 loquitur
1264 2025 1297 2053 de
1308 2029 1408 2052 zelerna
1423 2025 1598 2061 generatione
1610 2026 1684 2059 Filii,

896 2070 943 2104 qui
957 2077 1023 2097 sane
1036 2075 1078 2097 est
1091 2069 1228 2104 Persona;
1245 2071 1365 2105 loquitur
1380 2072 1413 2099 de
1426 2071 1526 2106 Verbo,
1540 2073 1614 2108 quod
1626 2078 1683 2100 erat

896 2116 925 2142 in
948 2116 1093 2150 principio,
1121 2117 1193 2151 quod
1219 2122 1276 2144 erat
1301 2118 1373 2152 apud
1399 2118 1495 2151 Deum,
1526 2119 1598 2154 quod
1627 2124 1684 2146 erat

897 2160 986 2192 Deus;
1010 2161 1083 2196 quod
1099 2169 1165 2189 sane
1187 2166 1230 2189 est
1248 2161 1369 2189 Persona
1383 2171 1390 2190 :
1404 2163 1526 2198 loquitur
1539 2164 1573 2191 de
1594 2163 1684 2190 Verbo

897 2206 956 2233 sine
978 2211 1109 2242 tempore,
1134 2208 1159 2234 id
1181 2213 1223 2235 est
1250 2213 1363 2242 :eterno,
1385 2202 1433 2243 per
1447 2210 1519 2244 quod
1531 2209 1602 2237 facta
1619 2214 1685 2237 sunt

897 2257 1035 2287 tempora;
1055 2254 1127 2288 quod
1153 2254 1213 2281 sine
1235 2254 1320 2282 dubio
1341 2259 1383 2282 est
1401 2254 1537 2288 Persona;
1563 2256 1684 2290 loquitur

897 2299 1010 2327 omnino
1028 2299 1061 2326 de
1085 2307 1118 2326 eo
1143 2299 1235 2327 Verbo
1269 2301 1343 2335 quod
1367 2300 1396 2328 S.
1419 2299 1540 2329 Joannes
1563 2302 1591 2328 in
1606 2302 1684 2329 initio

895 2344 1035 2381 Evangelii
1051 2345 1093 2372 sui
1107 2345 1268 2380 descripsit,
1282 2346 1355 2380 quod
1367 2354 1513 2381 personam
1528 2354 1589 2374 esse
1601 2354 1683 2374 nemo

895 2391 1049 2418 catholicus
1065 2395 1155 2425 negat.
1182 2390 1403 2426 Et’Augustinus
1425 2392 1508 2427 igitur
1522 2396 1550 2419 et
1566 2391 1684 2427 Fulgen-

896 2436 951 2464 tius
961 2436 1055 2463 eodem
1069 2444 1182 2471 prorsus
1193 2437 1274 2464 modo
1287 2437 1372 2464 locuti
1387 2442 1461 2471 sunt,
1475 2445 1530 2473 quo
1542 2445 1593 2465 nos
1605 2437 1683 2473 lgna-

896 2482 964 2509 tium
979 2483 1099 2510 locutum
1112 2489 1174 2510 esse
1188 2483 1390 2511 contendimus.

932 2527 969 2555 De
984 2527 1083 2562 frigido
1097 2533 1124 2556 et
1137 2533 1234 2564 arguto
1250 2529 1387 2561 diximus;
1401 2529 1435 2556 de
1455 2529 1530 2556 inani
1552 2537 1626 2557 nunc
1640 2529 1682 2556 di-

895 2574 1023 2601 cendum.
1039 2583 1047 2600 ι
1064 2573 1291 2609 Supervacaneus
1303 2574 1387 2607 enim,
1402 2575 1501 2610 inquit,
1519 2581 1561 2602 est
1571 2583 1680 2608 sensus,

896 2628 977 2655 quem
998 2620 1126 2648 Petavius
1147 2621 1191 2648 his
1211 2621 1302 2648 verbis
1323 2620 1434 2656 affingit.
1459 2620 1581 2649 Hominis
1607 2623 1681 2649 enim

895 2666 1012 2692 verbum
1023 2673 1084 2693 esse
1090 2673 1123 2693 eo
1136 2667 1204 2694 satis
1216 2671 1338 2701 negarat,
1349 2667 1421 2701 quod
1434 2666 1481 2694 Dei
1494 2667 1612 2694 Verbum
1620 2675 1682 2695 esse

899 2713 1015 2740 dixerat.
1031 2722 1041 2738 ι
1050 2712 1084 2739 At
1092 2720 1154 2740 cum
1161 2712 1209 2739 Dei
1220 2712 1335 2740 Verbum
1343 2713 1525 2746 essedixerat,
1542 2721 1595 2741 non
1614 2714 1680 2741 illud

896 2760 962 2787 satis
974 2763 1095 2795 negarat,
1110 2759 1183 2794 quod
1198 2765 1292 2794 postea
1312 2767 1374 2788 eum
1400 2768 1499 2795 negare
1518 2761 1615 2788 asserit
1631 2760 1682 2787 Pe-

896 2805 996 2838 tavius,
1009 2805 1155 2840 ejusmodi,
1167 2805 1281 2838 scilicet,
1295 2813 1449 2834 sermonem
1462 2807 1536 2834 illum
1549 2806 1595 2834 Dei
1609 2814 1680 2838 esse,

899 2861 908 2878 ι
926 2852 1015 2888 qualis
1035 2857 1078 2881 est
1101 2857 1210 2881 creatus
1232 2856 1260 2880 et
1282 2852 1420 2880 humanus
1444 2860 1546 2881 sermo.
1564 2861 1574 2879 ι
1600 2853 1679 2880 Aliud
