1866 3073
162 167 215 194 303

658 165 687 193 S.
710 163 884 194 IGNATIUS.
902 181 936 186 —
964 164 1232 193 PROLEGOMENA.

1745 168 1803 195 30‘

153 212 240 251 {enim
257 227 299 251 est
313 221 432 251 Verbum
454 222 499 250 Dei
520 230 590 256 esse,
601 227 628 251 et
649 230 704 251 non
727 224 866 256 hominis,
883 224 956 251 aliud

1046 222 1119 261 λήθη,
1144 224 1289 260 προὸαλεῦ
1315 225 1361 251 καὶ
1382 225 1463 251 αὑιξιν
1485 224 1569 259 Λόγον
1593 225 1641 252 καὶ
1662 225 1750 260 Ζωὴν,
1773 231 1807 253 et

151 269 283 316 .verblim
299 269 364 316 illud
380 267 428 296 Dei
443 269 564 296 humano
576 268 665 297 simile
675 270 789 297 omnino
800 277 871 303 esse,
884 269 958 304 quod

151 314 203 350 ide
227 314 316 342 Verbo
340 314 387 342 Dei
412 314 523 349 plurimi
548 315 668 342 hzeretici
690 315 861 343 asserebant.
884 315 959 342 Dixit

146 375 154 410 ἰ
169 361 291 397 lgnatius
305 360 352 388 Dei
372 360 484 388 verbum
501 368 561 388 esse
573 365 725 394 aeternum,
741 362 815 396 quod
829 365 861 388 ut
872 361 959 396 expli-

169 413 261 441 caret,
283 413 311 435 et
333 411 428 435 contra
450 407 593 435 haereticos
609 408 656 443 qui
677 408 856 435 aeternitatem
877 406 958 435 Verbi

169 455 218 482 Dei
241 454 426 490 pernegabant
444 453 618 487 defenderet,
633 454 740 481 monuit
755 452 875 481 Verbum
892 454 958 481 illud

169 500 216 528 Dei
226 511 236 526 ε
247 508 300 528 non
315 508 346 528 ex
354 500 462 528 silentio
468 505 558 528 ortum
571 509 580 526 ι
593 507 666 533 esse,
677 505 707 527 ut
720 499 958 528 solenthominum

170 547 268 580 verba,
289 547 341 574 hoc
363 551 420 580 cst,
444 554 498 574 non
522 554 583 574 esse
604 547 688 574 verbo
709 546 829 574 hominis
850 547 957 580 simile,

169 601 258 628 neque
269 602 302 621 ex
324 595 409 621 verbo
431 594 553 621 humano
567 594 601 621 de
626 594 686 629 ejus
708 593 866 622 exsistentia
886 599 960 622 recte

167 641 284 677 iudicari
296 649 387 676 posse.
410 640 484 668 Nihil
509 641 593 676 igitur
605 640 648 668 his
670 641 761 669 verbis
776 641 861 674 dixit,
885 640 959 676 quod

168 692 232 714 ante
246 688 362 714 dixerat.
381 688 435 714 «At
457 687 524 715 satis
535 687 679 722 perspicue
701 687 726 713 id
752 692 814 714 ante
835 686 957 719 dixerat,

169 741 232 760 cum
249 733 363 760 verbum
378 732 425 760 Dei
446 736 577 760 aeternum
591 731 715 758 dixisset.
731 740 740 756 ι
756 730 835 758 Certe
851 730 874 758 si
896 730 959 765 quis

169 779 213 806 his
229 779 334 814 legibus
351 783 471 806 veterum
485 777 587 812 scripta
600 777 760 805 examinare
773 777 848 810 velit,
865 776 958 804 Battos

168 831 265 851 omnes
278 824 368 852 faciet.
383 823 478 852 Nonne
496 831 592 851 omnes
610 823 757 858 aliquando
780 823 886 858 seipsos
909 829 960 850 ex-

168 870 282 906 plicant,
303 874 330 898 et
351 870 424 897 idem
444 877 514 904 saepe
535 868 596 898 aliis
617 870 708 898 verbis
727 868 840 898 dicunt?
863 868 960 896 Nonne

1011 277 1073 298 mox
1087 280 1094 298 ε
1117 270 1164 298 Ἐκ
1178 271 1209 306 δὴ
1225 270 1273 297 τοῦ
1286 271 1372 305 Λόγου
1385 271 1432 298 καὶ
1444 271 1494 306 τῆς
1504 270 1580 306 Ζωῆς
1594 270 1809 306 προὸεόλῆσθαι

1010 317 1081 344 κατὰ
1095 316 1226 351 συζυγίαν
1251 317 1409 352 Ἄνθρωπον
1422 317 1469 344 καὶ
1487 316 1658 352 Ἐκκλησίαν.
1676 315 1714 344 Ea
1732 323 1811 344 voce

1010 370 1118 398 semper
1128 363 1162 390 de
1177 362 1312 390 Eonibus
1326 363 1422 391 utitur.
1440 362 1570 391 Eamdem
1582 368 1610 390 et
1619 362 1754 398 Origenes
1768 361 1811 390 de

1010 409 1212 437 Valentinianis
1227 417 1312 443 agens
1334 413 1450 444 usurpat
1470 413 1538 436 tom.
1556 417 1587 435 ιιι
1606 409 1632 436 in
1646 407 1810 435 Joannem:

1009 455 1083 492 Πρὸς
1102 455 1131 482 δὲ
1155 456 1219 487 τοὺς
1242 455 1293 492 τὴν
1321 455 1386 490 περὶ
1407 454 1512 482 αίώνων
1535 454 1747 486 ἀναπλάσαντας
1771 454 1813 480 ἐν

1011 501 1153 536 συζυγίαις
1177 501 1338 537 μυθολογίαν
1361 501 1408 528 καὶ
1433 501 1573 536 οἰομένους
1595 500 1648 527 ὑπὸ
1669 499 1727 526 Νοῦ
1752 500 1816 527 καὶ

1017 545 1157 582 Ἀληθείας
1165 546 1368 582 προὸεϐλῆσθαι
1379 545 1464 580 Λόγον
1477 545 1524 572 καὶ
1537 544 1624 580 Ζωὴν,
1638 545 1688 572 οὐκ
1699 544 1813 571 ἀπίθα-

1009 601 1054 620 νον
1075 593 1123 619 καὶ
1141 591 1227 619 ταῦτα
1249 593 1396 628 ἀπορῆσαι.
1420 591 1510 626 Atque
1531 591 1588 618 haec
1610 595 1651 618 est
1677 589 1814 618 Eonum

1010 638 1167 674 genealogia
1183 638 1255 665 κατὰ
1269 637 1319 673 τὴν
1330 637 1476 673 προὸολήν,
1489 641 1519 664 ιιι
1534 637 1655 671 loquitur
1666 636 1811 665 lrenams.

1009 683 1104 720 Neque
1132 685 1211 712 aliter
1232 683 1442 712 Valentinianus
1468 683 1532 716 ille,
1555 683 1637 718 cujus
1659 683 1814 718 ipsissima

1010 730 1092 758 verba
1106 730 1266 758 transcribit
1278 729 1405 762 lrenaeus,
1422 729 1561 763 loquitur:
1576 728 1702 764 Ἰωάννης
1718 729 1735 755 ὁ
1750 737 1815 763 μα-

1010 775 1094 811 Θητὴς
1117 775 1164 802 τοῦ
1189 775 1290 810 Κυρίου
1311 774 1471 810 βουλόμενος
1487 774 1574 801 εἰπεῖν
1589 774 1639 810 τὴν
1653 774 1708 800 τῶν
1732 774 1815 801 ὅλων

1009 821 1116 856 γένεσιν
1141 820 1202 848 καθ’
1223 821 1257 856 ἡν
1279 820 1315 847 τὰ
1339 820 1428 847 πάντα
1452 819 1617 856 προέϐαλλεν
1644 820 1660 846 ὁ
1684 818 1787 855 Πατὴρ
1800 838 1812 851 ,

1009 869 1098 905 ἀρχήν
1112 875 1174 895 τινα
1196 867 1353 895 ὑποτίθεται
1367 866 1398 894 τὸ
1411 866 1520 902 πρῶτον
1532 866 1662 901 γεννηθὲν
1678 866 1733 893 ὑπὸ
1753 866 1812 892 τοῦ

168 916 383 952 objectionibus,
401 923 463 952 quae
484 916 550 944 oriri
565 921 682 951 possunt
697 921 745 944 aut
768 916 871 948 solent,
888 923 960 950 saepe

1046 914 1088 946 οὗ,
1108 915 1137 940 ὲν
1152 910 1174 947 ᾧ
1187 913 1276 940 πάντα
1288 914 1302 939 ὸ
1316 912 1412 948 Πατὴρ
1433 912 1567 949 προέὸαλε
1588 911 1808 947 περματιχῶς·

169 966 330 995 occurrunt,
345 967 383 996 et,
394 967 430 989 'ut
445 962 499 989 hoc
511 961 628 995 faciant,
649 962 774 990 eamdem
795 961 959 990 sententiam

165 1009 260 1037 verbis
283 1007 344 1036 aliis
368 1008 527 1044 proferunt?
548 1007 665 1036 Plurimi
682 1009 709 1036 in
725 1008 822 1036 Vetere
837 1013 866 1036 et
884 1008 960 1036 Novo

169 1055 347 1084 Testamento
371 1055 521 1090 pleonasmi
544 1061 592 1090 per
619 1062 769 1090 synonyma
794 1054 918 1089 opposita
933 1058 960 1081 et

169 1102 297 1138 negantia
311 1109 326 1129 a
338 1101 404 1129 viris
419 1100 533 1128 eruditis
548 1100 684 1128 observati
702 1104 767 1128 sunt
784 1109 790 1127 :
808 1100 855 1135 qui
869 1104 960 1127 tamen

168 1155 224 1175 non
240 1147 331 1183 frigidi
343 1150 391 1174 aut
403 1147 599 1181 supervacanei
616 1150 769 1182 putantur;
786 1145 833 1174 sed
847 1145 960 1180 empha-

168 1193 228 1223 tici.

206 1239 259 1267 Sed
279 1239 389 1267 tandem
405 1247 415 1264 ι
430 1238 489 1273 ipsa
508 1237 631 1273 epistolae
650 1236 770 1264 elocutio
788 1236 822 1264 ad
837 1235 961 1264 Petavia-

169 1293 235 1313 num
249 1292 362 1313 sensum
376 1284 468 1319 inepta
485 1287 567 1318 atque
579 1283 682 1310 absona
696 1286 776 1310 estet
792 1282 931 1311 inusitata.
948 1292 957 1309 ›

170 1332 238 1360 Mira
250 1332 309 1359 haec
324 1330 441 1366 objectio
457 1338 473 1357 a
488 1329 589 1357 Dallzeo
600 1349 608 1362 ,
624 1329 670 1364 qui
689 1335 785 1356 omnes
807 1327 890 1363 hujus
912 1335 961 1355 au-

171 1378 255 1406 ctoris
266 1376 396 1413 epistolas
413 1376 483 1404 tales
498 1375 667 1403 elocutiones
680 1395 686 1407 ,
700 1375 817 1409 ineptas,
841 1374 960 1401 absonas

171 1429 198 1451 et
208 1423 353 1451 inusitatas
365 1423 507 1450 continere
522 1421 586 1449 alibi
599 1421 646 1448 ait.
661 1430 671 1447 ι
687 1421 721 1447 At
735 1420 758 1447 si
773 1424 896 1447 nostrum
904 1418 960 1446 Va—

171 1470 319 1497 lentianam
334 1468 416 1503 Sigen
440 1467 612 1503 signiﬁcasse
635 1466 798 1499 admiseris,
819 1470 874 1493 tota
899 1473 961 1492 ora-

171 1517 209 1544 tio
229 1520 257 1543 et
279 1515 433 1551 perspicua,
457 1518 485 1542 et
498 1514 600 1549 gravis,
621 1517 650 1541 et
669 1513 836 1545 necessaria,
851 1517 877 1540 et
888 1512 960 1540 clara

170 1563 252 1590 etiam
268 1566 296 1589 et
313 1560 435 1596 legitima
457 1560 529 1593 erit;
543 1569 552 1585 ι
567 1559 621 1587 hoc
643 1563 701 1590 est,
728 1558 827 1586 Dallazo
841 1557 959 1591 fatente,

169 1607 319 1644 lgnatianis
330 1606 525 1634 dissimillima.
543 1603 580 1633 Ut
593 1605 676 1641 igitur
687 1609 785 1632 auctor
800 1603 842 1632 sui
862 1602 960 1631 similis

170 1656 218 1689 sit,
235 1659 265 1682 ut
277 1654 335 1682 haec
347 1653 436 1681 oratio
446 1652 561 1687 reliquis
576 1655 719 1687 congruat,
730 1655 760 1677 ut
772 1650 830 1677 haec
841 1649 961 1678 elocutio

171 1701 277 1729 caeteris
300 1707 357 1728 non
381 1702 533 1735 repugnet,
561 1705 621 1725 eam
644 1697 678 1724 de
697 1696 834 1724 Valentini
863 1695 960 1724 haeresi

170 1755 309 1783 exponere
339 1754 396 1774 non
421 1752 580 1781 possumus.
614 1743 681 1771 Illud
712 1743 804 1779 potius
829 1740 960 1770 Dallteum

171 1795 262 1822 dicere
269 1794 400 1828 oportuit,
412 1791 555 1827 Expositio
566 1790 670 1818 Petavii
684 1790 772 1818 reddit
786 1790 878 1817 omnia
885 1789 959 1817 clara

172 1845 200 1868 et
217 1840 373 1875 perspicua,
387 1837 516 1866 Salmasii
528 1836 620 1865 omnia
633 1836 741 1864 turbata
757 1840 839 1871 atque
857 1835 961 1863 absona

171 1891 200 1914 et
215 1886 302 1921 magis
318 1886 351 1914 ad
373 1885 495 1913 auctoris
514 1883 597 1919 hujus
611 1891 716 1911 morem
731 1883 896 1919 geniumque
912 1889 960 1910 ac-

172 1933 345 1961 commodata
359 1941 365 1959 :
379 1936 406 1959 et
422 1932 465 1959 vel
485 1931 520 1960 ob
547 1938 608 1958 eam
631 1931 766 1957 rationem
790 1928 961 1957 Salmasiana

172 1979 307 2015 expositio
320 1978 474 2006 Petarianae
502 1976 674 2012 praeferenda
689 1980 740 2003 est.
757 1975 813 2003 Nec
839 1975 898 2003 haec
919 1975 961 2002 lu-

172 2023 240 2050 dens
267 2023 347 2056 dico,
366 2022 413 2050 sed
437 2022 509 2050 serio
533 2025 560 2049 et
588 2028 622 2048 ex
645 2020 758 2054 animo;
788 2027 842 2047 non
865 2020 961 2048 dubito

172 2070 246 2097 enim
260 2068 327 2104 quin
340 2075 403 2096 mox
415 2073 579 2096 ostensurus
593 2067 644 2095 sim
664 2067 863 2102 expositionem
875 2066 960 2100 illam,

172 2123 234 2150 quae
246 2114 463 2142 Valentinianam
486 2112 569 2148 Sigen
586 2114 641 2140 huc
660 2112 792 2144 advocat,
807 2119 868 2140 esse
881 2112 961 2147 plane

172 2161 323 2193 absonam;
336 2163 364 2187 et
377 2159 527 2186 orationem
545 2166 622 2192 eam,
645 2155 724 2193 λόγος
737 2158 787 2185 οὐκ
808 2158 862 2185 ἀπὸ
882 2158 961 2193 σιγῆς

172 2206 328 2243 προελθὼν,
346 2214 379 2234 eo
404 2214 487 2234 sensu
509 2210 664 2240 acceptam,
684 2213 734 2233 nec
760 2212 821 2233 esse
835 2205 937 2232 claram
951 2225 958 2238 ,

1012 961 1064 987 ὑπὸ
1078 961 1106 987 δὲ
1119 960 1217 987 τούτου
1230 960 1296 995 φησὶ
1308 959 1355 986 τὸν
1370 960 1456 993 Λόγον
1471 957 1686 994 προϐεϐλῆσθαι.
1704 957 1811 985 Valen-

1012 1007 1134 1035 tinianus
1147 1006 1259 1042 quidem
1275 1007 1354 1039 alter,
1370 1007 1451 1041 cujus
1468 1005 1550 1033 verba
1565 1005 1663 1032 recitat
1683 1003 1812 1039 Epipha-

1010 1053 1073 1081 nius
1086 1074 1094 1086 ,
1117 1061 1168 1088 pro
1187 1052 1370 1088 προϐαλέσθαι
1395 1059 1501 1087 semper
1518 1055 1632 1086 usurpat
1651 1049 1810 1083 ἀναδεῖξαι,

1011 1100 1152 1137 προελθεῖν
1167 1107 1318 1135 nunquam.
1338 1099 1414 1127 Licet
1436 1099 1520 1134 igitur
1535 1098 1654 1126 lrenaeus
1669 1098 1730 1132 ipse
1741 1117 1749 1129 ,
1771 1097 1810 1124 de

1011 1146 1191 1182 productione
1204 1154 1297 1173 rerum
1316 1145 1497 1173 materialium
1511 1153 1604 1180 agens,
1622 1152 1693 1171 voce
1709 1144 1811 1179 προελ-

1011 1193 1068 1220 θεῖν
1082 1198 1184 1226 utatur,
1202 1197 1230 1220 et
1247 1192 1330 1220 Marci
1345 1191 1508 1220 sententiam
1525 1190 1649 1218 referens
1669 1191 1810 1218 tetradem

1011 1247 1045 1268 ex
1060 1240 1176 1273 tetrade,
1186 1240 1315 1268 decadem
1327 1246 1360 1266 ex
1375 1238 1542 1275 ogdoade,et
1555 1237 1659 1265 Eones
1670 1245 1704 1265 ex
1721 1243 1811 1264 tetra-

1011 1286 1060 1320 dc,
1085 1290 1114 1313 et
1135 1286 1274 1314 Ptolemzei
1292 1285 1492 1321 discrepantem
1524 1285 1684 1320 opinionem
1707 1285 1809 1319 depin-

1011 1341 1088 1368 gens,
1101 1332 1161 1360 Nnn
1174 1337 1201 1361 et
1214 1332 1349 1360 Alethiam
1363 1336 1492 1367 tanquam
1506 1331 1641 1366 imagines
1654 1331 1810 1358 affectuum

1011 1378 1100 1406 Patris
1107 1378 1272 1406 Thelematis
1284 1383 1310 1406 ct
1322 1378 1434 1406 Ennaeas
1446 1378 1481 1405 ita
1493 1378 1629 1413 prodiisse
1638 1377 1724 1410 dicat,
1732 1381 1760 1404 et
1771 1385 1806 1404 ea

1011 1433 1063 1453 vox
1082 1426 1164 1453 etiam
1182 1426 1208 1453 in
1230 1425 1379 1454 Clementis
1393 1425 1572 1452 Alexandrini
1590 1423 1741 1451 Anatolicis
1763 1432 1811 1452 reb

1012 1473 1152 1507 periatur;
1165 1477 1256 1499 tamen
1270 1479 1332 1499 cum
1350 1471 1531 1499 Valentiniani
1549 1471 1602 1506 ipsi
1619 1471 1697 1498 aliter
1719 1471 1809 1498 locuti

1013 1518 1078 1552 sint,
1093 1526 1156 1546 cum
1172 1518 1291 1546 [renatus
1306 1522 1434 1546 accurate
1451 1518 1574 1546 referens
1592 1517 1807 1545 Valentiniano-

1012 1573 1073 1592 rum
1098 1572 1226 1599 errores,
1249 1565 1316 1592 dum
1347 1564 1518 1601 singulorum
1542 1563 1664 1592 [Eonum
1686 1572 1807 1600 genera-

1012 1611 1102 1639 tiones
1135 1614 1295 1643 enumerat,
1329 1609 1531 1646 προὸεϐλῆσθαι
1558 1613 1614 1637 tam
1642 1613 1807 1636 constanter

1012 1661 1137 1692 usurpet,
1151 1664 1214 1684 cum
1229 1655 1279 1683 SS.
1289 1655 1384 1684 Patres
1400 1660 1455 1683 tam
1470 1662 1542 1691 sape
1551 1655 1690 1691 προὸολὰς
1701 1654 1806 1682 Valen-

1013 1703 1126 1730 tinianis
1140 1702 1289 1737 obiiciant;
1303 1702 1325 1729 si
1339 1706 1437 1730 auctor
1449 1701 1573 1737 epistola
1590 1700 1806 1728 Valentinianus

1011 1748 1114 1776 directe
1136 1747 1219 1776 ferire
1235 1753 1262 1776 et
1281 1755 1377 1776 eorum
1400 1755 1476 1776 more
1493 1746 1569 1783 loqui
1579 1748 1730 1780 voluisset,
1747 1755 1806 1774 non

1010 1793 1067 1821 ἀπὸ
1086 1794 1165 1830 σιγῆς
1185 1792 1342 1830 προελθών,
1367 1793 1414 1822 sed
1434 1794 1527 1829 potius
1546 1794 1579 1820 ὲκ
1602 1793 1682 1829 σιγῆς
1699 1793 1806 1829 προδι-

1011 1839 1145 1876 σλημένος
1160 1839 1286 1867 dixisset.

1046 1884 1125 1919 Quod
1152 1890 1244 1912 autem
1268 1890 1377 1913 nostros
1403 1883 1438 1912 ad
1467 1884 1670 1913 emanationem
1695 1883 1760 1911 Filii
1787 1891 1805 1911 a

1011 1931 1094 1959 Patre
1118 1930 1328 1966 significandam
1351 1938 1416 1958 usos
1429 1937 1491 1959 esse
1506 1938 1575 1958 voec
1595 1930 1738 1966 προελθεῖν
1750 1929 1804 1957 ob-

1012 1982 1119 2012 servet,
1143 1978 1178 2005 ad
1196 1985 1252 2005 rem
1276 1977 1390 2005 omnino
1407 1985 1463 2004 non
1489 1977 1572 2010 facit;
1599 1978 1656 2004 imo
1671 1977 1748 2012 quod
1769 1984 1803 2004 ex

1011 2023 1117 2059 lgnatio
1136 2028 1232 2051 nostro
1256 2023 1383 2056 adducit,
1407 2023 1494 2051 multo
1511 2023 1618 2055 minus,
1642 2030 1705 2050 eum
1728 2021 1804 2049 dicat

1012 2070 1152 2097 Christum
1166 2068 1259 2097 Jesum
1273 2069 1319 2104 ἀφ’
1332 2069 1391 2101 ὲνὺς
1402 2068 1509 2104 Πατρὸς
1519 2068 1670 2104 προελθεῖν.
1685 2077 1696 2094 ‹
1708 2067 1802 2095 Unum

1012 2117 1155 2151 idemque,
1172 2117 1279 2152 inquit,
1298 2120 1415 2151 utroque
1439 2115 1499 2143 loco
1516 2115 1631 2142 verbum
1653 2119 1711 2148 est,
1727 2114 1804 2150 quod

1013 2163 1148 2198 interpres
1163 2162 1328 2190 Usserianus
1343 2161 1548 2190 vetustissimus
1572 2161 1599 2188 in
1613 2160 1698 2196 priori
1715 2161 1802 2193 exire,

1013 2209 1042 2236 in
1061 2209 1204 2244 posteriori
1220 2209 1342 2244 progredi
1373 2208 1500 2236 reddidit.
1523 2217 1532 2234 ι
1559 2207 1697 2235 Hactenus
1725 2215 1801 2234 vere.

173 2253 446 2288 ncclegitimam,nec
456 2252 772 2285 Gnosticis,necnostris
784 2251 959 2279 familiarem.
975 2259 998 2287 ι)
1013 2253 1083 2288 Ergo
1105 2259 1197 2282 noster
1221 2254 1320 2281 Filium
1344 2254 1419 2282 exire
1443 2257 1498 2280 tam
1531 2261 1546 2280 a
1567 2253 1678 2281 silentio
1708 2258 1802 2288 negat,

208 2300 268 2328 Jam
285 2307 349 2328 vero
364 2303 395 2326 ut
415 2307 449 2326 ex
473 2299 541 2334 ipsis
555 2299 647 2327 verbis
676 2306 787 2326 sensum
801 2305 883 2334 quem
902 2299 961 2325 vult

173 2345 336 2380 exsculpat,
363 2345 489 2372 observat
520 2352 583 2372 eum
611 2345 758 2372 Gnosticos
785 2344 819 2372 ad
845 2351 958 2372 suorum

173 2391 293 2419 Eanum
306 2391 478 2424 emissiones,
491 2395 548 2418 tum
565 2397 673 2419 nostros
687 2391 720 2418 ad
733 2391 793 2418 Filii
806 2395 833 2419 et
842 2390 960 2426 Spiritus

173 2438 261 2465 sancti
269 2438 456 2465 emanationes
465 2437 658 2472 significandas
672 2438 711 2465 uti
725 2445 792 2466 voce
806 2437 959 2474 προελθεῖν.

173 2483 311 2511 Fortasse.
330 2483 383 2511 Sed
400 2483 467 2511 hinc
481 2483 556 2510 nullo
577 2483 658 2511 modo
668 2483 803 2519 sequitur,
819 2487 868 2512 aut
881 2483 961 2512 aliter

173 2538 233 2557 eam
253 2537 345 2558 vocem
363 2529 490 2564 usurpari
514 2536 569 2556 non
587 2535 682 2564 posse,
707 2533 754 2556 aut
769 2530 821 2558 hoc
845 2529 906 2557 loco
933 2529 959 2556 in

171 2583 235 2602 eum
258 2575 370 2602 modum
396 2575 482 2610 accipi
498 2575 607 2604 debere.
627 2575 684 2602 Vox
708 2583 763 2610 qua
781 2576 901 2604 maxime
915 2575 960 2604 usi

173 2626 238 2649 sunt
253 2621 279 2648 in
298 2623 349 2649 hac
365 2629 395 2649 re
407 2621 591 2649 Valentiniani
612 2621 665 2649 alia
682 2622 761 2657 plane
774 2627 843 2656 erat,
862 2629 960 2657 nempe

172 2667 384 2704 προϐάλλεσθαι,
398 2669 470 2696 unde
485 2667 565 2696 toties
576 2675 592 2695 a
609 2667 659 2695 SS.
675 2667 802 2696 Patribus
819 2669 959 2704 exagitan-

173 2719 228 2741 tur.
244 2715 281 2742 lta
295 2714 413 2742 lrcntcus
429 2715 593 2743 sententiam
610 2714 862 2743 Valcntinianorum
874 2723 958 2743 accu-

172 2765 231 2788 rate
245 2760 366 2788 referens
381 2761 427 2788 lib.
443 2769 463 2794 ι,
477 2769 538 2796 cap.
558 2762 584 2794 Ι,
602 2761 685 2789 tradit
702 2761 900 2797 προϐάλλεσθαι
913 2761 959 2788 τὸν

173 2806 257 2833 Βυϐὺν
274 2807 360 2843 ἀρχὴν
373 2807 427 2833 τῶν
443 2807 562 2839 πάντων,
576 2807 648 2840 Nun,
664 2808 785 2841 scilicet;
801 2807 957 2843 συμπροϐε-

174 2852 285 2887 ῦλῆσθαι
303 2853 332 2879 δὲ
352 2853 425 2888 αὐτῷ
445 2851 592 2889 Ἀλήθειαν.
610 2853 644 2880 Ει
661 2861 756 2881 rursus
771 2863 777 2880 :
795 2853 959 2888 Αἰσθόμενον

173 2896 201 2924 δι
214 2897 257 2924 τὸν
275 2899 408 2934 μονογενῆ
426 2898 536 2931 τοῦτον,
554 2907 649 2934 neinpe
669 2898 730 2926 Nun
742 2919 749 2931 ,
771 2899 812 2933 ἐφ’
829 2897 870 2931 οἷς
891 2908 957 2935 προ-

1011 2307 1094 2335 quam
1109 2307 1125 2327 a
1142 2299 1222 2328 Patre
1236 2300 1284 2327 ait.
1302 2300 1449 2333 Quaenam,
1465 2299 1577 2332 amabo,
1592 2299 1650 2326 haee
1673 2303 1717 2327 est
1733 2307 1803 2327 con-

1011 2346 1174 2381 sequentia?
1187 2346 1228 2373 An
1250 2347 1296 2381 qui
1317 2345 1384 2373 dicit
1398 2345 1497 2373 Filium
1517 2353 1532 2372 a
1544 2344 1625 2373 Patre
1642 2345 1731 2377 exire,
1745 2352 1800 2372 non

1011 2396 1102 2418 autem
1124 2391 1192 2419 dicit
1216 2391 1362 2427 progredi,
1388 2396 1417 2419 et
1430 2391 1551 2419 Verbum
1578 2398 1634 2418 non
1658 2399 1674 2418 a
1688 2391 1800 2418 silentio

1012 2438 1149 2474 progredi,
1165 2446 1219 2466 non
1234 2443 1325 2466 autem
1340 2446 1395 2466 non
1411 2438 1497 2473 exire,
1506 2439 1530 2466 is
1541 2437 1639 2466 Filium
1653 2438 1731 2466 exire
1743 2442 1799 2466 tam
1825 2434 1827 2442 ¹

1012 2491 1028 2510 a
1045 2483 1153 2511 silentio
1178 2488 1260 2520 negat
1284 2491 1367 2519 quam
1390 2491 1406 2511 a
1421 2483 1503 2511 Patre
1526 2483 1584 2511 ait?
1608 2483 1690 2512 Nullo
1706 2483 1798 2512 modo.
1823 2480 1826 2519 ξ

1011 2529 1210 2564 Argumentum
1243 2530 1335 2566 itaque
1366 2530 1401 2559 ab
1431 2530 1656 2565 interpretatione
1683 2530 1798 2558 dudum

1010 2583 1125 2610 prorsus
1146 2580 1189 2603 est
1215 2575 1413 2610 frustraneum,
1433 2576 1489 2604 imo
1504 2576 1584 2611 plane
1610 2576 1730 2604 nullum.
1745 2575 1796 2604 Sed
1821 2603 1823 2613 γ

1010 2623 1099 2657 potuit
1114 2623 1247 2658 interpres
1261 2627 1316 2650 tam
1333 2623 1408 2651 exire
1419 2623 1446 2650 in
1462 2623 1616 2658 posteriore
1630 2622 1691 2650 loco
1703 2622 1797 2650 redde-
1821 2631 1822 2657 ι

1011 2677 1056 2700 re,
1069 2676 1151 2704 quam
1175 2669 1276 2703 priore.
1299 2669 1393 2697 Potuit
1406 2669 1534 2704 quidem;
1549 2669 1596 2697 sed
1612 2673 1640 2697 et
1658 2674 1714 2696 tam
1734 2676 1796 2704 pro-
1819 2672 1821 2699 l

1010 2714 1085 2749 gredi
1109 2714 1197 2748 potuit
1224 2713 1251 2740 in
1274 2714 1364 2748 priore
1379 2713 1440 2741 loco
1465 2713 1588 2746 reddere,
1605 2720 1688 2748 quam
1703 2717 1794 2748 poste-
1819 2711 1820 2743 l

1010 2761 1094 2792 riore,
1111 2761 1132 2788 si
1146 2765 1243 2787 contra
1258 2760 1342 2787 animi
1358 2760 1401 2787 sui
1418 2767 1528 2788 sensum
1544 2759 1681 2787 redderet.
1697 2758 1793 2787 Verum
1818 2750 1819 2786 i

1010 2806 1160 2834 fidissimus
1180 2808 1313 2841 interpres
1332 2806 1397 2833 iane
1418 2806 1627 2841 significationis
1643 2813 1738 2833 vocem
1759 2805 1792 2832 ita
1817 2820 1818 2829 η

1010 2854 1142 2887 reddidit,
1160 2853 1392 2889 quemadmodum
1418 2853 1479 2880 loco
1498 2861 1579 2888 quem
1603 2853 1792 2888 interpretatus
1815 2863 1817 2873 ‹

977 2919 985 2927 .
1010 2907 1061 2934 est,
1073 2900 1173 2935 optime
1193 2900 1328 2935 quadrare
1352 2899 1494 2928 sentiebat.
1512 2898 1582 2927 Dicit
1598 2899 1684 2935 igitur
1701 2898 1791 2927 Filium
1815 2906 1816 2915 π
