1866 3073
58 180 102 209 505
430 177 457 207 Ι.
476 177 658 207 PEARSONII
677 176 839 206 ἮΝΒΙΟῙΛΕ

924 172 1071 203 ᾹΤΙΑΝΕ,
1088 189 1122 195 —
1142 172 1231 201 PARS
1249 172 1281 200 ll.

1639 171 1691 198 ωε

63 236 128 265 exire
147 243 164 263 a
180 233 268 263 Patre
280 255 289 269 ,
316 240 404 272 negat
424 244 440 264 a
463 237 573 265 silentio
596 237 741 273 progredi:
766 243 855 272 neque
868 252 889 281 Α
905 242 994 270 neque
1014 241 1116 281 causa,
1134 240 1223 281 neque
1242 229 1407 281 principium
1427 228 1650 281 constitutivum.
1664 229 1692 256 In

66 281 205 311 secundum
230 281 392 311 catholicos
422 283 624 310 emanationem
657 287 786 310 aeternam
810 283 853 310 iu-

67 327 174 358 tellexit,
200 334 296 362 neque
322 327 358 355 de
374 328 489 363 probole
502 328 692 356 Valentiniana
715 329 759 356 vel
779 337 854 356 som-

67 374 156 402 niavit.
169 373 336 408 Aliquando
352 373 442 401 Graci
457 374 598 410 προελθεῖν
613 375 649 402 ita
665 367 809 410 usurpant,
826 379 856 402 ut

67 421 115 446 vim
128 418 176 446 τοῦ
189 418 316 452 ὲξελθεῐν
326 427 361 447 ex
372 420 505 455 appositis
517 420 615 449 habere
630 421 774 449 sentiatur.
785 421 855 449 Cum

68 465 143 500 igitur
157 465 290 492 Christus
320 464 452 498 dixisset,
477 465 512 492 ὲκ
537 466 590 493 τοῦ
615 466 689 493 Θεοῦ
711 466 854 501 ἐξῆλθον,

68 510 142 538 Joan.
160 519 226 544 vni,
247 510 295 544 42,
314 511 386 538 idem
406 511 560 546 significare
584 512 705 540 voluisse
720 513 856 548 putandus

68 561 106 584 est
125 556 266 592 lgnatius,
287 564 350 584 cum
372 557 468 585 scribit
487 558 532 592 ἀφ’
554 558 612 589 ἐνὸς
629 557 736 594 Πατρός
757 557 855 594 προελ-

68 602 156 634 θόντα,
171 602 249 637 quod
266 602 402 638 interpres
414 603 504 636 vertit,
519 613 529 629 ‹
542 603 576 631 ab
590 611 645 631 uno
660 603 739 632 Patre
753 611 856 632 exeun-

68 653 130 674 tem.
146 657 156 674 ι
181 647 264 675 Certe
281 652 312 675 ut
332 649 533 677 emanationem
556 657 571 677 a
595 649 676 677 Patre
707 651 741 678 iis
767 651 856 679 verbis

68 694 176 721 denotet
201 693 337 729 lguatius,
353 695 429 722 nulla
452 696 524 724 ratio
545 696 628 731 cogit.
643 696 775 724 Novimus
789 697 855 733 quid

69 739 229 768 Theodorus
245 740 315 768 Beza
331 741 366 769 ad
381 742 457 770 illum
470 741 583 770 Joannis
594 743 685 771 locum
696 745 854 779 scripserit:

72 794 81 811 ι
94 785 233 820 Loquitur
248 786 386 820 Christus,
403 795 465 816 meo
490 789 599 824 quidem
621 790 740 824 judicio,
755 791 788 818 de
808 791 856 818 ad-

68 836 147 859 ventu
164 832 194 859 in
213 840 326 860 carnem
338 853 345 867 ,
361 841 416 861 non
431 835 465 862 de
478 840 578 863 aeterna
601 838 795 870 generatione,
811 838 854 865 cui

68 877 219 913 improprie
232 885 344 914 quoque
355 879 518 909 tribueretur
531 881 562 908 τὺ
573 881 699 915 ἐξελθεῖν.
716 892 726 908 ι
740 882 774 910 Ει
786 884 856 910 ratio

904 279 1078 315 generatione
1090 278 1160 314 ipsa,
1181 278 1215 306 de
1230 285 1285 312 qua
1303 277 1379 312 loqui
1395 281 1521 304 nostrum
1536 276 1643 308 volunt,
1659 283 1692 302 ex

905 326 1038 362 principio
1048 325 1181 360 privativa
1195 325 1286 359 potius
1297 323 1398 359 aliquid
1415 323 1473 351 ﬁeri
1485 323 1598 355 dicitur,
1610 329 1694 358 quam

903 380 936 399 ex
943 371 1130 399 constitutivo.
1142 372 1181 398 ita
1193 369 1479 405 Aristoteles,Physic.
1489 369 1535 396 lib.
1549 377 1569 402 ι,
1582 375 1646 403 cap.
1660 367 1693 394 7:

904 417 941 444 Τὸ
956 417 979 444 δ’
991 416 1024 444 εκ
1040 425 1112 448 τινος
1127 415 1250 450 γίνεσθαί
1263 424 1300 447 τι,
1315 416 1362 442 καὶ
1384 416 1420 451 μὴ
1440 415 1498 442 τόδε
1515 413 1640 449 γίνεσθαί
1655 421 1694 444 τι,

906 463 1004 498 μᾶλλον
1021 463 1069 498 μὲν
1091 462 1200 496 λέγεται
1220 462 1266 488 ἐπὶ
1283 461 1336 488 τῶν
1357 462 1394 497 μὴ
1415 460 1619 495 ὑπομενόντων,
1637 457 1696 486 οἷον

904 509 934 542 ἐξ
950 509 1069 544 ἀμούσου
1093 507 1221 543 μουσικὸν
1238 507 1380 542 γίνεσθαι,
1394 506 1423 539 ἐξ
1445 504 1588 541 ἀνθρώπου
1611 505 1634 531 δ’
1647 503 1692 530 οὗ.

905 554 937 582 Et
950 563 1009 590 cap.
1024 554 1057 582 8:
1080 555 1127 580 Ἐκ
1139 554 1193 590 γὰρ
1209 554 1373 589 στερήσεως,
1388 553 1401 579 ὃ
1417 553 1485 584 ἐστι,
1497 551 1557 578 καθ’
1573 550 1638 578 αὐτὸ
1652 551 1689 586 μὴ

904 601 944 633 ὃν,
958 601 1007 627 οὐκ
1023 600 1218 636 ἐνυπάρχοντος
1235 599 1338 634 γίνεται
1353 607 1389 625 τι.
1405 597 1444 625 Ex
1457 598 1592 633 privativo
1608 597 1690 632 igitur

905 646 1038 682 principio
1055 647 1122 673 satis
1136 646 1244 680 proprie
1260 645 1334 672 aliud
1353 644 1411 672 ﬁeri
1433 648 1480 671 aut
1500 643 1607 679 prodire
1622 643 1690 670 dici-

906 697 966 726 tur;
987 697 1014 719 et
1032 692 1066 719 de
1093 700 1184 719 rerum
1209 696 1270 718 ortu
1296 692 1334 718 ita
1359 698 1430 726 saepe
1451 690 1598 725 loquimur.
1623 689 1690 722 Quis

904 739 976 766 enim
990 746 1043 766 non
1058 738 1124 765 dicit
1139 737 1226 766 lucem
1239 746 1272 765 ex
1287 737 1408 765 tenebris
1424 737 1490 764 oriri
1507 736 1548 763 vel
1563 735 1690 771 prodire?

904 783 998 819 Neque
1022 784 1045 811 si
1068 783 1195 811 Petavius
1218 791 1279 811 eam
1302 783 1413 818 phrasin
1436 783 1473 809 ita
1501 781 1689 816 explicandam

906 831 1019 866 putavit,
1033 831 1151 858 Verbum
1167 837 1220 857 non
1233 837 1295 857 esse
1309 829 1454 864 ejusmodi,
1471 833 1501 855 ut
1515 836 1548 855 ex
1567 827 1688 859 silentio,

906 877 949 904 vel
968 881 1028 911 post
1042 876 1179 904 silentium
1190 875 1329 910 prodierit,
1345 875 1412 902 adeo
1424 872 1602 908 exagitandus
1618 871 1669 899 fuit
1681 892 1688 904 ,

67 923 215 952 manifesta
241 925 350 952 eruitur
363 933 397 953 ex
411 926 500 954 verbis
521 928 646 962 proxime
659 929 854 963 sequentibus:

926 923 984 950 nasi
1009 922 1078 958 μετὰ
1096 922 1191 956 σιγήν,
1208 926 1235 948 et
1251 922 1283 948 ὲκ
1297 921 1374 956 σιγῆς
1396 925 1450 949 tam
1467 920 1520 948 late
1541 919 1689 950 differrent,

70 969 146 997 οὐδὲ
159 970 218 1005 γὰρ
231 967 284 998 ἀπ’
296 971 427 1006 ἐμαυτοῦ
439 973 588 1006 ἐλήλυθα,
603 975 672 1002 ἀλλ’
686 975 800 1008 ἐκεῖνός
818 984 857 1011 με

66 1015 242 1044 ἀπέστειλε.
251 1017 281 1045 Si
295 1022 386 1046 autem
392 1019 531 1054 apostolus
537 1027 571 1048 eo
578 1021 640 1048 loco
645 1021 680 1049 de
685 1025 786 1049 aeterna
793 1021 855 1049 Filii

66 1062 248 1097 generatione
261 1063 370 1092 locutus
386 1071 442 1092 non
453 1070 504 1099 est,
517 1066 604 1094 multo
620 1067 712 1096 minus
725 1067 856 1104 lgnatius.

66 1108 114 1142 qui
129 1108 168 1135 ita
187 1108 223 1136 de
246 1109 365 1137 adventu
381 1111 442 1146 ejus
456 1111 587 1147 loquitur,
608 1117 638 1140 ut
651 1113 732 1141 etiam
750 1114 784 1142 de
795 1115 858 1143 red-

67 1153 127 1181 itu:
144 1154 201 1181 Τδν
220 1155 269 1190 ἀφ’
292 1156 352 1188 ἑνὸς
371 1157 480 1193 Πατρδς
495 1158 673 1194 προελθόντα,
688 1160 735 1186 καὶ
753 1161 794 1192 εἰς
809 1160 857 1188 ἕνα

65 1199 131 1226 ὄντα
146 1200 195 1227 καὶ
211 1202 381 1238 χωρήσοντα.
396 1212 406 1229 ι
423 1203 465 1231 Ab
480 1212 535 1232 uno
557 1205 636 1234 Patre
652 1211 808 1240 exeuntem,
830 1212 858 1235 et

66 1245 94 1272 in
115 1254 204 1274 unum
227 1248 403 1276 exsislentem
424 1253 452 1277 et
468 1257 642 1278 reversurum
657 1261 664 1279 :
683 1256 713 1280 ut
728 1253 794 1280 illud
810 1261 857 1281 ex-

65 1292 167 1326 primat
180 1291 263 1320 Joan.
277 1302 333 1327 xvu,
348 1295 384 1322 28
396 1304 403 1322 :
427 1295 657 1332 Ἑξῆλθονπαρὰ
668 1299 722 1326 τοῦ
731 1299 856 1334 Πατρὸς,

64 1338 115 1364 καὶ
138 1338 279 1372 ἐλήλυθα
291 1341 335 1373 εις
353 1341 408 1368 τὸν
421 1342 550 1376 κόσμον-ο
567 1343 660 1371 πάλιν
676 1345 782 1380 ἀφίημι
805 1346 858 1374 τὸν

65 1385 185 1418 κόσμον
196 1386 246 1412 καὶ
261 1388 422 1422 πορεύομαι
436 1388 642 1424 πρύςΠατέρα.
656 1391 734 1419 Ειὶυἰ
746 1401 762 1419 a
775 1393 857 1421 Patre

66 1434 90 1456 et
108 1431 169 1457 ueni
192 1432 221 1458 in
242 1432 390 1466 mundum;
412 1435 508 1462 iterum
529 1436 647 1472 relinquo
668 1438 812 1472 mundum,
832 1445 857 1467 et

66 1476 134 1502 mdo
148 1477 186 1503 ad
201 1476 322 1506 Patrem.
337 1478 434 1514 Neque
447 1480 539 1516 igitur,
556 1491 618 1510 cum
632 1482 730 1511 Filium
747 1492 763 1512 a
777 1483 857 1512 Patre

63 1521 143 1549 exire
155 1522 225 1550 dicit
244 1529 343 1552 auctor
365 1525 496 1560 epistolae,
512 1531 545 1555 de
566 1533 666 1556 atema
683 1531 858 1565 generatione

65 1567 214 1602 cogitavit;
236 1577 325 1604 neque
347 1578 410 1598 cum
436 1571 552 1601 Verbum
578 1582 593 1601 a
617 1575 727 1602 silentio
748 1577 858 1611 prodire

65 1614 194 1648 negavit,
217 1615 253 1642 de
277 1616 425 1644 emissione
441 1613 574 1646 Valentini
600 1621 758 1650 somniavit.
778 1622 857 1650 Certe

63 1666 96 1685 ex
113 1659 198 1687 unica
222 1667 288 1688 voce
299 1662 441 1698 προελθεῖν
464 1664 530 1691 nihil
546 1666 598 1693 tale
613 1666 748 1701 expiscari
774 1668 854 1701 licet;

62 1711 128 1737 quae
139 1712 205 1732 cum
222 1705 365 1735 latissimae
380 1708 588 1744 signiﬁcationis
606 1712 652 1743 sit,
669 1719 703 1740 ex
720 1713 782 1741 aliis
797 1722 857 1741 ver-

63 1749 108 1778 bis
118 1751 223 1786 quibus
237 1753 408 1789 adiungitur,
418 1755 478 1790 ejus
492 1758 603 1791 propria
615 1758 655 1786 vis
665 1759 785 1787 eruenda
798 1765 854 1788 est:

64 1803 117 1823 nec
134 1797 194 1824 ullo
211 1798 293 1826 modo
313 1801 479 1829 contendere
493 1809 641 1836 possumus
664 1805 760 1832 eodem
776 1805 856 1840 plane

63 1849 150 1870 sensu
162 1851 225 1871 eam
243 1845 331 1880 accipi
346 1845 455 1880 debere,
471 1856 532 1876 cum
552 1849 586 1877 ad
599 1849 686 1878 Deum
699 1851 807 1879 Patrem
822 1852 857 1880 de

63 1885 148 1920 Filio,
164 1893 194 1915 et
207 1896 272 1916 cum
288 1890 322 1918 ad
336 1890 474 1920 silentium
488 1893 522 1922 de
540 1894 627 1923 Verbo
637 1896 766 1924 refertur.
783 1897 857 1926 Prac-

64 1934 162 1961 sertim
176 1943 242 1963 cum
258 1937 379 1964 sciamus
392 1938 459 1966 illud
476 1939 745 1974 ipsumtvocabulum
760 1943 856 1979 προελ-

64 1982 122 2009 θεῖν
138 1990 154 2011 a
167 1983 274 2011 Graecis
285 1984 397 2026 attribui
413 1986 501 2015 solere
511 1987 594 2015 verbo
606 1989 689 2016 etiam
707 1990 854 2024 prolativo,

64 2029 140 2064 quod
155 2030 353 2058 substantialis
369 2039 417 2059 seu
439 2033 590 2067 personalis
605 2036 790 2069 generationis
810 2026 856 2064 ca-

65 2082 118 2109 pax
135 2083 193 2103 non
209 2081 262 2110 est,
274 2081 305 2104 ut
320 2078 435 2112 legimus
447 2079 518 2114 apud
528 2078 661 2108 Joannem
675 2081 854 2117 Philoponum

67 2120 105 2148 De
118 2122 214 2148 mundi
233 2124 365 2151 creatione
380 2124 428 2151 lib.
444 2132 482 2157 VI,
499 2133 559 2160 cap.
579 2126 616 2154 αις
634 2127 672 2153 Οὐ
689 2127 741 2163 γὰρ
755 2137 857 2163 προφο-

66 2166 143 2200 ρικδν
157 2167 239 2201 λόγον
252 2168 299 2194 τὸν
311 2168 369 2204 ἅμα
388 2168 428 2205 τῷ
442 2170 583 2206 προελθεῖν
593 2171 721 2206 λυόμενον
741 2172 780 2208 τῷ
796 2173 856 2209 Θεῷ

65 2213 231 2248 περιάπτειν
259 2213 348 2249 θέμις.
369 2214 403 2242 ΕΙ,
427 2215 568 2244 Marcellus
594 2218 665 2252 apud
690 2218 854 2252 Eusebium,

907 977 969 997 cum
987 969 1122 997 Eusebius
1132 969 1159 996 in
1175 969 1226 996 hac
1248 968 1306 1003 ipsa
1325 975 1355 995 re
1376 968 1434 995 hac
1447 967 1502 994 duo
1518 966 1587 994 idem
1602 966 1691 992 valere

906 1015 1059 1043 clarissime
1073 1015 1208 1042 ostendat.
1222 1015 1340 1042 Accusat
1353 1013 1425 1040 enim
1447 1011 1603 1039 Marcellum
1618 1010 1691 1046 quod

905 1061 1029 1089 decuerit
1044 1060 1114 1096 μετὰ
1129 1060 1178 1096 τὴν
1198 1060 1277 1096 σιγὴν
1293 1060 1433 1096 προελθεῖν
1442 1059 1487 1087 τὸν
1497 1058 1576 1093 λόγον
1586 1079 1593 1091 ,
1607 1063 1635 1085 et
1656 1057 1691 1085 ob

906 1114 966 1135 eam
995 1107 1158 1134 sententiam
1185 1107 1316 1142 gnosticae
1340 1105 1437 1133 haeresi
1465 1112 1527 1133 eum
1553 1104 1689 1132 addictum

907 1153 1076 1189 pronuntiat.
1104 1152 1204 1181 Notam
1225 1151 1402 1180 Grammatici
1418 1158 1451 1178 ea:
1473 1150 1619 1186 aliquando
1640 1157 1690 1184 pro

906 1203 964 1234 post
990 1199 1134 1234 usurpari,
1154 1205 1184 1226 ut
1199 1199 1269 1234 apud
1282 1197 1426 1233 Virgilium
1439 1218 1446 1230 ,
1461 1204 1496 1224 ea;
1509 1197 1556 1223 illo
1570 1201 1692 1230 tempore

907 1253 957 1281 pro
973 1251 1030 1280 pou
1056 1246 1123 1274 illud
1146 1250 1266 1281 tempus,
1281 1249 1309 1272 et
1333 1244 1402 1279 apud
1428 1243 1596 1274 Ciceronem,
1611 1249 1644 1268 ex
1658 1249 1691 1268 eo

907 1292 952 1320 die
965 1296 992 1319 et
1016 1299 1048 1319 ea:
1062 1292 1222 1324 consulatu,
1243 1295 1270 1318 et
1288 1298 1321 1318 ea:
1337 1290 1390 1317 hoc
1411 1294 1542 1324 tempore.
1566 1287 1644 1320 Quod
1664 1292 1692 1313 ct

908 1336 1010 1364 Graecis
1025 1336 1158 1364 familiare
1174 1341 1226 1364 est.
1237 1335 1272 1363 Ut
1286 1335 1320 1363 ad
1330 1334 1376 1362 illa
1389 1333 1499 1362 Homeri
1518 1332 1562 1360 Ίλ.
1579 1332 1599 1358 Ε
1614 1341 1621 1358 :

960 1413 1117 1448 Καύμιιτος
1128 1413 1162 1446 ἐξ
1178 1412 1298 1448 ἀνέμοιο
1311 1412 1441 1446 δυσαέος
1456 1410 1639 1446 ὀρνυμένοιο.

908 1480 988 1509 Notat
1011 1481 1176 1509 Scholiastes
1196 1485 1273 1508 vetus
1290 1490 1297 1508 :
1321 1480 1353 1507 Ἠ
1366 1480 1400 1513 ἐξ
1421 1480 1481 1507 ἀντὶ
1497 1479 1548 1514 τῆς
1558 1477 1643 1514 μετά.
1661 1476 1692 1505 Et

909 1526 1088 1555 Eustathius:
1112 1526 1144 1552 Ἠ
1167 1525 1195 1552 δὲ
1209 1524 1243 1557 ἐξ
1268 1524 1396 1560 πρόθεσις
1418 1525 1449 1551 οὐ
1475 1524 1554 1560 μόνον
1577 1522 1693 1550 ἐνταῦθα

908 1572 1035 1609 εἴληπται
1050 1572 1110 1599 ἀντὶ
1124 1571 1175 1607 τῆς
1186 1572 1260 1606 μετὰ
1279 1570 1432 1606 προθέσεως
1441 1590 1448 1602 ,
1461 1569 1530 1599 ἀλλὰ
1543 1569 1591 1597 καὶ
1610 1568 1691 1595 ἀλλα-

908 1618 966 1654 χοῦ,
978 1616 1043 1645 οἷον·
1059 1618 1162 1653 πιόμεν’
1176 1619 1207 1644 ὲκ
1221 1617 1344 1652 βοτάνης,
1359 1617 1427 1652 ἤτοι,
1439 1615 1508 1652 μετὰ
1518 1615 1567 1651 τὴν
1581 1615 1691 1650 βοσκὴν,

908 1665 971 1696 καὶ,
990 1664 1022 1690 ὲκ
1045 1663 1149 1691 νυκτῶν
1171 1663 1192 1689 δ’
1211 1663 1306 1699 ἄνεμοι
1328 1662 1456 1698 χαλεποὶ,
1472 1663 1544 1698 ἦτοι,
1560 1660 1628 1696 μετὰ
1643 1660 1692 1702 τὰς

907 1709 1016 1741 νύκτας.
1038 1709 1083 1736 Sic
1105 1709 1137 1736 ad
1160 1709 1204 1736 illa
1238 1708 1282 1736 Ἰλ.
1308 1707 1329 1734 Ν
1350 1717 1356 1735 :
1379 1707 1487 1743 Πιόμεν*
1506 1707 1537 1733 ὲκ
1560 1706 1690 1741 βοτάνης,

909 1754 1000 1783 Schol.
1015 1755 1065 1783 V.:
1088 1755 1136 1782 Ἐκ
1151 1755 1274 1790 βοτάνης,
1289 1754 1349 1781 ἀντὶ
1361 1753 1419 1785 τοῦ,
1435 1752 1502 1789 μετὰ
1514 1752 1562 1788 τὴν
1579 1751 1693 1786 βοτάνην

907 1803 954 1829 καὶ
966 1803 1061 1838 νομήν.
1076 1802 1108 1829 Et
1121 1801 1279 1829 Eustathius
1291 1809 1296 1827 :
1316 1801 1388 1827 Ἀντὶ
1398 1799 1455 1831 τοῦ,
1469 1798 1538 1835 μετὰ
1552 1798 1691 1834 βόσκησιν,

908 1849 953 1877 καί
961 1851 1028 1881 ἐστι,
1037 1849 1127 1884 φασὶν,
1137 1849 1229 1884 ὅμοιον
1237 1848 1285 1884 τῷ,
1297 1848 1328 1880 ἐξ
1338 1847 1448 1884 ἀρίστου
1460 1845 1624 1882 παρέσομαι,
1632 1845 1693 1872 ἀντὶ

906 1894 965 1928 τοῦ,
980 1894 1038 1930 μεθ’
1049 1894 1063 1920 ό
1078 1894 1227 1930 ἀριστήσω.
1240 1893 1277 1921 Ita
1290 1893 1364 1926 alibi,
1381 1892 1488 1928 αἰθέρος
1500 1892 1532 1917 ὲκ
1542 1890 1610 1927 δίης,
1624 1890 1693 1926 μετὰ

907 1940 956 1975 τὴν
971 1940 1079 1976 αἰθρίαν
1103 1940 1270 1968 κατάστασιν
1293 1940 1486 1974 interpretatur
1509 1938 1579 1965 idem
1606 1937 1692 1969 Scho-

907 1987 1008 2014 liastes.
1027 1986 1120 2021 Neque
1135 1991 1228 2014 tamen
1238 1990 1334 2013 auctor
1347 1985 1469 2020 epistola:
1480 1984 1547 2012 dixit
1558 1985 1590 2010 ἐκ
1601 1983 1690 2019 σιγῆς,

907 2032 955 2060 sed
970 2031 1024 2059 ἀπὸ
1041 2033 1129 2068 σιγῆς,
1149 2031 1239 2066 quod,
1258 2030 1407 2060 secundum
1428 2029 1554 2064 loquendi
1579 2029 1690 2056 modum

907 2077 1008 2105 Graecis
1025 2077 1198 2109 familiarem,
1211 2076 1307 2106 Latine
1323 2085 1332 2102 ‹
1351 2080 1413 2110 post
1427 2075 1566 2102 silentium
1585 2084 1594 2101 ι
1613 2074 1690 2102 reddi

907 2127 1006 2158 potest.
1022 2122 1057 2150 Ut
1074 2123 1146 2157 apud
1162 2121 1310 2149 Homerum
1331 2121 1446 2156 legimus
1461 2129 1467 2147 :
1489 2121 1554 2148 Ἀπὸ
1570 2120 1592 2147 δ’
1608 2119 1691 2146 αὺτοῦ

907 2169 1087 2205 θωρήσσοντο.
1107 2168 1158 2196 Ubi
1176 2168 1343 2196 Scholiastes
1364 2171 1461 2199 vetus,
1479 2167 1533 2194 ἀπὸ
1552 2166 1574 2193 δ’
1591 2165 1689 2198 αὑτοῦ,

907 2216 961 2242 ἀπὸ
979 2215 1008 2242 δὲ
1021 2215 1115 2241 τούτου
1138 2214 1252 2250 χρόνου,
1272 2214 1427 2250 μετέπειτα.
1454 2213 1488 2240 Et
1510 2212 1688 2240 Eustathius:

65 2256 208 2284 Christum
220 2255 265 2285 οἷα
276 2258 354 2293 λόγον
369 2261 532 2296 σημαντικόν
545 2271 617 2294 τινος
627 2263 644 2298 ἢ
657 2265 854 2298 προστακτικὸν
869 2271 893 2300 ι)
908 2263 967 2289 Ὀτι
983 2261 1107 2296 καθάπερ
1121 2260 1236 2296 ἀλλαχοῦ
1253 2262 1269 2297 ὴ
1284 2261 1318 2287 ἐκ
1333 2260 1460 2296 πρόθεσις
1480 2259 1539 2287 ἀντὶ
1554 2259 1604 2294 τῆς
1617 2259 1692 2294 μετὰ

65 2303 210 2338 προελθεῖν
223 2304 271 2330 τοῦ
287 2304 355 2332 Θεοῦ
371 2306 480 2340 φάσκει.

100 2348 184 2376 Hera:
200 2350 244 2377 ha:
260 2355 326 2377 sunt
343 2351 536 2386 logomachite;
555 2361 640 2388 quare
667 2354 777 2382 tandem
799 2355 856 2382 for-

66 2395 121 2422 tius
133 2400 329 2430 argumentum
342 2398 476 2432 stringere
485 2399 604 2427 videtur.
618 2409 628 2426 ι
642 2398 758 2435 Signant
770 2401 854 2434 enim,

67 2440 167 2475 inquit,
186 2441 245 2469 haec
260 2443 343 2470 verba
359 2443 396 2476 id,
405 2451 438 2472 ex
454 2453 510 2480 quo
526 2446 592 2481 quid
603 2447 697 2478 exivit,
709 2447 769 2482 ejus
781 2448 855 2482 quod

51 2510 55 2515 .
67 2493 98 2513 ex
110 2495 145 2514 eo
157 2487 256 2520 exivit,
268 2488 311 2516 vel
327 2489 430 2524 locum,
442 2491 482 2517 vel
497 2499 620 2525 causam,
636 2492 676 2519 vel
689 2493 854 2528 principium

69 2530 110 2565 (ut
124 2532 228 2560 schola:
243 2533 406 2568 loqtnmtur)
424 2535 628 2563 constitutivum
645 2536 740 2565 fuisse.
756 2547 766 2563 ι
785 2537 856 2565 Sub-

70 2578 124 2606 tilis
136 2578 194 2607 hac
208 2580 332 2613 quidem,
354 2580 402 2608 sed
416 2581 485 2609 mira
500 2581 661 2617 disputatio.
683 2582 742 2610 Non
760 2591 855 2619 quato

68 2624 204 2659 quodnam
217 2625 284 2652 illud
304 2625 341 2653 sit
355 2625 520 2660 principium
543 2627 762 2660 constitutivum.
781 2628 856 2664 quod

70 2677 149 2698 causa
162 2678 217 2698 non
230 2671 277 2705 sit,
290 2676 321 2698 ut
336 2671 382 2699 hic
399 2672 471 2700 tertii
485 2673 601 2701 membri
615 2673 707 2702 locum
728 2679 854 2710 occupet.

69 2715 144 2744 Certe
172 2717 276 2745 schola:
293 2718 331 2745 ita
351 2726 405 2746 non
429 2719 590 2754 loquuntur.
610 2720 678 2748 Illud
699 2729 804 2756 quaero,
820 2729 856 2749 an

70 2769 118 2789 τοι
130 2763 274 2799 προελθεῖν
291 2764 421 2799 usurpari
434 2772 488 2793 non
504 2766 601 2800 possit,
613 2766 667 2794 nisi
688 2767 722 2794 de
751 2767 853 2802 aliquo,

71 2809 138 2843 quod
151 2817 184 2836 ex
197 2810 260 2837 loco
272 2810 317 2837 vel
326 2817 412 2838 causa
431 2810 506 2838 exit?
525 2811 572 2838 Ἐκ
582 2811 629 2838 τοῦ
642 2813 701 2839 γατ¹
714 2812 803 2847 ὀλίγον
815 2813 856 2845 εἰς

71 2854 115 2889 τὴν
137 2855 301 2892 αἰσθητικὴν
328 2855 375 2883 καὶ
398 2857 581 2892 μεταϐατικὴν
599 2858 679 2892 φύσιν
704 2858 853 2894 προῆλθεν,

74 2898 151 2934 inquit
163 2901 320 2930 Ncmcsius.
340 2901 374 2929 At
391 2902 419 2928 τὸ
433 2903 490 2930 κατ’
510 2903 598 2938 ὀλίγον
613 2912 701 2939 neque
718 2905 793 2933 locus
803 2909 853 2939 est,

906 2308 1081 2344 λαμϐάνεται,
1098 2307 1183 2340 οὕτως
1203 2307 1319 2334 ἐνταῦθα
1338 2308 1355 2342 ὴ
1370 2307 1439 2334 ἀπό.
1458 2306 1521 2334 Inde
1541 2305 1691 2340 Hesychius

914 2354 1077 2390 Ἀπόδρομον
1093 2354 1285 2389 interpretatur
1297 2354 1354 2389 μετ’
1373 2352 1510 2380 ἐπάνοδον.
1522 2351 1594 2380 Nihil
1610 2350 1691 2385 igitur

907 2401 996 2429 tritius
1012 2405 1052 2428 est
1075 2400 1146 2435 apud
1172 2399 1300 2432 Graecos.
1320 2407 1401 2435 quam
1420 2404 1451 2427 ut
1462 2399 1516 2426 ἀπό
1538 2403 1565 2426 et
1585 2399 1617 2425 ὲκ
1641 2406 1691 2433 pro

907 2447 992 2482 μετάι
1009 2447 1079 2482 apud
1106 2446 1233 2479 Latinos,
1250 2454 1332 2482 quam
1357 2450 1386 2473 ut
1410 2446 1441 2475 ab
1462 2450 1489 2473 et
1507 2453 1539 2473 ex
1558 2453 1607 2480 pro
1632 2449 1690 2479 post

907 2493 1085 2527 accipiantur.
1102 2491 1136 2519 Et
1164 2492 1210 2527 qui
1234 2500 1250 2519 ο
1276 2492 1385 2519 silentio
1408 2492 1450 2518 vel
1473 2495 1535 2525 post
1549 2490 1689 2517 silentium

905 2539 1014 2574 prodire
1025 2539 1138 2566 verbum
1153 2542 1245 2574 negat,
1256 2538 1324 2565 mihi
1340 2537 1462 2564 omnium
1478 2537 1618 2564 hominum
1630 2544 1689 2564 scre

906 2592 1014 2612 moncm
1033 2591 1132 2618 negare
1147 2583 1264 2610 videtur.

941 2629 997 2657 Nos
1013 2629 1094 2664 igitur
1112 2633 1140 2657 et
1153 2629 1274 2658 auctoris
1295 2633 1412 2657 mentem
1423 2649 1431 2662 ,
1446 2633 1473 2657 et
1488 2629 1588 2657 veteris
1606 2629 1690 2656 inter-

906 2676 990 2711 pretis
1010 2676 1162 2704 versionem
1185 2675 1383 2703 defendendam
1409 2676 1522 2702 omnino
1543 2680 1688 2710 putamus;

905 2729 988 2757 quam
1003 2721 1123 2756 planam,
1137 2721 1299 2755 simplicem,
1311 2721 1450 2756 propriam
1467 2726 1493 2748 ct
1504 2721 1688 2756 perspicuam,

906 2776 961 2795 non
978 2767 1112 2803 frigidam,
1129 2771 1177 2794 aut
1192 2772 1328 2802 argutam,
1339 2767 1502 2794 autinaueni
1526 2774 1586 2795 esse
1606 2767 1690 2794 senti-

907 2821 967 2840 mus
978 2822 984 2840 ι
994 2820 1109 2847 eamque
1120 2812 1204 2840 solam
1215 2812 1247 2839 ad
1259 2813 1380 2839 auctoris
1392 2816 1507 2839 mentem
1522 2816 1593 2839 recte
1603 2811 1691 2846 ειμι-ῖς

908 2859 1085 2890 mendam,“
1110 2858 1143 2886 ad
1164 2858 1352 2886 Ebionitarum
1373 2866 1504 2891 errorem,
1521 2867 1601 2893 quem
1626 2863 1690 2885 tunc

909 2905 1040 2940 temporis
1054 2905 1079 2933 in
1093 2905 1184 2934 animo
1199 2913 1260 2934 cum
1275 2905 1405 2934 scriberet
1421 2911 1515 2933 auctor
1528 2904 1632 2937 habuit,
1642 2911 1689 2930 ca-
