1866 3073
165 189 218 217 307

655 183 685 212 S.
705 183 877 213 IGNA'HUS.
895 199 930 204 —
947 183 1214 213 PROLEGOMENA.

1741 182 1804 210 508

167 243 335 280 stigandum,
349 247 376 273 et
389 243 424 272 ad
437 243 601 279 Magnesios,
612 250 647 270 ne
658 243 739 271 istam
752 243 869 271 haeresin
884 243 953 271 reci-
968 246 992 274 Α
1006 247 1090 276 stant,
1103 247 1130 271 et
1141 244 1169 270 in
1183 243 1284 278 quibus
1296 243 1357 278 quis
1372 242 1442 270 [Eon
1460 251 1474 270 a
1493 242 1556 279 Sige
1572 241 1692 269 emissus
1706 242 1756 274 sit,
1770 246 1804 268 et

166 293 274 325 perent,
294 288 515 323 pratmuniendos
531 287 678 323 plurimum
703 289 793 316 valere
813 287 953 315 contendi-

167 343 242 364 mus.
267 335 358 363 Manet
377 335 471 370 itaque
489 334 654 362 inconcussa
678 334 810 361 hactenus
838 333 953 361 assertio

168 382 277 417 prima,
302 385 442 409 auctorem
469 380 592 415 epistolae
620 380 654 408 ad
677 379 830 415 Magnesios
851 380 953 406 nullam

167 427 252 454 aliam
269 426 384 454 ἥξει-θείη
397 426 490 453 verbis
502 433 535 454 ex
552 433 583 453 ea
606 426 720 461 prolatis
735 434 817 461 quam
836 431 953 454 veterem

169 474 245 502 illam
260 474 450 502 Ebionitarum
465 478 504 502 tot
519 473 610 501 modis
622 474 650 500 in
667 473 761 501 eadem
776 473 889 508 epistola
905 473 955 500 de-

170 520 302 555 scriptam
315 519 469 554 respexisse
485 529 492 546 :
515 527 576 555 quae
587 527 651 547 cum
674 524 752 547 atate
772 520 866 556 lgnatii
881 529 955 548 mar—

169 566 238 602 tyris
249 566 364 594 nimium
377 566 504 601 viguerit,
517 566 590 601 quod
603 566 734 595 adversus
749 575 808 594 eam
824 567 955 602 scriptum

169 617 222 646 est,
234 612 314 640 ﬁdem
328 616 481 646 temporum
493 612 604 646 pulsare
622 619 677 639 non
694 616 792 647 potest.

476 668 593 696 CAPUT
616 667 649 695 V.

170 715 289 745 Assertio
304 715 429 747 secunda,
445 714 521 742 verba
543 714 591 740 illa
600 713 645 741 ‘ad
663 713 831 741 Valentinum
851 714 957 740 omnino

206 759 258 777 non
273 755 399 784 spectare.
425 749 601 776 Valentiniani
616 757 752 784 nunquart‘t
764 749 888 775 dixerunt
910 748 956 775 Si-

205 795 254 821 gen
274 783 403 821 peperisse
427 784 537 821 Lagum.
559 784 595 821 lu
616 783 706 821 schola
733 783 956 821 Valentininsalus

207 819 317 848 Nus'ea;
329 820 415 855 Bytho
425 824 450 847 et
467 819 538 854 Sige,
548 820 613 855 ideo
628 819 783 855 Monqgcnes
798 819 955 855 appellatus.

206 856 295 891 Lagus
311 854 408 888 autem,
420 855 489 890 quod
509 863 525 880 a
542 854 635 891 Bytho
648 860 673 881 et
690 854 750 889 Sige
769 862 821 891 non
839 860 916 891 esset,
929 854 958 880 in

206 889 442 918 deritinorationem
459 895 548 921 natus,
563 894 588 916 et
598 889 671 916 xEon
684 898 767 916 cwcus
781 889 842 923 fuit.
860 889 958 916 Ganeo-

1005 298 1038 317 ex
1052 298 1107 325 quo
1123 289 1212 317 Eone
1231 290 1349 317 emissus
1371 289 1407 317 sit
1430 289 1532 324 Logus,
1549 289 1650 316 diserte
1666 288 1803 314 docetur.

1006 335 1096 363 Unum
1109 343 1144 363 ex
1158 335 1201 363 his
1213 335 1284 370 apud
1296 334 1438 368 Irenaeum,
1453 335 1570 362 alterum
1584 333 1655 368 apud
1670 332 1805 368 Epipha-

1006 382 1082 409 nium
1101 385 1191 408 exstat
1207 390 1213 408 :
1231 382 1257 408 iu
1272 381 1363 416 priore
1373 380 1463 415 Logns
1483 385 1526 407 est
1539 387 1570 407 ex
1590 379 1690 411 Arche,
1704 379 1734 406 id
1754 382 1807 405 est

1005 428 1058 461 Nu,
1074 436 1120 456 seu
1141 427 1301 463 Monogene,
1321 431 1348 454 et
1364 426 1503 458 Aletheia;
1526 426 1553 453 in
1569 425 1732 460 posteriore,
1749 431 1806 451 aut

1007 481 1041 501 ex
1067 473 1175 507 iisdem,
1192 472 1377 500 mediantibus
1391 472 1534 506 Antliropo
1554 475 1581 498 et
1601 470 1735 502 Ecclesia,
1749 473 1808 496 aut

1006 527 1040 547 ex
1063 519 1203 554 Anthropo
1230 523 1257 546 et
1283 518 1404 546 Ecclesia
1418 527 1424 545 :
1438 518 1465 544 in
1487 521 1584 544 neutro
1603 524 1637 543 ex
1657 515 1749 551 Bytho
1771 519 1808 542 et

1008 564 1071 600 Sige
1084 565 1201 592 emissus
1222 571 1282 592 esse
1298 564 1408 592 dicitur.
1424 564 1561 596 Secundo,
1583 563 1719 590 sententia
1740 561 1806 589 Va-

1008 610 1221 637 lentinianorum
1239 609 1346 644 prolixe
1365 609 1511 644 exponitur
1532 609 1566 636 ah
1588 608 1691 635 Irenaeo
1711 608 1761 634 lib.
1782 616 1805 640 ι,

1007 662 1067 689 cap.
1094 655 1119 687 t,
1140 659 1168 682 et
1189 654 1325 682 Valentini
1352 655 1440 689 ipsius
1460 654 1597 689 pnecipue
1616 661 1677 688 cap.
1697 653 1727 686 5,
1748 654 1803 680 sed

1008 701 1104 728 nullibi
1127 700 1245 728 lrenaeus
1269 700 1394 728 meminit
1412 700 1477 734 Logi
1493 707 1508 727 a
1523 699 1585 735 Sige
1604 700 1722 734 prolati;
1742 707 1804 726 non

1008 750 1070 779 post
1085 753 1147 772 eum
1162 745 1356 778 Tertullianus,
1371 752 1426 772 non
1450 744 1631 780 Epiphanius,
1646 749 1694 771 aut
1707 743 1808 770 Phila-

1009 790 1104 823 strius,
1123 791 1303 825 Augustinus,
1319 789 1515 823 Theodoretus,
1529 798 1584 817 non
1606 797 1705 817 eorum
1719 791 1806 824 quis-

1009 843 1089 870 quam
1105 835 1152 870 qui
1165 836 1199 862 de
1214 835 1350 862 industria
1364 834 1499 862 Valentini
1520 834 1646 862 delirium
1660 841 1808 869 exposue-

1009 884 1082 907 runt.
1106 880 1238 908 Prazterea
1253 881 1304 908 hoc
1320 880 1422 908 dictum
1439 888 1580 915 nunquam
1597 888 1612 907 a
1626 879 1808 907 Valentinia-

205 926 277 964 lggia
290 926 443 964 Αέοηιινηρ
457 925 596 964 βιοτιᾴειιρ
609 933 744 964 ρεηπρῃιηι
758 929 957 964 τερηωδεηιαιςε.
975 933 995 960 Β
1010 927 1053 954 nis
1065 927 1108 954 vel
1121 927 1183 954 inde
1199 931 1281 962 patet,
1292 928 1357 962 quia
1379 927 1433 954 dici
1448 927 1475 954 in
1488 926 1580 954 schola
1595 925 1734 953 Valentini
1748 933 1807 952 non

206 959 398 996 Fragmentum
414 960 593 996 Valentiniani
606 960 675 996 apud
687 959 864 996 Epiphaniam
876 959 959 996 capti-

208 995 294 1024 cotu’r.
315 996 400 1023 Locus
427 995 522 1029 Cyri/li
548 995 782 1030 Hierosolymitani
805 995 957 1021 discutitur.

207 1032 306 1059 υαιιωί
326 1031 461 1058 distinctio
483 1031 513 1057 de
533 1031 649 1057 mediam
669 1036 693 1056 et
715 1030 870 1056 immediota
895 1030 960 1056 edu-

207 1067 293 1094 ctione
302 1066 465 1101 exploditur.
481 1065 565 1092 Verba
576 1065 675 1100 lgnatii
687 1073 746 1101 cunt
754 1064 860 1101 placitis
869 1063 961 1101 Valen-

209 1102 258 1129 tini
270 1100 339 1128 male
349 1106 549 1135 componuntur.
557 1100 726 1135 Argumentis
735 1100 830 1135 ιιᾳιιωί
838 1100 959 1126 omnibus

206 1134 604 1173 particulatimirespondctur.’
619 1135 738 1173 (ienuina
756 1134 960 1173 Ign_atia_norum

207 1170 350 1206 explicatio
359 1171 488 1198 redditur.
494 1171 711 1198 Adversariorum
719 1170 849 1204 expositio
857 1170 961 1196 detorta

209 1207 369 1234 ostenditur.

210 1262 334 1290 Stabilita
351 1263 437 1298 prima
454 1262 616 1293 assertione,
633 1260 759 1296 sequitur
782 1260 897 1288 assertio
916 1267 960 1287 se-

173 1310 273 1342 cunda,
290 1309 394 1337 scilicet
410 1309 490 1336 verba
506 1309 564 1344 ipsa
579 1308 629 1334 οὐκ
645 1308 699 1334 ἀπὸ
716 1307 795 1342 σιγῆς
811 1305 960 1342 προελθών,

173 1362 205 1385 ut
219 1361 284 1385 sunt
304 1356 339 1384 ab
360 1360 472 1383 auctore
486 1355 608 1389 epistolae
628 1354 662 1381 ad
676 1353 831 1389 Magnesios
845 1352 961 1388 prolata,

173 1404 209 1431 ad
226 1403 400 1431 Valentinum
416 1401 529 1429 omnino
544 1408 598 1428 non
611 1404 745 1435 spectare,
765 1406 816 1426 nec
828 1399 889 1426 sine
903 1397 962 1424 vio-

173 1450 248 1478 lenta
270 1449 428 1477 detorsione
451 1448 485 1475 ad
505 1448 566 1482 ejus
587 1446 704 1474 hatresin
727 1445 915 1480 exponendam
936 1448 963 1471 et

174 1495 385 1531 oppugnandam
411 1494 543 1530 applicari
566 1500 657 1528 posse.
685 1491 714 1519 Si
730 1491 803 1518 enim
825 1489 963 1517 Valentini

174 1541 301 1569 delirium
321 1541 355 1568 de
371 1540 520 1568 emissione
540 1538 618 1574 Logi,
633 1542 729 1566 auctor
743 1536 867 1571 epistolae
881 1535 964 1562 ferire

173 1588 317 1621 voluisset,
333 1592 360 1614 et
374 1587 462 1614 tribus
477 1590 583 1613 tantum
595 1585 686 1613 verbis
700 1584 726 1611 id
739 1583 829 1611 facere
842 1582 962 1617 cogitas-

175 1639 226 1668 set,
247 1634 336 1669 iisque
352 1634 475 1669 negative
491 1633 598 1667 positis,
611 1636 638 1659 et
649 1631 737 1658 obiter
751 1629 887 1662 adductis,
897 1629 962 1656 dum

176 1685 273 1708 contra
288 1681 356 1708 alios
368 1685 395 1707 et
412 1679 531 1707 maxime
547 1679 689 1714 oppositos
712 1676 854 1704 haereticos
870 1675 965 1710 dispu-

175 1732 257 1761 taret,
274 1731 369 1754 contra
391 1733 462 1761 quos
477 1725 572 1753 eadem
595 1724 677 1751 verba
699 1731 754 1751 non
771 1723 864 1750 minus
879 1729 963 1758 quam

175 1774 308 1802 adversus
332 1772 509 1800 Valentinum
533 1771 670 1804 facerent;
694 1770 753 1797 tieri
775 1770 888 1798 omnino
908 1777 963 1796 non

175 1820 276 1855 potuit,
289 1819 342 1847 nisi
365 1819 431 1846 illud
456 1818 546 1853 ipsum
563 1817 664 1845 diserte
683 1821 804 1852 negaret,
822 1816 896 1851 quod
910 1814 965 1842 Va-

175 1866 297 1894 lentinus
308 1865 380 1894 clare
391 1873 422 1892 ac
435 1864 547 1891 totidem
559 1863 651 1891 verbis
665 1867 830 1891 asseruerat.
848 1861 966 1889 Senten-

175 1913 215 1940 tia
226 1911 300 1939 enim
318 1911 442 1946 negativa
457 1910 525 1937 nihil
542 1909 616 1937 aliud
635 1908 717 1936 ferire
731 1912 837 1943 potest,
851 1907 904 1934 nisi
917 1914 965 1941 op-

175 1958 294 1994 positam
319 1957 543 1989 aliirmationem;
562 1961 603 1989 ut,
626 1955 650 1983 si
674 1954 736 1990 quis
752 1959 830 1989 neget
843 1954 871 1981 id
892 1952 965 1988 quod

176 2005 223 2032 ille
247 2011 387 2039 nunquam
410 2002 564 2035 alllrmavit,
582 2001 644 2036 ejus
662 2000 770 2036 negatio
790 1999 965 2026 Valentinum

176 2051 280 2077 directe
302 2057 358 2077 non
378 2048 468 2076 feriat.
493 2048 557 2076 llaec
580 2047 648 2074 adeo
669 2051 743 2074 certa
771 2049 845 2076 sunt.
867 2048 897 2071 ut
922 2044 966 2071 hic

177 2098 269 2132 ipsum
285 2096 415 2124 Dallatum
429 2095 579 2122 habeamus
592 2093 777 2121 conﬁtentem.
795 2101 804 2117 ι
820 2091 877 2126 Ego
889 2097 965 2122 vero,

177 2143 277 2177 inquit,
292 2141 444 2176 respondeo
459 2140 538 2176 plane
549 2146 662 2166 necesse
675 2145 736 2166 esse
750 2141 779 2164 ut
793 2137 827 2169 is,
843 2136 876 2163 ad
885 2143 965 2171 quem

177 2189 296 2223 scriptor
324 2187 493 2222 respexerit,
513 2185 639 2220 quisquis
662 2184 707 2211 ille
728 2183 763 2210 de
792 2187 891 2210 caetero
915 2181 966 2214 sit,

177 2235 230 2262 hoc
242 2238 316 2262 certe
327 2233 450 2260 docuerit
460 2244 465 2260 -.
474 2232 520 2258 τὸν
532 2232 617 2266 Λόγον
630 2230 684 2258 ἀπὸ
700 2230 782 2265 Σιγῆς
797 2227 946 2265 προελθεῖν.
955 2237 964 2252 ι

177 2281 250 2318 Quid
267 2284 347 2315 neget
359 2279 480 2315 lgnatius
492 2265 669 2314 perspicuum
682 2281 724 2304 est
736 2284 770 2304 ex
785 2283 818 2303 eo
833 2274 906 2310 quod

603 2285 669 2305 uum
682 2281 770 2304 estex
785 2283 818 2303 eo
833 2274 906 2310 quod
927 2273 967 2301 af—
983 2278 1005 2305 ι)
1019 2267 1170 2298 dicebatur,
1179 2265 1252 2318 qut-id
1264 2265 1340 2292 solus

177 2326 285 2359 ﬁrmat;
303 2324 420 2352 allirmat
440 2324 525 2357 Λόγον
547 2331 608 2351 esse
621 2323 718 2354 ἀΐδιον,
734 2325 829 2349 contra
854 2320 967 2348 Ebioni-

179 2379 231 2405 tas,
248 2376 329 2407 negat
350 2370 405 2397 ἀπὸ
423 2370 502 2405 σιγῆς
519 2368 670 2405 προελθεῖν.
696 2367 725 2395 Si
743 2366 879 2394 Valentini
899 2365 967 2393 deli-

177 2418 252 2445 rium
272 2417 301 2444 in
316 2416 410 2444 animo
431 2414 528 2442 habuit
546 2418 641 2441 notare
661 2417 688 2440 et
707 2411 842 2444 refellere,
859 2415 967 2446 oportet

178 2468 252 2490 certe
259 2470 274 2490 a
285 2461 430 2489 Valentino
440 2460 543 2487 dictum
553 2464 580 2487 et
590 2463 725 2487 assertum
734 2465 804 2490 esse,
816 2457 901 2491 Λόγον
914 2456 967 2482 ἀπὸ

178 2509 263 2543 Σιγῆς
279 2506 433 2543 προελθεῖν.
451 2505 509 2533 Hoc
535 2509 626 2532 autem
653 2510 774 2538 unquam
795 2503 896 2530 diserte
915 2501 966 2528 do-

178 2554 271 2582 cuisse
283 2552 458 2580 Valentinum
478 2559 557 2586 nego.
584 2549 613 2577 Si
629 2549 781 2585 fragmenta
798 2547 889 2575 omnia
913 2545 968 2572 Va-

179 2599 394 2628 lentinianorum
414 2597 546 2630 excutias,
566 2596 589 2624 si
609 2595 794 2630 expositiones
811 2599 907 2621 omnes
921 2599 964 2619 eo-

179 2655 242 2675 rum
264 2646 404 2675 sententia:
422 2645 541 2677 evolvas,
561 2645 584 2673 si
600 2644 707 2679 objecta
725 2651 739 2669 a
761 2642 811 2669 SS.
825 2640 965 2672 Patribus,

180 2693 317 2720 Valentini
332 2692 445 2720 lneresin
457 2700 491 2719 ex
504 2691 629 2727 professo
640 2695 667 2717 et
683 2689 743 2717 fuse
754 2686 966 2723 exponentibus,

181 2740 287 2776 singula
300 2747 454 2775 percurras,
469 2745 610 2773 nunquam
625 2737 675 2764 hoc
687 2736 729 2763 vel
749 2735 783 2762 ab
801 2727 868 2768 Ipsis
880 2733 966 2759 haere-

180 2785 243 2813 ticis
256 2786 400 2820 scriptum,
419 2785 460 2811 vel
474 2784 545 2818 apud
560 2784 622 2810 illos
636 2782 731 2810 Patres
746 2781 900 2816 expositum
919 2780 967 2806 aut

180 2831 316 2865 objectum
333 2831 463 2865 reperies.

171 2875 174 2877 ’
216 2876 284 2904 Nam
302 2878 391 2911 primo
408 2883 462 2902 non
480 2874 614 2909 reperitur
633 2873 694 2900 talis
716 2871 872 2907 genealogia
892 2871 917 2898 in
934 2871 968 2898 iis

181 2922 341 2960 fragmentis
368 2921 634 2954 Valentinianorum,
660 2927 721 2955 qua:
749 2917 897 2944 etiamnum
922 2925 963 2944 οχ-

1010 973 1107 1008 potuit.
1123 972 1164 1000 Ex
1181 973 1241 1008 ejus
1253 974 1325 1000 enim
1341 973 1466 1000 doctrina
1481 972 1553 1000 1Eon
1571 981 1587 1000 a
1604 972 1669 1008 Sige
1683 972 1808 999 emissus

1010 1020 1082 1048 intra
1097 1021 1213 1056 primam
1225 1021 1398 1056 quadrigam,
1419 1027 1501 1055 quam
1526 1018 1735 1054 primordialem
1759 1023 1805 1045 te—

1009 1071 1116 1103 tractyn
1132 1071 1160 1094 et
1176 1067 1361 1094 autenthicam
1383 1066 1575 1100 nominabant,
1595 1065 1808 1098 continebatur,

1011 1120 1027 1139 a
1040 1120 1095 1147 qua
1112 1111 1204 1147 Logus
1214 1112 1343 1140 exclusus
1356 1117 1407 1139 est.
1421 1111 1493 1139 Eon
1506 1116 1596 1139 autem
1611 1111 1656 1138 ille
1667 1119 1702 1138 ex
1718 1111 1807 1146 Bytho

1011 1163 1039 1186 et
1054 1158 1116 1193 Sige
1139 1164 1299 1193 prognatus,
1315 1158 1416 1185 virtute
1442 1166 1499 1186 suae
1519 1158 1705 1193 generationis
1727 1165 1808 1184 com-

1011 1205 1161 1233 municavit
1178 1213 1241 1232 cum
1263 1204 1344 1232 Patre
1364 1212 1492 1239 supremo
1506 1213 1513 1231 :
1530 1204 1569 1231 illi
1586 1204 1692 1239 Bythus
1706 1204 1807 1237 cogni-

1011 1254 1056 1277 tus
1076 1249 1137 1282 fuit,
1154 1249 1267 1284 reliquis
1292 1257 1346 1276 non
1369 1250 1445 1276 item.
1469 1249 1508 1276 Ita
1530 1248 1738 1276 lrenaeus:Tov
1755 1249 1808 1283 μὲν

1011 1293 1058 1322 οὖν
1082 1295 1245 1332 προπάτορα
1268 1294 1449 1329 γινώσκεσθαι
1477 1295 1550 1330 μόνῳ
1574 1295 1684 1329 λέγουσι
1708 1294 1750 1329 τῷ
1776 1295 1808 1326 ἐξ

1012 1341 1094 1368 αὑτοῦ
1118 1341 1240 1375 γεγονότι
1264 1342 1417 1376 μονογενεῖ,
1431 1341 1556 1368 τουτέστι
1571 1340 1611 1376 τῷ
1626 1340 1684 1375 NG),
1702 1342 1762 1371 τοῖς
1778 1340 1808 1366 δὲ

1012 1388 1115 1419 λοιποῖς
1136 1389 1219 1414 πᾶσιν
1242 1388 1358 1424 ἀόρατον
1374 1388 1421 1414 καὶ
1444 1387 1639 1423 ἀκατάληπτον
1659 1386 1807 1422 ὑπάρχειν.

1016 1443 1026 1459 ι
1042 1433 1074 1460 Ει
1096 1438 1269 1468 propatorem
1283 1433 1393 1468 quidem
1410 1441 1505 1461 eorum
1527 1432 1670 1468 cognitum
1694 1432 1747 1459 soli
1765 1430 1809 1457 di-

1014 1483 1080 1507 cunt
1091 1479 1127 1513 ci,
1140 1479 1187 1514 qui
1197 1486 1231 1506 ex
1245 1487 1278 1506 eo
1293 1484 1374 1507 natus
1387 1484 1430 1507 est
1443 1478 1598 1514 Monogeni,
1613 1477 1666 1505 hoc
1684 1482 1728 1505 est
1746 1475 1806 1503 No:

1014 1525 1128 1560 reliquis
1140 1533 1205 1553 vero
1218 1525 1346 1553 omnibus
1362 1525 1530 1552 invisibilem
1545 1529 1573 1552 et
1592 1524 1808 1559 incomprehen-

1015 1572 1123 1600 sibilem
1139 1579 1212 1600 esse.
1224 1581 1234 1597 ι
1251 1571 1308 1599 Nus
1331 1572 1414 1606 igitur
1433 1571 1609 1606 Monogenes,
1630 1571 1688 1598 sive
1707 1570 1808 1603 unige-

1015 1618 1089 1645 nitus
1110 1617 1201 1644 dictus
1215 1621 1267 1650 est,
1285 1617 1360 1651 quod
1377 1616 1423 1643 ille
1439 1616 1515 1644 solus
1535 1623 1567 1643 ex
1590 1615 1677 1651 Bytho
1692 1619 1720 1642 et
1741 1613 1808 1649 Sige

1015 1668 1096 1691 natus
1108 1667 1159 1691 est.
1184 1662 1262 1691 Unde
1277 1662 1462 1690 Tertullianus
1475 1662 1547 1688 Νοῦν
1560 1666 1640 1689 vocat
1659 1661 1737 1688 illum
1753 1660 1808 1687 Va-

1015 1709 1112 1738 lentini
1132 1708 1311 1744 Monogenem
1328 1716 1362 1736 ex
1380 1711 1457 1743 patre
1470 1707 1557 1742 Bytho
1573 1712 1601 1734 et
1616 1711 1703 1733 matre
1718 1705 1784 1740 Sige
1797 1715 1806 1732 :

1015 1760 1043 1784 et
1058 1755 1184 1791 quamvis
1197 1754 1317 1789 excipiat
1329 1761 1426 1781 contra
1440 1761 1540 1781 nomen
1557 1752 1727 1787 Monogenis,
1739 1750 1806 1778 illud

1016 1807 1106 1830 tamen
1128 1801 1193 1828 facit
1211 1807 1264 1827 non
1289 1803 1414 1834 respectu
1440 1799 1517 1834 Logi,
1539 1802 1586 1826 aut
1608 1797 1722 1825 alterius
1745 1801 1807 1831 post

1016 1848 1120 1884 Legum
1135 1847 1242 1880 dionis,
1257 1847 1303 1875 sed
1316 1846 1446 1873 Aletheite
1455 1850 1572 1877 tantum,
1586 1851 1647 1879 qua:
1659 1851 1693 1870 ex
1707 1843 1805 1870 iisdem

1016 1895 1176 1930 parentibus
1190 1898 1248 1921 orta
1264 1897 1314 1920 est.
1333 1902 1342 1918 ‹
1355 1892 1394 1919 Ita
1405 1896 1432 1920 et
1448 1892 1516 1926 ipse,
1531 1891 1629 1926 inquit,
1645 1889 1725 1916 Pater
1737 1889 1805 1916 dioi-

1018 1946 1062 1969 tur
1072 1947 1099 1969 et
1109 1941 1216 1968 initium
1226 1939 1360 1972 omnium,
1371 1943 1398 1966 ct
1411 1938 1519 1973 proprie
1532 1936 1706 1971 Monogenes.
1723 1935 1805 1970 Atqui

1017 1995 1072 2015 non
1086 1987 1205 2022 proprie,
1220 1986 1286 2021 quia
1301 1992 1354 2012 non
1374 1984 1449 2012 solus
1461 1983 1636 2019 agnoscitur;
1654 1989 1720 2008 nam
1743 1988 1805 2008 cum

1017 2035 1065 2062 illo
1086 2033 1219 2069 processit
1236 2037 1263 2060 et
1287 2031 1389 2059 femina
1412 2030 1524 2058 veritas.
1547 2028 1723 2063 Monogenes,
1742 2027 1805 2062 quia

1018 2081 1094 2116 prior
1108 2080 1228 2116 genitus,
1246 2082 1351 2114 quanto
1366 2075 1562 2112 congruentius
1576 2074 1744 2109 Protogenes
1759 2081 1807 2099 vo-

1018 2127 1144 2155 caretur?
1155 2136 1164 2153 »
1176 2126 1311 2161 Respectu
1322 2124 1462 2156 Aletheiaa,
1475 2122 1579 2150 scilicet
1590 2129 1652 2156 quae
1660 2126 1723 2156 post
1733 2128 1805 2153 eum,

1019 2175 1065 2202 sed
1080 2181 1111 2200 ex
1129 2172 1224 2201 iisdem
1242 2172 1329 2207 Bytho
1344 2175 1371 2198 et
1386 2170 1450 2206 Sige
1467 2169 1616 2204 proccssit;
1634 2167 1743 2194 ratione
1756 2175 1805 2193 au-

1019 2226 1073 2249 tem
1092 2220 1126 2247 ad
1147 2220 1269 2255 reliquos
1285 2217 1388 2245 Eones
1405 2216 1498 2243 habita
1515 2214 1625 2250 proprie
1639 2213 1804 2248 Monogcnes

1357 2263 1410 2296 ille,
1423 2262 1590 2296 reliquorum
1606 2263 1699 2286 autem
1715 2267 1804 2290 nemo,

1018 2322 1051 2341 ex
1069 2313 1156 2348 Bytho
1171 2317 1198 2339 et
1214 2310 1276 2346 Sige
1298 2314 1379 2337 natus
1399 2312 1482 2336 esset.
1501 2306 1573 2339 Quin
1596 2305 1678 2332 etiam
1700 2305 1752 2332 hoc
1769 2305 1804 2331 illi

1019 2358 1164 2393 Monogeni
1179 2357 1247 2384 adeo
1269 2355 1412 2391 proprium
1428 2358 1455 2381 et
1474 2352 1610 2388 peculiare
1632 2351 1697 2384 fuit,
1720 2355 1748 2378 ut
1768 2351 1804 2378 illi

1018 2413 1074 2441 prae
1093 2404 1221 2432 omnibus
1242 2403 1303 2430 aliis
1326 2401 1462 2429 onnibus
1476 2398 1576 2427 exinde
1590 2398 1710 2424 maxima
1726 2397 1805 2432 privi-

1018 2451 1088 2487 legia
1116 2449 1291 2478 accesserint.
1316 2447 1419 2483 Bythus
1442 2446 1481 2473 illi
1506 2445 1568 2478 soli,
1590 2444 1664 2479 quod
1689 2444 1725 2470 ab
1748 2444 1804 2478 ipso

1018 2502 1100 2524 natus
1119 2501 1201 2528 esset,
1214 2499 1296 2522 notus
1312 2493 1374 2521 fuit.
1400 2492 1501 2527 Logus,
1515 2494 1608 2525 utpote
1621 2490 1669 2525 qui
1688 2490 1724 2517 ab
1748 2491 1804 2525 ipso

1019 2551 1074 2571 non
1090 2543 1208 2570 emissus
1229 2545 1281 2574 est,
1294 2537 1324 2567 u't
1338 2547 1387 2568 nec
1399 2547 1414 2566 a
1428 2539 1501 2575 Sigc,
1516 2538 1668 2572 Propatora
1690 2545 1746 2565 non
1760 2546 1804 2565 co-

1019 2590 1123 2625 gnovit,
1134 2589 1195 2615 ideo
1205 2588 1270 2622 quia
1283 2587 1317 2614 ab
1330 2586 1390 2621 ipso
1404 2590 1485 2612 natus
1497 2593 1552 2611 non
1569 2589 1612 2612 est
1624 2594 1630 2611 :
1641 2591 1804 2619 quapropter

1019 2643 1108 2663 caecus
1131 2634 1203 2662 Eon
1227 2634 1317 2661 dictus
1341 2637 1393 2665 est,
1409 2632 1498 2667 qualis
1515 2639 1530 2658 a
1546 2630 1610 2666 Sige
1624 2631 1713 2658 emitti
1729 2630 1802 2667 Bythi

1020 2681 1129 2716 συζύγῳ
1146 2689 1199 2708 non
1214 2680 1311 2715 potuit.
1330 2679 1459 2712 lrenmus,
1482 2678 1528 2705 lib.
1545 2685 1576 2710 ιι,
1589 2685 1650 2712 cap.
1666 2676 1701 2704 48
1715 2688 1722 2705 :
1737 2687 1746 2702 ι
1761 2677 1801 2703 Si—

1019 2728 1121 2756 militer
1130 2733 1219 2754 autem
1233 2735 1329 2754 rursus
1344 2731 1371 2753 et
1380 2726 1412 2753 de
1424 2725 1498 2760 Logo
1509 2724 1615 2751 tertiam
1628 2723 1800 2758 prolationem

1020 2775 1044 2801 ei
1062 2783 1076 2801 a
1105 2774 1184 2800 Patre
1202 2773 1317 2805 donans,
1343 2772 1413 2799 unde
1427 2776 1454 2798 et
1470 2771 1577 2805 ignorat
1592 2769 1800 2804 magnitudinem

1019 2821 1106 2857 ejus.»
1124 2820 1320 2852 Tertullianus,
1334 2825 1393 2853 cap.
1409 2818 1443 2845 9:
1463 2826 1472 2842 ί
1488 2816 1541 2843 Sed
1565 2820 1591 2843 et
1612 2815 1665 2843 hoc
1684 2815 1801 2849 exceptio

1019 2874 1199 2902 personarum
1220 2871 1271 2899 est,
1293 2865 1364 2900 quod
1389 2864 1464 2891 solus
1485 2863 1530 2890 ille
1547 2861 1604 2889 Nus
1622 2869 1655 2888 cx
1677 2862 1800 2888 erunibus

1020 2914 1147 2943 immensi
1173 2913 1262 2941 Patris
1278 2912 1377 2939 fruitur
1397 2910 1521 2943 notione,
1538 2908 1659 2945 gaudens
1673 2914 1699 2936 et
1716 2908 1800 2936 exsul-
