1866 3073
447 175 473 204 J.
490 174 672 204 PEARSONH
689 173 851 203 VINDICIE
873 172 1082 203 ΙΕΝΛΠΑΝᾹΞ.
1103 188 1135 193 -—
1149 171 1184 199 PA

551 174 672 203 iRSONil
689 173 851 203 VINDICIE
873 172 1082 203 ΙΕΝΛΠΑΝᾹΞ.
1103 188 1135 193 -—
1149 170 1239 199 PARS
1257 169 1288 197 ll.

1639 165 1690 192 3l0

70 240 131 267 uiis.
143 234 198 263 illis
211 234 318 270 utique
333 236 526 264 merentibus.
537 245 546 262 ι
558 236 609 269 Qui
624 244 640 263 a
654 235 741 272 Bytho
754 239 780 263 et
791 234 853 270 Sige
865 241 890 270 Α
907 233 1049 268 magistro,
1064 236 1121 260 tum
1135 240 1150 260 a
1164 232 1262 267 seipsis
1274 237 1344 266 saepe
1358 230 1523 259 dissensisse
1538 236 1633 258 omnes
1647 239 1697 258 no-

73 283 175 311 emissus
197 287 253 316 est,
278 283 336 318 ipsi
362 282 452 318 Bytho
473 283 570 311 similis
595 287 623 310 et
643 282 756 318 aequalis
785 281 855 310 fuit:

72 329 151 364 lngus
163 333 256 356 autem
278 329 410 362 minime,
423 329 470 365 qui
490 329 544 357 fuit
563 329 591 356 in
612 329 856 357 deminorationem

71 375 407 409 emissus.’|'ertullianus,
422 383 482 411 cap.
497 376 513 402 Ἰ
525 385 533 404 ι
547 385 557 402 ι
570 376 690 411 Suscipit
706 376 753 403 illa
765 376 856 403 statim

70 427 94 449 et
103 429 248 457 praegnans
265 422 386 450 efficitur
401 427 429 450 et
441 422 513 459 parit
533 423 628 458 utique
650 422 760 450 silentio
776 421 855 457 Sige;

69 473 92 495 et
103 475 183 503 quem
206 468 294 503 parit,
308 468 367 496 Nus
379 473 430 501 est,
444 469 615 496 simillimum
630 467 702 495 Patri
714 471 742 504 et_
763 475 856 502 parem

69 520 111 548 per
121 513 227 541 omnia.
238 523 248 540 ι
266 513 398 548 lrenaeus,
413 514 459 542 lib.
473 522 504 548 ιι,
517 522 577 550 cap.
587 515 638 542 24:
649 524 658 540 ι
669 514 739 542 Eum
753 514 801 550 qui
814 519 858 543 est

68 568 81 588 θ
93 559 131 587 Nu
148 559 314 596 Propatoris
330 561 380 597 (ita
398 561 469 597 lego)
482 561 605 597 ipsorum
624 561 743 589 emissus
760 561 857 590 Sermo

68 605 92 633 in
103 605 354 635 deminorationem
367 607 498 636 emissum
511 607 616 635 dicunt.
631 606 693 635 Nun
707 607 780 635 enim
795 614 857 642 per-

67 652 163 680 Iectum
179 660 195 680 a
212 653 337 688 perfecto
350 653 438 690 Bytbo
450 658 658 689 progeneratum
669 653 726 688 jam
739 660 794 681 non
811 660 856 688 po-

67 698 148 726 tuisse
168 706 234 726 eam
249 706 312 734 quae
327 706 360 726 ex
379 707 413 727 eo
429 703 472 727 est
489 698 666 727 emissionem
686 699 776 727 facere
791 706 854 734 per-

66 742 172 777 fectam,
191 744 241 772 sed
257 745 424 773 obcaecatam
437 745 510 773 circa
524 745 691 780 agnitionem
705 749 732 773 et
747 745 855 780 magni-

66 789 186 818 tudinem
208 790 312 825 Patris,
327 797 354 819 et
370 791 539 820 Salvatorem
560 792 715 828 symbolum
731 792 852 828 mysterii

64 836 146 871 hujus
160 837 320 865 ostendisse
333 837 361 865 in
376 845 409 865 eo
421 838 495 873 quia
507 838 650 866 nativitate
663 845 753 866 caecus
769 837 829 865 fuit.
841 847 850 864 ι

63 882 124 910 Hec
149 883 237 918 igitur
266 888 332 912 sunt
359 884 389 911 in
415 883 552 913 Valentini
577 884 672 912 schola
701 884 852 912 certissima

61 929 200 965 dogmata.
225 929 288 957 Nun
298 951 306 964 ,
321 930 386 966 quia
398 938 415 958 a
427 930 514 967 Bytho
534 935 562 958 et
579 930 643 966 Sige
666 930 785 959 emissus
799 935 851 964 est,

60 975 176 1011 Bythnm
200 976 363 1011 plenissime
382 978 555 1013 cognovisse,
569 978 664 1013 illique
678 978 810 1013 aequalem
825 983 853 1006 et

59 1030 153 1057 parem
170 1030 235 1050 esse
248 1031 256 1050 :
271 1022 388 1058 Bythum
410 1028 501 1051 autem
516 1028 543 1051 et
559 1023 640 1059 Sigen
662 1024 732 1052 alios
748 1024 852 1053 Eonas

59 1074 244 1103 progenerare
260 1068 392 1101 noluisse,
408 1068 524 1104 ideoque
538 1067 599 1096 Nun
616 1068 795 1104 Mouogenem
811 1070 853 1098 di-

58 1120 131 1142 ctum
156 1114 255 1142 tuisse.
281 1113 318 1143 Ut
340 1119 431 1143 autem
451 1115 498 1143 alii
518 1115 622 1144 Aiones
644 1116 850 1150 emitterentur,

60 1159 117 1188 Non
138 1161 226 1188 etiam
244 1161 353 1189 Archen
369 1165 397 1189 et
417 1160 527 1189 Patrem
547 1161 661 1189 factum.
679 1162 785 1198 Logum
802 1170 851 1190 au-

62 1207 179 1242 μω,ᾳυί
192 1206 229 1234 ab
242 1214 277 1235 eo
291 1212 488 1243 progeneratus
501 1212 554 1241 est,
566 1208 594 1235 in
606 1208 850 1238 deminorationem

60 1255 200 1289 generari,
215 1261 250 1282 eo
275 1254 350 1289 quod
371 1261 405 1282 ex
426 1253 514 1290 Bytbo
527 1260 555 1282 et
571 1254 636 1290 Sige
650 1255 770 1283 emissus
796 1264 849 1283 non

60 1305 138 1334 esset,
149 1300 272 1335 ideoque
286 1300 404 1335 Bythum
415 1307 528 1336 prorsus
544 1301 681 1336 ignorare,
692 1307 720 1329 et
732 1301 849 1331 Eonem

60 1354 158 1374 mecum
176 1346 245 1374 dici.
261 1345 340 1373 Patet
362 1346 454 1381 itaque
467 1346 494 1373 in
514 1346 619 1374 scholia
645 1346 783 1375 Valentini
796 1347 849 1376 Lo-

60 1402 119 1429 gum
135 1402 151 1421 a
162 1393 254 1430 Bytho
268 1393 310 1420 vel
325 1392 389 1428 Sige
401 1392 531 1420 emissum
547 1393 602 1420 dici
617 1400 670 1420 non
682 1394 813 1428 potuisse.

91 1441 266 1474 Blondellns,
277 1445 308 1467 ut
320 1440 378 1467 hrec
387 1439 511 1472 evitaret,
525 1440 623 1467 miram
638 1439 718 1468 nobis
730 1439 849 1468 [Eanum
863 1460 865 1462 η

59 1487 249 1522 genealogiam
273 1486 402 1521 pertexit,
421 1490 449 1513 et
468 1485 722 1514 Valentinianorum
740 1490 851 1514 senten-

59 1534 122 1560 tiam
139 1531 193 1560 hoc
209 1531 293 1559 modo
308 1530 425 1559 edictam
450 1530 598 1566 exprimit:
611 1540 620 1556 ι
636 1529 798 1566 Supremum
810 1531 849 1558 illi

908 283 981 306 runt.
999 278 1136 311 Secundo,
1149 277 1268 306 Eonum
1281 276 1450 312 genealogis,
1466 283 1549 311 quam
1568 275 1697 303 Blondel-

907 324 950 352 lus
963 329 1157 359 repraesentat,
1177 325 1204 352 in
1226 331 1260 352 eo
1276 324 1428 360 fragmento
1448 321 1560 350 minime
1573 321 1696 350 contine-

907 375 965 404 tur.
980 371 1027 400 sed
1043 371 1126 407 plane
1141 371 1205 404 alia,
1221 378 1318 406 nempe
1334 379 1341 398 :

1196 425 1410 497 BytbusTSige

1280 497 1316 525 Pa
1321 503 1360 525 ter

1206 532 1287 561 Pater
1295 548 1331 553 -—
1339 533 1402 569 Sige

1260 569 1366 632 Veritas

1213 638 1445 667 Pater—Veritas

1206 710 1293 738 Ilomo
1301 709 1315 741 ,⁷
1326 709 1453 737 Ecclesia-

1225 747 1322 773 Sermo
1332 767 1339 778 ,
1354 745 1424 773 Vita.

905 807 1060 836 Blondcllus
1080 808 1188 843 quidem
1203 809 1285 836 verba
1301 808 1424 844 quaedam
1439 815 1473 834 ex
1487 814 1520 834 eo
1538 806 1689 840 fragmento

904 853 937 880 ad
950 861 1026 880 suam
1040 853 1223 888 genealogiam
1237 853 1396 881 ﬁrmandam
1414 852 1519 883 recitat,
1535 851 1582 879 sed
1593 851 1689 878 admo-

904 900 968 926 dum
983 899 1092 926 dolose:
1109 907 1141 926 ea
1154 900 1226 927 enim
1240 900 1349 932 omittit,
1365 907 1425 936 quae
1439 898 1473 926 ad
1491 906 1548 926 rem
1570 897 1689 924 maxime

904 945 1024 978 faciunt;
1040 949 1131 972 nostra
1145 949 1234 972 autem
1256 953 1290 972 ex
1305 945 1371 980 ipsis
1383 944 1527 980 fragmenti
1544 943 1634 975 verbis
1648 943 1689 970 sic

903 991 1021 1018 dilucide
1029 991 1177 1026 colligitur.
1191 990 1398 1018 Valentinianus
1412 991 1456 1018 ille
1470 990 1558 1026 primo
1570 989 1686 1025 Bythum

902 1042 930 1065 et
955 1036 1036 1072 Sigen
1058 1037 1225 1071 describens,
1252 1038 1339 1072 inquit
1359 1047 1366 1064 ε
1387 1038 1442 1064 Καὶ
1463 1036 1531 1072 αὑτὴ
1554 1035 1629 1072 αὐτῷ
1645 1045 1688 1071 μι-

902 1084 980 1117 γετσα
990 1083 1160 1110 ἀναδείκνυσι
1171 1083 1279 1120 Πατέρα
1286 1084 1335 1119 τῆς
1349 1083 1498 1119 Ἀληθείας¹
1512 1092 1521 1108 ε
1535 1081 1569 1110 ΕΙ.
1579 1083 1637 1110 haec
1650 1083 1688 1109 illi

902 1129 1046 1157 commista
1068 1130 1140 1164 parit
1167 1129 1275 1157 Patrem
1301 1129 1434 1156 veritatis.
1450 1139 1459 1155 I
1484 1129 1576 1156 Prima
1606 1128 1688 1164 igitur

901 1175 1013 1203 emissio
1025 1180 1067 1203 est
1078 1183 1130 1210 qua
1148 1174 1229 1202 Pater
1243 1175 1364 1203 veritatis
1377 1183 1409 1202 ex
1420 1175 1508 1210 Bytho
1521 1179 1548 1202 et
1563 1173 1626 1209 Sige
1639 1183 1687 1210 ge-

902 1225 1028 1255 neratur,
1042 1230 1124 1257 quem
1138 1227 1165 1250 et
1180 1221 1323 1258 ἄνθρωπον
1344 1223 1489 1249 vocabant.
1514 1221 1592 1248 Μετὰ
1608 1221 1688 1248 τοῦτο

900 1268 929 1295 δὲ
945 1269 961 1304 ὴ
978 1267 1046 1304 Σιγὴ
1072 1268 1190 1304 φυσικὴν
1215 1268 1328 1303 ἑνότητα
1353 1268 1441 1302 φωτὸς
1466 1267 1687 1304 προενεγκαμένη

902 1315 950 1341 σὺν
972 1314 1012 1350 τῷ
1034 1314 1171 1350 ἀνθρώπῳ
1193 1312 1238 1350 (ἦν
1253 1315 1276 1341 δ’
1287 1315 1383 1346 αὑταῖς
1399 1315 1415 1350 ἡ
1433 1314 1585 1345 συνέλευσις
1599 1314 1630 1340 τὸ
1646 1313 1689 1340 θέ-

900 1360 965 1396 λειν)
982 1361 1028 1387 καὶ
1043 1360 1213 1387 ἀναδείκνυσι
1228 1360 1278 1395 τὴν
1301 1360 1450 1396 Ἀλήθειαν.
1461 1369 1471 1386 ε
1485 1359 1580 1388 Postea
1596 1365 1688 1387 autem

902 1405 964 1442 Sige
986 1406 1139 1434 naturalem
1156 1407 1287 1434 unitatem
1310 1406 1380 1434 lucis
1394 1405 1538 1441 proferens
1560 1413 1621 1433 cum
1638 1405 1688 1432 ho-

901 1454 973 1480 mine
984 1454 1052 1488 (erat
1065 1459 1155 1480 autem
1171 1452 1224 1480 illis
1242 1452 1310 1480 velle
1325 1452 1513 1488 congressus),
1524 1451 1596 1487 parit
1605 1451 1687 1478 etiam

901 1498 1058 1527 Veritatem.
1069 1509 1078 1525 I
1097 1498 1222 1526 Secunda
1238 1499 1320 1534 igitur
1334 1498 1447 1526 emissio
1460 1503 1568 1533 est.qua
1580 1496 1688 1525 Veritas

899 1553 933 1572 ex
955 1545 1052 1578 Patre,
1077 1553 1124 1572 seu
1148 1545 1273 1578 homine,
1297 1548 1325 1572 et
1344 1543 1407 1579 Sige
1427 1548 1582 1579 generatur.
1611 1544 1689 1570 Μετὰ

58 1579 171 1607 Εοηοω
184 1579 360 1607 somniantes
367 1577 451 1605 Βυθδν
463 1585 478 1605 a
489 1584 518 1606 se
530 1583 557 1605 et
565 1577 725 1614 προπάτορα
735 1578 795 1606 dictl

950 1601 979 1618 το
994 1593 1011 1628 ἡ
1025 1591 1150 1628 ’Λλήθεια
1168 1591 1302 1627 μητρικὴν
1324 1577 1546 1627 προενεγκαμένη
1561 1598 1687 1627 προυνει-

57 1625 100 1659 qui
117 1633 153 1654 ex
168 1624 258 1659 Σιγῆς
274 1624 421 1659 complexu
440 1624 576 1659 geminam
597 1624 700 1659 prolem
715 1623 787 1651 Νοῦν
803 1631 851 1652 seu

57 1671 166 1708 Πατέρα
182 1676 211 1699 et
228 1668 375 1702 Ἀλήθειαν
392 1669 576 1705 suscepisset;
593 1677 691 1697 rursus
713 1670 786 1697 Νοῦν
802 1678 851 1698 seu

57 1717 165 1753 Πατέρα
181 1718 251 1753 Σιγῇ
267 1716 349 1744 matri
363 1716 538 1744 commistum
550 1716 637 1750 Λόγον
653 1716 700 1743 καὶ
716 1714 792 1750 Ζωὴν
807 1725 852 1753 ge—

56 1764 150 1791 nuisse
163 1764 316 1799 tingebant.
331 1773 341 1789 ι
357 1762 421 1791 Haec
435 1762 518 1798 igitur
532 1770 626 1791 eorum
640 1763 808 1800 genealogis,
818 1771 851 1791 ex

56 1809 190 1840 Blondclli
206 1809 345 1838 sententia
359 1818 366 1836 :

335 1864 441 1901 Bythus
449 1863 564 1934 l—Sige.

381 1933 440 1962 Nus
447 1933 471 1966 ,ἐι
480 1933 590 1963 Veritas

379 1968 555 2004 Nus—Sige

367 2004 476 2038 Sermo,
488 2003 561 2031 Vita.

56 2063 144 2094 Aliam
163 2062 267 2093 fatetur
281 2061 445 2097 exposuisse
455 2060 564 2095 Patres;
579 2061 651 2092 hanc
666 2054 758 2089 autem
771 2068 850 2089 acce-

55 2110 131 2144 pisse
155 2117 186 2137 se
210 2109 249 2136 ait
273 2115 307 2135 ex
328 2108 481 2143 fragmento
500 2107 562 2135 libri
584 2106 850 2140 Valentinianorum,

56 2154 130 2188 quod
147 2153 183 2181 ab
203 2153 358 2188 Epiphanio
373 2152 492 2180 Pamm‘o
508 2161 560 2181 suo
574 2153 706 2180 insertum
721 2157 771 2180 est.
788 2151 851 2180 Haec

56 2199 101 2229 ille
115 2199 144 2226 in
161 2198 326 2234 praefatione
343 2198 376 2226 ad
393 2198 563 2234 Apologiam.
579 2197 608 2226 In
621 2199 694 2226 notis
711 2203 801 2226 autem
816 2199 850 2226 ad

56 2246 203 2280 epistolam
227 2244 315 2272 lsaaci
339 2244 430 2273 Vossii
451 2246 550 2273 asserit
575 2245 675 2274 librum
703 2253 766 2273 eum
788 2253 849 2273 esse
865 2260 888 2288 ι)

58 2292 146 2329 ipsius
170 2291 320 2324 Valentini,
335 2295 362 2318 et
377 2290 527 2321 secundum
550 2299 613 2319 eum
636 2290 721 2325 Λόγον
737 2298 752 2317 a
766 2289 807 2318 Nu
824 2295 851 2318 et

59 2337 123 2374 Sige
139 2337 302 2368 immediate
323 2337 502 2372 processisse.
528 2336 581 2364 Sed
604 2337 692 2372 primo
715 2337 783 2363 liber
807 2336 852 2364 ille

59 2383 208 2411 Valentino
221 2383 275 2418 ipsi
289 2383 349 2410 sine
365 2382 420 2409 ullo
429 2382 606 2412 fundamento
614 2382 770 2410 ascribitnr.
783 2381 850 2409 Nam

59 2429 233 2466 Epiphanius
248 2433 347 2457 contra
361 2427 566 2456 Valentinianos
586 2429 730 2462 disputans
747 2433 775 2455 et
795 2428 851 2455 fra-

59 2480 199 2511 gmentum
216 2469 300 2510 h'ujus
313 2474 376 2502 libri
390 2475 518 2507 recitans,
533 2482 596 2502 eum
613 2478 693 2501 vocat
705 2473 753 2510 τὴν
764 2474 853 2501 αὐτῶν

62 2522 161 2556 βίὄλον·
179 2529 234 2548 non
250 2521 319 2556 ejus,
334 2521 381 2548 sed
399 2529 488 2547 eorum
507 2521 618 2554 librum,
638 2520 753 2555 alicujus
777 2521 853 2548 scili-

61 2574 103 2596 ret
117 2568 316 2601 Valentiniani,
333 2576 388 2595 non
408 2568 496 2606 ipsius
510 2567 663 2601 Valentini;
676 2573 703 2595 et
719 2568 753 2595 ad
770 2567 852 2594 ﬁnem

62 2615 206 2650 fragmenti
230 2615 395 2642 additzKai
417 2614 505 2641 ταῦτα
532 2615 581 2649 μὲν
606 2614 660 2640 ἀπὸ
683 2615 784 2650 μέρους
798 2613 854 2640 τῶν

64 2661 170 2697 statth
185 2661 278 2689 αὐτῶν
294 2661 455 2697 παραθέντα
470 2661 524 2693 ἕως
539 2657 591 2688 ὦδέ
609 2670 654 2697 μοι
671 2660 816 2698 εἰρήσθω,ι
827 2666 854 2688 et

65 2708 118 2736 hac
133 2709 244 2744 quidem
260 2716 294 2736 ex
318 2713 397 2744 parte
419 2707 552 2735 librorum
569 2715 663 2735 eorum
684 2707 784 2734 inserta
800 2707 854 2735 huc

65 2762 147 2790 usque
163 2755 231 2782 mihi
244 2754 319 2784 dicta
334 2759 427 2781 sunto.
440 2763 450 2780 ι
461 2753 518 2780 lmo
530 2752 678 2781 falsissimo
689 2753 742 2788 ipsi
755 2752 854 2780 Valen-

65 2801 119 2830 tino
134 2801 270 2837 assignari
290 2805 397 2829 certum
412 2804 464 2827 est.
485 2799 551 2835 Ejus
567 2799 640 2826 enim
662 2799 770 2834 propria
788 2807 853 2826 scn-

64 2849 142 2876 tentia
154 2849 189 2876 ab
202 2847 308 2876 Irenaeo
321 2846 450 2882 refertur,
464 2854 524 2881 qua:
537 2846 572 2874 ab
585 2845 666 2881 hujus
683 2845 743 2872 libri
758 2845 854 2872 delirio

67 2894 174 2922 multum
201 2894 362 2929 discrepat;
381 2897 413 2929 et
440 2891 573 2920 Valentini
597 2891 744 2928 discipulos
766 2896 823 2919 tum
839 2899 854 2920 a

903 1638 964 1666 κίαν
988 1638 1099 1674 ὲθήλυνε
1123 1638 1168 1665 τὸν
1184 1637 1293 1673 Πατέρα
1318 1637 1418 1672 ἑαυτῆς
1442 1637 1482 1669 εἰς
1508 1636 1617 1672 ἑαυτὴν,
1642 1637 1690 1663 καὶ

903 1683 1034 1719 συνῄεσαν
1051 1686 1156 1717 ἑαυτοῖς
1172 1685 1302 1721 ἀφθάρτῳ
1321 1684 1393 1720 μίξει
1409 1685 1456 1711 καὶ
1471 1684 1600 1720 ἁγηράτῳ
1611 1683 1689 1721 [lego

902 1731 1211 1769 ἁκηρὰτῳ]συγκράσει,
1224 1731 1270 1758 καὶ
1286 1730 1457 1757 ἀναδείκνυσι
1472 1729 1588 1765 τετράδα
1605 1737 1688 1756 πνευ-

903 1777 1020 1814 ματικὴν
1043 1777 1236 1814 ἀῤῥενόθηλυν,
1253 1777 1401 1804 ἀντίτυπον
1421 1777 1471 1812 τῆς
1493 1775 1630 1813 προούσης
1644 1783 1688 1802 τε-

901 1823 1006 1860 τράδος.
1027 1833 1037 1850 ι
1052 1823 1148 1852 Postea
1162 1823 1268 1851 Veritas
1283 1828 1435 1851 maternam
1450 1823 1592 1858 proferens
1607 1822 1689 1850 lasci-

902 1870 984 1904 viam,
1000 1870 1168 1898 ed‘eminavit
1191 1869 1300 1897 Patrem
1328 1877 1411 1897 suum
1435 1869 1469 1896 ad
1499 1868 1636 1903 seipsam,
1660 1872 1689 1895 et

901 1917 1041 1951 congressi
1056 1921 1121 1944 sunt
1136 1916 1251 1943 invicem
1269 1915 1428 1950 incorrupta
1443 1914 1582 1948 mistione,
1594 1918 1621 1941 et
1636 1914 1689 1940 im—

902 1962 1008 1989 mortali
1026 1963 1109 1996 coitu,
1125 1967 1152 1990 et
1166 1962 1237 1997 parit
1251 1962 1382 1989 tetradem
1397 1961 1566 1996 spiritualem
1588 1960 1688 1995 prioris

902 2009 1015 2036 tetradis
1039 2009 1300 2043 reprmsentativam.
1319 2017 1328 2034 ι
1356 2007 1447 2035 Tertia
1471 2007 1554 2042 igitur
1575 2006 1689 2034 emissio

901 2059 952 2087 est,
968 2063 1022 2090 qua
1040 2055 1159 2083 secunda
1176 2059 1259 2082 tetras
1274 2053 1374 2089 (Homo
1396 2058 1423 2081 et
1441 2053 1573 2085 Ecclesia,
1591 2052 1689 2080 Sermo

901 2107 929 2130 et
947 2101 1030 2137 Vita),
1044 2109 1077 2128 ex
1093 2101 1173 2129 Patre
1187 2105 1214 2128 et
1225 2100 1345 2128 Veritate
1360 2105 1487 2135 generata
1501 2104 1552 2128 est.
1569 2099 1631 2127 Haec
1646 2103 1690 2127 est

902 2149 1061 2184 genealogis
1076 2147 1196 2180 [Eonum
1212 2148 1307 2183 primae
1333 2147 1463 2182 ogdoadis
1485 2147 1511 2174 in
1535 2146 1689 2182 fragmento

901 2194 962 2222 libri
981 2193 1235 2221 Valentinianorum
1250 2193 1321 2229 apud
1336 2192 1518 2228 Epiphanium
1535 2192 1687 2226 descripta;

901 2248 935 2268 ex
947 2248 1002 2275 quo
1016 2247 1114 2267 novam
1137 2240 1219 2275 plane
1233 2243 1260 2266 et
1284 2239 1416 2266 hactenus
1437 2238 1586 2265 inauditam
1611 2237 1690 2264 Bion.

902 2287 989 2314 delius
1011 2286 1085 2319 fecit,
1099 2293 1182 2321 quam
1204 2293 1255 2313 nec
1276 2285 1303 2312 in
1317 2292 1351 2312 eo
1370 2284 1534 2319 fragmento,
1551 2290 1601 2310 nec
1624 2283 1688 2310 alibi

902 2333 1032 2368 reperias.
1047 2331 1122 2359 Hanc
1132 2337 1222 2359 autem
1237 2332 1294 2367 ipse
1308 2335 1480 2358 commentus
1490 2334 1541 2363 est,
1558 2335 1585 2357 ut
1603 2329 1689 2363 Λόγον

903 2387 984 2407 suum
999 2387 1032 2406 ex
1044 2379 1107 2414 Sige
1119 2378 1274 2406 immediate
1285 2377 1461 2412 produceret;
1475 2375 1546 2411 quod
1561 2375 1689 2402 omnibus

903 2425 1157 2456 Valentinianorum
1173 2424 1338 2460 genealogiis
1364 2427 1506 2458 repugnat.
1528 2420 1561 2448 Et
1581 2416 1689 2448 senten-

903 2472 970 2501 tiam
981 2479 1059 2499 suam
1071 2471 1180 2503 ﬁrmare
1192 2471 1298 2498 videtur
1309 2477 1342 2497 ex
1355 2469 1445 2497 verbis
1454 2475 1514 2503 quae
1525 2472 1688 2502 sequuntur,

903 2518 964 2556 ἥτις
978 2516 1012 2554 ἦν
1028 2517 1123 2550 Βυθὸς,
1140 2516 1216 2553 Σιγὴ,
1226 2516 1329 2552 Πατὴρ,
1340 2514 1476 2549 Ἀλήθεια·
1494 2513 1563 2549 αὕτη
1579 2513 1607 2539 δὲ
1623 2513 1639 2548 ἡ
1657 2514 1690 2539 ἐκ

904 2565 951 2592 τοῦ
969 2565 1075 2602 Πατρὸς
1091 2565 1137 2591 καὶ
1152 2564 1203 2600 τῆς
1218 2563 1300 2602 Σιγῆς
1315 2561 1425 2597 τετρὰς,
1445 2560 1614 2597 Ἀνθρωπος,
1632 2559 1691 2586 Ἐκ-

904 2611 1013 2648 κλησία,
1030 2611 1126 2645 Λόγος,
1143 2610 1214 2646 Ζωή.
1231 2609 1282 2636 Sed
1299 2608 1321 2636 si
1337 2609 1395 2639 haec
1409 2607 1490 2634 verba
1507 2607 1608 2642 aliquid
1624 2614 1689 2641 pro-

904 2659 1017 2691 barent,
1038 2657 1125 2692 Λόγον
1145 2664 1160 2684 a
1185 2655 1247 2692 Sige
1268 2663 1323 2682 non
1348 2654 1504 2681 immediate
1527 2653 1688 2688 productam

904 2705 1048 2738 docerent;
1068 2708 1131 2731 sunt
1148 2703 1220 2730 enim
1234 2702 1422 2729 tantummodo
1436 2700 1558 2735 priorum
1571 2700 1690 2734 explica-

906 2752 957 2783 tio;
977 2751 1003 2777 in
1020 2749 1158 2785 prioribus
1178 2753 1268 2775 autem
1285 2747 1404 2775 secunda
1423 2751 1506 2773 tetras
1521 2753 1574 2772 non
1591 2745 1689 2772 immc»

905 2798 978 2826 diale
995 2805 1010 2824 a
1026 2797 1098 2833 Sige,
1115 2796 1161 2825 sed
1177 2804 1193 2825 a
1204 2795 1324 2823 Veritate
1337 2794 1495 2829 producitur
1509 2802 1516 2820 :
1529 2793 1586 2820 lucc
1606 2792 1690 2828 igitur

907 2844 941 2873 ad
957 2844 1118 2872 sententiam
1137 2841 1268 2869 Blondelli
1291 2841 1358 2868 nihil
1373 2839 1485 2868 omnino
1500 2839 1612 2866 faciunt.
1636 2839 1688 2866 Sed

908 2895 937 2918 ut
956 2890 984 2918 in
1000 2889 1045 2918 illo
1067 2888 1219 2924 fragmento
1240 2886 1325 2915 multa
1348 2890 1475 2921 corrupta
1499 2891 1571 2918 sunt,
1587 2885 1622 2912 ita
1647 2885 1690 2912 hic
