1850 3072
174 190 224 218 5H

686 187 715 216 S.
735 186 908 216 IGNATIUS.
927 203 962 209 —
981 185 1246 216 PROLEGOMENA.

1749 180 1820 209 312

175 247 258 275 etiam
273 247 351 276 locus
364 246 431 275 mihi
448 254 533 276 sanus
551 254 606 274 non
620 247 742 280 videtur;
757 255 820 274 nam
836 247 878 275 vel
892 246 960 283 αὕτη
975 249 997 277 Λ
1011 246 1071 273 Nun
1087 247 1170 274 velint
1183 246 1276 282 Logon
1295 244 1438 280 genuisse;
1453 248 1594 277 nunquam
1616 245 1712 268 tamen
1737 246 1820 267 eum

175 293 205 320 δὲ
221 293 238 329 ἡ
255 294 287 320 ὲκ
301 292 347 319 τοῦ
364 293 469 329 Πατρός
485 292 530 319 καὶ
545 293 595 328 τῆς
610 293 693 328 Σιγῆς
707 292 848 328 Ἀλήθειαν
863 293 960 319 imme-

176 338 250 366 diate
272 338 468 374 praecedentem
491 343 605 373 spectat,
628 345 689 372 qua
713 338 863 365 secundum
885 337 959 364 hunc

179 383 398 412 Valentinianum
419 391 452 411 ex
469 383 550 411 Patre
572 388 599 411 et
621 383 684 419 Sige
704 387 837 419 prognata
859 387 911 415 est,
933 386 961 409 et

177 434 244 458 tunc
263 430 365 465 aliquid
387 434 449 457 ante
464 435 622 465 sequentem
642 437 738 458 vocem
753 430 852 465 τετράς
867 429 959 463 deest;

177 477 220 503 vel
233 483 282 511 pro
296 477 379 511 Σιγῆς
401 476 514 503 omnino
532 476 675 511 legendum
697 479 740 503 est
764 475 915 511 Ἀληθείας,
931 480 961 502 ut

178 522 236 550 haec
253 522 465 557 praecedentibus
486 522 658 550 conveniant.
675 521 786 549 Frustra
801 522 882 548 etiam
906 521 961 548 huc

178 568 293 595 advocat
315 567 471 595 Blondellus
494 571 622 602 corrupta
647 567 694 594 illa
715 566 798 594 verba
816 566 911 602 Cyrilli
933 566 961 593 in

177 614 313 642 catechesi
328 615 344 641 6
357 623 364 641 :
375 614 519 650 Ἐγέννησε
531 613 624 649 Σιγὴν,
637 614 682 640 καὶ
698 613 750 640 ἀπὸ
762 613 845 648 Σιγῆς
859 614 963 640 ὲτεκνο-

177 660 249 688 ποίει
265 661 360 695 Λόγου.
378 660 468 687 Locus
481 660 526 687 ille
543 659 632 687 adhuc
646 659 674 686 in
688 659 787 686 mendo
802 660 893 692 cubat,
912 666 962 687 nec

178 709 213 736 ab
230 708 376 742 interprete
392 707 545 734 intellectus
559 709 610 733 est.
628 705 689 732 Ὀτι
704 706 718 731 ὁ
734 704 818 737 Βυθὸς
835 705 962 741 ἐγέννησε

177 754 278 790 Σιγὴν,
293 755 340 781 καὶ
365 753 418 780 ἀπὸ
440 754 490 789 τῆς
510 753 594 788 Σιγῆς
618 752 783 780 ὲτεκνοποίει
802 752 899 786 Λόγου,
915 751 962 778 τοῦ

177 801 243 836 παρ’
256 800 384 835 Ἕλλησιν
408 800 478 832 Διός·
504 797 582 831 οὗτος
612 800 710 835 χείρων
733 798 780 825 τοῦ
803 799 836 833 τῇ
861 797 962 833 ἀδελφῇ

180 846 352 882 μιγνυμένου·
370 846 463 873 τέκνον
479 846 533 882 γὰρ
556 844 624 872 εἶναι
644 845 692 872 τοῦ
712 845 797 872 Βυθοῦ
824 845 930 879 ἐλέγετο
945 844 963 879 ὴ

178 894 281 930 Σιωπή.
299 893 336 920 lla
351 893 444 921 Graeca
457 893 538 920 verba
553 892 624 920 edita
635 897 662 920 et
675 892 802 920 distincta
817 896 890 924 sunt,
901 899 962 926 qua:

177 940 296 968 Joannes
314 940 465 967 Grodecius
495 939 535 967 sic
559 939 751 974 interpretatus
774 943 816 966 est
834 947 840 965 :
861 947 870 963 ί
885 937 962 970 Quod

177 986 296 1022 Bythos,
312 985 338 1013 id
360 990 402 1013 est
425 984 605 1020 profundum,
620 983 744 1019 genuerit
767 983 864 1018 Sigen,
880 983 906 1010 id
923 986 965 1010 est

179 1030 333 1063 Silentium,
342 1036 369 1059 et
375 1031 408 1058 de
420 1031 483 1066 Sige
495 1029 753 1066 procrearitLOgon,
761 1029 807 1063 qui
815 1028 921 1064 Jupiter
930 1028 965 1055 sit

178 1078 336 1113 gentilibus,
350 1081 377 1104 et
389 1077 507 1104 deterior
520 1084 551 1104 ac
565 1076 678 1103 inferior
688 1083 721 1103 eo
734 1075 781 1109 qui
793 1082 855 1102 cum
872 1081 965 1102 sorore

178 1124 215 1151 sit
231 1124 339 1152 mistus.
362 1123 425 1158 Sige
439 1124 511 1151 enim
531 1122 610 1158 Bythi
632 1122 687 1149 tilia
707 1121 859 1148 dicebatur.
871 1130 880 1146 ι
896 1119 964 1147 Mira

179 1170 224 1197 hic
249 1169 330 1197 tradit
350 1169 485 1204 interpres
510 1169 544 1197 de
565 1168 639 1203 Logo
657 1167 849 1195 Valentiniano
862 1168 908 1202 qui
929 1167 966 1195 sit

178 1215 283 1251 Jupiter
305 1216 461 1251 gentilibus.
484 1215 560 1250 Legit
582 1215 722 1242 enimvero
738 1214 766 1241 in
782 1222 835 1242 ms.
851 1221 901 1242 suo
915 1221 964 1240 vo—

178 1269 238 1289 cem
250 1261 402 1297 Λόγου,εεά
416 1265 543 1296 corrupte
555 1264 706 1294 exaratam,
719 1268 804 1295 quare
816 1264 843 1287 et
859 1267 874 1287 a
889 1259 965 1294 prio-

180 1308 256 1336 ribus
269 1312 296 1335 et
306 1315 322 1335 a
333 1308 510 1342 sequentibus
522 1307 550 1334 in
563 1306 664 1335 Graecis
676 1306 810 1338 distinxit,
820 1306 847 1333 in
861 1305 966 1333 Latinis

178 1360 271 1383 autem
295 1355 404 1389 utrique
424 1354 566 1382 sententias
587 1353 749 1388 conjunxit,
775 1360 836 1380 cum
861 1353 966 1379 ἐτεκνο-

179 1400 252 1427 ποίει
266 1399 417 1434 componit,
430 1407 463 1427 ac
483 1399 507 1427 si
522 1399 653 1434 scriptum
667 1403 740 1426 esset
755 1397 840 1433 Λόγον
857 1398 966 1433 (quem-

179 1445 327 1472 admodum
343 1445 370 1473 in
388 1453 441 1472 ms.
465 1443 612 1472 Oxoniensi
635 1444 746 1479 .egitur)
762 1451 824 1471 cum
841 1442 889 1469 τοῦ
906 1442 966 1474 Διός

181 1492 334 1528 conjungit,
350 1500 381 1520 ac
404 1492 427 1519 si
450 1491 547 1519 eodem
572 1499 636 1518 casu
659 1491 804 1526 legeretur,
823 1494 905 1524 atque
928 1489 965 1516 ita

181 1538 273 1566 omnia
288 1538 439 1566 confundit.
449 1537 478 1565 Si
491 1538 575 1572 Λόγον
592 1537 703 1572 quidem
719 1537 852 1571 legamus,
868 1542 966 1564 sensus

180 1585 325 1612 verborum
336 1584 381 1612 hic
393 1584 553 1619 perspicuus
563 1587 605 1611 est
616 1592 622 1610 :
635 1592 645 1608 ‹
657 1582 759 1618 Bythus
768 1581 861 1617 genuit
874 1581 967 1617 Sigen,

179 1634 207 1657 et
216 1638 231 1657 e
243 1629 306 1665 Sige
320 1629 458 1665 generavit
471 1628 585 1664 Legum.
601 1627 667 1655 Jove
680 1627 820 1662 gentilium
834 1627 879 1655 hic
892 1627 968 1662 pejor

180 1681 234 1710 est,
252 1677 299 1711 qui
314 1684 376 1705 cum
401 1683 497 1703 sorore
519 1675 617 1702 mistus
636 1678 686 1702 est.
705 1674 775 1701 Filia
790 1674 862 1701 enim
888 1673 968 1709 Bythi

180 1723 322 1752 dicebatur
334 1722 425 1758 Siope.
440 1732 449 1748 ι
467 1721 520 1749 Sed
535 1721 580 1748 illa
597 1728 648 1748 vox
664 1721 752 1755 Λόγου
767 1728 827 1756 qum
839 1720 912 1747 hunc
927 1720 968 1748 lo-

181 1778 244 1798 cum
260 1770 328 1797 adeo
344 1768 464 1796 turbavit
478 1768 590 1795 omnino
606 1767 760 1795 necessaria
777 1775 830 1795 nou
846 1771 898 1799 est,
912 1766 968 1794 sive

180 1816 285 1850 priora,
301 1815 358 1842 sive
373 1814 524 1849 posteriora
538 1814 621 1841 verba
636 1813 780 1848 respicias.
804 1812 969 1840 Posteriori-

181 1861 234 1888 bus
252 1867 306 1887 non
320 1860 459 1894 competit,
475 1859 547 1893 quod
569 1858 720 1886 Grodecius
740 1857 836 1885 voluit.
852 1857 969 1892 Cyrillus

182 1908 256 1935 enim
271 1914 324 1934 non
341 1906 445 1941 Logon,
461 1906 507 1933 sed
523 1905 640 1940 Bythum
652 1903 712 1932 Iovi
725 1907 874 1938 comparat.
892 1903 970 1930 Prio-

182 1952 261 1979 ribus
277 1959 364 1986 neque
385 1950 473 1985 Λόγου
489 1949 629 1985 competit,
646 1957 734 1984 neque
745 1949 829 1983 Λόγον
844 1956 970 1976 necessa—

182 1998 255 2025 rium
280 2002 339 2031 est;
359 2005 424 2024 nam
444 1995 724 2026 rsxvomwivﬁberos
743 2002 892 2028 procreare,
908 1994 970 2028 qui-

183 2051 292 2078 cunque
306 2043 412 2070 tandem
426 2043 463 2069 illi
477 2041 542 2073 sint,
558 2041 625 2068 satis
642 2041 674 2068 ad
692 2039 774 2074 hujus
787 2039 840 2066 loci
858 2047 970 2067 sensum

184 2088 391 2124 exprimendum
422 2088 503 2114 valet.
528 2086 612 2114 Docet
634 2085 708 2112 enim
734 2085 855 2120 Cyrillus
875 2083 970 2111 Jovem

184 2134 274 2162 sorori
302 2134 413 2161 mistum
435 2133 535 2165 fuisse,
556 2131 672 2166 Bythum
695 2138 730 2158 ex
754 2130 811 2157 tilia
832 2137 881 2157 sua
908 2137 972 2164 pro-

184 2187 294 2208 creasse
316 2179 416 2206 liberos
436 2177 529 2213 :quod
549 2177 657 2212 turpius
675 2181 726 2204 est.
751 2175 881 2209 Quamvis
904 2175 971 2203 mihi

184 2225 336 2252 etiamnum
360 2223 478 2250 maxime
502 2222 632 2255 arrideat,
646 2221 720 2256 quod
746 2222 812 2248 olim
831 2221 897 2248 mihi
919 2220 971 2255 ipsi

184 2272 212 2300 in
226 2275 343 2299 mentem
363 2271 445 2302 venit,
460 2269 603 2303 legendum
622 2268 727 2296 scilicet
741 2275 801 2295 esse
815 2275 868 2294 non
884 2267 971 2301 Λόγου

183 2318 227 2345 ἐει
240 2317 337 2351 Λόγον,
355 2316 401 2342 scd
413 2315 484 2350 λόγῳ
501 2313 549 2341 τοῦ
565 2314 636 2346 Διός,
653 2313 686 2340 ad
704 2314 825 2344 modum,
839 2313 881 2340 vel
895 2313 972 2340 simi-

184 2363 329 2392 litudinem
350 2361 437 2395 Jovis,
452 2369 483 2388 ea
505 2361 610 2388 ratione
626 2368 681 2395 qua
697 2359 803 2394 Jupiter
820 2358 973 2394 procreavit

185 2409 296 2440 liberos,
312 2412 342 2434 ut
362 2407 434 2442 λὸγῳ
455 2405 646 2433 adverbialiter
670 2409 810 2437 sumatur,
827 2411 915 2438 neque
938 2403 971 2430 ad

185 2455 303 2484 Eonem
328 2452 550 2480 Valentinianum
575 2451 688 2478 omnino
704 2454 818 2484 spectet.
842 2449 922 2476 Certe
948 2449 972 2475 si

184 2501 263 2535 λόγον
279 2500 466 2531 admittamus,
482 2497 614 2534 Cyrillum
628 2497 756 2532 dogmata
769 2494 904 2523 Valentini
920 2495 973 2521 mi-

185 2547 261 2574 ritice
287 2545 455 2574 confundere
475 2543 620 2572 dicendum
644 2547 704 2576 est;
719 2549 807 2577 neque
829 2541 972 2569 excusatio

185 2592 317 2620 Blondelli
338 2591 489 2626 quidquam
508 2590 589 2622 valet,
606 2588 685 2624 quasi
702 2588 818 2624 Bythum
834 2595 883 2615 seu
906 2587 973 2614 Pro-

186 2644 307 2675 patorem
321 2645 383 2665 cum
396 2636 436 2663 Nu
449 2645 497 2664 seu
510 2636 590 2663 Patre
599 2635 804 2662 Valentinianos
815 2633 973 2661 confudisse

185 2689 299 2713 statuat.
313 2683 381 2712 Nam
397 2684 420 2711 si
437 2691 575 2718 supponas
588 2682 634 2710 hic
645 2681 765 2714 Patrem,
777 2689 825 2708 seu
837 2679 909 2712 Nun,
923 2686 972 2713 pro

185 2731 272 2767 thho
281 2735 308 2759 et
319 2730 469 2766 Propatorc
480 2730 550 2757 sumi
565 2729 674 2760 debere,
685 2728 778 2755 omnia
791 2727 880 2754 adhuc
892 2729 974 2753 erunt

187 2786 199 2804 a
218 2777 310 2805 schola
329 2776 466 2803 Valentini
484 2783 598 2810 prorsus
613 2775 711 2802 aliena.
731 2774 833 2809 Bythus
845 2772 891 2799 hic
905 2771 973 2799 dici—

183 2824 230 2847 tur
243 2820 370 2853 genuisse
386 2819 478 2855 Sigen,
491 2824 518 2846 at
532 2818 612 2854 Sigen
627 2827 641 2846 a
654 2818 696 2846 Nu
710 2822 864 2853 generatam
877 2816 972 2848 fuisse,

186 2871 267 2890 nemo
285 2871 406 2898 unquam
428 2862 680 2890 Valentinianorum
697 2862 852 2894 somniavit.
871 2861 973 2896 Bythus

185 2909 286 2938 dicitur
300 2917 334 2936 ex
359 2908 421 2944 Sige
438 2909 567 2944 genuisse
582 2908 685 2943 Logon.
704 2907 886 2935 Valentiniani
912 2908 973 2935 licet

885 3012 925 3023 r-vv

1009 294 1099 328 Logon
1118 301 1151 320 ex
1175 293 1237 328 Sige
1259 292 1391 319 emissum
1413 289 1602 318 admittebant.
1621 287 1732 323 Bythus
1763 286 1821 313 hic

1009 346 1044 366 ex
1064 337 1128 374 Sige
1145 342 1276 372 tanquam
1290 343 1323 363 ex
1336 336 1392 363 ﬁlia
1407 342 1458 363 sua
1471 337 1584 370 generat
1598 333 1724 360 liberos:
1737 335 1772 358 at
1791 331 1820 357 si

1010 385 1219 412 Valentinianus
1232 382 1368 418 quispiam
1389 381 1463 409 dicat
1489 379 1550 408 Nun
1570 387 1618 407 seu
1632 378 1754 406 Patrem
1779 385 1821 403 ex

1012 431 1074 467 Sige
1098 431 1214 459 Eonem
1234 430 1352 464 aliquem
1373 434 1542 464 procreasse,
1561 426 1588 453 id
1612 425 1721 452 factum
1751 431 1819 450 non

1010 485 1044 505 ex
1059 477 1123 510 tilia,
1142 476 1190 504 sed
1206 483 1240 504 ex
1255 479 1343 502 matre
1355 473 1500 502 docebant.
1517 472 1591 507 Lego
1603 471 1689 507 igitur
1704 469 1820 505 Cyrilli

1011 523 1198 552 infelicissime
1220 529 1287 549 usus
1312 525 1355 548 est
1374 519 1547 551 Blondellus;
1571 521 1599 545 et
1619 517 1689 545 satis
1709 515 1822 543 adhuc

1011 569 1186 599 manifestum
1198 573 1240 596 est
1256 576 1271 595 a
1282 566 1426 594 Valentino
1440 571 1580 600 nunquam
1595 563 1701 591 dictum
1715 561 1821 588 fuisse

1012 617 1097 650 Λόγον
1112 612 1165 642 dare
1181 615 1264 650 Σιγῆς
1279 613 1430 648 προελθεῖν.

1048 661 1179 696 Exposita
1206 660 1352 691 sententia,
1379 657 1588 691 ratiouibusque
1615 653 1724 681 nostris
1759 651 1818 678 ad-

1011 715 1107 736 versus
1132 706 1262 734 Blondelli
1280 705 1396 734 astutias
1421 702 1549 735 defensis,
1569 701 1717 729 videamus
1741 698 1819 732 quid

1013 754 1142 781 Dallazum
1151 752 1267 780 moverit
1278 756 1308 779 ut
1323 751 1402 778 aliter
1415 749 1544 777 sentiret:
1559 757 1568 773 ε
1578 747 1637 782 Ipsa
1647 747 1708 773 haec
1720 746 1818 772 verba

1013 799 1042 826 in
1062 798 1236 826 Valentinum
1261 797 1338 829 ferri,
1355 797 1470 831 ejusque
1492 794 1619 822 delirium
1638 792 1735 823 ferire,
1753 799 1818 818 nun

1013 849 1065 877 est,
1085 845 1183 880 inquit,
1202 849 1232 872 ut
1247 844 1356 879 opinor,
1369 842 1524 870 obscurius.
1544 850 1554 867 ι
1572 839 1696 866 Primum
1720 844 1819 872 quam

1014 892 1123 924 timide,
1142 896 1173 919 ut
1188 891 1313 926 «opinor,
1332 899 1341 916 ι
1355 893 1391 921 et,
1412 898 1421 914 ε
1450 895 1504 915 non
1531 886 1695 914 obscurius!
1717 895 1726 911 ι
1750 884 1820 912 lmo

1013 947 1078 967 vero
1092 938 1247 966 certissime
1259 936 1415 968 obscurius,
1427 939 1463 967 et,
1473 938 1502 960 ut
1515 933 1623 968 opinor,
1634 930 1797 959 absurdius
1809 940 1817 963 ;

1014 984 1088 1020 quod
1102 991 1134 1010 ex
1151 983 1202 1009 viri
1218 981 1371 1010 doctissimi
1384 979 1544 1014 probatione
1556 976 1660 1013 patebit
1674 975 1817 1003 luculen-

1014 1031 1079 1058 tius.
1100 1029 1140 1056 Ex
1157 1028 1261 1056 lrenam
1281 1027 1392 1062 quidem
1410 1025 1563 1052 fabulosam
1577 1023 1718 1051 Valentini
1736 1022 1817 1049 divi—

1014 1077 1128 1104 nitatem
1152 1073 1432 1110 cxponit,eademque
1450 1070 1662 1101 Tertullianum,
1684 1067 1818 1102 Epipha-

1014 1123 1090 1149 nium
1101 1127 1128 1148 et
1137 1120 1206 1147 alios
1216 1119 1322 1147 tradere
1336 1116 1444 1145 asserit.
1453 1115 1516 1143 Haec
1526 1122 1599 1142 nunc
1611 1121 1667 1141 non
1676 1113 1815 1145 excutio;

1015 1168 1062 1196 sed
1076 1175 1141 1202 num
1157 1167 1286 1198 lrenaaus,
1295 1164 1336 1193 vel
1351 1164 1422 1191 alius
1435 1162 1582 1197 quisquam
1601 1161 1628 1188 in
1644 1159 1816 1187 enarranda

1015 1214 1152 1241 Valentini
1177 1212 1318 1240 divinitate
1342 1210 1425 1238 tradit
1438 1209 1519 1244 Sigen
1542 1207 1683 1244 peperisse
1698 1206 1815 1241 Logon,

1016 1263 1063 1286 aut
1074 1258 1166 1293 Logon
1180 1266 1234 1285 non
1248 1257 1315 1284 dicit
1330 1256 1364 1283 ab
1376 1256 1429 1283 alia
1440 1262 1522 1289 quam
1541 1254 1604 1288 Sige
1619 1252 1710 1280 fuisse
1723 1252 1816 1279 emis-

1017 1305 1098 1332 sum?
1115 1303 1172 1331 Hoc
1184 1311 1239 1331 non
1255 1303 1332 1336 dicit,
1345 1302 1417 1337 quod
1431 1301 1545 1328 omnino
1558 1299 1652 1326 dicere
1665 1297 1777 1329 debuit,
1790 1298 1816 1324 si

1017 1351 1120 1385 aliquid
1147 1349 1219 1384 quod
1246 1348 1280 1376 ad
1311 1355 1389 1375 suam
1408 1346 1572 1375 sententiam
1585 1343 1817 1372 conﬁrmandam

1016 1398 1129 1430 valeret,
1146 1396 1243 1424 all‘erre
1264 1395 1355 1422 vellet.
1373 1394 1425 1422 Sed
1448 1393 1508 1428 ejus
1532 1392 1594 1419 loco
1619 1391 1674 1417 hoc
1699 1394 1816 1417 tantum

1017 1444 1100 1472 dixit:
1117 1452 1126 1468 ι
1147 1442 1268 1475 Quorum
1282 1448 1362 1468 nemo
1377 1445 1418 1468 est
1432 1439 1480 1474 qui
1499 1446 1554 1465 non
1566 1445 1581 1464 a
1599 1436 1665 1471 Sige
1676 1436 1815 1463 eductum

1018 1498 1032 1517 a
1041 1489 1184 1517 Valentino
1192 1488 1295 1523 Logon,
1308 1487 1350 1514 vel
1362 1485 1519 1513 immediate
1532 1488 1563 1511 ut
1575 1490 1590 1510 a
1606 1487 1695 1510 matre
1707 1481 1814 1511 tilium,

1017 1535 1060 1563 vel
1084 1539 1158 1563 certe
1188 1534 1305 1561 mediate
1328 1537 1359 1560 ut
1391 1532 1426 1559 ab
1446 1531 1508 1558 avia
1533 1533 1662 1564 nepotem
1684 1535 1816 1555 comme-

980 1586 1002 1615 ο
1019 1584 1117 1608 moret.
1136 1591 1145 1606 ι
1164 1581 1222 1607 lmo
1238 1587 1303 1606 vero
1315 1578 1373 1605 haec
1386 1578 1413 1604 in
1428 1577 1480 1604 hac
1495 1583 1524 1603 re
1541 1574 1684 1602 distinctio
1701 1574 1736 1601 de
1754 1582 1815 1600 me-

1018 1627 1091 1654 diata
1108 1630 1135 1653 et
1152 1625 1307 1653 immediata
1321 1623 1466 1651 eductione
1478 1627 1522 1649 est
1536 1621 1580 1649 vel
1591 1621 1625 1647 ab
1637 1620 1711 1655 ipso,
1728 1619 1775 1646 vel
1798 1627 1814 1644 a

1019 1672 1158 1700 Blondello
1181 1671 1348 1706 excogitata;
1372 1676 1462 1704 neque
1484 1667 1545 1695 talis
1572 1666 1682 1694 eductio
1700 1665 1736 1692 ab
1754 1665 1815 1691 ullo

1019 1719 1134 1747 istorum
1164 1716 1278 1744 Patrum
1307 1720 1350 1743 est
1374 1715 1516 1750 exposita;
1532 1720 1615 1740 nemo
1642 1719 1741 1740 eorum
1769 1710 1815 1737 vel

1018 1764 1136 1792 mediate
1155 1763 1198 1791 vel
1222 1762 1378 1790 immediate
1404 1760 1498 1795 Logon
1514 1759 1556 1786 vel
1572 1766 1607 1786 ex
1635 1756 1700 1792 Sige
1714 1756 1760 1784 vel
1778 1763 1815 1783 ex

1019 1809 1075 1837 alio
1090 1808 1178 1836 onne
1202 1808 1330 1835 eductum
1346 1806 1433 1834 fuisse
1447 1804 1523 1832 dixit.
1535 1803 1599 1831 Haec
1621 1800 1814 1836 distinguendi

1020 1853 1158 1881 subtilitas
1171 1857 1198 1880 et
1214 1851 1348 1879 Valentini
1361 1855 1388 1878 et
1403 1849 1514 1877 Patrum
1526 1855 1584 1876 aevo
1599 1847 1678 1882 longe
1692 1845 1815 1873 inferior

1020 1907 1080 1927 esse
1103 1899 1296 1934 cognoscitur;
1311 1904 1362 1924 nec
1381 1896 1419 1923 ibi
1438 1894 1562 1923 adhiberi
1584 1892 1690 1925 debuit,
1710 1891 1759 1918 ubi
1779 1891 1814 1917 de

1021 1945 1093 1972 nuda
1109 1952 1205 1972 eorum
1222 1942 1355 1971 sententia
1372 1941 1513 1977 qumritur.
1526 1939 1661 1966 Praterea
1673 1944 1813 1972 quorsum

1021 1992 1079 2019 haec
1105 1990 1244 2018 distinctio
1272 1990 1300 2017 in
1325 1989 1380 2016 duo
1408 1987 1542 2019 membra,
1559 1989 1589 2012 ut
1602 1984 1639 2012 sit
1651 1983 1747 2018 Logus
1767 1982 1813 2009 vel

1021 2037 1094 2065 ﬁlius
1115 2036 1202 2071 Siges,
1216 2036 1259 2064 vel
1275 2034 1379 2070 nepos?
1394 2034 1436 2061 An
1460 2033 1605 2068 quisquam
1628 2037 1726 2058 eorum
1739 2037 1815 2064 quos

1021 2086 1228 2116 commemorat,
1252 2081 1347 2116 Logon
1368 2081 1446 2114 Siges
1460 2077 1696 2108 tilium‘nomiuat,
1714 2080 1763 2102 aut
1779 2083 1813 2102 cx

1023 2128 1086 2164 διεδ
1100 2128 1256 2157 immediate
1267 2127 1369 2161 educit,
1383 2132 1414 2154 ut
1428 2125 1544 2153 Dallaeus
1561 2131 1625 2152 eum
1640 2128 1715 2150 recte
1731 2121 1814 2157 Sigcs

1021 2175 1108 2203 tilium
1132 2182 1232 2203 vocare
1247 2174 1352 2210 possit?
1366 2173 1441 2200 Dixit
1456 2171 1568 2207 quidem
1586 2171 1710 2197 [renatus
1724 2168 1814 2202 Λόγον

1017 2224 1084 2250 Υἱδν
1101 2220 1271 2259 μονογενοῦς,
1285 2229 1294 2246 ‹
1306 2218 1425 2246 Verbum
1436 2216 1574 2252 Unigeniti
1587 2214 1699 2248 Filium,
1713 2223 1724 2240 ι
1737 2213 1820 2248 Siges

986 2259 1010 2286 D
1020 2269 1105 2296 tilium
1118 2275 1173 2295 non
1184 2266 1262 2294 dixit.
1273 2264 1332 2300 Ipse
1342 2262 1475 2290 [renatum
1487 2260 1597 2289 adducit
1606 2264 1634 2287 ut
1643 2259 1773 2288 ostendat
1784 2266 1817 2286 ex

1021 2315 1083 2350 Sige
1102 2313 1238 2349 prodiisse
1249 2311 1321 2344 Nuu,
1337 2309 1398 2337 Nun
1409 2314 1500 2337 autem
1515 2312 1543 2334 et
1561 2314 1640 2334 suam
1662 2305 1817 2334 Aletheiam

1020 2362 1146 2390 emisisse
1160 2360 1266 2395 L0gon,
1280 2363 1307 2385 et
1327 2357 1422 2385 eadem
1434 2355 1634 2383 Tertullianum
1647 2358 1674 2381 et
1694 2352 1817 2388 Epipha-

1021 2408 1096 2434 nium
1108 2405 1235 2433 docuisse
1250 2403 1358 2431 asserit.
1370 2401 1398 2429 Si
1417 2405 1509 2428 autem
1532 2401 1589 2427 hazc
1599 2406 1664 2426 vera
1676 2398 1744 2429 sint,
1758 2402 1816 2424 tum

1021 2460 1116 2480 eorum
1128 2458 1210 2478 nemo
1221 2449 1314 2485 Logon
1327 2456 1342 2476 a
1355 2447 1418 2482 Sige
1438 2446 1596 2474 immediate
1614 2449 1645 2472 ut
1656 2452 1672 2471 a
1683 2449 1773 2471 matre
1787 2443 1818 2470 ti-

1022 2499 1087 2527 lium
1100 2497 1229 2525 eductum
1242 2498 1448 2523 commemorat.
1460 2492 1494 2520 Et
1511 2497 1601 2519 tamen
1613 2499 1677 2518 cum
1695 2490 1749 2518 ista
1761 2494 1817 2516 tam

1022 2543 1168 2572 infeliciter
1182 2541 1307 2573 dixisset,
1321 2546 1352 2567 ac
1367 2539 1389 2566 si
1404 2545 1449 2566 res
1463 2537 1520 2572 jam
1535 2536 1661 2565 confecta
1675 2540 1761 2566 esset,
1780 2535 1817 2561 im

1023 2588 1082 2623 quit
1100 2596 1108 2614 :
1128 2597 1138 2613 ‹
1157 2586 1222 2614 Haec
1242 2585 1322 2613 nobis
1347 2584 1482 2612 delibasse
1506 2582 1574 2611 satis
1592 2584 1645 2614 est,
1663 2584 1694 2607 ut
1721 2579 1810 2614 quivis

1023 2631 1155 2666 intelligat
1177 2630 1212 2658 de
1239 2630 1291 2657 hac
1314 2628 1452 2656 Valentini
1478 2625 1648 2662 mataeologia
1675 2625 1811 2660 cogitasse

1023 2676 1145 2711 epistola
1162 2675 1197 2703 ad
1216 2675 1406 2711 Magnesianos
1433 2674 1606 2708 scriptorem.
1632 2681 1641 2697 ι
1661 2670 1808 2706 Cogitavit.

1023 2722 1137 2755 scilicet,
1153 2722 1197 2749 ille
1219 2722 1350 2756 antiquus
1370 2721 1487 2755 scriptor
1507 2719 1585 2754 prius
1599 2718 1634 2746 de
1650 2717 1769 2745 mediata
1784 2720 1809 2742 et

1023 2767 1180 2795 immediata
1195 2768 1339 2795 eductione
1353 2765 1488 2798 Eolium;
1508 2765 1573 2792 vidit
1586 2763 1739 2792 secundum
1756 2760 1807 2788 Va-

1024 2813 1119 2840 lentini
1136 2814 1297 2841 sententiam
1311 2820 1327 2840 a
1339 2813 1405 2839 viris
1417 2811 1511 2839 eadem
1524 2809 1709 2838 scribentibus
1718 2807 1808 2842 Logon

1023 2866 1038 2886 e
1057 2860 1120 2894 Sige
1135 2859 1177 2886 vel
1191 2863 1221 2886 ut
1234 2863 1322 2886 matre
1332 2878 1339 2890 ,
1359 2858 1401 2885 vel
1415 2862 1443 2884 ut
1458 2858 1517 2883 avia
1538 2856 1681 2887 eductum,
1697 2855 1808 2888 ideoque

1024 2906 1183 2941 simpliciter
1197 2910 1276 2940 negat
1288 2905 1406 2932 Verbum
1420 2912 1451 2931 ex
1465 2903 1572 2931 silentio
1588 2902 1736 2937 prodiisse.
1748 2900 1806 2927 Ha‘c
