1850 3072
86 199 131 230 Si!

454 193 481 222 J.
499 189 682 222 PEARSONI!
701 186 862 217 VINDICIE

982 180 1094 211 ἸΔΝᾹΞ.
1115 195 1148 201 -
1166 164 1311 206 ΡΜιείιῖ

1657 170 1710 199 δη

87 254 193 284 rationis
215 253 365 281 Dallatame
393 258 512 283 summa,
537 257 620 285 quam
647 248 759 280 absona,
780 253 862 282 quam
878 246 902 275 Α
915 241 1037 269 Nemone
1052 239 1078 266 id
1093 243 1216 266 asserere
1231 234 1318 270 potuit
1338 232 1384 269 qui
1406 231 1467 267 ejus
1482 229 1576 259 delirla
1593 235 1647 256 non
1661 235 1711 255 ιι-

88 303 187 330 detorta
205 300 269 335 quis
288 306 346 326 non
363 297 458 326 videt?

119 347 257 375 Hactenus
281 344 424 372 Valentini
453 341 615 370 sententiam
644 339 779 374 exposuit,
802 345 875 365 nunc

88 392 205 422 auctoris
229 391 315 419 verba
329 397 394 418 cum
415 389 475 425 ejus
486 387 595 423 placitis
606 386 755 421 componit,
767 388 797 411 ut
812 391 874 411 eum

86 439 118 466 de
131 438 359 470 Valentino,cum
371 435 514 467 scriberet,
520 433 656 468 cogitasse
666 431 771 467 probet.
783 429 876 457 Primo

87 484 137 511 hoc
142 483 244 511 exinde
250 482 366 517 colligit,
374 480 448 515 quod
455 480 492 506 ait
502 488 512 505 ‹
524 478 608 506 Deum
616 485 676 505 esse
683 483 779 504 unum.
787 485 796 501 ›
808 474 876 502 Mira

88 529 144 556 hac
167 527 308 563 probatio.
324 525 423 553 Nonne
447 530 559 552 causam
583 522 652 551 satis
665 521 767 556 justam
781 519 878 548 habuit

87 579 182 603 auctor
210 573 405 609 epistolarum,
428 575 460 599 ut
485 569 570 598 Deum
594 576 680 596 unum
705 567 818 600 diceret,
829 565 878 601 qui

89 629 159 656 sape
183 620 328 648 Christum
354 618 440 645 Deum
464 624 525 645 esse
550 615 636 643 dixit?
661 613 757 641 Nunne
782 620 878 640 omnes

87 666 216 695 catholici
238 669 303 692 ante
330 663 506 692 Valentinum
529 661 614 688 Deum
631 668 694 688 esse
706 667 791 686 unum
807 665 879 692 saepe

88 710 280 739 allirmarunt?
293 709 325 736 Si
350 707 476 743 quisquis
493 706 562 734 dixit
577 712 660 732 unum
675 711 736 731 esse
748 702 832 729 Deum
845 701 879 728 de

89 756 238 784 Valentino
256 754 397 790 cogitavit,
414 759 495 780 nemo
512 756 576 779 ante
593 749 768 778 Valentinum
785 747 880 775 catho-

89 804 141 831 lice
158 801 282 837 scripsit.
297 800 351 828 Sed
367 799 487 826 nondum
501 797 584 825 etiam
604 796 689 830 liquet
705 793 880 821 Valentinum

88 849 138 877 Dei
161 848 297 876 unitatem
327 852 450 881 negasse.
467 843 536 871 Nam
559 850 621 870 cum
645 843 764 868 lrenzeus
778 839 838 874 ejus
854 842 882 865 et

89 894 254 930 sequacium
269 893 393 920 omnium
414 890 509 919 deliria
521 888 701 924 exposuisset,
718 887 775 914 haec
789 885 879 917 habet,

88 940 138 968 lib.
154 948 174 972 I,
199 947 263 974 cap.
284 938 340 966 19:
358 947 367 964 ε
385 936 487 964 Omnes
499 936 571 963 enim
593 934 649 962 fere
668 936 804 968 quotquot
817 935 881 960 sunt

90 986 211 1013 haereses
227 985 314 1012 Deum
328 983 439 1019 quidem
462 990 547 1009 unum
568 981 674 1011 dicunt.
692 980 739 1007 sed
757 986 803 1014 per
818 985 881 1006 sen-

89 1031 203 1059 tentiam
213 1030 286 1057 mala
301 1030 456 1056 immutant.
467 1037 477 1054 ι
492 1027 524 1054 Et
536 1034 632 1055 rursus
648 1026 695 1053 lib.
706 1031 817 1059 iv,cap.
828 1024 879 1052 58:

90 1086 102 1104 ι
130 1076 273 1104 Judicabit
295 1079 386 1102 autem
417 1079 445 1101 et
471 1081 518 1101 eos
542 1073 588 1107 qui
612 1076 677 1100 sunt
696 1078 711 1097 a
737 1069 882 1097 Valentino

89 1130 201 1155 omnes,
212 1122 280 1157 quia
298 1122 390 1156 lingua
402 1120 510 1154 quidem
522 1119 688 1147 conﬁtentur
699 1124 784 1144 unum
796 1115 882 1143 Deum

89 1169 215 1201 Patrem,
227 1174 256 1195 et
273 1176 306 1194 ex
323 1168 376 1194 hoc
388 1165 497 1198 omnia;
514 1165 601 1200 ipsum
616 1169 708 1192 autem
725 1163 771 1201 qui
789 1161 884 1190 fecerit

90 1215 200 1246 omnia,
217 1213 381 1241 defectionis
399 1213 458 1240 sive
471 1211 539 1239 labis
560 1210 678 1238 fructum
699 1199 763 1237 esse.
773 1208 849 1236 dicit.
871 1217 881 1234 ι

89 1261 191 1295 Aperte
207 1259 295 1295 igitur
316 1257 456 1294 professus
474 1262 516 1285 est
529 1257 692 1284 Valentinus
718 1262 802 1282 unum
822 1261 884 1281 esse

91 1307 192 1339 Deum,
225 1310 254 1332 et
280 1305 342 1332 licet
365 1303 550 1332 Tertullianus
574 1310 637 1330 eum
662 1306 703 1329 tot
729 1301 796 1328 deos
819 1303 887 1335 quot

91 1352 199 1380 Eanas
225 1351 326 1379 fecisse
352 1350 487 1378 rhetorice
514 1349 682 1384 pronuntiet,
706 1347 764 1382 ipse
795 1350 885 1373 tamen

92 1399 202 1427 Eonas
217 1397 354 1424 Valentini
371 1396 439 1423 nihil
457 1395 529 1423 aliud
547 1394 633 1422 fuisse
651 1401 734 1429 quam
747 1400 844 1420 sensus
860 1396 888 1419 et

92 1449 203 1477 motus;
220 1448 249 1471 et
276 1443 305 1470 in
329 1441 488 1477 personales
516 1439 684 1468 substantias
706 1446 722 1466 a
736 1438 884 1466 Ptolemaeo

92 1494 217 1518 mutatos
248 1496 310 1515 esse
324 1488 432 1515 asserit.
447 1486 578 1514 Praeterea
592 1485 714 1520 epistola)
727 1488 822 1512 auctor
837 1483 889 1510 hoc

92 1537 154 1571 ipso
176 1536 240 1563 loco
264 1535 369 1562 unitate
397 1533 445 1560 Dei
459 1540 588 1568 expresse
601 1529 889 1559 adversus'Ebionaaos

924 286 1048 316 diverat?
1071 285 1107 312 At
1134 284 1187 311 hoc
1209 289 1271 310 cum
1297 279 1434 307 Valentini
1458 276 1561 305 fabulis
1574 283 1628 302 non
1644 281 1713 302 eon-

925 334 1018 361 sentit.
1038 331 1120 359 Recte
1139 338 1147 357 :
1168 333 1250 363 atque
1265 326 1329 354 hinc
1340 325 1459 353 fortasse
1474 322 1601 357 colligere
1614 327 1713 355 pessu-

925 386 997 411 mus,
1011 380 1151 405 auctorem
1169 372 1291 408 epistolae
1302 378 1357 398 non
1368 370 1453 397 fuisse
1468 366 1688 395 Valentinianum
1702 373 1710 390 :

926 431 976 452 nec
991 410 1073 451 aliud
1095 420 1243 455 quidquam
1256 417 1318 445 inde
1331 415 1466 450 sequitur.
1477 413 1591 446 Quarto,
1610 420 1619 437 ι
1638 410 1714 437 addit

925 469 1065 497 Christum
1082 466 1130 494 Dei
1151 465 1250 492 Filium
1262 470 1323 490 esse
1334 462 1393 496 ejus
1416 460 1514 493 Λόγον.
1532 467 1542 484 ι
1560 456 1629 484 llinc
1642 459 1715 482 recte

926 515 1043 543 fortasse
1054 511 1199 546 colligatur
1211 514 1350 537 auctorem
1365 511 1489 534 nostrum
1506 507 1567 539 post
1585 501 1614 530 S.
1629 501 1715 528 Joan-

927 569 990 589 nem
1005 558 1199 593 evangelistam
1212 555 1366 590 scripsisse,
1383 556 1445 587 post
1456 549 1630 578 Valentinum
1648 554 1716 574 neu-

927 606 1043 641 tiquam.
1065 591 1088 629 1V
1096 602 1188 630 Iesum
1203 600 1311 635 quidem
1325 603 1352 626 et
1371 598 1512 625 Christum
1525 603 1540 622 a
1556 593 1646 621 Verbo
1662 591 1717 619 Vu-

928 639 1049 679 lentinus
1061 648 1164 676 divisit.
1185 656 1195 673 ι
1211 645 1263 673 Sed
1277 653 1312 672 an
1332 644 1391 671 haec
1408 643 1500 670 omnia
1517 640 1599 668 simul
1613 639 1715 669 dicere,

928 701 971 724 est
999 694 1171 722 Valentinum
1198 690 1332 719 refutare?
1353 688 1396 716 An
1420 687 1548 715 eumdem
1575 684 1668 721 Iesum
1689 687 1718 709 et

928 741 1068 770 Christum
1080 743 1106 767 et
1118 739 1203 772 Λόγον
1216 736 1358 764 nominare
1373 738 1416 761 est
1431 733 1504 759 illius
1524 730 1636 765 impium
1650 728 1718 755 deli-

930 787 1002 814 rium
1014 784 1161 820 disjicere?
1173 783 1231 810 Non
1246 786 1322 817 puto.
1344 779 1411 807 Nam
1426 783 1453 806 et
1467 777 1518 812 ipsi
1533 774 1718 803 Valentiniani

930 833 1057 861 eumdem
1083 836 1111 858 et
1136 829 1228 857 Jesum
1251 832 1278 856 et
1292 826 1431 854 Christum
1450 830 1477 852 et
1494 823 1579 857 Λόγον
1592 821 1720 849 nomina-

932 880 1007 907 bant.
1021 877 1078 905 Hoe
1088 877 1187 904 diserte
1198 874 1281 902 tradit
1291 871 1490 902 Theodoretus,
1509 869 1557 896 lib.
1570 876 1589 899 ι.
1611 874 1671 901 cap.
1681 866 1696 891 'l
1710 875 1717 892 ε

896 914 917 944 Β
931 923 1132 960 Προσάλλονται
1148 920 1193 948 διὰ
1207 919 1309 946 τούτων
1324 918 1370 944 τὸν
1378 915 1491 952 Ἰησοῦν,
1502 914 1532 941 ὃν
1545 914 1593 941 καὶ
1605 912 1721 947 Σωτῆρα

932 957 1163 1006 προσαγορεύουσι
1184 965 1230 992 καὶ
1256 963 1373 999 Χριστὸν
1397 962 1490 996 Λόγον.
1513 969 1522 986 ι
1544 958 1637 986 Jcsum
1659 957 1722 984 inde

931 1004 1128 1050 produxerunt,
1150 1019 1232 1047 quem
1266 1014 1293 1038 et
1316 1008 1487 1036 Scrvatorem
1514 1004 1662 1040 appellant,
1686 1007 1715 1030 et

931 1048 1072 1088 Christum
1098 1057 1229 1084 Verbum.
1260 1065 1269 1081 ι
1291 1053 1351 1089 ipse
1375 1052 1457 1080 etiam
1488 1051 1609 1078 irenzeus
1636 1048 1723 1076 tradit

933 1106 1014 1133 nobis
1038 1103 1187 1139 perfectum
1216 1101 1335 1129 fructum
1361 1098 1476 1134 Ἰησοῦν,
1494 1096 1522 1123 ὃν
1544 1096 1590 1122 καὶ
1606 1094 1722 1129 Σωτῆρα

933 1148 1186 1188 προσαγορευθῆναι
1212 1147 1259 1174 καὶ
1280 1144 1397 1181 Χριστὸν
1412 1143 1459 1170 καὶ
1475 1141 1561 1176 Λόγον
1578 1149 1722 1176 πατρωνυ-

935 1186 1036 1233 μὶκῶς,
1063 1196 1112 1225 ut
1129 1195 1228 1226 πάντα,
1247 1203 1256 1220 t
1281 1192 1386 1225 Jcsum,
1403 1197 1483 1225 quem
1505 1193 1532 1216 et
1554 1186 1724 1214 Salvatorem

934 1244 1028 1272 vocari
1038 1249 1065 1270 et
1071 1241 1209 1270 Christum
1218 1245 1244 1267 et
1255 1238 1349 1274 Logon
1359 1235 1555 1272 patronymice,
1563 1238 1589 1260 ct
1597 1232 1699 1260 omnia.
1711 1241 1720 1257 ι

935 1291 1049 1324 Quinto,
1064 1297 1073 1314 ι
1094 1287 1179 1322 Λόγον
1195 1291 1350 1314 sermonem
1366 1288 1496 1310 aeternum
1506 1280 1586 1308 dixit.
1601 1288 1611 1304 ι
1622 1278 1725 1313 Nempe

936 1335 1070 1365 catholice
1087 1343 1094 1360 :
1110 1337 1220 1361 secutus
1238 1337 1279 1359 est
1291 1329 1465 1365 Apostolum,
1482 1327 1610 1354 Ecclesia:
1627 1332 1723 1352 vocem

937 1383 1031 1415 edidit,
1043 1385 1071 1409 et
1091 1380 1224 1408 adversus
1244 1377 1377 1404 Ebionem
1390 1374 1543 1409 usurpavit.
1555 1372 1583 1399 Si
1601 1369 1724 1398 Valenti-

937 1438 991 1457 nus
1016 1431 1149 1456 teternnm
1172 1432 1234 1453 esse
1253 1431 1308 1450 non
1331 1420 1457 1454 credidit,
1473 1424 1535 1447 ante
1553 1425 1616 1445 eum
1639 1417 1726 1443 Ebinn

938 1479 1070 1503 aternum
1093 1479 1155 1503 esse
1177 1470 1294 1505 negavit.
1312 1468 1450 1501 Quorsum
1467 1465 1548 1500 igitur
1565 1462 1726 1490 Valentinus

939 1523 994 1551 huc
1021 1521 1179 1551 advocatur,
1201 1524 1264 1545 cum
1279 1515 1313 1543 ad
1335 1521 1446 1542 manum
1462 1513 1498 1540 sit
1516 1510 1614 1543 Ebion,
1631 1513 1728 1536 contra

94 1555 154 1571 ...συ
176 1555 239 1563 ..ην
265 1555 369 1562 ...η-...υ
397 1555 445 1560 η.
460 1555 490 1560 νη
513 1555 587 1560 .--η
601 1555 730 1559 __.-___,

94 1582 194 1613 utitur,
219 1586 315 1608 contra
342 1588 414 1614 quos
441 1587 474 1607 ex
493 1555 617 1614 professo
643 1576 788 1611 disputans
807 1575 886 1603 docet
899 1586 923 1617 ο
940 1577 1021 1607 quem
1040 1571 1136 1596 auctor
1155 1563 1277 1600 epistolae
1292 1570 1326 1590 ex
1340 1560 1465 1597 professo
1476 1556 1617 1593 disputat?
1631 1555 1726 1588 Sexto,

980 1616 983 1617 ν
1092 1613 1109 1617 ..
1131 1612 1137 1617 .
1157 1612 1163 1617 .
1180 1611 1186 1617 ι
1294 1613 1300 1617 .
1342 1615 1377 1617 ﬂ,
1398 1605 1503 1617 __.t.::..:.
1517 1604 1564 1617 -9...
1580 1602 1632 1617 ιιι-λ
1644 1601 1726 1617 ναι-τ..

92 1629 248 1664 prophetas
263 1627 413 1655 secundum
422 1625 561 1653 Christum
573 1624 684 1656 vixisse,
702 1627 729 1650 et
748 1621 808 1650 ideo
823 1629 884 1656 per-

93 1675 270 1702 secutionem
295 1680 393 1708 passos
416 1679 487 1703 esse,
511 1671 576 1698 dum
603 1670 665 1704 ejus
682 1669 770 1704 gratia
787 1667 893 1696 imbuti.

93 1725 200 1753 essent,
218 1724 248 1747 ut
276 1726 374 1747 omnes
402 1721 584 1753 agnoscerent
603 1726 612 1742 t
631 1715 704 1751 quod
723 1723 794 1742 unus
813 1713 886 1741 Deus

93 1773 139 1795 est
153 1768 203 1803 qui
223 1765 410 1794 manifestavit
424 1765 543 1798 seipsum
560 1770 610 1798 per
631 1761 725 1790 Jesum
746 1760 886 1788 Christum

94 1813 200 1841 Filium
217 1812 314 1847 ipsius.
332 1821 342 1837 ι
368 1810 504 1843 Secundo,
528 1818 537 1835 ι
557 1808 634 1836 addit
649 1815 734 1835 unum
755 1806 852 1838 Deum,
875 1814 884 1830 ι

97 1860 205 1894 inquit,
224 1859 347 1894 seipsum
379 1856 568 1884 manifestasse
591 1862 640 1889 per
661 1853 764 1881 Jesum.
777 1853 818 1879 An
836 1852 889 1878 hoc

97 1905 195 1932 dicere
221 1910 274 1930 non
303 1902 395 1937 potuit
420 1901 473 1928 nisi
494 1900 528 1928 de
555 1898 701 1926 Valentino
729 1894 890 1931 cogitasset?

98 1950 234 1984 Quasnam
246 1949 318 1976 ratio
333 1948 407 1983 cogit
419 1947 463 1974 hic
475 1954 526 1974 nos
543 1946 576 1973 ad
593 1945 667 1972 illius
684 1942 780 1971 deliria
793 1940 890 1969 confu—

97 1996 184 2032 gere?
205 1995 302 2022 Nonne
326 1995 385 2021 haec
408 1993 474 2021 satis
491 1992 634 2028 perspicua
648 1994 714 2018 sunt
727 1994 754 2018 et
767 1989 800 2016 ad
809 1987 891 2016 Ebio-

99 2050 179 2070 nzos
194 2041 378 2069 confutandos
395 2039 502 2071 idonea,
520 2039 544 2065 si
567 2037 728 2064 Valentinus
751 2042 892 2069 nunquam

101 2088 272 2117 exstitisset?
295 2086 391 2114 Nonne
413 2093 460 2120 per
488 2092 517 2112 se
536 2084 602 2112 satis
627 2087 701 2110 recte
719 2082 792 2109 dicta
817 2085 892 2113 sunt,

101 2134 169 2161 licet
196 2132 303 2160 nullum
336 2131 449 2159 omnino
483 2129 640 2158 haereticnm
666 2126 895 2162 perstringerent?

103 2178 345 2212 Quemadmodum
372 2175 499 2204 Clemens
532 2173 736 2202 Alexandrinus
762 2170 894 2198 Admoni-

103 2227 178 2254 tione
191 2225 227 2251 ad
243 2229 329 2259 gentes
343 2224 452 2251 loeutus
466 2227 508 2250 est
520 2221 554 2249 de
567 2218 757 2254 CliristoLogo
774 2227 781 2246 :
800 2217 896 2248 ’Ᾱῒδιος

940 1601 959 1643 ε’
969 1616 1003 1644 de
1016 1621 1080 1642 vero
1092 1612 1138 1640 Dei
1151 1611 1229 1646 Λόγῳ
1242 1613 1380 1645 postremo
1397 1605 1507 1640 subjicit
1516 1604 1566 1631 οὐκ
1579 1602 1633 1629 ἀπὸ
1644 1601 1728 1636 Σιγῆς

940 1661 1092 1698 προελθεῖν.
1110 1668 1119 1685 ι
1142 1658 1234 1689 Recte,
1249 1656 1289 1684 sic
1309 1654 1383 1682 enim
1404 1651 1540 1687 exegctice
1558 1650 1634 1682 dicit,
1654 1647 1729 1683 quod

937 1695 1000 1736 ante
1012 1707 1128 1738 dixerat,
1154 1711 1216 1732 cum
1235 1709 1298 1730 eum
1310 1700 1396 1734 Λόγον
1411 1698 1495 1725 ἀΐδιον
1515 1695 1728 1732 pronuntiasset.

937 1754 976 1782 Ita
1000 1751 1159 1788 Apostolum
1173 1749 1300 1784 explicat,
1322 1746 1454 1774 Ebionem
1480 1743 1593 1776 refutat,
1619 1741 1727 1775 Magne-

939 1785 1032 1829 sianos
1046 1796 1206 1835 pmmunit;
1222 1802 1254 1823 ac
1269 1794 1292 1822 si
1308 1792 1412 1820 diceret
1433 1799 1440 1818 :
1457 1789 1576 1817 Verbum
1591 1788 1643 1815 hoc
1657 1785 1730 1821 quod

938 1848 973 1876 de
995 1832 1103 1874 Chr-isto
1125 1843 1235 1874 dicitur,
1250 1844 1382 1868 aeternum
1406 1841 1464 1870 est,
1485 1844 1540 1863 non
1571 1832 1729 1869 temporale,

941 1893 1023 1929 quale
1033 1900 1067 1920 ex
1078 1890 1188 1919 silentio
1199 1887 1267 1915 oriri
1282 1886 1361 1918 solet,
1379 1891 1430 1911 nec
1448 1882 1501 1909 nisi
1516 1885 1578 1916 post
1590 1879 1730 1908 silentium

941 1928 1063 1975 prodire;
1074 1935 1149 1972 quod
1166 1933 1296 1961 adversus
1310 1929 1442 1958 Ebionem
1458 1928 1573 1962 ejusque
1598 1930 1730 1959 sequaces

941 1969 1047 2019 semper
1057 1969 1214 2017 urgendum
1230 1982 1286 2010 est;
1301 1983 1355 2004 non
1371 1982 1403 2002 ac
1422 1974 1446 2002 si
1465 1973 1568 2000 diceret
1587 1980 1594 1998 :
1615 1979 1624 1996 ι
1642 1969 1730 2003 Λόγον

942 2018 1016 2060 hunc
1045 2029 1114 2058 nihil
1141 2027 1241 2055 habere
1267 2031 1329 2052 cum
1355 2020 1546 2049 Valentiniano
1559 2018 1637 2053 Λόγῳ
1653 2024 1729 2044 com-

943 2085 1037 2109 mune,
1049 2083 1131 2111 quem
1146 2069 1372 2108 impostoraSige
1383 2067 1459 2095 exire
1474 2065 1602 2101 ﬁngebat.
1616 2073 1625 2090 ι
1638 2063 1732 2097 Neque

943 2125 1017 2153 enim
1039 2110 1084 2150 hic
1098 2122 1132 2149 de
1149 2119 1290 2147 Valentino
1313 2117 1413 2151 agitur,
1435 2113 1482 2142 sed
1497 2113 1530 2141 de
1545 2112 1663 2144 Ebione;
1681 2110 1732 2137 im-

945 2175 1060 2206 portune
1076 2168 1159 2204 igitur
1177 2166 1222 2193 ille
1243 2165 1296 2192 hoc
1312 2163 1374 2190 loco
1389 2161 1538 2188 advocatur
1554 2167 1561 2185 :
1578 2163 1667 2192 neque
1681 2155 1732 2182 im-

946 2204 1040 2252 postor
1053 2215 1098 2242 ille
1112 2219 1232 2248 unquam
1240 2210 1310 2238 dixit
1319 2208 1404 2243 Λόγον
1417 2215 1433 2235 a
1442 2206 1505 2241 Sige
1516 2204 1646 2233 emissum
1661 2208 1732 2234 esse,

102 2270 194 2303 οὗτος,
215 2248 318 2305 Ἰτζσοῦς
334 2267 384 2302 εἷς,
401 2271 416 2296 ό
433 2269 518 2305 μέγας
538 2248 682 2304 ἀρχιερεὺς
695 2248 763 2292 Θᾶλῦ
792 2273 822 2291 τε
838 2262 875 2290 ἐνὶ

982 2263 997 2290 ιι
1017 2269 1050 2290 ex
1073 2260 1232 2295 Monogene,
1257 2256 1337 2293 Bythi
1362 2259 1390 2282 et
1414 2252 1491 2288 Siges
1509 2251 1564 2278 tilio
1582 2248 1732 2284 unigenito.

103 2318 154 2345 τοῦ
176 2316 259 2344 αὐτοῦ
275 2317 323 2343 καὶ
339 2316 454 2351 Πατρός,
469 2314 568 2350 quibus
586 2313 677 2341 verbis
695 2313 781 2346 ipsam
797 2309 894 2346 lgnatii

104 2365 251 2400 epistolam
269 2363 296 2390 in
311 2362 403 2389 animo
419 2361 602 2389 habenstusus
616 2367 677 2387 esse
688 2356 894 2386 vitleatur?Non

105 2415 175 2445 puto
189 2409 280 2436 virum
302 2407 493 2435 doctissimum
508 2406 534 2433 id
549 2405 628 2437 velle,
641 2409 671 2431 ut
683 2404 759 2431 aliter
774 2403 833 2430 haec
852 2402 895 2428 in-

105 2455 192 2491 telligi
207 2462 262 2482 non
278 2454 396 2488 possint,
413 2452 467 2479 nisi
479 2456 510 2478 ut
520 2450 693 2478 Valentinum
704 2448 806 2477 feriant
820 2455 827 2474 :
843 2446 895 2474 hoc

106 2508 228 2534 tantum,
262 2501 370 2535 opinor,
394 2499 463 2532 vult,
491 2499 549 2526 haec
576 2497 660 2525 verba
682 2505 691 2521 ι
719 2501 814 2523 omnes
836 2492 896 2528 ejus

107 2556 196 2584 nugas
222 2547 359 2582 disjicere.
379 2555 388 2572 ι
407 2544 462 2572 Sed
490 2544 554 2580 quis
575 2543 600 2571 ei
617 2542 661 2570 vel
678 2541 731 2569 hoc
749 2538 897 2568 concedet?

107 2595 150 2623 An
165 2595 213 2629 qui
228 2594 295 2622 dicit
308 2592 395 2621 Deum
413 2598 500 2620 unum
525 2597 555 2618 se
579 2597 627 2624 per
651 2587 791 2616 Christum
806 2585 896 2613 mani-

107 2642 226 2670 festasse
241 2641 307 2669 satis
321 2639 416 2669 omnia
432 2638 568 2666 Valentini
587 2637 713 2672 dogmata
730 2632 898 2662 confutavit?

107 2687 204 2716 Nonne
234 2687 304 2715 idem
331 2686 426 2722 potius
450 2684 517 2712 dicit
537 2682 610 2718 quod
632 2682 701 2710 dixit
724 2680 896 2710 Valentinus,

109 2735 156 2770 qui
173 2734 234 2762 ideo
247 2734 381 2762 emissum
393 2730 534 2759 Christum
549 2728 652 2761 docuit,
667 2731 698 2755 ut
713 2724 899 2754 innominabi-

110 2781 162 2809 lem
183 2785 211 2808 et
231 2777 539 2814 incomprehensibilem
560 2775 680 2807 Patrem,
706 2779 789 2808 quem
812 2777 898 2798 unum

111 2825 194 2854 Deum
207 2825 350 2862 professus
360 2828 414 2856 est,
423 2822 591 2850 declararet?
599 2819 700 2852 Tertio,
711 2819 790 2846 docet
803 2820 900 2844 auctor

111 2872 200 2900 Iesum
224 2872 367 2900 Christum
390 2876 451 2897 esse
465 2868 510 2895 Dei
525 2868 597 2894 illius
610 2867 657 2901 qui
671 2873 700 2892 se
715 2862 901 2891 manifestavit

112 2918 218 2947 Filium.
248 2917 358 2953 Ergone
382 2914 555 2942 Valentinum
583 2911 736 2941 necessario
765 2908 900 2944 respexit?

945 2309 1062 2337 Dallteus
1074 2307 1132 2342 ipse
1147 2294 1312 2334 sententiam
1328 2302 1391 2337 ejus
1406 2308 1440 2328 ex
1460 2299 1563 2326 Irenaeo
1577 2294 1732 2325 delineavit,

944 2339 1121 2390 reliquosque
1139 2358 1203 2379 eum
1225 2348 1302 2385 sequi
1322 2347 1360 2374 ait
1377 2355 1385 2374 :
1407 2345 1481 2372 nulla
1500 2343 1537 2370 ibi
1558 2341 1625 2376 Logi
1640 2348 1656 2368 e
1671 2339 1735 2373 Sige

945 2385 1154 2437 progeneratio;
1168 2397 1243 2424 nulla
1260 2396 1352 2430 itaque
1369 2393 1414 2420 hic
1428 2391 1462 2419 ad
1473 2389 1647 2417 Valentinum
1662 2385 1734 2413 allu-

946 2434 1010 2474 sio;
1018 2444 1052 2472 Et
1068 2452 1116 2472 sex
1132 2445 1291 2478 argumenta
1309 2448 1343 2467 ex
1360 2445 1414 2466 una
1430 2435 1563 2465 sententia
1579 2434 1648 2461 mire
1669 2438 1736 2459 con-

944 2491 1010 2519 ﬂata
1024 2497 1059 2517 ne
1077 2489 1159 2516 unius
1174 2487 1283 2523 quidem
1299 2485 1353 2512 vim
1368 2483 1480 2511 habent.

982 2537 1073 2571 Quare
1099 2535 1152 2562 hoc
1169 2533 1229 2561 loco
1249 2532 1317 2560 satis
1329 2531 1386 2566 jam
1410 2531 1507 2556 vexato
1523 2530 1605 2561 atque
1619 2524 1735 2554 detorto,

946 2591 978 2611 ca
987 2567 1099 2610 landem
1114 2579 1222 2612 recolit,
1236 2585 1298 2612 qum
1310 2575 1433 2611 proxima
1442 2572 1522 2615 paulo
1536 2575 1597 2598 ante
1608 2567 1736 2604 periocha

946 2630 980 2658 de
994 2628 1102 2656 Christo
1118 2629 1213 2653 auctor
1227 2622 1347 2658 epistolae
1366 2614 1474 2648 dixerat
1491 2638 1498 2651 ,
1514 2621 1544 2644 ut
1562 2624 1595 2644 eo
1609 2615 1671 2642 loco
1682 2614 1738 2641 hae-

948 2675 1032 2703 resim
1048 2671 1187 2700 Valentini
1201 2670 1348 2699 refutatum
1366 2666 1497 2698 inveniat,
1510 2665 1537 2692 in
1551 2671 1606 2699 quo
1617 2661 1738 2698 lgnatius

948 2721 982 2748 de
1003 2720 1076 2748 nulla
1098 2717 1197 2746 haeresi
1209 2717 1341 2751 disputat,
1358 2713 1405 2741 sed
1426 2716 1532 2739 tantum
1547 2708 1737 2744 Magnesianos

949 2771 1051 2799 monet,
1080 2769 1111 2793 ut
1138 2772 1154 2792 a
1183 2763 1332 2791 schismate
1361 2763 1486 2790 caveant,
1503 2760 1530 2784 et
1553 2754 1738 2783 Christianam

950 2813 1095 2841 veritatem
1119 2815 1194 2838 arcte
1221 2808 1421 2843 amplexentur,
1444 2811 1526 2840 quam
1554 2799 1738 2838 particulatim

950 2859 1077 2895 explicat,
1097 2857 1159 2885 dein
1184 2858 1344 2891 argumento
1367 2853 1401 2880 ab
1415 2851 1520 2879 unitate
1535 2849 1582 2877 Dei
1597 2852 1625 2876 et
1637 2844 1737 2874 Christi

951 2907 1032 2935 ducto
1052 2909 1165 2936 extruat
1183 2913 1189 2931 :
1206 2901 1278 2938 quod
1296 2905 1322 2929 et
1339 2907 1387 2936 per
1401 2906 1431 2927 se
1450 2898 1517 2926 satis
1533 2895 1672 2932 proprium
1686 2899 1737 2923 est.
