  <div class='ocr_page' id='page_1' title='image "/cluster/home/n/w/nwhite01/storage/ocr_20150623/5/njp.32101077772372/195.png"; bbox 0 0 1850 3072; ppageno 0'>
   <div class='ocr_carea' id='block_1_1' title="bbox 102 144 156 172">
    <p class='ocr_par' dir='ltr' id='par_1_1' title="bbox 102 144 156 172">
     <span class='ocr_line' id='line_1_1' title="bbox 102 144 156 172; baseline 0 0"><span class='ocrx_word' id='word_1_1' title='bbox 102 144 156 172; x_wconf 70' lang='grc'><strong>315</strong></span> 
     </span>
    </p>
   </div>
   <div class='ocr_carea' id='block_1_2' title="bbox 594 140 1148 170">
    <p class='ocr_par' dir='ltr' id='par_1_2' title="bbox 594 140 1148 170">
     <span class='ocr_line' id='line_1_2' title="bbox 594 140 1148 170; baseline 0.002 -1"><span class='ocrx_word' id='word_1_2' title='bbox 594 141 622 169; x_wconf 87' lang='lat' dir='ltr'><strong>S.</strong></span> <span class='ocrx_word' id='word_1_3' title='bbox 639 140 812 169; x_wconf 80' lang='lat' dir='ltr'><strong>lGNATlUS.</strong></span> <span class='ocrx_word' id='word_1_4' title='bbox 830 157 864 162; x_wconf 95' lang='lat'><strong><em>—</em></strong></span> <span class='ocrx_word' id='word_1_5' title='bbox 884 141 1148 170; x_wconf 73' lang='lat' dir='ltr'><strong>PROLEGOMENA.</strong></span> 
     </span>
    </p>
   </div>
   <div class='ocr_carea' id='block_1_3' title="bbox 1664 118 1736 170">
    <p class='ocr_par' dir='ltr' id='par_1_3' title="bbox 1664 118 1736 170">
     <span class='ocr_line' id='line_1_3' title="bbox 1664 118 1736 170; baseline -0.028 0"><span class='ocrx_word' id='word_1_6' title='bbox 1664 118 1736 170; x_wconf 63' lang='grc' dir='ltr'><strong>’διο</strong></span> 
     </span>
    </p>
   </div>
   <div class='ocr_carea' id='block_1_4' title="bbox 103 196 1728 235">
    <p class='ocr_par' dir='ltr' id='par_1_4' title="bbox 103 196 1728 235">
     <span class='ocr_line' id='line_1_4' title="bbox 103 196 1728 235; baseline -0.002 -6"><span class='ocrx_word' id='word_1_7' title='bbox 103 207 132 230; x_wconf 90' lang='lat' dir='ltr'><strong>et</strong></span> <span class='ocrx_word' id='word_1_8' title='bbox 141 200 335 229; x_wconf 77' lang='lat' dir='ltr'><strong>vetustissimis</strong></span> <span class='ocrx_word' id='word_1_9' title='bbox 346 199 526 235; x_wconf 76' lang='lat' dir='ltr'><strong>scriptoribus</strong></span> <span class='ocrx_word' id='word_1_10' title='bbox 538 198 682 227; x_wconf 81' lang='lat' dir='ltr'><strong>familiare.</strong></span> <span class='ocrx_word' id='word_1_11' title='bbox 691 199 731 227; x_wconf 92' lang='lat' dir='ltr'><strong>Ita</strong></span> <span class='ocrx_word' id='word_1_12' title='bbox 742 199 891 228; x_wconf 73' lang='lat' dir='ltr'><strong>Clementis</strong></span> <span class='ocrx_word' id='word_1_13' title='bbox 904 203 928 231; x_wconf 77' lang='grc' dir='ltr'>Α</span> <span class='ocrx_word' id='word_1_14' title='bbox 937 196 1048 230; x_wconf 89' lang='lat' dir='ltr'><strong>dicitur,</strong></span> <span class='ocrx_word' id='word_1_15' title='bbox 1060 202 1088 225; x_wconf 88' lang='lat' dir='ltr'><strong>et</strong></span> <span class='ocrx_word' id='word_1_16' title='bbox 1103 197 1210 225; x_wconf 90' lang='lat' dir='ltr'><strong>initium</strong></span> <span class='ocrx_word' id='word_1_17' title='bbox 1223 198 1355 232; x_wconf 88' lang='lat' dir='ltr'><strong>omnium,</strong></span> <span class='ocrx_word' id='word_1_18' title='bbox 1368 202 1396 226; x_wconf 89' lang='lat' dir='ltr'><strong>et</strong></span> <span class='ocrx_word' id='word_1_19' title='bbox 1408 199 1517 234; x_wconf 82' lang='lat' dir='ltr'><strong>proprie</strong></span> <span class='ocrx_word' id='word_1_20' title='bbox 1527 198 1709 234; x_wconf 78' lang='lat' dir='ltr'><strong>Monogenes.</strong></span> <span class='ocrx_word' id='word_1_21' title='bbox 1717 208 1728 224; x_wconf 80' lang='grc' dir='ltr'>ι</span> 
     </span>
    </p>
   </div>
   <div class='ocr_carea' id='block_1_5' title="bbox 104 244 894 279">
    <p class='ocr_par' dir='ltr' id='par_1_5' title="bbox 104 244 894 279">
     <span class='ocr_line' id='line_1_5' title="bbox 104 244 894 279; baseline 0 -7"><span class='ocrx_word' id='word_1_22' title='bbox 104 244 281 272; x_wconf 71' lang='lat' dir='ltr'><strong>Alexandrini</strong></span> <span class='ocrx_word' id='word_1_23' title='bbox 305 244 492 271; x_wconf 80' lang='lat' dir='ltr'><strong>Admmtitione</strong></span> <span class='ocrx_word' id='word_1_24' title='bbox 529 244 564 270; x_wconf 77' lang='lat' dir='ltr'><strong>ad</strong></span> <span class='ocrx_word' id='word_1_25' title='bbox 599 248 688 279; x_wconf 76' lang='lat' dir='ltr'><strong>gentes</strong></span> <span class='ocrx_word' id='word_1_26' title='bbox 716 248 894 279; x_wconf 63' lang='lat' dir='ltr'><strong>repraesentat</strong></span> 
     </span>
    </p>
   </div>
   <div class='ocr_carea' id='block_1_6' title="bbox 103 289 892 325">
    <p class='ocr_par' dir='ltr' id='par_1_6' title="bbox 103 289 892 325">
     <span class='ocr_line' id='line_1_6' title="bbox 103 289 892 325; baseline 0 -7"><span class='ocrx_word' id='word_1_27' title='bbox 103 291 245 318; x_wconf 87' lang='lat' dir='ltr'><strong>Christum</strong></span> <span class='ocrx_word' id='word_1_28' title='bbox 259 289 351 325; x_wconf 86' lang='lat' dir='ltr'><strong>Logon</strong></span> <span class='ocrx_word' id='word_1_29' title='bbox 365 289 578 317; x_wconf 84' lang='lat' dir='ltr'><strong>innumerabiles</strong></span> <span class='ocrx_word' id='word_1_30' title='bbox 590 290 704 324; x_wconf 90' lang='lat' dir='ltr'><strong>populos</strong></span> <span class='ocrx_word' id='word_1_31' title='bbox 714 291 748 317; x_wconf 86' lang='lat' dir='ltr'><strong>ad</strong></span> <span class='ocrx_word' id='word_1_32' title='bbox 760 290 892 318; x_wconf 89' lang='lat' dir='ltr'><strong>unitatem</strong></span> 
     </span>
    </p>
   </div>
   <div class='ocr_carea' id='block_1_7' title="bbox 105 335 894 368">
    <p class='ocr_par' dir='ltr' id='par_1_7' title="bbox 105 335 894 368">
     <span class='ocr_line' id='line_1_7' title="bbox 105 335 894 368; baseline -0.003 -4"><span class='ocrx_word' id='word_1_33' title='bbox 105 336 235 364; x_wconf 71' lang='lat' dir='ltr'><strong>Ecclesiae</strong></span> <span class='ocrx_word' id='word_1_34' title='bbox 250 335 277 362; x_wconf 93' lang='lat' dir='ltr'><strong>in</strong></span> <span class='ocrx_word' id='word_1_35' title='bbox 298 336 372 362; x_wconf 88' lang='lat' dir='ltr'><strong>hunc</strong></span> <span class='ocrx_word' id='word_1_36' title='bbox 390 335 502 362; x_wconf 88' lang='lat' dir='ltr'><strong>modum</strong></span> <span class='ocrx_word' id='word_1_37' title='bbox 521 341 727 368; x_wconf 88' lang='lat' dir='ltr'><strong>convoeantem,</strong></span> <span class='ocrx_word' id='word_1_38' title='bbox 742 336 841 362; x_wconf 84' lang='grc' dir='ltr'>Ἥκετε</span> <span class='ocrx_word' id='word_1_39' title='bbox 854 335 894 368; x_wconf 82' lang='grc' dir='ltr'><strong>ὡς</strong></span> 
     </span>
    </p>
   </div>
   <div class='ocr_carea' id='block_1_8' title="bbox 103 381 894 418">
    <p class='ocr_par' dir='ltr' id='par_1_8' title="bbox 103 381 894 418">
     <span class='ocr_line' id='line_1_8' title="bbox 103 381 894 418; baseline -0.001 -9"><span class='ocrx_word' id='word_1_40' title='bbox 103 382 166 418; x_wconf 63' lang='lat' dir='ltr'><strong>lite,</strong></span> <span class='ocrx_word' id='word_1_41' title='bbox 183 381 228 417; x_wconf 77' lang='grc' dir='ltr'><strong>ὑφ’</strong></span> <span class='ocrx_word' id='word_1_42' title='bbox 241 381 290 408; x_wconf 71' lang='grc' dir='ltr'>ἕνα</span> <span class='ocrx_word' id='word_1_43' title='bbox 310 381 507 417; x_wconf 79' lang='grc' dir='ltr'>ταχϐησόμενοι</span> <span class='ocrx_word' id='word_1_44' title='bbox 523 381 599 414; x_wconf 80' lang='grc' dir='ltr'>Θεὸν,</span> <span class='ocrx_word' id='word_1_45' title='bbox 616 382 664 411; x_wconf 75' lang='grc' dir='ltr'><strong>καὶ</strong></span> <span class='ocrx_word' id='word_1_46' title='bbox 683 381 730 408; x_wconf 77' lang='grc' dir='ltr'>τὸν</span> <span class='ocrx_word' id='word_1_47' title='bbox 744 382 795 409; x_wconf 73' lang='grc' dir='ltr'>ἕνα</span> <span class='ocrx_word' id='word_1_48' title='bbox 808 381 894 416; x_wconf 74' lang='grc' dir='ltr'>Λάγον</span> 
     </span>
    </p>
   </div>
   <div class='ocr_carea' id='block_1_9' title="bbox 104 427 894 462">
    <p class='ocr_par' dir='ltr' id='par_1_9' title="bbox 104 427 894 462">
     <span class='ocr_line' id='line_1_9' title="bbox 104 427 894 462; baseline 0.001 -8"><span class='ocrx_word' id='word_1_49' title='bbox 104 428 152 455; x_wconf 79' lang='grc' dir='ltr'>τοῦ</span> <span class='ocrx_word' id='word_1_50' title='bbox 177 427 254 454; x_wconf 83' lang='grc' dir='ltr'><strong>Θεοῦ.</strong></span> <span class='ocrx_word' id='word_1_51' title='bbox 271 427 309 455; x_wconf 87' lang='lat' dir='ltr'><strong>lta</strong></span> <span class='ocrx_word' id='word_1_52' title='bbox 333 427 477 462; x_wconf 78' lang='lat' dir='ltr'><strong>Pwdagog.</strong></span> <span class='ocrx_word' id='word_1_53' title='bbox 494 427 542 455; x_wconf 87' lang='lat' dir='ltr'><strong>lib.</strong></span> <span class='ocrx_word' id='word_1_54' title='bbox 567 435 587 461; x_wconf 87' lang='grc' dir='ltr'>ι,</span> <span class='ocrx_word' id='word_1_55' title='bbox 607 428 739 455; x_wconf 90' lang='lat' dir='ltr'><strong>unitatem</strong></span> <span class='ocrx_word' id='word_1_56' title='bbox 764 427 894 455; x_wconf 72' lang='lat' dir='ltr'><strong>Ecclesiae</strong></span> 
     </span>
    </p>
   </div>
   <div class='ocr_carea' id='block_1_10' title="bbox 103 471 894 509">
    <p class='ocr_par' dir='ltr' id='par_1_10' title="bbox 103 471 894 509">
     <span class='ocr_line' id='line_1_10' title="bbox 103 471 894 509; baseline -0.001 -8"><span class='ocrx_word' id='word_1_57' title='bbox 103 473 219 501; x_wconf 82' lang='lat' dir='ltr'><strong>miriﬁce</strong></span> <span class='ocrx_word' id='word_1_58' title='bbox 236 473 373 508; x_wconf 90' lang='lat' dir='ltr'><strong>depingit:</strong></span> <span class='ocrx_word' id='word_1_59' title='bbox 392 471 427 499; x_wconf 86' lang='grc' dir='ltr'>Ὦ</span> <span class='ocrx_word' id='word_1_60' title='bbox 451 473 591 509; x_wconf 80' lang='grc' dir='ltr'><strong>θαύματος</strong></span> <span class='ocrx_word' id='word_1_61' title='bbox 615 472 764 509; x_wconf 77' lang='grc' dir='ltr'>μυστικοῦί</span> <span class='ocrx_word' id='word_1_62' title='bbox 786 471 827 505; x_wconf 74' lang='grc' dir='ltr'><strong>εἷς</strong></span> <span class='ocrx_word' id='word_1_63' title='bbox 845 473 894 508; x_wconf 80' lang='grc' dir='ltr'>μὲν</span> 
     </span>
    </p>
   </div>
   <div class='ocr_carea' id='block_1_11' title="bbox 103 517 895 556">
    <p class='ocr_par' dir='ltr' id='par_1_11' title="bbox 103 517 895 556">
     <span class='ocr_line' id='line_1_11' title="bbox 103 517 895 556; baseline -0.001 -9"><span class='ocrx_word' id='word_1_64' title='bbox 103 521 119 547; x_wconf 86' lang='grc' dir='ltr'><strong>ό</strong></span> <span class='ocrx_word' id='word_1_65' title='bbox 134 520 188 548; x_wconf 85' lang='grc' dir='ltr'><strong>τῶν</strong></span> <span class='ocrx_word' id='word_1_66' title='bbox 203 520 272 547; x_wconf 79' lang='grc' dir='ltr'>ὅλων</span> <span class='ocrx_word' id='word_1_67' title='bbox 290 521 385 556; x_wconf 83' lang='grc' dir='ltr'>Πατήρ</span> <span class='ocrx_word' id='word_1_68' title='bbox 395 527 405 538; x_wconf 73' lang='grc'><strong><em>³-</em></strong></span> <span class='ocrx_word' id='word_1_69' title='bbox 419 517 460 551; x_wconf 79' lang='grc' dir='ltr'><strong>εἷς</strong></span> <span class='ocrx_word' id='word_1_70' title='bbox 475 520 503 546; x_wconf 83' lang='grc' dir='ltr'>δὲ</span> <span class='ocrx_word' id='word_1_71' title='bbox 520 520 568 547; x_wconf 79' lang='grc' dir='ltr'><strong>καὶ</strong></span> <span class='ocrx_word' id='word_1_72' title='bbox 580 520 634 547; x_wconf 85' lang='grc' dir='ltr'><strong>τῶν</strong></span> <span class='ocrx_word' id='word_1_73' title='bbox 648 520 716 547; x_wconf 80' lang='grc' dir='ltr'>ὅλων</span> <span class='ocrx_word' id='word_1_74' title='bbox 730 520 830 554; x_wconf 85' lang='grc' dir='ltr'>Λόγος·</span> <span class='ocrx_word' id='word_1_75' title='bbox 847 519 895 546; x_wconf 73' lang='grc' dir='ltr'><strong>καὶ</strong></span> 
     </span>
    </p>
   </div>
   <div class='ocr_carea' id='block_1_12' title="bbox 103 565 896 601">
    <p class='ocr_par' dir='ltr' id='par_1_12' title="bbox 103 565 896 601">
     <span class='ocr_line' id='line_1_12' title="bbox 103 565 896 601; baseline -0.001 -9"><span class='ocrx_word' id='word_1_76' title='bbox 103 565 135 593; x_wconf 74' lang='grc' dir='ltr'>τὸ</span> <span class='ocrx_word' id='word_1_77' title='bbox 157 565 269 601; x_wconf 78' lang='grc' dir='ltr'><strong>Πνεῦμα</strong></span> <span class='ocrx_word' id='word_1_78' title='bbox 285 565 316 592; x_wconf 84' lang='grc' dir='ltr'><strong>τὺ</strong></span> <span class='ocrx_word' id='word_1_79' title='bbox 331 565 409 600; x_wconf 74' lang='grc' dir='ltr'>ἅγιον</span> <span class='ocrx_word' id='word_1_80' title='bbox 429 565 458 592; x_wconf 83' lang='grc' dir='ltr'>ἓν</span> <span class='ocrx_word' id='word_1_81' title='bbox 474 566 521 592; x_wconf 81' lang='grc' dir='ltr'>καὶ</span> <span class='ocrx_word' id='word_1_82' title='bbox 536 565 567 592; x_wconf 79' lang='grc' dir='ltr'>τὸ</span> <span class='ocrx_word' id='word_1_83' title='bbox 582 565 647 592; x_wconf 79' lang='grc' dir='ltr'>αὐτὸ</span> <span class='ocrx_word' id='word_1_84' title='bbox 665 565 813 601; x_wconf 79' lang='grc' dir='ltr'><strong>πανταχοῦ.</strong></span> <span class='ocrx_word' id='word_1_85' title='bbox 837 565 896 592; x_wconf 89' lang='grc' dir='ltr'>Μία</span> 
     </span>
    </p>
   </div>
   <div class='ocr_carea' id='block_1_13' title="bbox 103 609 895 646">
    <p class='ocr_par' dir='ltr' id='par_1_13' title="bbox 103 609 895 646">
     <span class='ocr_line' id='line_1_13' title="bbox 103 609 895 646; baseline -0.001 -9"><span class='ocrx_word' id='word_1_86' title='bbox 103 611 133 637; x_wconf 73' lang='grc' dir='ltr'>δὲ</span> <span class='ocrx_word' id='word_1_87' title='bbox 150 609 218 645; x_wconf 85' lang='grc' dir='ltr'>μόνη</span> <span class='ocrx_word' id='word_1_88' title='bbox 234 610 340 644; x_wconf 83' lang='grc' dir='ltr'>γίνεται</span> <span class='ocrx_word' id='word_1_89' title='bbox 369 610 461 646; x_wconf 86' lang='grc' dir='ltr'><strong>μήτηρ</strong></span> <span class='ocrx_word' id='word_1_90' title='bbox 480 609 635 646; x_wconf 78' lang='grc' dir='ltr'>Παρθένος·</span> <span class='ocrx_word' id='word_1_91' title='bbox 654 610 816 646; x_wconf 81' lang='grc' dir='ltr'>Ἐκκλησίαν</span> <span class='ocrx_word' id='word_1_92' title='bbox 832 609 895 645; x_wconf 72' lang='grc' dir='ltr'>ἐμοὶ</span> 
     </span>
    </p>
   </div>
   <div class='ocr_carea' id='block_1_14' title="bbox 104 655 892 692">
    <p class='ocr_par' dir='ltr' id='par_1_14' title="bbox 104 655 892 692">
     <span class='ocr_line' id='line_1_14' title="bbox 104 655 892 692; baseline 0 -9"><span class='ocrx_word' id='word_1_93' title='bbox 104 657 181 692; x_wconf 78' lang='grc' dir='ltr'>φίλον</span> <span class='ocrx_word' id='word_1_94' title='bbox 210 657 297 692; x_wconf 78' lang='grc' dir='ltr'>αὐτὴν</span> <span class='ocrx_word' id='word_1_95' title='bbox 325 656 429 684; x_wconf 79' lang='grc' dir='ltr'>καλεῖν,</span> <span class='ocrx_word' id='word_1_96' title='bbox 456 665 466 682; x_wconf 75' lang='grc' dir='ltr'><strong><em>ι</em></strong></span> <span class='ocrx_word' id='word_1_97' title='bbox 490 655 513 684; x_wconf 89' lang='lat'><strong>0</strong></span> <span class='ocrx_word' id='word_1_98' title='bbox 541 656 703 684; x_wconf 86' lang='lat' dir='ltr'><strong>miraculum</strong></span> <span class='ocrx_word' id='word_1_99' title='bbox 729 657 892 692; x_wconf 79' lang='lat' dir='ltr'><strong>mysticum!</strong></span> 
     </span>
    </p>
   </div>
   <div class='ocr_carea' id='block_1_15' title="bbox 105 702 895 738">
    <p class='ocr_par' dir='ltr' id='par_1_15' title="bbox 105 702 895 738">
     <span class='ocr_line' id='line_1_15' title="bbox 105 702 895 738; baseline -0.001 -8"><span class='ocrx_word' id='word_1_100' title='bbox 105 702 183 730; x_wconf 87' lang='lat' dir='ltr'><strong>Unus</strong></span> <span class='ocrx_word' id='word_1_101' title='bbox 205 703 316 738; x_wconf 88' lang='lat' dir='ltr'><strong>quidem</strong></span> <span class='ocrx_word' id='word_1_102' title='bbox 338 703 528 730; x_wconf 87' lang='lat' dir='ltr'><strong>universorum</strong></span> <span class='ocrx_word' id='word_1_103' title='bbox 549 702 644 733; x_wconf 86' lang='lat' dir='ltr'><strong>Pater;</strong></span> <span class='ocrx_word' id='word_1_104' title='bbox 661 711 745 731; x_wconf 86' lang='lat' dir='ltr'><strong>unum</strong></span> <span class='ocrx_word' id='word_1_105' title='bbox 764 708 853 730; x_wconf 89' lang='lat' dir='ltr'><strong>autem</strong></span> <span class='ocrx_word' id='word_1_106' title='bbox 868 706 895 729; x_wconf 84' lang='lat' dir='ltr'><strong>et</strong></span> 
     </span>
    </p>
   </div>
   <div class='ocr_carea' id='block_1_16' title="bbox 104 747 895 783">
    <p class='ocr_par' dir='ltr' id='par_1_16' title="bbox 104 747 895 783">
     <span class='ocr_line' id='line_1_16' title="bbox 104 747 895 783; baseline 0 -7"><span class='ocrx_word' id='word_1_107' title='bbox 104 750 297 777; x_wconf 89' lang='lat' dir='ltr'><strong>universorum</strong></span> <span class='ocrx_word' id='word_1_108' title='bbox 321 749 455 782; x_wconf 87' lang='lat' dir='ltr'><strong>Verbum;</strong></span> <span class='ocrx_word' id='word_1_109' title='bbox 469 755 496 776; x_wconf 87' lang='lat' dir='ltr'><strong>et</strong></span> <span class='ocrx_word' id='word_1_110' title='bbox 511 747 630 783; x_wconf 75' lang='lat' dir='ltr'><strong>Spiritus</strong></span> <span class='ocrx_word' id='word_1_111' title='bbox 648 753 760 777; x_wconf 82' lang='lat' dir='ltr'><strong>sanctus</strong></span> <span class='ocrx_word' id='word_1_112' title='bbox 775 756 847 777; x_wconf 91' lang='lat' dir='ltr'><strong>unus</strong></span> <span class='ocrx_word' id='word_1_113' title='bbox 863 756 895 776; x_wconf 91' lang='lat' dir='ltr'><strong>ac</strong></span> 
     </span>
    </p>
   </div>
   <div class='ocr_carea' id='block_1_17' title="bbox 104 793 895 830">
    <p class='ocr_par' dir='ltr' id='par_1_17' title="bbox 104 793 895 830">
     <span class='ocr_line' id='line_1_17' title="bbox 104 793 895 830; baseline -0.003 -8"><span class='ocrx_word' id='word_1_114' title='bbox 104 795 178 822; x_wconf 89' lang='lat' dir='ltr'><strong>idem</strong></span> <span class='ocrx_word' id='word_1_115' title='bbox 190 794 301 830; x_wconf 90' lang='lat' dir='ltr'><strong>ubique.</strong></span> <span class='ocrx_word' id='word_1_116' title='bbox 315 793 374 821; x_wconf 88' lang='lat' dir='ltr'><strong>Una</strong></span> <span class='ocrx_word' id='word_1_117' title='bbox 389 798 481 821; x_wconf 89' lang='lat' dir='ltr'><strong>autem</strong></span> <span class='ocrx_word' id='word_1_118' title='bbox 495 793 556 821; x_wconf 83' lang='lat' dir='ltr'><strong>sola</strong></span> <span class='ocrx_word' id='word_1_119' title='bbox 567 798 610 821; x_wconf 88' lang='lat' dir='ltr'><strong>est</strong></span> <span class='ocrx_word' id='word_1_120' title='bbox 624 798 711 821; x_wconf 91' lang='lat' dir='ltr'><strong>mater</strong></span> <span class='ocrx_word' id='word_1_121' title='bbox 719 795 796 827; x_wconf 81' lang='lat' dir='ltr'><strong>virgo</strong></span> <span class='ocrx_word' id='word_1_122' title='bbox 808 803 814 821; x_wconf 93' lang='lat'>:</span> <span class='ocrx_word' id='word_1_123' title='bbox 827 793 895 821; x_wconf 89' lang='lat' dir='ltr'><strong>mihi</strong></span> 
     </span>
    </p>
   </div>
   <div class='ocr_carea' id='block_1_18' title="bbox 104 839 895 875">
    <p class='ocr_par' dir='ltr' id='par_1_18' title="bbox 104 839 895 875">
     <span class='ocr_line' id='line_1_18' title="bbox 104 839 895 875; baseline -0.001 -8"><span class='ocrx_word' id='word_1_124' title='bbox 104 845 195 868; x_wconf 80' lang='lat' dir='ltr'><strong>autem</strong></span> <span class='ocrx_word' id='word_1_125' title='bbox 212 840 302 875; x_wconf 80' lang='lat' dir='ltr'><strong>placet</strong></span> <span class='ocrx_word' id='word_1_126' title='bbox 324 848 385 867; x_wconf 90' lang='lat' dir='ltr'><strong>eam</strong></span> <span class='ocrx_word' id='word_1_127' title='bbox 411 848 511 868; x_wconf 88' lang='lat' dir='ltr'><strong>vocare</strong></span> <span class='ocrx_word' id='word_1_128' title='bbox 534 840 696 868; x_wconf 84' lang='lat' dir='ltr'><strong>Ecclesiam.</strong></span> <span class='ocrx_word' id='word_1_129' title='bbox 713 848 723 866; x_wconf 74' lang='grc' dir='ltr'><strong><em>ι</em></strong></span> <span class='ocrx_word' id='word_1_130' title='bbox 749 839 783 866; x_wconf 83' lang='grc' dir='ltr'><strong>Ει</strong></span> <span class='ocrx_word' id='word_1_131' title='bbox 800 844 895 875; x_wconf 78' lang='lat' dir='ltr'><strong>gentes</strong></span> 
     </span>
    </p>
   </div>
   <div class='ocr_carea' id='block_1_19' title="bbox 104 884 932 921">
    <p class='ocr_par' dir='ltr' id='par_1_19' title="bbox 104 884 932 921">
     <span class='ocr_line' id='line_1_19' title="bbox 104 884 932 921; baseline -0.001 -8"><span class='ocrx_word' id='word_1_132' title='bbox 104 886 188 913; x_wconf 90' lang='lat' dir='ltr'><strong>ctiam</strong></span> <span class='ocrx_word' id='word_1_133' title='bbox 216 886 315 913; x_wconf 91' lang='lat' dir='ltr'><strong>invitat</strong></span> <span class='ocrx_word' id='word_1_134' title='bbox 339 886 372 913; x_wconf 87' lang='lat' dir='ltr'><strong>ad</strong></span> <span class='ocrx_word' id='word_1_135' title='bbox 399 886 470 914; x_wconf 86' lang='lat' dir='ltr'><strong>hanc</strong></span> <span class='ocrx_word' id='word_1_136' title='bbox 492 886 636 917; x_wconf 90' lang='lat' dir='ltr'><strong>unitatem,</strong></span> <span class='ocrx_word' id='word_1_137' title='bbox 652 890 782 921; x_wconf 82' lang='lat' dir='ltr'><strong>tanquam</strong></span> <span class='ocrx_word' id='word_1_138' title='bbox 798 885 896 912; x_wconf 78' lang='lat' dir='ltr'><strong>unitati</strong></span> <span class='ocrx_word' id='word_1_139' title='bbox 911 884 932 912; x_wconf 85' lang='lat' dir='ltr'><strong>B</strong></span> 
     </span>
    </p>
   </div>
   <div class='ocr_carea' id='block_1_20' title="bbox 105 931 894 966">
    <p class='ocr_par' dir='ltr' id='par_1_20' title="bbox 105 931 894 966">
     <span class='ocr_line' id='line_1_20' title="bbox 105 931 894 966; baseline -0.003 -6"><span class='ocrx_word' id='word_1_140' title='bbox 105 933 207 960; x_wconf 65' lang='lat' dir='ltr'><strong>divinae</strong></span> <span class='ocrx_word' id='word_1_141' title='bbox 224 932 393 960; x_wconf 80' lang='lat' dir='ltr'><strong>eonformem</strong></span> <span class='ocrx_word' id='word_1_142' title='bbox 418 937 445 959; x_wconf 88' lang='lat' dir='ltr'><strong>et</strong></span> <span class='ocrx_word' id='word_1_143' title='bbox 461 932 495 960; x_wconf 92' lang='lat' dir='ltr'><strong>ad</strong></span> <span class='ocrx_word' id='word_1_144' title='bbox 513 932 586 959; x_wconf 85' lang='lat' dir='ltr'><strong>illam</strong></span> <span class='ocrx_word' id='word_1_145' title='bbox 610 931 719 959; x_wconf 89' lang='lat' dir='ltr'><strong>tandem</strong></span> <span class='ocrx_word' id='word_1_146' title='bbox 741 931 894 966; x_wconf 89' lang='lat' dir='ltr'><strong>perducen-</strong></span> 
     </span>
    </p>
   </div>
   <div class='ocr_carea' id='block_1_21' title="bbox 104 978 895 1015">
    <p class='ocr_par' dir='ltr' id='par_1_21' title="bbox 104 978 895 1015">
     <span class='ocr_line' id='line_1_21' title="bbox 104 978 895 1015; baseline -0.003 -8"><span class='ocrx_word' id='word_1_147' title='bbox 104 985 160 1007; x_wconf 85' lang='lat' dir='ltr'><strong>tem</strong></span> <span class='ocrx_word' id='word_1_148' title='bbox 175 988 182 1006; x_wconf 90' lang='lat'><strong>:</strong></span> <span class='ocrx_word' id='word_1_149' title='bbox 197 978 363 1015; x_wconf 83' lang='grc' dir='ltr'><strong>Σπεύσωμεν</strong></span> <span class='ocrx_word' id='word_1_150' title='bbox 391 979 431 1011; x_wconf 79' lang='grc' dir='ltr'><strong>εἰς</strong></span> <span class='ocrx_word' id='word_1_151' title='bbox 457 979 520 1014; x_wconf 85' lang='grc' dir='ltr'>μίαν</span> <span class='ocrx_word' id='word_1_152' title='bbox 546 979 657 1014; x_wconf 82' lang='grc' dir='ltr'><strong>ἀγάπην</strong></span> <span class='ocrx_word' id='word_1_153' title='bbox 681 979 846 1014; x_wconf 80' lang='grc' dir='ltr'>συναχθῆναι</span> <span class='ocrx_word' id='word_1_154' title='bbox 870 979 895 1005; x_wconf 83' lang='grc' dir='ltr'>οῑ</span> 
     </span>
    </p>
   </div>
   <div class='ocr_carea' id='block_1_22' title="bbox 105 1025 897 1061">
    <p class='ocr_par' dir='ltr' id='par_1_22' title="bbox 105 1025 897 1061">
     <span class='ocr_line' id='line_1_22' title="bbox 105 1025 897 1061; baseline 0 -9"><span class='ocrx_word' id='word_1_155' title='bbox 105 1025 198 1052; x_wconf 80' lang='grc' dir='ltr'>πολλοὶ</span> <span class='ocrx_word' id='word_1_156' title='bbox 214 1025 285 1052; x_wconf 81' lang='grc' dir='ltr'>κατὰ</span> <span class='ocrx_word' id='word_1_157' title='bbox 300 1026 349 1061; x_wconf 77' lang='grc' dir='ltr'>τὴν</span> <span class='ocrx_word' id='word_1_158' title='bbox 366 1025 415 1060; x_wconf 82' lang='grc' dir='ltr'><strong>τῆς</strong></span> <span class='ocrx_word' id='word_1_159' title='bbox 433 1025 579 1061; x_wconf 79' lang='grc' dir='ltr'>μοναδικῆς</span> <span class='ocrx_word' id='word_1_160' title='bbox 595 1025 689 1056; x_wconf 75' lang='grc' dir='ltr'>οὐσίας</span> <span class='ocrx_word' id='word_1_161' title='bbox 704 1025 800 1052; x_wconf 75' lang='grc' dir='ltr'>ἕνωσιν</span> <span class='ocrx_word' id='word_1_162' title='bbox 811 1034 818 1040; x_wconf 94' lang='grc'><strong>·</strong></span> <span class='ocrx_word' id='word_1_163' title='bbox 836 1025 897 1052; x_wconf 86' lang='grc' dir='ltr'>ἀνα-</span> 
     </span>
    </p>
   </div>
   <div class='ocr_carea' id='block_1_23' title="bbox 105 1071 897 1108">
    <p class='ocr_par' dir='ltr' id='par_1_23' title="bbox 105 1071 897 1108">
     <span class='ocr_line' id='line_1_23' title="bbox 105 1071 897 1108; baseline -0.001 -10"><span class='ocrx_word' id='word_1_164' title='bbox 105 1072 193 1107; x_wconf 83' lang='grc' dir='ltr'>λόγως</span> <span class='ocrx_word' id='word_1_165' title='bbox 217 1072 330 1108; x_wconf 77' lang='grc' dir='ltr'>ἑνότητα</span> <span class='ocrx_word' id='word_1_166' title='bbox 357 1071 500 1107; x_wconf 82' lang='grc' dir='ltr'><strong>διώκωμεν</strong></span> <span class='ocrx_word' id='word_1_167' title='bbox 524 1071 574 1107; x_wconf 85' lang='grc' dir='ltr'>τὴν</span> <span class='ocrx_word' id='word_1_168' title='bbox 595 1071 702 1107; x_wconf 82' lang='grc' dir='ltr'>ἀγαθὴν</span> <span class='ocrx_word' id='word_1_169' title='bbox 718 1071 897 1107; x_wconf 76' lang='grc' dir='ltr'>ἐκζητοῦντες</span> 
     </span>
    </p>
   </div>
   <div class='ocr_carea' id='block_1_24' title="bbox 107 1111 897 1154">
    <p class='ocr_par' dir='ltr' id='par_1_24' title="bbox 107 1111 897 1154">
     <span class='ocr_line' id='line_1_24' title="bbox 107 1111 897 1154; baseline -0.001 -10"><span class='ocrx_word' id='word_1_170' title='bbox 107 1118 218 1154; x_wconf 78' lang='grc' dir='ltr'>μονάδα.</span> <span class='ocrx_word' id='word_1_171' title='bbox 236 1117 268 1144; x_wconf 83' lang='grc' dir='ltr'><em>Ἢ</em></span> <span class='ocrx_word' id='word_1_172' title='bbox 283 1111 312 1144; x_wconf 77' lang='grc' dir='ltr'>δὲ</span> <span class='ocrx_word' id='word_1_173' title='bbox 328 1118 361 1144; x_wconf 81' lang='grc' dir='ltr'><strong>ὲκ</strong></span> <span class='ocrx_word' id='word_1_174' title='bbox 378 1117 482 1144; x_wconf 81' lang='grc' dir='ltr'>πολλῶν</span> <span class='ocrx_word' id='word_1_175' title='bbox 499 1117 596 1148; x_wconf 73' lang='grc' dir='ltr'><strong>ἓνωσις</strong></span> <span class='ocrx_word' id='word_1_176' title='bbox 613 1117 645 1144; x_wconf 81' lang='grc' dir='ltr'><strong>ὲκ</strong></span> <span class='ocrx_word' id='word_1_177' title='bbox 661 1116 833 1151; x_wconf 70' lang='grc' dir='ltr'>πολυφωνίας</span> <span class='ocrx_word' id='word_1_178' title='bbox 849 1117 897 1143; x_wconf 74' lang='grc' dir='ltr'>καὶ</span> 
     </span>
    </p>
   </div>
   <div class='ocr_carea' id='block_1_25' title="bbox 105 1162 898 1200">
    <p class='ocr_par' dir='ltr' id='par_1_25' title="bbox 105 1162 898 1200">
     <span class='ocr_line' id='line_1_25' title="bbox 105 1162 898 1200; baseline -0.003 -9"><span class='ocrx_word' id='word_1_179' title='bbox 105 1164 257 1200; x_wconf 79' lang='grc' dir='ltr'>διασπορᾶς</span> <span class='ocrx_word' id='word_1_180' title='bbox 273 1164 406 1200; x_wconf 80' lang='grc' dir='ltr'>ἁρμονίαν</span> <span class='ocrx_word' id='word_1_181' title='bbox 417 1162 536 1189; x_wconf 76' lang='grc' dir='ltr'>λαϐοῦσα</span> <span class='ocrx_word' id='word_1_182' title='bbox 547 1162 639 1198; x_wconf 83' lang='grc' dir='ltr'><strong>θεῖκὴν</strong></span> <span class='ocrx_word' id='word_1_183' title='bbox 656 1163 705 1199; x_wconf 81' lang='grc' dir='ltr'><strong>μία</strong></span> <span class='ocrx_word' id='word_1_184' title='bbox 714 1163 817 1197; x_wconf 81' lang='grc' dir='ltr'>γίνεται</span> <span class='ocrx_word' id='word_1_185' title='bbox 830 1171 898 1198; x_wconf 86' lang='grc' dir='ltr'>συμ-</span> 
     </span>
    </p>
   </div>
   <div class='ocr_carea' id='block_1_26' title="bbox 105 1208 896 1245">
    <p class='ocr_par' dir='ltr' id='par_1_26' title="bbox 105 1208 896 1245">
     <span class='ocr_line' id='line_1_26' title="bbox 105 1208 896 1245; baseline -0.003 -9"><span class='ocrx_word' id='word_1_186' title='bbox 105 1210 252 1245; x_wconf 82' lang='grc' dir='ltr'>φωνία,ὲνὶ</span> <span class='ocrx_word' id='word_1_187' title='bbox 267 1210 384 1245; x_wconf 84' lang='grc' dir='ltr'>χορευτῇ</span> <span class='ocrx_word' id='word_1_188' title='bbox 402 1209 449 1235; x_wconf 74' lang='grc' dir='ltr'><strong>καὶ</strong></span> <span class='ocrx_word' id='word_1_189' title='bbox 464 1208 616 1244; x_wconf 81' lang='grc' dir='ltr'><strong>διδασκάλῳ</strong></span> <span class='ocrx_word' id='word_1_190' title='bbox 628 1208 668 1243; x_wconf 83' lang='grc' dir='ltr'>τῷ</span> <span class='ocrx_word' id='word_1_191' title='bbox 678 1208 756 1243; x_wconf 83' lang='grc' dir='ltr'>Λόγῳ</span> <span class='ocrx_word' id='word_1_192' title='bbox 766 1208 896 1244; x_wconf 77' lang='grc' dir='ltr'>ἑπομένη,</span> 
     </span>
    </p>
   </div>
   <div class='ocr_carea' id='block_1_27' title="bbox 105 1253 896 1291">
    <p class='ocr_par' dir='ltr' id='par_1_27' title="bbox 105 1253 896 1291">
     <span class='ocr_line' id='line_1_27' title="bbox 105 1253 896 1291; baseline -0.004 -8"><span class='ocrx_word' id='word_1_193' title='bbox 105 1256 149 1283; x_wconf 65' lang='grc' dir='ltr'><strong>ἔπ’</strong></span> <span class='ocrx_word' id='word_1_194' title='bbox 159 1256 243 1291; x_wconf 77' lang='grc' dir='ltr'>αὐτὴν</span> <span class='ocrx_word' id='word_1_195' title='bbox 253 1255 303 1291; x_wconf 86' lang='grc' dir='ltr'>τὴν</span> <span class='ocrx_word' id='word_1_196' title='bbox 317 1255 446 1290; x_wconf 76' lang='grc' dir='ltr'>ἀλήθειαν</span> <span class='ocrx_word' id='word_1_197' title='bbox 456 1254 661 1290; x_wconf 81' lang='grc' dir='ltr'>ἀναπαυομένη,</span> <span class='ocrx_word' id='word_1_198' title='bbox 675 1253 758 1280; x_wconf 80' lang='grc' dir='ltr'><strong>⁷Λὸὂᾶ</strong></span> <span class='ocrx_word' id='word_1_199' title='bbox 771 1253 896 1288; x_wconf 79' lang='grc' dir='ltr'>λέγουσα,</span> 
     </span>
    </p>
   </div>
   <div class='ocr_carea' id='block_1_28' title="bbox 107 1301 897 1338">
    <p class='ocr_par' dir='ltr' id='par_1_28' title="bbox 107 1301 897 1338">
     <span class='ocr_line' id='line_1_28' title="bbox 107 1301 897 1338; baseline -0.001 -9"><span class='ocrx_word' id='word_1_200' title='bbox 107 1303 123 1329; x_wconf 86' lang='grc' dir='ltr'><strong>ὁ</strong></span> <span class='ocrx_word' id='word_1_201' title='bbox 150 1303 254 1338; x_wconf 84' lang='grc' dir='ltr'>Πατήρ.</span> <span class='ocrx_word' id='word_1_202' title='bbox 276 1312 285 1328; x_wconf 77' lang='lat' dir='ltr'><strong>i</strong></span> <span class='ocrx_word' id='word_1_203' title='bbox 315 1301 488 1329; x_wconf 85' lang='lat' dir='ltr'><strong>Festinemus</strong></span> <span class='ocrx_word' id='word_1_204' title='bbox 514 1307 545 1329; x_wconf 92' lang='lat' dir='ltr'><strong>ut</strong></span> <span class='ocrx_word' id='word_1_205' title='bbox 571 1301 598 1328; x_wconf 93' lang='lat' dir='ltr'><strong>in</strong></span> <span class='ocrx_word' id='word_1_206' title='bbox 620 1309 703 1329; x_wconf 86' lang='lat' dir='ltr'><strong>unam</strong></span> <span class='ocrx_word' id='word_1_207' title='bbox 725 1301 897 1329; x_wconf 86' lang='lat' dir='ltr'><strong>dilectionem</strong></span> 
     </span>
    </p>
   </div>
   <div class='ocr_carea' id='block_1_29' title="bbox 107 1348 898 1384">
    <p class='ocr_par' dir='ltr' id='par_1_29' title="bbox 107 1348 898 1384">
     <span class='ocr_line' id='line_1_29' title="bbox 107 1348 898 1384; baseline -0.001 -8"><span class='ocrx_word' id='word_1_208' title='bbox 107 1349 188 1376; x_wconf 91' lang='lat' dir='ltr'><strong>multi</strong></span> <span class='ocrx_word' id='word_1_209' title='bbox 204 1356 345 1384; x_wconf 78' lang='lat' dir='ltr'><strong>cogamur,</strong></span> <span class='ocrx_word' id='word_1_210' title='bbox 360 1348 510 1376; x_wconf 86' lang='lat' dir='ltr'><strong>secundum</strong></span> <span class='ocrx_word' id='word_1_211' title='bbox 522 1348 672 1376; x_wconf 75' lang='lat' dir='ltr'><strong>monadicae</strong></span> <span class='ocrx_word' id='word_1_212' title='bbox 684 1348 808 1376; x_wconf 81' lang='lat' dir='ltr'><strong>essentiae</strong></span> <span class='ocrx_word' id='word_1_213' title='bbox 817 1348 898 1375; x_wconf 88' lang='lat' dir='ltr'><strong>unio-</strong></span> 
     </span>
    </p>
   </div>
   <div class='ocr_carea' id='block_1_30' title="bbox 105 1395 899 1430">
    <p class='ocr_par' dir='ltr' id='par_1_30' title="bbox 105 1395 899 1430">
     <span class='ocr_line' id='line_1_30' title="bbox 105 1395 899 1430; baseline -0.001 -8"><span class='ocrx_word' id='word_1_214' title='bbox 105 1403 187 1429; x_wconf 85' lang='lat' dir='ltr'><strong>nem;</strong></span> <span class='ocrx_word' id='word_1_215' title='bbox 210 1395 352 1429; x_wconf 82' lang='lat' dir='ltr'><strong>analogice</strong></span> <span class='ocrx_word' id='word_1_216' title='bbox 376 1395 507 1422; x_wconf 88' lang='lat' dir='ltr'><strong>tinioncm</strong></span> <span class='ocrx_word' id='word_1_217' title='bbox 532 1402 731 1430; x_wconf 85' lang='lat' dir='ltr'><strong>persequamur</strong></span> <span class='ocrx_word' id='word_1_218' title='bbox 741 1395 840 1422; x_wconf 81' lang='lat' dir='ltr'><strong>bonam</strong></span> <span class='ocrx_word' id='word_1_219' title='bbox 851 1402 899 1421; x_wconf 88' lang='lat' dir='ltr'><strong>ex—</strong></span> 
     </span>
    </p>
   </div>
   <div class='ocr_carea' id='block_1_31' title="bbox 107 1440 899 1476">
    <p class='ocr_par' dir='ltr' id='par_1_31' title="bbox 107 1440 899 1476">
     <span class='ocr_line' id='line_1_31' title="bbox 107 1440 899 1476; baseline -0.001 -8"><span class='ocrx_word' id='word_1_220' title='bbox 107 1441 249 1476; x_wconf 89' lang='lat' dir='ltr'><strong>quirentes</strong></span> <span class='ocrx_word' id='word_1_221' title='bbox 263 1440 405 1468; x_wconf 87' lang='lat' dir='ltr'><strong>unitatem.</strong></span> <span class='ocrx_word' id='word_1_222' title='bbox 421 1440 488 1472; x_wconf 78' lang='lat' dir='ltr'><strong>Ome</strong></span> <span class='ocrx_word' id='word_1_223' title='bbox 505 1445 548 1468; x_wconf 90' lang='lat' dir='ltr'><strong>est</strong></span> <span class='ocrx_word' id='word_1_224' title='bbox 566 1444 656 1468; x_wconf 88' lang='lat' dir='ltr'><strong>autem</strong></span> <span class='ocrx_word' id='word_1_225' title='bbox 674 1448 706 1468; x_wconf 76' lang='lat' dir='ltr'><strong>ex</strong></span> <span class='ocrx_word' id='word_1_226' title='bbox 724 1440 819 1467; x_wconf 90' lang='lat' dir='ltr'><strong>multis</strong></span> <span class='ocrx_word' id='word_1_227' title='bbox 832 1440 899 1467; x_wconf 90' lang='lat' dir='ltr'><strong>unio</strong></span> 
     </span>
    </p>
   </div>
   <div class='ocr_carea' id='block_1_32' title="bbox 106 1487 898 1522">
    <p class='ocr_par' dir='ltr' id='par_1_32' title="bbox 106 1487 898 1522">
     <span class='ocr_line' id='line_1_32' title="bbox 106 1487 898 1522; baseline -0.003 -6"><span class='ocrx_word' id='word_1_228' title='bbox 106 1496 141 1516; x_wconf 86' lang='lat' dir='ltr'><strong>ex</strong></span> <span class='ocrx_word' id='word_1_229' title='bbox 167 1496 264 1516; x_wconf 88' lang='lat' dir='ltr'><strong>vocum</strong></span> <span class='ocrx_word' id='word_1_230' title='bbox 288 1488 464 1515; x_wconf 80' lang='lat' dir='ltr'><strong>multitudine</strong></span> <span class='ocrx_word' id='word_1_231' title='bbox 479 1492 507 1515; x_wconf 89' lang='lat' dir='ltr'><strong>et</strong></span> <span class='ocrx_word' id='word_1_232' title='bbox 522 1488 695 1522; x_wconf 87' lang='lat' dir='ltr'><strong>dispersione</strong></span> <span class='ocrx_word' id='word_1_233' title='bbox 713 1487 834 1515; x_wconf 86' lang='lat' dir='ltr'><strong>divinam</strong></span> <span class='ocrx_word' id='word_1_234' title='bbox 851 1495 898 1514; x_wconf 90' lang='lat' dir='ltr'><strong>ca-</strong></span> 
     </span>
    </p>
   </div>
   <div class='ocr_carea' id='block_1_33' title="bbox 108 1532 899 1568">
    <p class='ocr_par' dir='ltr' id='par_1_33' title="bbox 108 1532 899 1568">
     <span class='ocr_line' id='line_1_33' title="bbox 108 1532 899 1568; baseline 0 -9"><span class='ocrx_word' id='word_1_235' title='bbox 108 1533 186 1568; x_wconf 87' lang='lat' dir='ltr'><strong>piens</strong></span> <span class='ocrx_word' id='word_1_236' title='bbox 210 1532 382 1560; x_wconf 81' lang='lat' dir='ltr'><strong>harmoniam</strong></span> <span class='ocrx_word' id='word_1_237' title='bbox 401 1540 473 1560; x_wconf 89' lang='lat' dir='ltr'><strong>unus</strong></span> <span class='ocrx_word' id='word_1_238' title='bbox 492 1533 522 1559; x_wconf 86' lang='lat' dir='ltr'><strong>lit</strong></span> <span class='ocrx_word' id='word_1_239' title='bbox 536 1537 698 1565; x_wconf 86' lang='lat' dir='ltr'><strong>concentus,</strong></span> <span class='ocrx_word' id='word_1_240' title='bbox 714 1540 800 1559; x_wconf 93' lang='lat' dir='ltr'><strong>unum</strong></span> <span class='ocrx_word' id='word_1_241' title='bbox 822 1532 899 1559; x_wconf 87' lang='lat' dir='ltr'><strong>chori</strong></span> 
     </span>
    </p>
   </div>
   <div class='ocr_carea' id='block_1_34' title="bbox 107 1577 900 1614">
    <p class='ocr_par' dir='ltr' id='par_1_34' title="bbox 107 1577 900 1614">
     <span class='ocr_line' id='line_1_34' title="bbox 107 1577 900 1614; baseline -0.001 -8"><span class='ocrx_word' id='word_1_242' title='bbox 107 1580 204 1607; x_wconf 88' lang='lat' dir='ltr'><strong>ducem</strong></span> <span class='ocrx_word' id='word_1_243' title='bbox 231 1587 348 1614; x_wconf 85' lang='lat' dir='ltr'><strong>sequens</strong></span> <span class='ocrx_word' id='word_1_244' title='bbox 371 1583 398 1606; x_wconf 92' lang='lat' dir='ltr'><strong>et</strong></span> <span class='ocrx_word' id='word_1_245' title='bbox 420 1579 582 1613; x_wconf 88' lang='lat' dir='ltr'><strong>magistrum</strong></span> <span class='ocrx_word' id='word_1_246' title='bbox 598 1577 728 1611; x_wconf 81' lang='lat' dir='ltr'><strong>Verbum,</strong></span> <span class='ocrx_word' id='word_1_247' title='bbox 742 1579 768 1605; x_wconf 91' lang='lat' dir='ltr'><strong>in</strong></span> <span class='ocrx_word' id='word_1_248' title='bbox 783 1578 840 1614; x_wconf 89' lang='lat' dir='ltr'><strong>ipsa</strong></span> <span class='ocrx_word' id='word_1_249' title='bbox 853 1586 900 1605; x_wconf 86' lang='lat' dir='ltr'><strong>ae-</strong></span> 
     </span>
    </p>
   </div>
   <div class='ocr_carea' id='block_1_35' title="bbox 108 1624 901 1661">
    <p class='ocr_par' dir='ltr' id='par_1_35' title="bbox 108 1624 901 1661">
     <span class='ocr_line' id='line_1_35' title="bbox 108 1624 901 1661; baseline 0.003 -10"><span class='ocrx_word' id='word_1_250' title='bbox 108 1626 253 1661; x_wconf 88' lang='lat' dir='ltr'><strong>quieseens</strong></span> <span class='ocrx_word' id='word_1_251' title='bbox 283 1626 412 1659; x_wconf 75' lang='lat' dir='ltr'><strong>veritate,</strong></span> <span class='ocrx_word' id='word_1_252' title='bbox 437 1626 533 1653; x_wconf 86' lang='lat' dir='ltr'><strong>dicens</strong></span> <span class='ocrx_word' id='word_1_253' title='bbox 558 1625 658 1653; x_wconf 82' lang='lat' dir='ltr'><strong>:Abba</strong></span> <span class='ocrx_word' id='word_1_254' title='bbox 685 1624 776 1652; x_wconf 89' lang='lat' dir='ltr'><strong>Pater.</strong></span> <span class='ocrx_word' id='word_1_255' title='bbox 799 1634 808 1651; x_wconf 82' lang='grc'>›</span> <span class='ocrx_word' id='word_1_256' title='bbox 838 1624 901 1653; x_wconf 69' lang='lat' dir='ltr'><strong>llaec</strong></span> 
     </span>
    </p>
   </div>
   <div class='ocr_carea' id='block_1_36' title="bbox 109 1670 901 1706">
    <p class='ocr_par' dir='ltr' id='par_1_36' title="bbox 109 1670 901 1706">
     <span class='ocr_line' id='line_1_36' title="bbox 109 1670 901 1706; baseline 0 -8"><span class='ocrx_word' id='word_1_257' title='bbox 109 1671 192 1706; x_wconf 79' lang='lat' dir='ltr'><strong>igitur</strong></span> <span class='ocrx_word' id='word_1_258' title='bbox 208 1672 243 1699; x_wconf 91' lang='lat' dir='ltr'><strong>de</strong></span> <span class='ocrx_word' id='word_1_259' title='bbox 259 1679 321 1699; x_wconf 92' lang='lat' dir='ltr'><strong>uno-</strong></span> <span class='ocrx_word' id='word_1_260' title='bbox 333 1671 389 1699; x_wconf 87' lang='lat' dir='ltr'><strong>Deo</strong></span> <span class='ocrx_word' id='word_1_261' title='bbox 407 1670 498 1705; x_wconf 86' lang='lat' dir='ltr'><strong>Patre,</strong></span> <span class='ocrx_word' id='word_1_262' title='bbox 516 1675 544 1698; x_wconf 90' lang='lat' dir='ltr'><strong>et</strong></span> <span class='ocrx_word' id='word_1_263' title='bbox 564 1678 619 1698; x_wconf 89' lang='lat' dir='ltr'><strong>uno</strong></span> <span class='ocrx_word' id='word_1_264' title='bbox 638 1671 749 1698; x_wconf 87' lang='lat' dir='ltr'><strong>Christo</strong></span> <span class='ocrx_word' id='word_1_265' title='bbox 761 1670 836 1706; x_wconf 86' lang='lat' dir='ltr'><strong>Logo</strong></span> <span class='ocrx_word' id='word_1_266' title='bbox 849 1671 901 1698; x_wconf 89' lang='lat' dir='ltr'><strong>do-</strong></span> 
     </span>
    </p>
   </div>
   <div class='ocr_carea' id='block_1_37' title="bbox 109 1717 901 1752">
    <p class='ocr_par' dir='ltr' id='par_1_37' title="bbox 109 1717 901 1752">
     <span class='ocr_line' id='line_1_37' title="bbox 109 1717 901 1752; baseline 0 -8"><span class='ocrx_word' id='word_1_267' title='bbox 109 1717 208 1751; x_wconf 88' lang='lat' dir='ltr'><strong>ctrina,</strong></span> <span class='ocrx_word' id='word_1_268' title='bbox 226 1725 335 1752; x_wconf 83' lang='lat' dir='ltr'><strong>semper</strong></span> <span class='ocrx_word' id='word_1_269' title='bbox 358 1717 452 1745; x_wconf 84' lang='lat' dir='ltr'><strong>liabita</strong></span> <span class='ocrx_word' id='word_1_270' title='bbox 471 1722 513 1744; x_wconf 89' lang='lat' dir='ltr'><strong>est</strong></span> <span class='ocrx_word' id='word_1_271' title='bbox 528 1724 577 1752; x_wconf 88' lang='lat' dir='ltr'><strong>per</strong></span> <span class='ocrx_word' id='word_1_272' title='bbox 593 1724 623 1744; x_wconf 86' lang='lat' dir='ltr'><strong>se</strong></span> <span class='ocrx_word' id='word_1_273' title='bbox 637 1717 704 1744; x_wconf 86' lang='lat' dir='ltr'><strong>satis</strong></span> <span class='ocrx_word' id='word_1_274' title='bbox 721 1717 755 1744; x_wconf 91' lang='lat' dir='ltr'><strong>ad</strong></span> <span class='ocrx_word' id='word_1_275' title='bbox 768 1717 901 1744; x_wconf 88' lang='lat' dir='ltr'><strong>unitatem</strong></span> 
     </span>
    </p>
   </div>
   <div class='ocr_carea' id='block_1_38' title="bbox 109 1762 903 1798">
    <p class='ocr_par' dir='ltr' id='par_1_38' title="bbox 109 1762 903 1798">
     <span class='ocr_line' id='line_1_38' title="bbox 109 1762 903 1798; baseline 0 -8"><span class='ocrx_word' id='word_1_276' title='bbox 109 1763 324 1791; x_wconf 82' lang='lat' dir='ltr'><strong>ecclesiasticam</strong></span> <span class='ocrx_word' id='word_1_277' title='bbox 346 1763 522 1798; x_wconf 86' lang='lat' dir='ltr'><strong>premendam</strong></span> <span class='ocrx_word' id='word_1_278' title='bbox 550 1763 657 1790; x_wconf 87' lang='lat' dir='ltr'><strong>idonea.</strong></span> <span class='ocrx_word' id='word_1_279' title='bbox 682 1762 742 1790; x_wconf 92' lang='lat' dir='ltr'><strong>Non</strong></span> <span class='ocrx_word' id='word_1_280' title='bbox 763 1762 841 1790; x_wconf 81' lang='lat' dir='ltr'><strong>aliter</strong></span> <span class='ocrx_word' id='word_1_281' title='bbox 857 1763 903 1790; x_wconf 89' lang='lat' dir='ltr'><strong>hic</strong></span> 
     </span>
    </p>
   </div>
   <div class='ocr_carea' id='block_1_39' title="bbox 110 1808 912 1844">
    <p class='ocr_par' dir='ltr' id='par_1_39' title="bbox 110 1808 912 1844">
     <span class='ocr_line' id='line_1_39' title="bbox 110 1808 912 1844; baseline -0.001 -8"><span class='ocrx_word' id='word_1_282' title='bbox 110 1809 236 1844; x_wconf 80' lang='lat' dir='ltr'><strong>lgnatius</strong></span> <span class='ocrx_word' id='word_1_283' title='bbox 261 1818 270 1836; x_wconf 90' lang='lat'><strong>:</strong></span> <span class='ocrx_word' id='word_1_284' title='bbox 289 1819 299 1835; x_wconf 72' lang='grc' dir='ltr'><strong>ε</strong></span> <span class='ocrx_word' id='word_1_285' title='bbox 318 1808 431 1842; x_wconf 85' lang='lat' dir='ltr'><strong>Omnes,</strong></span> <span class='ocrx_word' id='word_1_286' title='bbox 447 1809 546 1844; x_wconf 89' lang='lat' dir='ltr'><strong>inquit,</strong></span> <span class='ocrx_word' id='word_1_287' title='bbox 556 1809 583 1836; x_wconf 91' lang='lat' dir='ltr'><strong>in</strong></span> <span class='ocrx_word' id='word_1_288' title='bbox 596 1817 680 1836; x_wconf 92' lang='lat' dir='ltr'><strong>unum</strong></span> <span class='ocrx_word' id='word_1_289' title='bbox 695 1808 823 1843; x_wconf 87' lang='lat' dir='ltr'><strong>templum</strong></span> <span class='ocrx_word' id='word_1_290' title='bbox 837 1816 912 1836; x_wconf 69' lang='lat' dir='ltr'><strong>con-~</strong></span> 
     </span>
    </p>
   </div>
   <div class='ocr_carea' id='block_1_40' title="bbox 110 1853 905 1887">
    <p class='ocr_par' dir='ltr' id='par_1_40' title="bbox 110 1853 905 1887">
     <span class='ocr_line' id='line_1_40' title="bbox 110 1853 905 1887; baseline -0.003 -5"><span class='ocrx_word' id='word_1_291' title='bbox 110 1855 224 1887; x_wconf 86' lang='lat' dir='ltr'><strong>currite,</strong></span> <span class='ocrx_word' id='word_1_292' title='bbox 242 1859 273 1882; x_wconf 90' lang='lat' dir='ltr'><strong>ut</strong></span> <span class='ocrx_word' id='word_1_293' title='bbox 297 1855 323 1882; x_wconf 91' lang='lat' dir='ltr'><strong>in</strong></span> <span class='ocrx_word' id='word_1_294' title='bbox 345 1863 430 1882; x_wconf 91' lang='lat' dir='ltr'><strong>unum</strong></span> <span class='ocrx_word' id='word_1_295' title='bbox 451 1855 549 1887; x_wconf 81' lang='lat' dir='ltr'><strong>altare,</strong></span> <span class='ocrx_word' id='word_1_296' title='bbox 567 1855 594 1882; x_wconf 92' lang='lat' dir='ltr'><strong>in</strong></span> <span class='ocrx_word' id='word_1_297' title='bbox 608 1862 692 1881; x_wconf 90' lang='lat' dir='ltr'><strong>unum</strong></span> <span class='ocrx_word' id='word_1_298' title='bbox 711 1853 802 1880; x_wconf 86' lang='lat' dir='ltr'><strong>Jesum</strong></span> <span class='ocrx_word' id='word_1_299' title='bbox 824 1853 905 1880; x_wconf 82' lang='lat' dir='ltr'><strong>Citri-</strong></span> 
     </span>
    </p>
   </div>
   <div class='ocr_carea' id='block_1_41' title="bbox 111 1899 904 1933">
    <p class='ocr_par' dir='ltr' id='par_1_41' title="bbox 111 1899 904 1933">
     <span class='ocr_line' id='line_1_41' title="bbox 111 1899 904 1933; baseline -0.001 -6"><span class='ocrx_word' id='word_1_300' title='bbox 111 1904 196 1933; x_wconf 87' lang='lat' dir='ltr'><strong>stum,</strong></span> <span class='ocrx_word' id='word_1_301' title='bbox 209 1900 243 1928; x_wconf 91' lang='lat' dir='ltr'><strong>ab</strong></span> <span class='ocrx_word' id='word_1_302' title='bbox 257 1908 313 1928; x_wconf 89' lang='lat' dir='ltr'><strong>uno</strong></span> <span class='ocrx_word' id='word_1_303' title='bbox 327 1900 408 1928; x_wconf 85' lang='lat' dir='ltr'><strong>Patre</strong></span> <span class='ocrx_word' id='word_1_304' title='bbox 418 1904 574 1933; x_wconf 79' lang='lat' dir='ltr'><strong>exeuntem,</strong></span> <span class='ocrx_word' id='word_1_305' title='bbox 583 1905 611 1928; x_wconf 89' lang='lat' dir='ltr'><strong>et</strong></span> <span class='ocrx_word' id='word_1_306' title='bbox 622 1900 649 1927; x_wconf 93' lang='lat' dir='ltr'><strong>in</strong></span> <span class='ocrx_word' id='word_1_307' title='bbox 666 1907 751 1927; x_wconf 86' lang='lat' dir='ltr'><strong>unum</strong></span> <span class='ocrx_word' id='word_1_308' title='bbox 768 1899 904 1927; x_wconf 86' lang='lat' dir='ltr'><strong>exsisten-</strong></span> 
     </span>
    </p>
   </div>
   <div class='ocr_carea' id='block_1_42' title="bbox 112 1945 904 1981">
    <p class='ocr_par' dir='ltr' id='par_1_42' title="bbox 112 1945 904 1981">
     <span class='ocr_line' id='line_1_42' title="bbox 112 1945 904 1981; baseline -0.001 -8"><span class='ocrx_word' id='word_1_309' title='bbox 112 1951 167 1973; x_wconf 90' lang='lat' dir='ltr'><strong>tem</strong></span> <span class='ocrx_word' id='word_1_310' title='bbox 182 1950 210 1973; x_wconf 89' lang='lat' dir='ltr'><strong>et</strong></span> <span class='ocrx_word' id='word_1_311' title='bbox 223 1946 478 1974; x_wconf 63' lang='lat' dir='ltr'><strong>revertentemallic</strong></span> <span class='ocrx_word' id='word_1_312' title='bbox 491 1946 585 1981; x_wconf 90' lang='lat' dir='ltr'><strong>Logon</strong></span> <span class='ocrx_word' id='word_1_313' title='bbox 599 1945 736 1973; x_wconf 81' lang='lat' dir='ltr'><strong>Valentini</strong></span> <span class='ocrx_word' id='word_1_314' title='bbox 751 1945 904 1980; x_wconf 82' lang='lat' dir='ltr'><strong>respexisse</strong></span> 
     </span>
    </p>
   </div>
   <div class='ocr_carea' id='block_1_43' title="bbox 116 1991 904 2025">
    <p class='ocr_par' dir='ltr' id='par_1_43' title="bbox 116 1991 904 2025">
     <span class='ocr_line' id='line_1_43' title="bbox 116 1991 904 2025; baseline 0 -7"><span class='ocrx_word' id='word_1_315' title='bbox 116 1995 259 2019; x_wconf 84' lang='lat' dir='ltr'><strong>auctorem</strong></span> <span class='ocrx_word' id='word_1_316' title='bbox 275 1992 331 2019; x_wconf 92' lang='lat' dir='ltr'><strong>vult</strong></span> <span class='ocrx_word' id='word_1_317' title='bbox 346 1992 480 2025; x_wconf 65' lang='lat' dir='ltr'><strong>Danaus,</strong></span> <span class='ocrx_word' id='word_1_318' title='bbox 492 2000 555 2020; x_wconf 89' lang='lat' dir='ltr'><strong>cum</strong></span> <span class='ocrx_word' id='word_1_319' title='bbox 570 1997 661 2019; x_wconf 88' lang='lat' dir='ltr'><strong>tamen</strong></span> <span class='ocrx_word' id='word_1_320' title='bbox 677 1992 710 2019; x_wconf 91' lang='lat' dir='ltr'><strong>de</strong></span> <span class='ocrx_word' id='word_1_321' title='bbox 724 1991 811 2019; x_wconf 83' lang='lat' dir='ltr'><strong>Verbo</strong></span> <span class='ocrx_word' id='word_1_322' title='bbox 835 1991 904 2018; x_wconf 88' lang='lat' dir='ltr'><strong>nihil</strong></span> 
     </span>
    </p>
   </div>
   <div class='ocr_carea' id='block_1_44' title="bbox 115 2037 906 2074">
    <p class='ocr_par' dir='ltr' id='par_1_44' title="bbox 115 2037 906 2074">
     <span class='ocr_line' id='line_1_44' title="bbox 115 2037 906 2074; baseline 0 -10"><span class='ocrx_word' id='word_1_323' title='bbox 115 2037 207 2070; x_wconf 87' lang='lat' dir='ltr'><strong>dicat;</strong></span> <span class='ocrx_word' id='word_1_324' title='bbox 225 2037 392 2073; x_wconf 71' lang='lat' dir='ltr'><strong>conjungere</strong></span> <span class='ocrx_word' id='word_1_325' title='bbox 407 2039 500 2074; x_wconf 87' lang='lat' dir='ltr'><strong>itaque</strong></span> <span class='ocrx_word' id='word_1_326' title='bbox 512 2046 575 2066; x_wconf 90' lang='lat' dir='ltr'><strong>cum</strong></span> <span class='ocrx_word' id='word_1_327' title='bbox 595 2038 708 2073; x_wconf 87' lang='lat' dir='ltr'><strong>reliquis</strong></span> <span class='ocrx_word' id='word_1_328' title='bbox 720 2037 787 2066; x_wconf 86' lang='lat' dir='ltr'><strong>satis</strong></span> <span class='ocrx_word' id='word_1_329' title='bbox 804 2037 839 2065; x_wconf 89' lang='lat' dir='ltr'><strong>ab</strong></span> <span class='ocrx_word' id='word_1_330' title='bbox 853 2037 906 2064; x_wconf 86' lang='lat' dir='ltr'><strong>hoc</strong></span> 
     </span>
    </p>
   </div>
   <div class='ocr_carea' id='block_1_45' title="bbox 114 2080 906 2120">
    <p class='ocr_par' dir='ltr' id='par_1_45' title="bbox 114 2080 906 2120">
     <span class='ocr_line' id='line_1_45' title="bbox 114 2080 906 2120; baseline -0.003 -9"><span class='ocrx_word' id='word_1_331' title='bbox 114 2080 176 2111; x_wconf 92' lang='lat' dir='ltr'><strong>loco</strong></span> <span class='ocrx_word' id='word_1_332' title='bbox 208 2083 353 2118; x_wconf 86' lang='lat' dir='ltr'><strong>disjunctis</strong></span> <span class='ocrx_word' id='word_1_333' title='bbox 383 2088 411 2112; x_wconf 84' lang='lat' dir='ltr'><strong>et</strong></span> <span class='ocrx_word' id='word_1_334' title='bbox 440 2084 468 2111; x_wconf 92' lang='lat' dir='ltr'><strong>in</strong></span> <span class='ocrx_word' id='word_1_335' title='bbox 490 2085 545 2112; x_wconf 90' lang='lat' dir='ltr'><strong>alio</strong></span> <span class='ocrx_word' id='word_1_336' title='bbox 574 2089 736 2120; x_wconf 88' lang='lat' dir='ltr'><strong>argumento</strong></span> <span class='ocrx_word' id='word_1_337' title='bbox 764 2083 906 2118; x_wconf 85' lang='lat' dir='ltr'><strong>occupatis</strong></span> 
     </span>
    </p>
   </div>
   <div class='ocr_carea' id='block_1_46' title="bbox 119 2127 906 2165">
    <p class='ocr_par' dir='ltr' id='par_1_46' title="bbox 119 2127 906 2165">
     <span class='ocr_line' id='line_1_46' title="bbox 119 2127 906 2165; baseline -0.001 -9"><span class='ocrx_word' id='word_1_338' title='bbox 119 2136 231 2157; x_wconf 89' lang='lat' dir='ltr'><strong>coactus</strong></span> <span class='ocrx_word' id='word_1_339' title='bbox 251 2133 303 2161; x_wconf 84' lang='lat' dir='ltr'><strong>est,</strong></span> <span class='ocrx_word' id='word_1_340' title='bbox 318 2134 348 2156; x_wconf 91' lang='lat' dir='ltr'><strong>ut</strong></span> <span class='ocrx_word' id='word_1_341' title='bbox 360 2129 462 2164; x_wconf 89' lang='lat' dir='ltr'><strong>aliquid</strong></span> <span class='ocrx_word' id='word_1_342' title='bbox 477 2138 510 2157; x_wconf 85' lang='lat' dir='ltr'><strong>ex</strong></span> <span class='ocrx_word' id='word_1_343' title='bbox 524 2135 641 2165; x_wconf 90' lang='lat' dir='ltr'><strong>utroque</strong></span> <span class='ocrx_word' id='word_1_344' title='bbox 652 2130 788 2164; x_wconf 82' lang='lat' dir='ltr'><strong>exculpat.</strong></span> <span class='ocrx_word' id='word_1_345' title='bbox 800 2138 810 2154; x_wconf 72' lang='grc' dir='ltr'>ί</span> <span class='ocrx_word' id='word_1_346' title='bbox 822 2127 906 2163; x_wconf 80' lang='lat' dir='ltr'><strong>Negat</strong></span> 
     </span>
    </p>
   </div>
   <div class='ocr_carea' id='block_1_47' title="bbox 118 2175 906 2211">
    <p class='ocr_par' dir='ltr' id='par_1_47' title="bbox 118 2175 906 2211">
     <span class='ocr_line' id='line_1_47' title="bbox 118 2175 906 2211; baseline 0 -8"><span class='ocrx_word' id='word_1_347' title='bbox 118 2176 194 2203; x_wconf 87' lang='lat' dir='ltr'><strong>exire</strong></span> <span class='ocrx_word' id='word_1_348' title='bbox 207 2184 222 2203; x_wconf 88' lang='lat' dir='ltr'><strong>a</strong></span> <span class='ocrx_word' id='word_1_349' title='bbox 239 2175 313 2210; x_wconf 83' lang='lat' dir='ltr'><strong>Sige,</strong></span> <span class='ocrx_word' id='word_1_350' title='bbox 324 2175 391 2203; x_wconf 78' lang='lat' dir='ltr'><strong>dicit</strong></span> <span class='ocrx_word' id='word_1_351' title='bbox 405 2175 481 2202; x_wconf 85' lang='lat' dir='ltr'><strong>exire</strong></span> <span class='ocrx_word' id='word_1_352' title='bbox 490 2183 506 2203; x_wconf 91' lang='lat' dir='ltr'><strong>a</strong></span> <span class='ocrx_word' id='word_1_353' title='bbox 521 2175 617 2203; x_wconf 83' lang='lat' dir='ltr'><strong>Patre:</strong></span> <span class='ocrx_word' id='word_1_354' title='bbox 633 2185 642 2202; x_wconf 81' lang='grc' dir='ltr'><strong><em>ι</em></strong></span> <span class='ocrx_word' id='word_1_355' title='bbox 654 2183 720 2211; x_wconf 81' lang='lat' dir='ltr'><strong>ergo</strong></span> <span class='ocrx_word' id='word_1_356' title='bbox 732 2175 906 2203; x_wconf 83' lang='lat' dir='ltr'><strong>Valentinum</strong></span> 
     </span>
    </p>
   </div>
   <div class='ocr_carea' id='block_1_48' title="bbox 938 242 1735 279">
    <p class='ocr_par' dir='ltr' id='par_1_48' title="bbox 938 242 1735 279">
     <span class='ocr_line' id='line_1_48' title="bbox 938 242 1735 279; baseline 0.003 -9"><span class='ocrx_word' id='word_1_357' title='bbox 938 242 1028 270; x_wconf 90' lang='lat' dir='ltr'><strong>Prima</strong></span> <span class='ocrx_word' id='word_1_358' title='bbox 1056 248 1138 271; x_wconf 81' lang='lat' dir='ltr'><strong>tetras</strong></span> <span class='ocrx_word' id='word_1_359' title='bbox 1166 252 1199 271; x_wconf 90' lang='lat' dir='ltr'><strong>ex</strong></span> <span class='ocrx_word' id='word_1_360' title='bbox 1219 244 1286 279; x_wconf 90' lang='lat' dir='ltr'><strong>ipsis</strong></span> <span class='ocrx_word' id='word_1_361' title='bbox 1305 244 1552 273; x_wconf 84' lang='lat' dir='ltr'><strong>Valentinianorum</strong></span> <span class='ocrx_word' id='word_1_362' title='bbox 1572 245 1652 272; x_wconf 82' lang='lat' dir='ltr'><strong>libris</strong></span> <span class='ocrx_word' id='word_1_363' title='bbox 1678 244 1735 272; x_wconf 82' lang='lat' dir='ltr'><strong>de-</strong></span> 
     </span>
    </p>
   </div>
   <div class='ocr_carea' id='block_1_49' title="bbox 938 289 1733 326">
    <p class='ocr_par' dir='ltr' id='par_1_49' title="bbox 938 289 1733 326">
     <span class='ocr_line' id='line_1_49' title="bbox 938 289 1733 326; baseline 0.001 -10"><span class='ocrx_word' id='word_1_364' title='bbox 938 294 1046 324; x_wconf 85' lang='lat' dir='ltr'><strong>sumpta</strong></span> <span class='ocrx_word' id='word_1_365' title='bbox 1064 290 1135 324; x_wconf 90' lang='lat' dir='ltr'><strong>apud</strong></span> <span class='ocrx_word' id='word_1_366' title='bbox 1154 289 1336 325; x_wconf 87' lang='lat' dir='ltr'><strong>Epiphanium</strong></span> <span class='ocrx_word' id='word_1_367' title='bbox 1355 291 1413 319; x_wconf 59' lang='lat' dir='ltr'><strong>haec</strong></span> <span class='ocrx_word' id='word_1_368' title='bbox 1436 296 1494 324; x_wconf 87' lang='lat' dir='ltr'><strong>est,</strong></span> <span class='ocrx_word' id='word_1_369' title='bbox 1515 291 1618 324; x_wconf 82' lang='grc' dir='ltr'>Βυθδς,</span> <span class='ocrx_word' id='word_1_370' title='bbox 1638 291 1710 326; x_wconf 84' lang='grc' dir='ltr'><strong>Σιγή</strong></span> <span class='ocrx_word' id='word_1_371' title='bbox 1724 311 1733 323; x_wconf 87' lang='grc'><strong>,</strong></span> 
     </span>
    </p>
   </div>
   <div class='ocr_carea' id='block_1_50' title="bbox 939 334 1735 371">
    <p class='ocr_par' dir='ltr' id='par_1_50' title="bbox 939 334 1735 371">
     <span class='ocr_line' id='line_1_50' title="bbox 939 334 1735 371; baseline 0.001 -10"><span class='ocrx_word' id='word_1_372' title='bbox 939 334 1044 371; x_wconf 84' lang='grc' dir='ltr'>Πατὴρ,</span> <span class='ocrx_word' id='word_1_373' title='bbox 1062 334 1196 370; x_wconf 80' lang='grc' dir='ltr'><strong>Ἀλήθεια,</strong></span> <span class='ocrx_word' id='word_1_374' title='bbox 1211 336 1258 363; x_wconf 88' lang='lat' dir='ltr'><strong>ubi</strong></span> <span class='ocrx_word' id='word_1_375' title='bbox 1270 343 1304 364; x_wconf 88' lang='lat' dir='ltr'><strong>ex</strong></span> <span class='ocrx_word' id='word_1_376' title='bbox 1317 336 1396 364; x_wconf 86' lang='lat' dir='ltr'><strong>Patre</strong></span> <span class='ocrx_word' id='word_1_377' title='bbox 1407 341 1436 365; x_wconf 93' lang='lat' dir='ltr'><strong>et</strong></span> <span class='ocrx_word' id='word_1_378' title='bbox 1448 336 1568 364; x_wconf 81' lang='lat' dir='ltr'><strong>Veritate</strong></span> <span class='ocrx_word' id='word_1_379' title='bbox 1580 342 1735 371; x_wconf 82' lang='lat' dir='ltr'><strong>generatur</strong></span> 
     </span>
    </p>
   </div>
   <div class='ocr_carea' id='block_1_51' title="bbox 943 380 1743 418">
    <p class='ocr_par' dir='ltr' id='par_1_51' title="bbox 943 380 1743 418">
     <span class='ocr_line' id='line_1_51' title="bbox 943 380 1743 418; baseline -0.005 -8"><span class='ocrx_word' id='word_1_380' title='bbox 943 381 1043 418; x_wconf 88' lang='lat' dir='ltr'><strong>Logos.</strong></span> <span class='ocrx_word' id='word_1_381' title='bbox 1059 381 1149 409; x_wconf 82' lang='lat' dir='ltr'><strong>Exirit</strong></span> <span class='ocrx_word' id='word_1_382' title='bbox 1163 382 1246 417; x_wconf 88' lang='lat' dir='ltr'><strong>igitur</strong></span> <span class='ocrx_word' id='word_1_383' title='bbox 1254 381 1343 416; x_wconf 87' lang='lat' dir='ltr'><strong>Logos</strong></span> <span class='ocrx_word' id='word_1_384' title='bbox 1358 381 1508 408; x_wconf 90' lang='lat' dir='ltr'><strong>secundum</strong></span> <span class='ocrx_word' id='word_1_385' title='bbox 1524 380 1743 407; x_wconf 69' lang='lat' dir='ltr'><strong>Valentinianos</strong></span> 
     </span>
    </p>
   </div>
   <div class='ocr_carea' id='block_1_52' title="bbox 944 426 1745 464">
    <p class='ocr_par' dir='ltr' id='par_1_52' title="bbox 944 426 1745 464">
     <span class='ocr_line' id='line_1_52' title="bbox 944 426 1745 464; baseline -0.004 -8"><span class='ocrx_word' id='word_1_386' title='bbox 944 436 1000 456; x_wconf 92' lang='lat' dir='ltr'><strong>non</strong></span> <span class='ocrx_word' id='word_1_387' title='bbox 1016 436 1032 455; x_wconf 90' lang='lat' dir='ltr'><strong>a</strong></span> <span class='ocrx_word' id='word_1_388' title='bbox 1049 427 1121 464; x_wconf 86' lang='lat' dir='ltr'><strong>Sige,</strong></span> <span class='ocrx_word' id='word_1_389' title='bbox 1138 428 1185 456; x_wconf 89' lang='lat' dir='ltr'><strong>sed</strong></span> <span class='ocrx_word' id='word_1_390' title='bbox 1203 435 1218 455; x_wconf 89' lang='lat' dir='ltr'><strong>a</strong></span> <span class='ocrx_word' id='word_1_391' title='bbox 1240 427 1331 455; x_wconf 88' lang='lat' dir='ltr'><strong>Patre.</strong></span> <span class='ocrx_word' id='word_1_392' title='bbox 1346 426 1436 460; x_wconf 88' lang='lat' dir='ltr'><strong>Quare</strong></span> <span class='ocrx_word' id='word_1_393' title='bbox 1455 427 1477 454; x_wconf 89' lang='lat' dir='ltr'><strong>si</strong></span> <span class='ocrx_word' id='word_1_394' title='bbox 1496 431 1593 454; x_wconf 87' lang='lat' dir='ltr'><strong>auctor</strong></span> <span class='ocrx_word' id='word_1_395' title='bbox 1609 426 1745 461; x_wconf 70' lang='lat' dir='ltr'><strong>epistolae</strong></span> 
     </span>
    </p>
   </div>
   <div class='ocr_carea' id='block_1_53' title="bbox 945 473 1744 507">
    <p class='ocr_par' dir='ltr' id='par_1_53' title="bbox 945 473 1744 507">
     <span class='ocr_line' id='line_1_53' title="bbox 945 473 1744 507; baseline -0.004 -6"><span class='ocrx_word' id='word_1_396' title='bbox 945 474 1008 502; x_wconf 89' lang='lat' dir='ltr'><strong>illos</strong></span> <span class='ocrx_word' id='word_1_397' title='bbox 1035 474 1179 502; x_wconf 71' lang='lat' dir='ltr'><strong>haereticos</strong></span> <span class='ocrx_word' id='word_1_398' title='bbox 1196 474 1223 500; x_wconf 95' lang='lat' dir='ltr'><strong>in</strong></span> <span class='ocrx_word' id='word_1_399' title='bbox 1244 473 1338 501; x_wconf 88' lang='lat' dir='ltr'><strong>animo</strong></span> <span class='ocrx_word' id='word_1_400' title='bbox 1355 473 1507 504; x_wconf 76' lang='lat' dir='ltr'><strong>habuisset,</strong></span> <span class='ocrx_word' id='word_1_401' title='bbox 1525 480 1666 507; x_wconf 86' lang='lat' dir='ltr'><strong>nunquam</strong></span> <span class='ocrx_word' id='word_1_402' title='bbox 1684 479 1744 498; x_wconf 84' lang='lat' dir='ltr'><strong>ne-</strong></span> 
     </span>
    </p>
   </div>
   <div class='ocr_carea' id='block_1_54' title="bbox 945 518 1745 555">
    <p class='ocr_par' dir='ltr' id='par_1_54' title="bbox 945 518 1745 555">
     <span class='ocr_line' id='line_1_54' title="bbox 945 518 1745 555; baseline -0.004 -7"><span class='ocrx_word' id='word_1_403' title='bbox 945 524 1036 555; x_wconf 85' lang='lat' dir='ltr'><strong>gasset</strong></span> <span class='ocrx_word' id='word_1_404' title='bbox 1049 519 1122 555; x_wconf 89' lang='lat' dir='ltr'><strong>quod</strong></span> <span class='ocrx_word' id='word_1_405' title='bbox 1137 520 1176 547; x_wconf 90' lang='lat' dir='ltr'><strong>illi</strong></span> <span class='ocrx_word' id='word_1_406' title='bbox 1193 527 1248 547; x_wconf 92' lang='lat' dir='ltr'><strong>non</strong></span> <span class='ocrx_word' id='word_1_407' title='bbox 1261 519 1445 552; x_wconf 78' lang='lat' dir='ltr'><strong>aﬂirmarunt;</strong></span> <span class='ocrx_word' id='word_1_408' title='bbox 1462 526 1605 554; x_wconf 87' lang='lat' dir='ltr'><strong>nunquam</strong></span> <span class='ocrx_word' id='word_1_409' title='bbox 1617 518 1745 546; x_wconf 76' lang='lat' dir='ltr'><strong>dixisset</strong></span> 
     </span>
    </p>
   </div>
   <div class='ocr_carea' id='block_1_55' title="bbox 945 565 1225 601">
    <p class='ocr_par' dir='ltr' id='par_1_55' title="bbox 945 565 1225 601">
     <span class='ocr_line' id='line_1_55' title="bbox 945 565 1225 601; baseline 0 -9"><span class='ocrx_word' id='word_1_410' title='bbox 945 566 1018 601; x_wconf 86' lang='lat' dir='ltr'><strong>quod</strong></span> <span class='ocrx_word' id='word_1_411' title='bbox 1034 565 1073 592; x_wconf 92' lang='lat' dir='ltr'><strong>illi</strong></span> <span class='ocrx_word' id='word_1_412' title='bbox 1087 566 1225 593; x_wconf 89' lang='lat' dir='ltr'><strong>dixerunt.</strong></span> 
     </span>
    </p>
   </div>
   <div class='ocr_carea' id='block_1_56' title="bbox 983 609 1745 644">
    <p class='ocr_par' dir='ltr' id='par_1_56' title="bbox 983 609 1745 644">
     <span class='ocr_line' id='line_1_56' title="bbox 983 609 1745 644; baseline -0.005 -4"><span class='ocrx_word' id='word_1_413' title='bbox 983 611 1036 640; x_wconf 85' lang='lat' dir='ltr'><strong>Sed</strong></span> <span class='ocrx_word' id='word_1_414' title='bbox 1053 612 1077 640; x_wconf 89' lang='lat' dir='ltr'><strong>si</strong></span> <span class='ocrx_word' id='word_1_415' title='bbox 1092 611 1267 640; x_wconf 87' lang='lat' dir='ltr'><strong>Valentinum</strong></span> <span class='ocrx_word' id='word_1_416' title='bbox 1282 619 1336 639; x_wconf 90' lang='lat' dir='ltr'><strong>non</strong></span> <span class='ocrx_word' id='word_1_417' title='bbox 1350 610 1443 644; x_wconf 78' lang='lat' dir='ltr'><strong>feriat,</strong></span> <span class='ocrx_word' id='word_1_418' title='bbox 1454 617 1516 638; x_wconf 81' lang='lat' dir='ltr'><strong>cum</strong></span> <span class='ocrx_word' id='word_1_419' title='bbox 1535 610 1610 637; x_wconf 72' lang='lat' dir='ltr'><strong>exire</strong></span> <span class='ocrx_word' id='word_1_420' title='bbox 1624 617 1639 636; x_wconf 88' lang='lat' dir='ltr'><strong>a</strong></span> <span class='ocrx_word' id='word_1_421' title='bbox 1653 609 1745 636; x_wconf 77' lang='lat' dir='ltr'><strong>Patro</strong></span> 
     </span>
    </p>
   </div>
   <div class='ocr_carea' id='block_1_57' title="bbox 946 655 1745 693">
    <p class='ocr_par' dir='ltr' id='par_1_57' title="bbox 946 655 1745 693">
     <span class='ocr_line' id='line_1_57' title="bbox 946 655 1745 693; baseline -0.004 -8"><span class='ocrx_word' id='word_1_422' title='bbox 946 659 1052 693; x_wconf 88' lang='lat' dir='ltr'><strong>scribit,</strong></span> <span class='ocrx_word' id='word_1_423' title='bbox 1067 659 1100 686; x_wconf 85' lang='lat' dir='ltr'><strong>ad</strong></span> <span class='ocrx_word' id='word_1_424' title='bbox 1122 667 1184 686; x_wconf 88' lang='lat' dir='ltr'><strong>eum</strong></span> <span class='ocrx_word' id='word_1_425' title='bbox 1204 663 1279 687; x_wconf 88' lang='lat' dir='ltr'><strong>certe</strong></span> <span class='ocrx_word' id='word_1_426' title='bbox 1296 657 1435 690; x_wconf 87' lang='lat' dir='ltr'><strong>collineat,</strong></span> <span class='ocrx_word' id='word_1_427' title='bbox 1451 657 1522 692; x_wconf 85' lang='lat' dir='ltr'><strong>quod</strong></span> <span class='ocrx_word' id='word_1_428' title='bbox 1538 664 1571 683; x_wconf 90' lang='lat' dir='ltr'><strong>ex</strong></span> <span class='ocrx_word' id='word_1_429' title='bbox 1585 663 1642 683; x_wconf 88' lang='lat' dir='ltr'><strong>uno</strong></span> <span class='ocrx_word' id='word_1_430' title='bbox 1656 655 1745 682; x_wconf 85' lang='lat' dir='ltr'><strong>Patre</strong></span> 
     </span>
    </p>
   </div>
   <div class='ocr_carea' id='block_1_58' title="bbox 945 701 1744 738">
    <p class='ocr_par' dir='ltr' id='par_1_58' title="bbox 945 701 1744 738">
     <span class='ocr_line' id='line_1_58' title="bbox 945 701 1744 738; baseline -0.006 -6"><span class='ocrx_word' id='word_1_431' title='bbox 945 705 1021 733; x_wconf 84' lang='lat' dir='ltr'><strong>exire</strong></span> <span class='ocrx_word' id='word_1_432' title='bbox 1041 705 1125 733; x_wconf 86' lang='lat' dir='ltr'><strong>dicat.</strong></span> <span class='ocrx_word' id='word_1_433' title='bbox 1141 705 1253 733; x_wconf 83' lang='lat' dir='ltr'><strong>Minime</strong></span> <span class='ocrx_word' id='word_1_434' title='bbox 1271 712 1354 738; x_wconf 80' lang='lat' dir='ltr'><strong>vero;</strong></span> <span class='ocrx_word' id='word_1_435' title='bbox 1370 710 1425 731; x_wconf 85' lang='lat' dir='ltr'><strong>non</strong></span> <span class='ocrx_word' id='word_1_436' title='bbox 1438 703 1510 730; x_wconf 88' lang='lat' dir='ltr'><strong>enim</strong></span> <span class='ocrx_word' id='word_1_437' title='bbox 1529 702 1624 730; x_wconf 90' lang='lat' dir='ltr'><strong>docuit</strong></span> <span class='ocrx_word' id='word_1_438' title='bbox 1636 701 1744 728; x_wconf 85' lang='lat' dir='ltr'><strong>Valen-</strong></span> 
     </span>
    </p>
   </div>
   <div class='ocr_carea' id='block_1_59' title="bbox 946 749 1742 787">
    <p class='ocr_par' dir='ltr' id='par_1_59' title="bbox 946 749 1742 787">
     <span class='ocr_line' id='line_1_59' title="bbox 946 749 1742 787; baseline -0.004 -10"><span class='ocrx_word' id='word_1_439' title='bbox 946 750 1021 778; x_wconf 83' lang='lat' dir='ltr'><strong>tinus</strong></span> <span class='ocrx_word' id='word_1_440' title='bbox 1047 751 1140 787; x_wconf 87' lang='lat' dir='ltr'><strong>Logon</strong></span> <span class='ocrx_word' id='word_1_441' title='bbox 1164 759 1197 778; x_wconf 91' lang='lat' dir='ltr'><strong>ex</strong></span> <span class='ocrx_word' id='word_1_442' title='bbox 1220 750 1346 786; x_wconf 82' lang='lat' dir='ltr'><strong>pluribus</strong></span> <span class='ocrx_word' id='word_1_443' title='bbox 1369 749 1494 786; x_wconf 86' lang='lat' dir='ltr'><strong>patribus</strong></span> <span class='ocrx_word' id='word_1_444' title='bbox 1519 749 1630 776; x_wconf 88' lang='lat' dir='ltr'><strong>exiisse.</strong></span> <span class='ocrx_word' id='word_1_445' title='bbox 1654 757 1664 774; x_wconf 74' lang='grc' dir='ltr'>ι</span> <span class='ocrx_word' id='word_1_446' title='bbox 1690 749 1742 780; x_wconf 79' lang='lat' dir='ltr'><strong>At,</strong></span> 
     </span>
    </p>
   </div>
   <div class='ocr_carea' id='block_1_60' title="bbox 947 795 1744 834">
    <p class='ocr_par' dir='ltr' id='par_1_60' title="bbox 947 795 1744 834">
     <span class='ocr_line' id='line_1_60' title="bbox 947 795 1744 834; baseline -0.005 -9"><span class='ocrx_word' id='word_1_447' title='bbox 947 799 1049 834; x_wconf 89' lang='lat' dir='ltr'><strong>inquit,</strong></span> <span class='ocrx_word' id='word_1_448' title='bbox 1064 805 1119 826; x_wconf 90' lang='lat' dir='ltr'><strong>non</strong></span> <span class='ocrx_word' id='word_1_449' title='bbox 1136 798 1206 826; x_wconf 87' lang='lat' dir='ltr'><strong>dixit</strong></span> <span class='ocrx_word' id='word_1_450' title='bbox 1219 798 1254 825; x_wconf 92' lang='lat' dir='ltr'><strong>ab</strong></span> <span class='ocrx_word' id='word_1_451' title='bbox 1268 805 1324 825; x_wconf 89' lang='lat' dir='ltr'><strong>uno</strong></span> <span class='ocrx_word' id='word_1_452' title='bbox 1346 802 1424 833; x_wconf 87' lang='lat' dir='ltr'><strong>patre</strong></span> <span class='ocrx_word' id='word_1_453' title='bbox 1442 796 1496 831; x_wconf 91' lang='lat' dir='ltr'><strong>Nu,</strong></span> <span class='ocrx_word' id='word_1_454' title='bbox 1513 795 1559 824; x_wconf 86' lang='lat' dir='ltr'><strong>sed</strong></span> <span class='ocrx_word' id='word_1_455' title='bbox 1575 800 1602 823; x_wconf 88' lang='lat' dir='ltr'><strong>et</strong></span> <span class='ocrx_word' id='word_1_456' title='bbox 1619 803 1634 822; x_wconf 91' lang='lat' dir='ltr'><strong>a</strong></span> <span class='ocrx_word' id='word_1_457' title='bbox 1649 799 1744 822; x_wconf 82' lang='lat' dir='ltr'><strong>matre</strong></span> 
     </span>
    </p>
   </div>
   <div class='ocr_carea' id='block_1_61' title="bbox 946 840 1743 878">
    <p class='ocr_par' dir='ltr' id='par_1_61' title="bbox 946 840 1743 878">
     <span class='ocr_line' id='line_1_61' title="bbox 946 840 1743 878; baseline -0.008 -5"><span class='ocrx_word' id='word_1_458' title='bbox 946 846 1080 873; x_wconf 82' lang='lat' dir='ltr'><strong>Aletheia.</strong></span> <span class='ocrx_word' id='word_1_459' title='bbox 1102 854 1111 871; x_wconf 76' lang='grc' dir='ltr'>ι</span> <span class='ocrx_word' id='word_1_460' title='bbox 1132 844 1297 872; x_wconf 65' lang='lat' dir='ltr'><strong>Praeclarum</strong></span> <span class='ocrx_word' id='word_1_461' title='bbox 1316 844 1457 872; x_wconf 86' lang='lat' dir='ltr'><strong>enimvero</strong></span> <span class='ocrx_word' id='word_1_462' title='bbox 1470 842 1681 878; x_wconf 77' lang='lat' dir='ltr'><strong>argumentum!</strong></span> <span class='ocrx_word' id='word_1_463' title='bbox 1694 840 1743 868; x_wconf 81' lang='lat' dir='ltr'><strong>An</strong></span> 
     </span>
    </p>
   </div>
   <div class='ocr_carea' id='block_1_62' title="bbox 946 888 1744 924">
    <p class='ocr_par' dir='ltr' id='par_1_62' title="bbox 946 888 1744 924">
     <span class='ocr_line' id='line_1_62' title="bbox 946 888 1744 924; baseline -0.008 -5"><span class='ocrx_word' id='word_1_464' title='bbox 946 899 980 920; x_wconf 90' lang='lat' dir='ltr'><strong>eo</strong></span> <span class='ocrx_word' id='word_1_465' title='bbox 995 891 1087 919; x_wconf 89' lang='lat' dir='ltr'><strong>minus</strong></span> <span class='ocrx_word' id='word_1_466' title='bbox 1110 895 1170 918; x_wconf 89' lang='lat' dir='ltr'><strong>erat</strong></span> <span class='ocrx_word' id='word_1_467' title='bbox 1190 898 1224 918; x_wconf 82' lang='lat' dir='ltr'><strong>ex</strong></span> <span class='ocrx_word' id='word_1_468' title='bbox 1243 898 1299 918; x_wconf 85' lang='lat' dir='ltr'><strong>uno</strong></span> <span class='ocrx_word' id='word_1_469' title='bbox 1318 889 1410 923; x_wconf 86' lang='lat' dir='ltr'><strong>Patre,</strong></span> <span class='ocrx_word' id='word_1_470' title='bbox 1423 890 1495 924; x_wconf 88' lang='lat' dir='ltr'><strong>quod</strong></span> <span class='ocrx_word' id='word_1_471' title='bbox 1512 892 1585 916; x_wconf 82' lang='lat' dir='ltr'><strong>esset</strong></span> <span class='ocrx_word' id='word_1_472' title='bbox 1599 888 1684 914; x_wconf 86' lang='lat' dir='ltr'><strong>etiam</strong></span> <span class='ocrx_word' id='word_1_473' title='bbox 1703 894 1744 913; x_wconf 71' lang='lat' dir='ltr'><strong>ex</strong></span> 
     </span>
    </p>
   </div>
   <div class='ocr_carea' id='block_1_63' title="bbox 946 932 1742 973">
    <p class='ocr_par' dir='ltr' id='par_1_63' title="bbox 946 932 1742 973">
     <span class='ocr_line' id='line_1_63' title="bbox 946 932 1742 973; baseline -0.01 -6"><span class='ocrx_word' id='word_1_474' title='bbox 946 939 1050 967; x_wconf 74' lang='lat' dir='ltr'><strong>matre?</strong></span> <span class='ocrx_word' id='word_1_475' title='bbox 1060 938 1098 966; x_wconf 88' lang='lat' dir='ltr'><strong>De</strong></span> <span class='ocrx_word' id='word_1_476' title='bbox 1111 937 1269 973; x_wconf 87' lang='lat' dir='ltr'><strong>posteritate</strong></span> <span class='ocrx_word' id='word_1_477' title='bbox 1281 936 1430 964; x_wconf 83' lang='lat' dir='ltr'><strong>Abrahami</strong></span> <span class='ocrx_word' id='word_1_478' title='bbox 1443 934 1590 970; x_wconf 84' lang='lat' dir='ltr'><strong>Apostolus</strong></span> <span class='ocrx_word' id='word_1_479' title='bbox 1607 932 1742 965; x_wconf 82' lang='lat' dir='ltr'><strong>llebr.xr,</strong></span> 
     </span>
    </p>
   </div>
   <div class='ocr_carea' id='block_1_64' title="bbox 947 976 1744 1018">
    <p class='ocr_par' dir='ltr' id='par_1_64' title="bbox 947 976 1744 1018">
     <span class='ocr_line' id='line_1_64' title="bbox 947 976 1744 1018; baseline -0.014 -6"><span class='ocrx_word' id='word_1_480' title='bbox 947 985 981 1012; x_wconf 71' lang='grc'><strong>12</strong></span> <span class='ocrx_word' id='word_1_481' title='bbox 999 993 1007 1012; x_wconf 90' lang='lat'><strong>:</strong></span> <span class='ocrx_word' id='word_1_482' title='bbox 1023 984 1071 1011; x_wconf 87' lang='grc' dir='ltr'><strong>Διὸ</strong></span> <span class='ocrx_word' id='word_1_483' title='bbox 1082 983 1132 1018; x_wconf 71' lang='grc' dir='ltr'><strong>ἀφ’</strong></span> <span class='ocrx_word' id='word_1_484' title='bbox 1153 982 1223 1015; x_wconf 79' lang='grc' dir='ltr'><strong>ἑνὸς</strong></span> <span class='ocrx_word' id='word_1_485' title='bbox 1241 981 1440 1017; x_wconf 76' lang='grc' dir='ltr'><strong>ἐγενήθησαν,</strong></span> <span class='ocrx_word' id='word_1_486' title='bbox 1453 979 1566 1013; x_wconf 81' lang='lat' dir='ltr'><strong>Propter</strong></span> <span class='ocrx_word' id='word_1_487' title='bbox 1575 977 1645 1012; x_wconf 82' lang='lat' dir='ltr'><strong>quod</strong></span> <span class='ocrx_word' id='word_1_488' title='bbox 1660 982 1685 1003; x_wconf 75' lang='lat' dir='ltr'><strong>et</strong></span> <span class='ocrx_word' id='word_1_489' title='bbox 1705 976 1744 1002; x_wconf 85' lang='lat' dir='ltr'><strong>ab</strong></span> 
     </span>
    </p>
   </div>
   <div class='ocr_carea' id='block_1_65' title="bbox 946 1024 1744 1064">
    <p class='ocr_par' dir='ltr' id='par_1_65' title="bbox 946 1024 1744 1064">
     <span class='ocr_line' id='line_1_65' title="bbox 946 1024 1744 1064; baseline -0.011 -5"><span class='ocrx_word' id='word_1_490' title='bbox 946 1040 999 1060; x_wconf 82' lang='lat' dir='ltr'><strong>uno</strong></span> <span class='ocrx_word' id='word_1_491' title='bbox 1012 1031 1064 1058; x_wconf 81' lang='lat' dir='ltr'><strong>orti</strong></span> <span class='ocrx_word' id='word_1_492' title='bbox 1083 1035 1155 1058; x_wconf 73' lang='lat' dir='ltr'><strong>sunt.</strong></span> <span class='ocrx_word' id='word_1_493' title='bbox 1175 1029 1234 1056; x_wconf 91' lang='lat' dir='ltr'><strong>Non</strong></span> <span class='ocrx_word' id='word_1_494' title='bbox 1250 1028 1334 1064; x_wconf 82' lang='lat' dir='ltr'><strong>igitur</strong></span> <span class='ocrx_word' id='word_1_495' title='bbox 1346 1027 1501 1055; x_wconf 87' lang='lat' dir='ltr'><strong>habuerunt</strong></span> <span class='ocrx_word' id='word_1_496' title='bbox 1513 1030 1629 1053; x_wconf 86' lang='lat' dir='ltr'><strong>matrem</strong></span> <span class='ocrx_word' id='word_1_497' title='bbox 1644 1024 1692 1059; x_wconf 85' lang='lat' dir='ltr'><strong>qui</strong></span> <span class='ocrx_word' id='word_1_498' title='bbox 1704 1024 1744 1050; x_wconf 90' lang='lat' dir='ltr'><strong>ab</strong></span> 
     </span>
    </p>
   </div>
   <div class='ocr_carea' id='block_1_66' title="bbox 946 1072 1742 1109">
    <p class='ocr_par' dir='ltr' id='par_1_66' title="bbox 946 1072 1742 1109">
     <span class='ocr_line' id='line_1_66' title="bbox 946 1072 1742 1109; baseline -0.011 -4"><span class='ocrx_word' id='word_1_499' title='bbox 946 1078 1102 1105; x_wconf 83' lang='lat' dir='ltr'><strong>Abrahamo</strong></span> <span class='ocrx_word' id='word_1_500' title='bbox 1114 1075 1333 1104; x_wconf 74' lang='lat' dir='ltr'><strong>descenderant?</strong></span> <span class='ocrx_word' id='word_1_501' title='bbox 1346 1078 1394 1102; x_wconf 88' lang='lat' dir='ltr'><strong>aut</strong></span> <span class='ocrx_word' id='word_1_502' title='bbox 1409 1073 1473 1109; x_wconf 89' lang='lat' dir='ltr'><strong>quia</strong></span> <span class='ocrx_word' id='word_1_503' title='bbox 1487 1073 1520 1099; x_wconf 81' lang='lat' dir='ltr'><strong>ab</strong></span> <span class='ocrx_word' id='word_1_504' title='bbox 1534 1081 1586 1099; x_wconf 82' lang='lat' dir='ltr'><strong>una</strong></span> <span class='ocrx_word' id='word_1_505' title='bbox 1599 1072 1652 1098; x_wconf 82' lang='lat' dir='ltr'><strong>orti</strong></span> <span class='ocrx_word' id='word_1_506' title='bbox 1663 1075 1742 1102; x_wconf 75' lang='lat' dir='ltr'><strong>sunt,</strong></span> 
     </span>
    </p>
   </div>
   <div class='ocr_carea' id='block_1_67' title="bbox 947 1117 1744 1160">
    <p class='ocr_par' dir='ltr' id='par_1_67' title="bbox 947 1117 1744 1160">
     <span class='ocr_line' id='line_1_67' title="bbox 947 1117 1744 1160; baseline -0.01 -10"><span class='ocrx_word' id='word_1_507' title='bbox 947 1131 1028 1151; x_wconf 88' lang='lat' dir='ltr'><strong>avum</strong></span> <span class='ocrx_word' id='word_1_508' title='bbox 1054 1128 1101 1160; x_wconf 73' lang='lat' dir='ltr'><strong>aut</strong></span> <span class='ocrx_word' id='word_1_509' title='bbox 1115 1123 1204 1149; x_wconf 87' lang='lat' dir='ltr'><strong>aviam</strong></span> <span class='ocrx_word' id='word_1_510' title='bbox 1217 1121 1319 1148; x_wconf 86' lang='lat' dir='ltr'><strong>habere</strong></span> <span class='ocrx_word' id='word_1_511' title='bbox 1337 1127 1393 1148; x_wconf 87' lang='lat' dir='ltr'><strong>non</strong></span> <span class='ocrx_word' id='word_1_512' title='bbox 1408 1119 1573 1155; x_wconf 82' lang='lat' dir='ltr'><strong>potuerunt?</strong></span> <span class='ocrx_word' id='word_1_513' title='bbox 1587 1117 1744 1144; x_wconf 81' lang='lat' dir='ltr'><strong>Nazianze-</strong></span> 
     </span>
    </p>
   </div>
   <div class='ocr_carea' id='block_1_68' title="bbox 948 1163 1743 1200">
    <p class='ocr_par' dir='ltr' id='par_1_68' title="bbox 948 1163 1743 1200">
     <span class='ocr_line' id='line_1_68' title="bbox 948 1163 1743 1200; baseline -0.011 -3"><span class='ocrx_word' id='word_1_514' title='bbox 948 1177 1002 1198; x_wconf 94' lang='lat' dir='ltr'><strong>nus</strong></span> <span class='ocrx_word' id='word_1_515' title='bbox 1016 1163 1085 1196; x_wconf 81' lang='lat' dir='ltr'><strong>orat.</strong></span> <span class='ocrx_word' id='word_1_516' title='bbox 1101 1168 1113 1194; x_wconf 83' lang='lat' dir='ltr'><strong>l</strong></span> <span class='ocrx_word' id='word_1_517' title='bbox 1134 1168 1171 1195; x_wconf 84' lang='lat' dir='ltr'><strong>De</strong></span> <span class='ocrx_word' id='word_1_518' title='bbox 1187 1166 1307 1194; x_wconf 83' lang='lat' dir='ltr'><strong>Adamo:</strong></span> <span class='ocrx_word' id='word_1_519' title='bbox 1320 1166 1415 1193; x_wconf 81' lang='grc' dir='ltr'>Πάντα</span> <span class='ocrx_word' id='word_1_520' title='bbox 1431 1165 1503 1200; x_wconf 82' lang='grc' dir='ltr'>ὑπὲρ</span> <span class='ocrx_word' id='word_1_521' title='bbox 1515 1164 1625 1190; x_wconf 85' lang='grc' dir='ltr'>πάντων</span> <span class='ocrx_word' id='word_1_522' title='bbox 1641 1164 1683 1194; x_wconf 81' lang='grc' dir='ltr'><strong>εἰς</strong></span> <span class='ocrx_word' id='word_1_523' title='bbox 1698 1163 1743 1194; x_wconf 82' lang='grc' dir='ltr'>ἓν,</span> 
     </span>
    </p>
   </div>
   <div class='ocr_carea' id='block_1_69' title="bbox 948 1209 1743 1250">
    <p class='ocr_par' dir='ltr' id='par_1_69' title="bbox 948 1209 1743 1250">
     <span class='ocr_line' id='line_1_69' title="bbox 948 1209 1743 1250; baseline -0.01 -7"><span class='ocrx_word' id='word_1_524' title='bbox 948 1216 995 1243; x_wconf 78' lang='grc' dir='ltr'>καὶ</span> <span class='ocrx_word' id='word_1_525' title='bbox 1011 1215 1082 1250; x_wconf 83' lang='grc' dir='ltr'>ὑπὲρ</span> <span class='ocrx_word' id='word_1_526' title='bbox 1100 1214 1158 1245; x_wconf 77' lang='grc' dir='ltr'>ἑνὸς</span> <span class='ocrx_word' id='word_1_527' title='bbox 1173 1213 1220 1240; x_wconf 85' lang='grc' dir='ltr'>τοῦ</span> <span class='ocrx_word' id='word_1_528' title='bbox 1238 1212 1419 1249; x_wconf 82' lang='grc' dir='ltr'>προπάτορος.</span> <span class='ocrx_word' id='word_1_529' title='bbox 1437 1210 1512 1243; x_wconf 71' lang='lat' dir='ltr'><strong>Erat,</strong></span> <span class='ocrx_word' id='word_1_530' title='bbox 1538 1210 1646 1238; x_wconf 86' lang='lat' dir='ltr'><strong>scilicet</strong></span> <span class='ocrx_word' id='word_1_531' title='bbox 1663 1209 1743 1236; x_wconf 81' lang='lat' dir='ltr'><strong>Ada-</strong></span> 
     </span>
    </p>
   </div>
   <div class='ocr_carea' id='block_1_70' title="bbox 949 1255 1744 1294">
    <p class='ocr_par' dir='ltr' id='par_1_70' title="bbox 949 1255 1744 1294">
     <span class='ocr_line' id='line_1_70' title="bbox 949 1255 1744 1294; baseline -0.011 -5"><span class='ocrx_word' id='word_1_532' title='bbox 949 1269 1021 1294; x_wconf 88' lang='lat' dir='ltr'><strong>mus,</strong></span> <span class='ocrx_word' id='word_1_533' title='bbox 1045 1268 1116 1287; x_wconf 88' lang='lat' dir='ltr'><strong>unus</strong></span> <span class='ocrx_word' id='word_1_534' title='bbox 1137 1260 1181 1286; x_wconf 90' lang='lat' dir='ltr'><strong>ille</strong></span> <span class='ocrx_word' id='word_1_535' title='bbox 1195 1263 1325 1294; x_wconf 90' lang='lat' dir='ltr'><strong>propator</strong></span> <span class='ocrx_word' id='word_1_536' title='bbox 1345 1257 1456 1285; x_wconf 86' lang='lat' dir='ltr'><strong>humani</strong></span> <span class='ocrx_word' id='word_1_537' title='bbox 1473 1256 1592 1291; x_wconf 84' lang='lat' dir='ltr'><strong>generis,</strong></span> <span class='ocrx_word' id='word_1_538' title='bbox 1610 1255 1744 1290; x_wconf 84' lang='lat' dir='ltr'><strong>quamvis</strong></span> 
     </span>
    </p>
   </div>
   <div class='ocr_carea' id='block_1_71' title="bbox 948 1299 1749 1334">
    <p class='ocr_par' dir='ltr' id='par_1_71' title="bbox 948 1299 1749 1334">
     <span class='ocr_line' id='line_1_71' title="bbox 948 1299 1749 1334; baseline -0.01 0"><span class='ocrx_word' id='word_1_539' title='bbox 948 1307 1003 1334; x_wconf 85' lang='lat' dir='ltr'><strong>Eva</strong></span> <span class='ocrx_word' id='word_1_540' title='bbox 1030 1307 1112 1334; x_wconf 89' lang='lat' dir='ltr'><strong>etiam</strong></span> <span class='ocrx_word' id='word_1_541' title='bbox 1136 1305 1219 1332; x_wconf 77' lang='lat' dir='ltr'><strong>fuerit</strong></span> <span class='ocrx_word' id='word_1_542' title='bbox 1243 1309 1330 1331; x_wconf 87' lang='lat' dir='ltr'><strong>mater</strong></span> <span class='ocrx_word' id='word_1_543' title='bbox 1355 1303 1478 1330; x_wconf 91' lang='lat' dir='ltr'><strong>omnium</strong></span> <span class='ocrx_word' id='word_1_544' title='bbox 1493 1301 1652 1329; x_wconf 86' lang='lat' dir='ltr'><strong>viventium.</strong></span> <span class='ocrx_word' id='word_1_545' title='bbox 1671 1299 1749 1326; x_wconf 76' lang='lat' dir='ltr'><strong>Tam</strong></span> 
     </span>
    </p>
   </div>
   <div class='ocr_carea' id='block_1_72' title="bbox 949 1348 1745 1381">
    <p class='ocr_par' dir='ltr' id='par_1_72' title="bbox 949 1348 1745 1381">
     <span class='ocr_line' id='line_1_72' title="bbox 949 1348 1745 1381; baseline -0.009 -1"><span class='ocrx_word' id='word_1_546' title='bbox 949 1353 1028 1381; x_wconf 90' lang='lat' dir='ltr'><strong>malis</strong></span> <span class='ocrx_word' id='word_1_547' title='bbox 1044 1353 1141 1380; x_wconf 89' lang='lat' dir='ltr'><strong>avibus</strong></span> <span class='ocrx_word' id='word_1_548' title='bbox 1156 1352 1209 1379; x_wconf 92' lang='lat' dir='ltr'><strong>hoc</strong></span> <span class='ocrx_word' id='word_1_549' title='bbox 1223 1351 1284 1378; x_wconf 92' lang='lat' dir='ltr'><strong>loco</strong></span> <span class='ocrx_word' id='word_1_550' title='bbox 1303 1357 1371 1378; x_wconf 89' lang='lat' dir='ltr'><strong>usus</strong></span> <span class='ocrx_word' id='word_1_551' title='bbox 1382 1349 1425 1376; x_wconf 91' lang='lat' dir='ltr'><strong>vir</strong></span> <span class='ocrx_word' id='word_1_552' title='bbox 1436 1348 1612 1376; x_wconf 85' lang='lat' dir='ltr'><strong>doctissimus</strong></span> <span class='ocrx_word' id='word_1_553' title='bbox 1625 1353 1745 1381; x_wconf 84' lang='lat' dir='ltr'><strong>progre-</strong></span> 
     </span>
    </p>
   </div>
   <div class='ocr_carea' id='block_1_73' title="bbox 949 1391 1747 1432">
    <p class='ocr_par' dir='ltr' id='par_1_73' title="bbox 949 1391 1747 1432">
     <span class='ocr_line' id='line_1_73' title="bbox 949 1391 1747 1432; baseline -0.01 -6"><span class='ocrx_word' id='word_1_554' title='bbox 949 1400 1022 1427; x_wconf 89' lang='lat' dir='ltr'><strong>ditur</strong></span> <span class='ocrx_word' id='word_1_555' title='bbox 1035 1404 1137 1431; x_wconf 91' lang='lat' dir='ltr'><strong>tamen,</strong></span> <span class='ocrx_word' id='word_1_556' title='bbox 1152 1402 1179 1425; x_wconf 92' lang='lat' dir='ltr'><strong>et</strong></span> <span class='ocrx_word' id='word_1_557' title='bbox 1192 1401 1332 1432; x_wconf 86' lang='lat' dir='ltr'><strong>postrema</strong></span> <span class='ocrx_word' id='word_1_558' title='bbox 1347 1395 1430 1423; x_wconf 86' lang='lat' dir='ltr'><strong>etiam</strong></span> <span class='ocrx_word' id='word_1_559' title='bbox 1446 1393 1527 1421; x_wconf 88' lang='lat' dir='ltr'><strong>verba</strong></span> <span class='ocrx_word' id='word_1_560' title='bbox 1540 1392 1646 1430; x_wconf 79' lang='lat' dir='ltr'><strong>[.lesum</strong></span> <span class='ocrx_word' id='word_1_561' title='bbox 1660 1391 1747 1419; x_wconf 85' lang='lat' dir='ltr'><strong>Chri-</strong></span> 
     </span>
    </p>
   </div>
   <div class='ocr_carea' id='block_1_74' title="bbox 950 1440 1747 1476">
    <p class='ocr_par' dir='ltr' id='par_1_74' title="bbox 950 1440 1747 1476">
     <span class='ocr_line' id='line_1_74' title="bbox 950 1440 1747 1476; baseline -0.01 -4"><span class='ocrx_word' id='word_1_562' title='bbox 950 1450 1021 1473; x_wconf 86' lang='lat' dir='ltr'><strong>stum</strong></span> <span class='ocrx_word' id='word_1_563' title='bbox 1037 1445 1065 1472; x_wconf 92' lang='lat' dir='ltr'><strong>in</strong></span> <span class='ocrx_word' id='word_1_564' title='bbox 1077 1451 1172 1476; x_wconf 89' lang='lat' dir='ltr'><strong>unum,</strong></span> <span class='ocrx_word' id='word_1_565' title='bbox 1188 1442 1297 1470; x_wconf 84' lang='lat' dir='ltr'><strong>Patrem</strong></span> <span class='ocrx_word' id='word_1_566' title='bbox 1327 1442 1443 1474; x_wconf 87' lang='lat' dir='ltr'><strong>scilicet,</strong></span> <span class='ocrx_word' id='word_1_567' title='bbox 1456 1440 1588 1468; x_wconf 83' lang='lat' dir='ltr'><strong>exsistere</strong></span> <span class='ocrx_word' id='word_1_568' title='bbox 1602 1443 1630 1466; x_wconf 90' lang='lat' dir='ltr'><strong>et</strong></span> <span class='ocrx_word' id='word_1_569' title='bbox 1649 1445 1747 1465; x_wconf 65' lang='lat' dir='ltr'><strong>rever.</strong></span> 
     </span>
    </p>
   </div>
   <div class='ocr_carea' id='block_1_75' title="bbox 950 1484 1749 1526">
    <p class='ocr_par' dir='ltr' id='par_1_75' title="bbox 950 1484 1749 1526">
     <span class='ocr_line' id='line_1_75' title="bbox 950 1484 1749 1526; baseline -0.013 -7"><span class='ocrx_word' id='word_1_570' title='bbox 950 1500 1010 1520; x_wconf 88' lang='lat' dir='ltr'><strong>sum</strong></span> <span class='ocrx_word' id='word_1_571' title='bbox 1036 1490 1109 1526; x_wconf 90' lang='lat' dir='ltr'><strong>esse]</strong></span> <span class='ocrx_word' id='word_1_572' title='bbox 1137 1499 1147 1516; x_wconf 76' lang='grc' dir='ltr'><strong><em>ι</em></strong></span> <span class='ocrx_word' id='word_1_573' title='bbox 1164 1496 1220 1516; x_wconf 91' lang='lat' dir='ltr'><strong>non</strong></span> <span class='ocrx_word' id='word_1_574' title='bbox 1236 1488 1290 1515; x_wconf 89' lang='lat' dir='ltr'><strong>alio</strong></span> <span class='ocrx_word' id='word_1_575' title='bbox 1313 1495 1394 1523; x_wconf 88' lang='lat' dir='ltr'><strong>quam</strong></span> <span class='ocrx_word' id='word_1_576' title='bbox 1411 1487 1440 1514; x_wconf 93' lang='lat' dir='ltr'><strong>in</strong></span> <span class='ocrx_word' id='word_1_577' title='bbox 1458 1486 1583 1514; x_wconf 85' lang='lat' dir='ltr'><strong>ﬁctitium</strong></span> <span class='ocrx_word' id='word_1_578' title='bbox 1599 1484 1749 1511; x_wconf 70' lang='lat' dir='ltr'><strong>Valentini-</strong></span> 
     </span>
    </p>
   </div>
   <div class='ocr_carea' id='block_1_76' title="bbox 951 1529 1746 1568">
    <p class='ocr_par' dir='ltr' id='par_1_76' title="bbox 951 1529 1746 1568">
     <span class='ocr_line' id='line_1_76' title="bbox 951 1529 1746 1568; baseline -0.013 -3"><span class='ocrx_word' id='word_1_579' title='bbox 951 1537 1092 1565; x_wconf 87' lang='lat' dir='ltr'><strong>Christum</strong></span> <span class='ocrx_word' id='word_1_580' title='bbox 1108 1535 1243 1564; x_wconf 89' lang='lat' dir='ltr'><strong>destinata</strong></span> <span class='ocrx_word' id='word_1_581' title='bbox 1257 1534 1361 1562; x_wconf 87' lang='lat' dir='ltr'><strong>statuit.</strong></span> <span class='ocrx_word' id='word_1_582' title='bbox 1377 1543 1386 1560; x_wconf 76' lang='grc' dir='ltr'><strong>ι</strong></span> <span class='ocrx_word' id='word_1_583' title='bbox 1399 1533 1435 1560; x_wconf 84' lang='lat' dir='ltr'><strong>At</strong></span> <span class='ocrx_word' id='word_1_584' title='bbox 1445 1537 1584 1568; x_wconf 89' lang='lat' dir='ltr'><strong>postrema</strong></span> <span class='ocrx_word' id='word_1_585' title='bbox 1598 1529 1746 1558; x_wconf 82' lang='lat' dir='ltr'><strong>sententiae</strong></span> 
     </span>
    </p>
   </div>
   <div class='ocr_carea' id='block_1_77' title="bbox 951 1575 1749 1614">
    <p class='ocr_par' dir='ltr' id='par_1_77' title="bbox 951 1575 1749 1614">
     <span class='ocr_line' id='line_1_77' title="bbox 951 1575 1749 1614; baseline -0.013 -3"><span class='ocrx_word' id='word_1_586' title='bbox 951 1583 1033 1611; x_wconf 92' lang='lat' dir='ltr'><strong>verba</strong></span> <span class='ocrx_word' id='word_1_587' title='bbox 1048 1582 1173 1610; x_wconf 88' lang='lat' dir='ltr'><strong>eumdem</strong></span> <span class='ocrx_word' id='word_1_588' title='bbox 1189 1581 1248 1609; x_wconf 87' lang='lat' dir='ltr'><strong>sine</strong></span> <span class='ocrx_word' id='word_1_589' title='bbox 1266 1580 1351 1608; x_wconf 92' lang='lat' dir='ltr'><strong>dubio</strong></span> <span class='ocrx_word' id='word_1_590' title='bbox 1363 1583 1496 1614; x_wconf 86' lang='lat' dir='ltr'><strong>spectant,</strong></span> <span class='ocrx_word' id='word_1_591' title='bbox 1513 1584 1595 1612; x_wconf 88' lang='lat' dir='ltr'><strong>quem</strong></span> <span class='ocrx_word' id='word_1_592' title='bbox 1615 1575 1749 1610; x_wconf 83' lang='lat' dir='ltr'><strong>ejusdem</strong></span> 
     </span>
    </p>
   </div>
   <div class='ocr_carea' id='block_1_78' title="bbox 952 1621 1747 1663">
    <p class='ocr_par' dir='ltr' id='par_1_78' title="bbox 952 1621 1747 1663">
     <span class='ocr_line' id='line_1_78' title="bbox 952 1621 1747 1663; baseline -0.013 -6"><span class='ocrx_word' id='word_1_593' title='bbox 952 1629 1092 1658; x_wconf 60' lang='lat' dir='ltr'><strong>sententiae</strong></span> <span class='ocrx_word' id='word_1_594' title='bbox 1106 1628 1216 1663; x_wconf 88' lang='lat' dir='ltr'><strong>priora;</strong></span> <span class='ocrx_word' id='word_1_595' title='bbox 1230 1625 1358 1654; x_wconf 87' lang='lat' dir='ltr'><strong>eumdem</strong></span> <span class='ocrx_word' id='word_1_596' title='bbox 1371 1628 1466 1652; x_wconf 88' lang='lat' dir='ltr'><strong>auctor</strong></span> <span class='ocrx_word' id='word_1_597' title='bbox 1482 1622 1610 1657; x_wconf 80' lang='lat' dir='ltr'><strong>intelligit</strong></span> <span class='ocrx_word' id='word_1_598' title='bbox 1629 1629 1645 1648; x_wconf 91' lang='lat' dir='ltr'><strong>a</strong></span> <span class='ocrx_word' id='word_1_599' title='bbox 1661 1621 1747 1648; x_wconf 87' lang='lat' dir='ltr'><strong>Patre</strong></span> 
     </span>
    </p>
   </div>
   <div class='ocr_carea' id='block_1_79' title="bbox 951 1668 1749 1702">
    <p class='ocr_par' dir='ltr' id='par_1_79' title="bbox 951 1668 1749 1702">
     <span class='ocr_line' id='line_1_79' title="bbox 951 1668 1749 1702; baseline -0.01 0"><span class='ocrx_word' id='word_1_600' title='bbox 951 1679 1095 1702; x_wconf 76' lang='lat' dir='ltr'><strong>exeuntem</strong></span> <span class='ocrx_word' id='word_1_601' title='bbox 1119 1678 1147 1701; x_wconf 89' lang='lat' dir='ltr'><strong>et</strong></span> <span class='ocrx_word' id='word_1_602' title='bbox 1174 1673 1206 1700; x_wconf 83' lang='lat' dir='ltr'><strong>ad</strong></span> <span class='ocrx_word' id='word_1_603' title='bbox 1241 1672 1351 1700; x_wconf 86' lang='lat' dir='ltr'><strong>Patrem</strong></span> <span class='ocrx_word' id='word_1_604' title='bbox 1379 1674 1572 1698; x_wconf 85' lang='lat' dir='ltr'><strong>revertentem.</strong></span> <span class='ocrx_word' id='word_1_605' title='bbox 1598 1668 1749 1695; x_wconf 85' lang='lat' dir='ltr'><strong>Prioribus</strong></span> 
     </span>
    </p>
   </div>
   <div class='ocr_carea' id='block_1_80' title="bbox 951 1713 1747 1753">
    <p class='ocr_par' dir='ltr' id='par_1_80' title="bbox 951 1713 1747 1753">
     <span class='ocr_line' id='line_1_80' title="bbox 951 1713 1747 1753; baseline -0.011 -5"><span class='ocrx_word' id='word_1_606' title='bbox 951 1721 1009 1748; x_wconf 91' lang='lat' dir='ltr'><strong>vult</strong></span> <span class='ocrx_word' id='word_1_607' title='bbox 1032 1719 1151 1747; x_wconf 80' lang='lat' dir='ltr'><strong>Dallaeus</strong></span> <span class='ocrx_word' id='word_1_608' title='bbox 1167 1718 1303 1746; x_wconf 88' lang='lat' dir='ltr'><strong>Valentini</strong></span> <span class='ocrx_word' id='word_1_609' title='bbox 1325 1716 1419 1753; x_wconf 88' lang='lat' dir='ltr'><strong>Logon</strong></span> <span class='ocrx_word' id='word_1_610' title='bbox 1441 1715 1528 1747; x_wconf 83' lang='lat' dir='ltr'><strong>feriri,</strong></span> <span class='ocrx_word' id='word_1_611' title='bbox 1542 1713 1747 1750; x_wconf 84' lang='lat' dir='ltr'><strong>posterioribus</strong></span> 
     </span>
    </p>
   </div>
   <div class='ocr_carea' id='block_1_81' title="bbox 952 1759 1750 1802">
    <p class='ocr_par' dir='ltr' id='par_1_81' title="bbox 952 1759 1750 1802">
     <span class='ocr_line' id='line_1_81' title="bbox 952 1759 1750 1802; baseline -0.011 -7"><span class='ocrx_word' id='word_1_612' title='bbox 952 1767 1074 1802; x_wconf 85' lang='lat' dir='ltr'><strong>ejusdem</strong></span> <span class='ocrx_word' id='word_1_613' title='bbox 1086 1766 1244 1798; x_wconf 88' lang='lat' dir='ltr'><strong>Christum;</strong></span> <span class='ocrx_word' id='word_1_614' title='bbox 1260 1772 1324 1792; x_wconf 90' lang='lat' dir='ltr'><strong>cum</strong></span> <span class='ocrx_word' id='word_1_615' title='bbox 1338 1763 1366 1791; x_wconf 89' lang='lat' dir='ltr'><strong>in</strong></span> <span class='ocrx_word' id='word_1_616' title='bbox 1382 1762 1483 1790; x_wconf 89' lang='lat' dir='ltr'><strong>Schola</strong></span> <span class='ocrx_word' id='word_1_617' title='bbox 1496 1760 1636 1789; x_wconf 81' lang='lat' dir='ltr'><strong>Valentini</strong></span> <span class='ocrx_word' id='word_1_618' title='bbox 1654 1759 1750 1794; x_wconf 86' lang='lat' dir='ltr'><strong>Logos</strong></span> 
     </span>
    </p>
   </div>
   <div class='ocr_carea' id='block_1_82' title="bbox 953 1805 1746 1846">
    <p class='ocr_par' dir='ltr' id='par_1_82' title="bbox 953 1805 1746 1846">
     <span class='ocr_line' id='line_1_82' title="bbox 953 1805 1746 1846; baseline -0.013 -5"><span class='ocrx_word' id='word_1_619' title='bbox 953 1819 980 1841; x_wconf 90' lang='lat' dir='ltr'><strong>et</strong></span> <span class='ocrx_word' id='word_1_620' title='bbox 1000 1813 1128 1841; x_wconf 86' lang='lat' dir='ltr'><strong>Christus</strong></span> <span class='ocrx_word' id='word_1_621' title='bbox 1151 1812 1207 1840; x_wconf 89' lang='lat' dir='ltr'><strong>sint</strong></span> <span class='ocrx_word' id='word_1_622' title='bbox 1230 1818 1345 1846; x_wconf 89' lang='lat' dir='ltr'><strong>prorsus</strong></span> <span class='ocrx_word' id='word_1_623' title='bbox 1367 1814 1394 1837; x_wconf 86' lang='lat' dir='ltr'><strong>et</strong></span> <span class='ocrx_word' id='word_1_624' title='bbox 1416 1809 1496 1844; x_wconf 89' lang='lat' dir='ltr'><strong>plane</strong></span> <span class='ocrx_word' id='word_1_625' title='bbox 1520 1806 1656 1834; x_wconf 87' lang='lat' dir='ltr'><strong>distincti.</strong></span> <span class='ocrx_word' id='word_1_626' title='bbox 1679 1805 1746 1832; x_wconf 75' lang='lat' dir='ltr'><strong>Non</strong></span> 
     </span>
    </p>
   </div>
   <div class='ocr_carea' id='block_1_83' title="bbox 954 1852 1747 1895">
    <p class='ocr_par' dir='ltr' id='par_1_83' title="bbox 954 1852 1747 1895">
     <span class='ocr_line' id='line_1_83' title="bbox 954 1852 1747 1895; baseline -0.011 -8"><span class='ocrx_word' id='word_1_627' title='bbox 954 1860 1036 1895; x_wconf 81' lang='lat' dir='ltr'><strong>igitur</strong></span> <span class='ocrx_word' id='word_1_628' title='bbox 1052 1864 1210 1893; x_wconf 89' lang='lat' dir='ltr'><strong>utrumque,</strong></span> <span class='ocrx_word' id='word_1_629' title='bbox 1226 1858 1282 1884; x_wconf 87' lang='lat' dir='ltr'><strong>imo</strong></span> <span class='ocrx_word' id='word_1_630' title='bbox 1297 1860 1424 1884; x_wconf 82' lang='lat' dir='ltr'><strong>neutrum</strong></span> <span class='ocrx_word' id='word_1_631' title='bbox 1437 1854 1510 1882; x_wconf 78' lang='lat' dir='ltr'><strong>ferit.</strong></span> <span class='ocrx_word' id='word_1_632' title='bbox 1530 1852 1678 1888; x_wconf 86' lang='lat' dir='ltr'><strong>Utcunque</strong></span> <span class='ocrx_word' id='word_1_633' title='bbox 1698 1852 1747 1884; x_wconf 81' lang='lat' dir='ltr'><strong>sit,</strong></span> 
     </span>
    </p>
   </div>
   <div class='ocr_carea' id='block_1_84' title="bbox 954 1898 1749 1939">
    <p class='ocr_par' dir='ltr' id='par_1_84' title="bbox 954 1898 1749 1939">
     <span class='ocr_line' id='line_1_84' title="bbox 954 1898 1749 1939; baseline -0.011 -6"><span class='ocrx_word' id='word_1_634' title='bbox 954 1906 1018 1934; x_wconf 82' lang='lat' dir='ltr'><strong>ferri</strong></span> <span class='ocrx_word' id='word_1_635' title='bbox 1046 1912 1101 1932; x_wconf 92' lang='lat' dir='ltr'><strong>non</strong></span> <span class='ocrx_word' id='word_1_636' title='bbox 1129 1907 1228 1939; x_wconf 84' lang='lat' dir='ltr'><strong>potest,</strong></span> <span class='ocrx_word' id='word_1_637' title='bbox 1243 1908 1273 1930; x_wconf 91' lang='lat' dir='ltr'><strong>ut</strong></span> <span class='ocrx_word' id='word_1_638' title='bbox 1301 1909 1353 1929; x_wconf 90' lang='lat' dir='ltr'><strong>nos</strong></span> <span class='ocrx_word' id='word_1_639' title='bbox 1382 1901 1417 1927; x_wconf 89' lang='lat' dir='ltr'><strong>ad</strong></span> <span class='ocrx_word' id='word_1_640' title='bbox 1441 1899 1580 1927; x_wconf 89' lang='lat' dir='ltr'><strong>Valentini</strong></span> <span class='ocrx_word' id='word_1_641' title='bbox 1607 1898 1704 1933; x_wconf 86' lang='lat' dir='ltr'><strong>Logon</strong></span> <span class='ocrx_word' id='word_1_642' title='bbox 1720 1904 1749 1924; x_wconf 82' lang='lat' dir='ltr'><strong>et</strong></span> 
     </span>
    </p>
   </div>
   <div class='ocr_carea' id='block_1_85' title="bbox 954 1944 1754 1985">
    <p class='ocr_par' dir='ltr' id='par_1_85' title="bbox 954 1944 1754 1985">
     <span class='ocr_line' id='line_1_85' title="bbox 954 1944 1754 1985; baseline -0.01 -6"><span class='ocrx_word' id='word_1_643' title='bbox 954 1951 1094 1979; x_wconf 91' lang='lat' dir='ltr'><strong>Christum</strong></span> <span class='ocrx_word' id='word_1_644' title='bbox 1110 1950 1227 1985; x_wconf 87' lang='lat' dir='ltr'><strong>rejiciat,</strong></span> <span class='ocrx_word' id='word_1_645' title='bbox 1242 1953 1269 1976; x_wconf 87' lang='lat' dir='ltr'><strong>et</strong></span> <span class='ocrx_word' id='word_1_646' title='bbox 1281 1947 1365 1976; x_wconf 86' lang='lat' dir='ltr'><strong>simul</strong></span> <span class='ocrx_word' id='word_1_647' title='bbox 1376 1947 1434 1975; x_wconf 74' lang='lat' dir='ltr'><strong>haec</strong></span> <span class='ocrx_word' id='word_1_648' title='bbox 1448 1946 1483 1974; x_wconf 87' lang='lat' dir='ltr'><strong>ab</strong></span> <span class='ocrx_word' id='word_1_649' title='bbox 1500 1950 1612 1974; x_wconf 84' lang='lat' dir='ltr'><strong>auctore</strong></span> <span class='ocrx_word' id='word_1_650' title='bbox 1622 1944 1754 1980; x_wconf 61' lang='lat' dir='ltr'><strong>epistolas</strong></span> 
     </span>
    </p>
   </div>
   <div class='ocr_carea' id='block_1_86' title="bbox 952 1989 1749 2032">
    <p class='ocr_par' dir='ltr' id='par_1_86' title="bbox 952 1989 1749 2032">
     <span class='ocr_line' id='line_1_86' title="bbox 952 1989 1749 2032; baseline -0.01 -8"><span class='ocrx_word' id='word_1_651' title='bbox 952 1996 1032 2032; x_wconf 79' lang='lat' dir='ltr'><strong>juxta</strong></span> <span class='ocrx_word' id='word_1_652' title='bbox 1059 1995 1089 2023; x_wconf 87' lang='lat' dir='ltr'><strong>S.</strong></span> <span class='ocrx_word' id='word_1_653' title='bbox 1116 1994 1249 2022; x_wconf 76' lang='lat' dir='ltr'><strong>Joannem</strong></span> <span class='ocrx_word' id='word_1_654' title='bbox 1275 1993 1376 2028; x_wconf 85' lang='lat' dir='ltr'><strong>scripta</strong></span> <span class='ocrx_word' id='word_1_655' title='bbox 1396 1990 1566 2027; x_wconf 88' lang='lat' dir='ltr'><strong>pronuntiet.</strong></span> <span class='ocrx_word' id='word_1_656' title='bbox 1582 1989 1656 2023; x_wconf 82' lang='lat' dir='ltr'><strong>Quid</strong></span> <span class='ocrx_word' id='word_1_657' title='bbox 1671 1989 1749 2017; x_wconf 83' lang='lat' dir='ltr'><strong>enim</strong></span> 
     </span>
    </p>
   </div>
   <div class='ocr_carea' id='block_1_87' title="bbox 955 2034 1750 2077">
    <p class='ocr_par' dir='ltr' id='par_1_87' title="bbox 955 2034 1750 2077">
     <span class='ocr_line' id='line_1_87' title="bbox 955 2034 1750 2077; baseline -0.011 -7"><span class='ocrx_word' id='word_1_658' title='bbox 955 2049 1025 2077; x_wconf 87' lang='lat' dir='ltr'><strong>opus</strong></span> <span class='ocrx_word' id='word_1_659' title='bbox 1039 2046 1081 2069; x_wconf 89' lang='lat' dir='ltr'><strong>est</strong></span> <span class='ocrx_word' id='word_1_660' title='bbox 1091 2046 1122 2068; x_wconf 93' lang='lat' dir='ltr'><strong>ut</strong></span> <span class='ocrx_word' id='word_1_661' title='bbox 1135 2039 1308 2068; x_wconf 86' lang='lat' dir='ltr'><strong>Valentinum</strong></span> <span class='ocrx_word' id='word_1_662' title='bbox 1329 2038 1487 2073; x_wconf 85' lang='lat' dir='ltr'><strong>respiceret,</strong></span> <span class='ocrx_word' id='word_1_663' title='bbox 1499 2036 1547 2072; x_wconf 92' lang='lat' dir='ltr'><strong>qui</strong></span> <span class='ocrx_word' id='word_1_664' title='bbox 1565 2036 1600 2063; x_wconf 89' lang='lat' dir='ltr'><strong>de</strong></span> <span class='ocrx_word' id='word_1_665' title='bbox 1617 2035 1647 2062; x_wconf 80' lang='lat' dir='ltr'><strong>S.</strong></span> <span class='ocrx_word' id='word_1_666' title='bbox 1661 2034 1750 2062; x_wconf 87' lang='lat' dir='ltr'><strong>Joan-</strong></span> 
     </span>
    </p>
   </div>
   <div class='ocr_carea' id='block_1_88' title="bbox 955 2080 1753 2120">
    <p class='ocr_par' dir='ltr' id='par_1_88' title="bbox 955 2080 1753 2120">
     <span class='ocr_line' id='line_1_88' title="bbox 955 2080 1753 2120; baseline -0.009 -6"><span class='ocrx_word' id='word_1_667' title='bbox 955 2087 999 2114; x_wconf 89' lang='lat' dir='ltr'><strong>nis</strong></span> <span class='ocrx_word' id='word_1_668' title='bbox 1016 2090 1106 2114; x_wconf 88' lang='lat' dir='ltr'><strong>mente</strong></span> <span class='ocrx_word' id='word_1_669' title='bbox 1125 2084 1302 2120; x_wconf 84' lang='lat' dir='ltr'><strong>exprimenda</strong></span> <span class='ocrx_word' id='word_1_670' title='bbox 1318 2083 1465 2118; x_wconf 80' lang='lat' dir='ltr'><strong>cogitavit?</strong></span> <span class='ocrx_word' id='word_1_671' title='bbox 1489 2082 1546 2110; x_wconf 85' lang='lat' dir='ltr'><strong>lino</strong></span> <span class='ocrx_word' id='word_1_672' title='bbox 1562 2081 1630 2116; x_wconf 89' lang='lat' dir='ltr'><strong>quid</strong></span> <span class='ocrx_word' id='word_1_673' title='bbox 1645 2081 1699 2108; x_wconf 88' lang='lat' dir='ltr'><strong>hoc</strong></span> <span class='ocrx_word' id='word_1_674' title='bbox 1714 2080 1753 2107; x_wconf 69' lang='lat' dir='ltr'><strong>ad</strong></span> 
     </span>
    </p>
   </div>
   <div class='ocr_carea' id='block_1_89' title="bbox 957 2126 1751 2168">
    <p class='ocr_par' dir='ltr' id='par_1_89' title="bbox 957 2126 1751 2168">
     <span class='ocr_line' id='line_1_89' title="bbox 957 2126 1751 2168; baseline -0.009 -8"><span class='ocrx_word' id='word_1_675' title='bbox 957 2132 1158 2168; x_wconf 75' lang='lat' dir='ltr'><strong>generationem</strong></span> <span class='ocrx_word' id='word_1_676' title='bbox 1170 2130 1248 2165; x_wconf 86' lang='lat' dir='ltr'><strong>Logi,</strong></span> <span class='ocrx_word' id='word_1_677' title='bbox 1262 2129 1335 2165; x_wconf 83' lang='lat' dir='ltr'><strong>quod</strong></span> <span class='ocrx_word' id='word_1_678' title='bbox 1359 2129 1414 2164; x_wconf 89' lang='lat' dir='ltr'><strong>agit</strong></span> <span class='ocrx_word' id='word_1_679' title='bbox 1427 2129 1461 2155; x_wconf 87' lang='lat' dir='ltr'><strong>de</strong></span> <span class='ocrx_word' id='word_1_680' title='bbox 1482 2127 1676 2155; x_wconf 82' lang='lat' dir='ltr'><strong>lncarnatione</strong></span> <span class='ocrx_word' id='word_1_681' title='bbox 1691 2126 1751 2153; x_wconf 85' lang='lat' dir='ltr'><strong>sive</strong></span> 
     </span>
    </p>
   </div>
   <div class='ocr_carea' id='block_1_90' title="bbox 957 2173 1753 2210">
    <p class='ocr_par' dir='ltr' id='par_1_90' title="bbox 957 2173 1753 2210">
     <span class='ocr_line' id='line_1_90' title="bbox 957 2173 1753 2210; baseline -0.008 -5"><span class='ocrx_word' id='word_1_682' title='bbox 957 2178 1076 2205; x_wconf 89' lang='lat' dir='ltr'><strong>adventu</strong></span> <span class='ocrx_word' id='word_1_683' title='bbox 1099 2177 1127 2204; x_wconf 95' lang='lat' dir='ltr'><strong>in</strong></span> <span class='ocrx_word' id='word_1_684' title='bbox 1151 2176 1302 2204; x_wconf 85' lang='lat' dir='ltr'><strong>mundum?</strong></span> <span class='ocrx_word' id='word_1_685' title='bbox 1314 2179 1344 2204; x_wconf 87' lang='lat' dir='ltr'><strong>ut</strong></span> <span class='ocrx_word' id='word_1_686' title='bbox 1367 2174 1496 2210; x_wconf 88' lang='lat' dir='ltr'><strong>superius</strong></span> <span class='ocrx_word' id='word_1_687' title='bbox 1510 2181 1576 2201; x_wconf 89' lang='lat' dir='ltr'><strong>eum</strong></span> <span class='ocrx_word' id='word_1_688' title='bbox 1589 2173 1684 2200; x_wconf 87' lang='lat' dir='ltr'><strong>locum</strong></span> <span class='ocrx_word' id='word_1_689' title='bbox 1700 2179 1753 2200; x_wconf 66' lang='grc' dir='ltr'><strong>ειη</strong></span> 
     </span>
    </p>
   </div>
   <div class='ocr_carea' id='block_1_91' title="bbox 120 2221 1302 2260">
    <p class='ocr_par' dir='ltr' id='par_1_91' title="bbox 120 2221 1302 2260">
     <span class='ocr_line' id='line_1_91' title="bbox 120 2221 1302 2260; baseline 0 -11"><span class='ocrx_word' id='word_1_690' title='bbox 120 2221 195 2249; x_wconf 81' lang='lat' dir='ltr'><strong>ferit.</strong></span> <span class='ocrx_word' id='word_1_691' title='bbox 211 2221 274 2254; x_wconf 86' lang='lat' dir='ltr'><strong>Quo</strong></span> <span class='ocrx_word' id='word_1_692' title='bbox 292 2221 363 2248; x_wconf 91' lang='lat' dir='ltr'><strong>nihil</strong></span> <span class='ocrx_word' id='word_1_693' title='bbox 383 2221 437 2248; x_wconf 89' lang='lat' dir='ltr'><strong>dici</strong></span> <span class='ocrx_word' id='word_1_694' title='bbox 464 2222 553 2256; x_wconf 86' lang='lat' dir='ltr'><strong>potuit</strong></span> <span class='ocrx_word' id='word_1_695' title='bbox 574 2221 719 2249; x_wconf 80' lang='lat' dir='ltr'><strong>infelicius.</strong></span> <span class='ocrx_word' id='word_1_696' title='bbox 734 2221 763 2249; x_wconf 89' lang='lat' dir='ltr'><strong>Si</strong></span> <span class='ocrx_word' id='word_1_697' title='bbox 778 2222 851 2249; x_wconf 90' lang='lat' dir='ltr'><strong>enim</strong></span> <span class='ocrx_word' id='word_1_698' title='bbox 866 2222 906 2250; x_wconf 90' lang='lat' dir='ltr'><strong>sic</strong></span> <span class='ocrx_word' id='word_1_699' title='bbox 920 2229 943 2256; x_wconf 81' lang='grc' dir='ltr'><strong>ι)</strong></span> <span class='ocrx_word' id='word_1_700' title='bbox 957 2224 1113 2260; x_wconf 87' lang='lat' dir='ltr'><strong>ponendum</strong></span> <span class='ocrx_word' id='word_1_701' title='bbox 1131 2230 1192 2250; x_wconf 88' lang='lat' dir='ltr'><strong>esse</strong></span> <span class='ocrx_word' id='word_1_702' title='bbox 1210 2222 1302 2250; x_wconf 78' lang='lat' dir='ltr'><strong>docui.</strong></span> 
     </span>
    </p>
   </div>
   <div class='ocr_carea' id='block_1_92' title="bbox 115 2266 903 2304">
    <p class='ocr_par' dir='ltr' id='par_1_92' title="bbox 115 2266 903 2304">
     <span class='ocr_line' id='line_1_92' title="bbox 115 2266 903 2304; baseline 0.001 -10"><span class='ocrx_word' id='word_1_703' title='bbox 115 2273 213 2295; x_wconf 85' lang='lat' dir='ltr'><strong>auctor</strong></span> <span class='ocrx_word' id='word_1_704' title='bbox 241 2266 417 2294; x_wconf 83' lang='lat' dir='ltr'><strong>Valentinum</strong></span> <span class='ocrx_word' id='word_1_705' title='bbox 438 2268 558 2302; x_wconf 89' lang='lat' dir='ltr'><strong>respicit,</strong></span> <span class='ocrx_word' id='word_1_706' title='bbox 586 2276 640 2295; x_wconf 89' lang='lat' dir='ltr'><strong>non</strong></span> <span class='ocrx_word' id='word_1_707' title='bbox 664 2276 727 2295; x_wconf 89' lang='lat' dir='ltr'><strong>eum</strong></span> <span class='ocrx_word' id='word_1_708' title='bbox 751 2268 903 2304; x_wconf 86' lang='lat' dir='ltr'><strong>impugnat,</strong></span> 
     </span>
    </p>
   </div>
   <div class='ocr_carea' id='block_1_93' title="bbox 116 2313 906 2349">
    <p class='ocr_par' dir='ltr' id='par_1_93' title="bbox 116 2313 906 2349">
     <span class='ocr_line' id='line_1_93' title="bbox 116 2313 906 2349; baseline 0.001 -8"><span class='ocrx_word' id='word_1_709' title='bbox 116 2314 164 2341; x_wconf 88' lang='lat' dir='ltr'><strong>sed</strong></span> <span class='ocrx_word' id='word_1_710' title='bbox 183 2314 324 2349; x_wconf 84' lang='lat' dir='ltr'><strong>sequitur;</strong></span> <span class='ocrx_word' id='word_1_711' title='bbox 343 2321 399 2340; x_wconf 92' lang='lat' dir='ltr'><strong>non</strong></span> <span class='ocrx_word' id='word_1_712' title='bbox 427 2313 488 2347; x_wconf 86' lang='lat' dir='ltr'><strong>ejus</strong></span> <span class='ocrx_word' id='word_1_713' title='bbox 506 2314 602 2341; x_wconf 88' lang='lat' dir='ltr'><strong>deliria</strong></span> <span class='ocrx_word' id='word_1_714' title='bbox 625 2314 771 2347; x_wconf 82' lang='lat' dir='ltr'><strong>refutasse,</strong></span> <span class='ocrx_word' id='word_1_715' title='bbox 785 2315 832 2342; x_wconf 89' lang='lat' dir='ltr'><strong>sed</strong></span> <span class='ocrx_word' id='word_1_716' title='bbox 855 2322 906 2349; x_wconf 83' lang='lat' dir='ltr'><strong>po-</strong></span> 
     </span>
    </p>
   </div>
   <div class='ocr_carea' id='block_1_94' title="bbox 117 2358 907 2395">
    <p class='ocr_par' dir='ltr' id='par_1_94' title="bbox 117 2358 907 2395">
     <span class='ocr_line' id='line_1_94' title="bbox 117 2358 907 2395; baseline 0 -8"><span class='ocrx_word' id='word_1_717' title='bbox 117 2360 173 2387; x_wconf 91' lang='lat' dir='ltr'><strong>tius</strong></span> <span class='ocrx_word' id='word_1_718' title='bbox 189 2359 332 2394; x_wconf 86' lang='lat' dir='ltr'><strong>amplexus</strong></span> <span class='ocrx_word' id='word_1_719' title='bbox 346 2367 409 2386; x_wconf 88' lang='lat' dir='ltr'><strong>esse</strong></span> <span class='ocrx_word' id='word_1_720' title='bbox 422 2359 557 2386; x_wconf 88' lang='lat' dir='ltr'><strong>videatur.</strong></span> <span class='ocrx_word' id='word_1_721' title='bbox 576 2358 663 2394; x_wconf 84' lang='lat' dir='ltr'><strong>Negat</strong></span> <span class='ocrx_word' id='word_1_722' title='bbox 685 2360 758 2387; x_wconf 85' lang='lat' dir='ltr'><strong>enim</strong></span> <span class='ocrx_word' id='word_1_723' title='bbox 772 2359 845 2395; x_wconf 85' lang='lat' dir='ltr'><strong>quod</strong></span> <span class='ocrx_word' id='word_1_724' title='bbox 859 2367 907 2387; x_wconf 85' lang='lat' dir='ltr'><strong>ne-</strong></span> 
     </span>
    </p>
   </div>
   <div class='ocr_carea' id='block_1_95' title="bbox 117 2405 907 2442">
    <p class='ocr_par' dir='ltr' id='par_1_95' title="bbox 117 2405 907 2442">
     <span class='ocr_line' id='line_1_95' title="bbox 117 2405 907 2442; baseline 0.001 -9"><span class='ocrx_word' id='word_1_725' title='bbox 117 2407 201 2442; x_wconf 84' lang='lat' dir='ltr'><strong>gavit,</strong></span> <span class='ocrx_word' id='word_1_726' title='bbox 224 2406 292 2434; x_wconf 89' lang='lat' dir='ltr'><strong>dicit</strong></span> <span class='ocrx_word' id='word_1_727' title='bbox 313 2406 387 2441; x_wconf 89' lang='lat' dir='ltr'><strong>quod</strong></span> <span class='ocrx_word' id='word_1_728' title='bbox 411 2405 481 2433; x_wconf 83' lang='lat' dir='ltr'><strong>dixit</strong></span> <span class='ocrx_word' id='word_1_729' title='bbox 502 2405 674 2433; x_wconf 84' lang='lat' dir='ltr'><strong>Valentinus.</strong></span> <span class='ocrx_word' id='word_1_730' title='bbox 701 2405 788 2441; x_wconf 82' lang='lat' dir='ltr'><strong>Negat</strong></span> <span class='ocrx_word' id='word_1_731' title='bbox 813 2411 907 2434; x_wconf 86' lang='lat' dir='ltr'><strong>auctor</strong></span> 
     </span>
    </p>
   </div>
   <div class='ocr_carea' id='block_1_96' title="bbox 116 2451 909 2489">
    <p class='ocr_par' dir='ltr' id='par_1_96' title="bbox 116 2451 909 2489">
     <span class='ocr_line' id='line_1_96' title="bbox 116 2451 909 2489; baseline 0 -9"><span class='ocrx_word' id='word_1_732' title='bbox 116 2453 240 2487; x_wconf 62' lang='lat' dir='ltr'><strong>epistolae</strong></span> <span class='ocrx_word' id='word_1_733' title='bbox 257 2453 344 2487; x_wconf 85' lang='grc' dir='ltr'>Λόγον</span> <span class='ocrx_word' id='word_1_734' title='bbox 366 2452 442 2480; x_wconf 88' lang='lat' dir='ltr'><strong>exire</strong></span> <span class='ocrx_word' id='word_1_735' title='bbox 463 2459 478 2478; x_wconf 93' lang='lat' dir='ltr'><strong>a</strong></span> <span class='ocrx_word' id='word_1_736' title='bbox 496 2451 560 2486; x_wconf 88' lang='lat' dir='ltr'><strong>Sige</strong></span> <span class='ocrx_word' id='word_1_737' title='bbox 575 2451 659 2487; x_wconf 64' lang='lat' dir='ltr'><strong>Bythi,</strong></span> <span class='ocrx_word' id='word_1_738' title='bbox 671 2452 804 2488; x_wconf 83' lang='lat' dir='ltr'><strong>conjuge?</strong></span> <span class='ocrx_word' id='word_1_739' title='bbox 823 2452 909 2489; x_wconf 82' lang='lat' dir='ltr'><strong>Negat</strong></span> 
     </span>
    </p>
   </div>
   <div class='ocr_carea' id='block_1_97' title="bbox 117 2497 907 2533">
    <p class='ocr_par' dir='ltr' id='par_1_97' title="bbox 117 2497 907 2533">
     <span class='ocr_line' id='line_1_97' title="bbox 117 2497 907 2533; baseline 0 -7"><span class='ocrx_word' id='word_1_740' title='bbox 117 2503 146 2526; x_wconf 85' lang='lat' dir='ltr'><strong>et</strong></span> <span class='ocrx_word' id='word_1_741' title='bbox 172 2499 343 2531; x_wconf 89' lang='lat' dir='ltr'><strong>Valentinus,</strong></span> <span class='ocrx_word' id='word_1_742' title='bbox 358 2499 406 2533; x_wconf 91' lang='lat' dir='ltr'><strong>qui</strong></span> <span class='ocrx_word' id='word_1_743' title='bbox 433 2504 496 2525; x_wconf 89' lang='lat' dir='ltr'><strong>eum</strong></span> <span class='ocrx_word' id='word_1_744' title='bbox 522 2505 624 2525; x_wconf 81' lang='lat' dir='ltr'><strong>caecum</strong></span> <span class='ocrx_word' id='word_1_745' title='bbox 653 2497 742 2525; x_wconf 67' lang='lat' dir='ltr'><strong>Eona</strong></span> <span class='ocrx_word' id='word_1_746' title='bbox 775 2498 907 2533; x_wconf 85' lang='lat' dir='ltr'><strong>depinxit,</strong></span> 
     </span>
    </p>
   </div>
   <div class='ocr_carea' id='block_1_98' title="bbox 120 2543 910 2580">
    <p class='ocr_par' dir='ltr' id='par_1_98' title="bbox 120 2543 910 2580">
     <span class='ocr_line' id='line_1_98' title="bbox 120 2543 910 2580; baseline 0 -8"><span class='ocrx_word' id='word_1_747' title='bbox 120 2545 210 2580; x_wconf 87' lang='lat' dir='ltr'><strong>qualis</strong></span> <span class='ocrx_word' id='word_1_748' title='bbox 227 2553 262 2573; x_wconf 87' lang='lat' dir='ltr'><strong>ex</strong></span> <span class='ocrx_word' id='word_1_749' title='bbox 286 2545 351 2580; x_wconf 90' lang='lat' dir='ltr'><strong>Sige</strong></span> <span class='ocrx_word' id='word_1_750' title='bbox 377 2544 457 2580; x_wconf 81' lang='lat' dir='ltr'><strong>Bytlii</strong></span> <span class='ocrx_word' id='word_1_751' title='bbox 477 2543 594 2579; x_wconf 88' lang='lat' dir='ltr'><strong>conjuge</strong></span> <span class='ocrx_word' id='word_1_752' title='bbox 607 2544 682 2571; x_wconf 89' lang='lat' dir='ltr'><strong>exire</strong></span> <span class='ocrx_word' id='word_1_753' title='bbox 700 2551 754 2571; x_wconf 93' lang='lat' dir='ltr'><strong>non</strong></span> <span class='ocrx_word' id='word_1_754' title='bbox 767 2545 867 2579; x_wconf 90' lang='lat' dir='ltr'><strong>potuit;</strong></span> <span class='ocrx_word' id='word_1_755' title='bbox 882 2549 910 2572; x_wconf 88' lang='lat' dir='ltr'><strong>et</strong></span> 
     </span>
    </p>
   </div>
   <div class='ocr_carea' id='block_1_99' title="bbox 120 2590 910 2622">
    <p class='ocr_par' dir='ltr' id='par_1_99' title="bbox 120 2590 910 2622">
     <span class='ocr_line' id='line_1_99' title="bbox 120 2590 910 2622; baseline 0 -4"><span class='ocrx_word' id='word_1_756' title='bbox 120 2599 183 2618; x_wconf 92' lang='lat' dir='ltr'><strong>cum</strong></span> <span class='ocrx_word' id='word_1_757' title='bbox 197 2591 225 2618; x_wconf 90' lang='lat' dir='ltr'><strong>in</strong></span> <span class='ocrx_word' id='word_1_758' title='bbox 240 2590 486 2618; x_wconf 88' lang='lat' dir='ltr'><strong>deminorationem</strong></span> <span class='ocrx_word' id='word_1_759' title='bbox 500 2590 619 2617; x_wconf 87' lang='lat' dir='ltr'><strong>emissus</strong></span> <span class='ocrx_word' id='word_1_760' title='bbox 632 2594 715 2622; x_wconf 86' lang='lat' dir='ltr'><strong>esset,</strong></span> <span class='ocrx_word' id='word_1_761' title='bbox 728 2597 790 2617; x_wconf 92' lang='lat' dir='ltr'><strong>eum</strong></span> <span class='ocrx_word' id='word_1_762' title='bbox 801 2598 835 2617; x_wconf 85' lang='lat' dir='ltr'><strong>ex</strong></span> <span class='ocrx_word' id='word_1_763' title='bbox 849 2590 910 2618; x_wconf 88' lang='lat' dir='ltr'><strong>aliis</strong></span> 
     </span>
    </p>
   </div>
   <div class='ocr_carea' id='block_1_100' title="bbox 122 2635 910 2671">
    <p class='ocr_par' dir='ltr' id='par_1_100' title="bbox 122 2635 910 2671">
     <span class='ocr_line' id='line_1_100' title="bbox 122 2635 910 2671; baseline 0 -8"><span class='ocrx_word' id='word_1_764' title='bbox 122 2635 270 2669; x_wconf 68' lang='lat' dir='ltr'><strong>Eonibus,</strong></span> <span class='ocrx_word' id='word_1_765' title='bbox 283 2635 435 2671; x_wconf 73' lang='lat' dir='ltr'><strong>Monogene</strong></span> <span class='ocrx_word' id='word_1_766' title='bbox 453 2640 481 2662; x_wconf 88' lang='lat' dir='ltr'><strong>et</strong></span> <span class='ocrx_word' id='word_1_767' title='bbox 502 2635 623 2663; x_wconf 83' lang='lat' dir='ltr'><strong>Aletheia</strong></span> <span class='ocrx_word' id='word_1_768' title='bbox 638 2637 792 2663; x_wconf 88' lang='lat' dir='ltr'><strong>necessario</strong></span> <span class='ocrx_word' id='word_1_769' title='bbox 806 2635 910 2663; x_wconf 89' lang='lat' dir='ltr'><strong>eduxit.</strong></span> 
     </span>
    </p>
   </div>
   <div class='ocr_carea' id='block_1_101' title="bbox 124 2680 912 2716">
    <p class='ocr_par' dir='ltr' id='par_1_101' title="bbox 124 2680 912 2716">
     <span class='ocr_line' id='line_1_101' title="bbox 124 2680 912 2716; baseline 0 -8"><span class='ocrx_word' id='word_1_770' title='bbox 124 2681 195 2709; x_wconf 89' lang='lat' dir='ltr'><strong>Dicit</strong></span> <span class='ocrx_word' id='word_1_771' title='bbox 221 2686 317 2709; x_wconf 88' lang='lat' dir='ltr'><strong>auctor</strong></span> <span class='ocrx_word' id='word_1_772' title='bbox 339 2681 424 2716; x_wconf 87' lang='grc' dir='ltr'>Λόγον</span> <span class='ocrx_word' id='word_1_773' title='bbox 442 2681 518 2709; x_wconf 88' lang='lat' dir='ltr'><strong>exire</strong></span> <span class='ocrx_word' id='word_1_774' title='bbox 536 2689 551 2708; x_wconf 91' lang='lat' dir='ltr'><strong>a</strong></span> <span class='ocrx_word' id='word_1_775' title='bbox 572 2681 669 2709; x_wconf 85' lang='lat' dir='ltr'><strong>Patre?</strong></span> <span class='ocrx_word' id='word_1_776' title='bbox 684 2680 757 2708; x_wconf 87' lang='lat' dir='ltr'><strong>Dixit</strong></span> <span class='ocrx_word' id='word_1_777' title='bbox 769 2685 796 2708; x_wconf 90' lang='lat' dir='ltr'><strong>et</strong></span> <span class='ocrx_word' id='word_1_778' title='bbox 813 2681 912 2708; x_wconf 86' lang='lat' dir='ltr'><strong>Valen-</strong></span> 
     </span>
    </p>
   </div>
   <div class='ocr_carea' id='block_1_102' title="bbox 125 2726 917 2762">
    <p class='ocr_par' dir='ltr' id='par_1_102' title="bbox 125 2726 917 2762">
     <span class='ocr_line' id='line_1_102' title="bbox 125 2726 917 2762; baseline 0 -9"><span class='ocrx_word' id='word_1_779' title='bbox 125 2727 263 2760; x_wconf 85' lang='lat' dir='ltr'><strong>tinus-,ex</strong></span> <span class='ocrx_word' id='word_1_780' title='bbox 285 2727 436 2762; x_wconf 80' lang='lat' dir='ltr'><strong>Monogene</strong></span> <span class='ocrx_word' id='word_1_781' title='bbox 453 2728 526 2755; x_wconf 90' lang='lat' dir='ltr'><strong>enim</strong></span> <span class='ocrx_word' id='word_1_782' title='bbox 549 2727 681 2755; x_wconf 88' lang='lat' dir='ltr'><strong>emissum</strong></span> <span class='ocrx_word' id='word_1_783' title='bbox 705 2727 798 2760; x_wconf 86' lang='lat' dir='ltr'><strong>tradit,</strong></span> <span class='ocrx_word' id='word_1_784' title='bbox 821 2726 917 2754; x_wconf 85' lang='lat' dir='ltr'><strong>Mono-</strong></span> 
     </span>
    </p>
   </div>
   <div class='ocr_carea' id='block_1_103' title="bbox 127 2770 914 2807">
    <p class='ocr_par' dir='ltr' id='par_1_103' title="bbox 127 2770 914 2807">
     <span class='ocr_line' id='line_1_103' title="bbox 127 2770 914 2807; baseline 0 -10"><span class='ocrx_word' id='word_1_785' title='bbox 127 2779 210 2805; x_wconf 72' lang='lat' dir='ltr'><strong>gerres</strong></span> <span class='ocrx_word' id='word_1_786' title='bbox 242 2776 333 2799; x_wconf 88' lang='lat' dir='ltr'><strong>autem</strong></span> <span class='ocrx_word' id='word_1_787' title='bbox 360 2771 504 2800; x_wconf 88' lang='lat' dir='ltr'><strong>Valentino</strong></span> <span class='ocrx_word' id='word_1_788' title='bbox 522 2773 632 2807; x_wconf 89' lang='lat' dir='ltr'><strong>pr0prie</strong></span> <span class='ocrx_word' id='word_1_789' title='bbox 646 2772 726 2801; x_wconf 83' lang='lat' dir='ltr'><strong>Pater</strong></span> <span class='ocrx_word' id='word_1_790' title='bbox 740 2776 792 2800; x_wconf 86' lang='lat' dir='ltr'><strong>est.</strong></span> <span class='ocrx_word' id='word_1_791' title='bbox 804 2772 845 2798; x_wconf 84' lang='lat' dir='ltr'><strong>ita</strong></span> <span class='ocrx_word' id='word_1_792' title='bbox 859 2770 914 2798; x_wconf 80' lang='lat' dir='ltr'><strong>Ire-</strong></span> 
     </span>
    </p>
   </div>
   <div class='ocr_carea' id='block_1_104' title="bbox 129 2817 914 2853">
    <p class='ocr_par' dir='ltr' id='par_1_104' title="bbox 129 2817 914 2853">
     <span class='ocr_line' id='line_1_104' title="bbox 129 2817 914 2853; baseline -0.003 -9"><span class='ocrx_word' id='word_1_793' title='bbox 129 2824 216 2848; x_wconf 65' lang='lat' dir='ltr'><strong>nacus,</strong></span> <span class='ocrx_word' id='word_1_794' title='bbox 229 2817 274 2844; x_wconf 67' lang='grc' dir='ltr'>τὸν</span> <span class='ocrx_word' id='word_1_795' title='bbox 289 2818 317 2844; x_wconf 83' lang='grc' dir='ltr'>δὲ</span> <span class='ocrx_word' id='word_1_796' title='bbox 333 2817 405 2844; x_wconf 84' lang='grc' dir='ltr'>Νοῦν</span> <span class='ocrx_word' id='word_1_797' title='bbox 419 2818 513 2845; x_wconf 68' lang='grc' dir='ltr'>τοῦτον</span> <span class='ocrx_word' id='word_1_798' title='bbox 526 2819 573 2845; x_wconf 70' lang='grc' dir='ltr'>καὶ</span> <span class='ocrx_word' id='word_1_799' title='bbox 587 2818 729 2853; x_wconf 83' lang='grc' dir='ltr'>Μονογενῆ</span> <span class='ocrx_word' id='word_1_800' title='bbox 741 2817 853 2844; x_wconf 81' lang='grc' dir='ltr'>καλοῦσι</span> <span class='ocrx_word' id='word_1_801' title='bbox 867 2817 914 2842; x_wconf 78' lang='grc' dir='ltr'><strong>καὶ</strong></span> 
     </span>
    </p>
   </div>
   <div class='ocr_carea' id='block_1_105' title="bbox 131 2862 914 2899">
    <p class='ocr_par' dir='ltr' id='par_1_105' title="bbox 131 2862 914 2899">
     <span class='ocr_line' id='line_1_105' title="bbox 131 2862 914 2899; baseline -0.003 -8"><span class='ocrx_word' id='word_1_802' title='bbox 131 2862 250 2899; x_wconf 72' lang='grc' dir='ltr'>Πατέρα.</span> <span class='ocrx_word' id='word_1_803' title='bbox 278 2863 461 2893; x_wconf 82' lang='lat' dir='ltr'><strong>Tcrtullianus</strong></span> <span class='ocrx_word' id='word_1_804' title='bbox 487 2865 520 2892; x_wconf 85' lang='lat' dir='ltr'><strong>de</strong></span> <span class='ocrx_word' id='word_1_805' title='bbox 547 2863 606 2892; x_wconf 83' lang='lat' dir='ltr'><strong>Nu:</strong></span> <span class='ocrx_word' id='word_1_806' title='bbox 625 2874 634 2891; x_wconf 85' lang='grc'><strong>‹</strong></span> <span class='ocrx_word' id='word_1_807' title='bbox 651 2864 691 2892; x_wconf 89' lang='lat' dir='ltr'><strong>lta</strong></span> <span class='ocrx_word' id='word_1_808' title='bbox 714 2868 741 2891; x_wconf 82' lang='lat' dir='ltr'><strong>et</strong></span> <span class='ocrx_word' id='word_1_809' title='bbox 759 2863 817 2898; x_wconf 85' lang='lat' dir='ltr'><strong>ipse</strong></span> <span class='ocrx_word' id='word_1_810' title='bbox 835 2862 914 2890; x_wconf 85' lang='lat' dir='ltr'><strong>Pater</strong></span> 
     </span>
    </p>
   </div>
   <div class='ocr_carea' id='block_1_106' title="bbox 991 2265 1753 2306">
    <p class='ocr_par' dir='ltr' id='par_1_106' title="bbox 991 2265 1753 2306">
     <span class='ocr_line' id='line_1_106' title="bbox 991 2265 1753 2306; baseline -0.009 -7"><span class='ocrx_word' id='word_1_811' title='bbox 991 2271 1080 2306; x_wconf 88' lang='lat' dir='ltr'><strong>Atque</strong></span> <span class='ocrx_word' id='word_1_812' title='bbox 1095 2271 1153 2298; x_wconf 65' lang='lat' dir='ltr'><strong>hac</strong></span> <span class='ocrx_word' id='word_1_813' title='bbox 1165 2269 1275 2305; x_wconf 90' lang='lat' dir='ltr'><strong>quidem</strong></span> <span class='ocrx_word' id='word_1_814' title='bbox 1289 2268 1381 2296; x_wconf 90' lang='lat' dir='ltr'><strong>omnia</strong></span> <span class='ocrx_word' id='word_1_815' title='bbox 1395 2271 1460 2295; x_wconf 90' lang='lat' dir='ltr'><strong>sunt</strong></span> <span class='ocrx_word' id='word_1_816' title='bbox 1475 2274 1537 2302; x_wconf 62' lang='lat' dir='ltr'><strong>quae</strong></span> <span class='ocrx_word' id='word_1_817' title='bbox 1552 2266 1595 2293; x_wconf 89' lang='lat' dir='ltr'><strong>vir</strong></span> <span class='ocrx_word' id='word_1_818' title='bbox 1611 2265 1753 2293; x_wconf 88' lang='lat' dir='ltr'><strong>doctissi-</strong></span> 
     </span>
    </p>
   </div>
   <div class='ocr_carea' id='block_1_107' title="bbox 956 2312 1755 2345">
    <p class='ocr_par' dir='ltr' id='par_1_107' title="bbox 956 2312 1755 2345">
     <span class='ocr_line' id='line_1_107' title="bbox 956 2312 1755 2345; baseline -0.009 0"><span class='ocrx_word' id='word_1_819' title='bbox 956 2325 1019 2345; x_wconf 87' lang='lat' dir='ltr'><strong>mus</strong></span> <span class='ocrx_word' id='word_1_820' title='bbox 1033 2316 1124 2344; x_wconf 87' lang='lat' dir='ltr'><strong>attulit</strong></span> <span class='ocrx_word' id='word_1_821' title='bbox 1138 2321 1170 2343; x_wconf 92' lang='lat' dir='ltr'><strong>ut</strong></span> <span class='ocrx_word' id='word_1_822' title='bbox 1182 2315 1339 2343; x_wconf 87' lang='lat' dir='ltr'><strong>ostenderet</strong></span> <span class='ocrx_word' id='word_1_823' title='bbox 1358 2318 1501 2341; x_wconf 79' lang='lat' dir='ltr'><strong>auctorem</strong></span> <span class='ocrx_word' id='word_1_824' title='bbox 1519 2317 1647 2340; x_wconf 87' lang='lat' dir='ltr'><strong>nostrum</strong></span> <span class='ocrx_word' id='word_1_825' title='bbox 1658 2332 1666 2345; x_wconf 91' lang='lat'><strong>,</strong></span> <span class='ocrx_word' id='word_1_826' title='bbox 1683 2312 1755 2339; x_wconf 86' lang='lat' dir='ltr'><strong>dum</strong></span> 
     </span>
    </p>
   </div>
   <div class='ocr_carea' id='block_1_108' title="bbox 957 2358 1754 2395">
    <p class='ocr_par' dir='ltr' id='par_1_108' title="bbox 957 2358 1754 2395">
     <span class='ocr_line' id='line_1_108' title="bbox 957 2358 1754 2395; baseline -0.008 -5"><span class='ocrx_word' id='word_1_827' title='bbox 957 2363 1015 2390; x_wconf 73' lang='lat' dir='ltr'><strong>haec</strong></span> <span class='ocrx_word' id='word_1_828' title='bbox 1024 2363 1166 2395; x_wconf 84' lang='lat' dir='ltr'><strong>scriberet,</strong></span> <span class='ocrx_word' id='word_1_829' title='bbox 1181 2360 1358 2388; x_wconf 80' lang='lat' dir='ltr'><strong>Valentinum</strong></span> <span class='ocrx_word' id='word_1_830' title='bbox 1369 2359 1485 2395; x_wconf 84' lang='lat' dir='ltr'><strong>ejusque</strong></span> <span class='ocrx_word' id='word_1_831' title='bbox 1506 2359 1618 2386; x_wconf 79' lang='lat' dir='ltr'><strong>fabulas</strong></span> <span class='ocrx_word' id='word_1_832' title='bbox 1636 2358 1667 2385; x_wconf 89' lang='lat' dir='ltr'><strong>in</strong></span> <span class='ocrx_word' id='word_1_833' title='bbox 1685 2358 1754 2385; x_wconf 85' lang='lat' dir='ltr'><strong>ani-.</strong></span> 
     </span>
    </p>
   </div>
   <div class='ocr_carea' id='block_1_109' title="bbox 958 2405 1754 2442">
    <p class='ocr_par' dir='ltr' id='par_1_109' title="bbox 958 2405 1754 2442">
     <span class='ocr_line' id='line_1_109' title="bbox 958 2405 1754 2442; baseline -0.008 -6"><span class='ocrx_word' id='word_1_834' title='bbox 958 2415 1004 2436; x_wconf 86' lang='lat' dir='ltr'><strong>mo</strong></span> <span class='ocrx_word' id='word_1_835' title='bbox 1016 2408 1163 2441; x_wconf 85' lang='lat' dir='ltr'><strong>habuisse;</strong></span> <span class='ocrx_word' id='word_1_836' title='bbox 1175 2414 1294 2442; x_wconf 88' lang='lat' dir='ltr'><strong>quorum</strong></span> <span class='ocrx_word' id='word_1_837' title='bbox 1310 2405 1378 2433; x_wconf 89' lang='lat' dir='ltr'><strong>nihil</strong></span> <span class='ocrx_word' id='word_1_838' title='bbox 1391 2409 1435 2433; x_wconf 90' lang='lat' dir='ltr'><strong>est</strong></span> <span class='ocrx_word' id='word_1_839' title='bbox 1446 2405 1520 2440; x_wconf 90' lang='lat' dir='ltr'><strong>quod</strong></span> <span class='ocrx_word' id='word_1_840' title='bbox 1535 2412 1687 2432; x_wconf 87' lang='lat' dir='ltr'><strong>assensum</strong></span> <span class='ocrx_word' id='word_1_841' title='bbox 1703 2411 1754 2431; x_wconf 86' lang='lat' dir='ltr'><strong>co-</strong></span> 
     </span>
    </p>
   </div>
   <div class='ocr_carea' id='block_1_110' title="bbox 958 2450 1752 2488">
    <p class='ocr_par' dir='ltr' id='par_1_110' title="bbox 958 2450 1752 2488">
     <span class='ocr_line' id='line_1_110' title="bbox 958 2450 1752 2488; baseline -0.006 -7"><span class='ocrx_word' id='word_1_842' title='bbox 958 2457 1014 2488; x_wconf 85' lang='lat' dir='ltr'><strong>gat,</strong></span> <span class='ocrx_word' id='word_1_843' title='bbox 1031 2453 1074 2480; x_wconf 91' lang='lat' dir='ltr'><strong>vel</strong></span> <span class='ocrx_word' id='word_1_844' title='bbox 1087 2453 1164 2488; x_wconf 90' lang='lat' dir='ltr'><strong>ipso,</strong></span> <span class='ocrx_word' id='word_1_845' title='bbox 1175 2452 1282 2487; x_wconf 87' lang='lat' dir='ltr'><strong>opinor,</strong></span> <span class='ocrx_word' id='word_1_846' title='bbox 1295 2451 1402 2486; x_wconf 84' lang='lat' dir='ltr'><strong>judice;</strong></span> <span class='ocrx_word' id='word_1_847' title='bbox 1419 2455 1449 2477; x_wconf 93' lang='lat' dir='ltr'><strong>ut</strong></span> <span class='ocrx_word' id='word_1_848' title='bbox 1466 2458 1517 2485; x_wconf 85' lang='lat' dir='ltr'><strong>ego</strong></span> <span class='ocrx_word' id='word_1_849' title='bbox 1530 2455 1622 2477; x_wconf 82' lang='lat' dir='ltr'><strong>autem</strong></span> <span class='ocrx_word' id='word_1_850' title='bbox 1641 2450 1752 2481; x_wconf 82' lang='lat' dir='ltr'><strong>sentio.</strong></span> 
     </span>
    </p>
   </div>
   <div class='ocr_carea' id='block_1_111' title="bbox 959 2496 1756 2534">
    <p class='ocr_par' dir='ltr' id='par_1_111' title="bbox 959 2496 1756 2534">
     <span class='ocr_line' id='line_1_111' title="bbox 959 2496 1756 2534; baseline -0.005 -8"><span class='ocrx_word' id='word_1_851' title='bbox 959 2498 1028 2526; x_wconf 84' lang='lat' dir='ltr'><strong>nihil</strong></span> <span class='ocrx_word' id='word_1_852' title='bbox 1049 2498 1123 2534; x_wconf 91' lang='lat' dir='ltr'><strong>quod</strong></span> <span class='ocrx_word' id='word_1_853' title='bbox 1136 2505 1302 2534; x_wconf 87' lang='lat' dir='ltr'><strong>quemquam</strong></span> <span class='ocrx_word' id='word_1_854' title='bbox 1318 2497 1363 2524; x_wconf 82' lang='lat' dir='ltr'><strong>vel</strong></span> <span class='ocrx_word' id='word_1_855' title='bbox 1378 2497 1474 2524; x_wconf 82' lang='lat' dir='ltr'><strong>leviter</strong></span> <span class='ocrx_word' id='word_1_856' title='bbox 1489 2500 1617 2527; x_wconf 90' lang='lat' dir='ltr'><strong>moveat,</strong></span> <span class='ocrx_word' id='word_1_857' title='bbox 1630 2496 1681 2529; x_wconf 87' lang='lat' dir='ltr'><strong>qui</strong></span> <span class='ocrx_word' id='word_1_858' title='bbox 1697 2503 1756 2522; x_wconf 82' lang='lat' dir='ltr'><strong>non</strong></span> 
     </span>
    </p>
   </div>
   <div class='ocr_carea' id='block_1_112' title="bbox 959 2542 1756 2580">
    <p class='ocr_par' dir='ltr' id='par_1_112' title="bbox 959 2542 1756 2580">
     <span class='ocr_line' id='line_1_112' title="bbox 959 2542 1756 2580; baseline -0.005 -7"><span class='ocrx_word' id='word_1_859' title='bbox 959 2546 1053 2573; x_wconf 88' lang='lat' dir='ltr'><strong>eodem</strong></span> <span class='ocrx_word' id='word_1_860' title='bbox 1069 2545 1153 2573; x_wconf 90' lang='lat' dir='ltr'><strong>modo</strong></span> <span class='ocrx_word' id='word_1_861' title='bbox 1166 2544 1263 2580; x_wconf 87' lang='lat' dir='ltr'><strong>lgnatii</strong></span> <span class='ocrx_word' id='word_1_862' title='bbox 1277 2544 1408 2580; x_wconf 87' lang='lat' dir='ltr'><strong>epistolas</strong></span> <span class='ocrx_word' id='word_1_863' title='bbox 1424 2543 1531 2578; x_wconf 89' lang='lat' dir='ltr'><strong>legerit,</strong></span> <span class='ocrx_word' id='word_1_864' title='bbox 1549 2549 1606 2577; x_wconf 91' lang='lat' dir='ltr'><strong>quo</strong></span> <span class='ocrx_word' id='word_1_865' title='bbox 1624 2542 1756 2577; x_wconf 50' lang='lat' dir='ltr'><strong>Scripta.</strong></span> 
     </span>
    </p>
   </div>
   <div class='ocr_carea' id='block_1_113' title="bbox 960 2586 1755 2625">
    <p class='ocr_par' dir='ltr' id='par_1_113' title="bbox 960 2586 1755 2625">
     <span class='ocr_line' id='line_1_113' title="bbox 960 2586 1755 2625; baseline -0.004 -8"><span class='ocrx_word' id='word_1_866' title='bbox 960 2597 1006 2617; x_wconf 80' lang='lat' dir='ltr'><strong>ras</strong></span> <span class='ocrx_word' id='word_1_867' title='bbox 1018 2590 1082 2617; x_wconf 90' lang='lat' dir='ltr'><strong>olim</strong></span> <span class='ocrx_word' id='word_1_868' title='bbox 1099 2590 1205 2625; x_wconf 87' lang='lat' dir='ltr'><strong>legebat</strong></span> <span class='ocrx_word' id='word_1_869' title='bbox 1214 2588 1387 2620; x_wconf 86' lang='lat' dir='ltr'><strong>Valentinus,</strong></span> <span class='ocrx_word' id='word_1_870' title='bbox 1402 2592 1432 2615; x_wconf 90' lang='lat' dir='ltr'><strong>ut</strong></span> <span class='ocrx_word' id='word_1_871' title='bbox 1445 2587 1551 2619; x_wconf 82' lang='lat' dir='ltr'><strong>omnia,</strong></span> <span class='ocrx_word' id='word_1_872' title='bbox 1568 2586 1678 2614; x_wconf 84' lang='lat' dir='ltr'><strong>scilicet</strong></span> <span class='ocrx_word' id='word_1_873' title='bbox 1690 2605 1699 2619; x_wconf 87' lang='lat'><strong>,</strong></span> <span class='ocrx_word' id='word_1_874' title='bbox 1721 2587 1755 2614; x_wconf 79' lang='lat' dir='ltr'><strong>ad</strong></span> 
     </span>
    </p>
   </div>
   <div class='ocr_carea' id='block_1_114' title="bbox 961 2632 1755 2668">
    <p class='ocr_par' dir='ltr' id='par_1_114' title="bbox 961 2632 1755 2668">
     <span class='ocr_line' id='line_1_114' title="bbox 961 2632 1755 2668; baseline -0.005 -6"><span class='ocrx_word' id='word_1_875' title='bbox 961 2642 1042 2662; x_wconf 89' lang='lat' dir='ltr'><strong>suum</strong></span> <span class='ocrx_word' id='word_1_876' title='bbox 1058 2643 1168 2662; x_wconf 83' lang='lat' dir='ltr'><strong>sensum</strong></span> <span class='ocrx_word' id='word_1_877' title='bbox 1184 2635 1292 2667; x_wconf 84' lang='lat' dir='ltr'><strong>trahat,</strong></span> <span class='ocrx_word' id='word_1_878' title='bbox 1309 2638 1336 2661; x_wconf 93' lang='lat' dir='ltr'><strong>et</strong></span> <span class='ocrx_word' id='word_1_879' title='bbox 1357 2634 1384 2660; x_wconf 91' lang='lat' dir='ltr'><strong>in</strong></span> <span class='ocrx_word' id='word_1_880' title='bbox 1401 2633 1544 2668; x_wconf 87' lang='lat' dir='ltr'><strong>proprium</strong></span> <span class='ocrx_word' id='word_1_881' title='bbox 1560 2632 1755 2660; x_wconf 81' lang='lat' dir='ltr'><strong>characterem</strong></span> 
     </span>
    </p>
   </div>
   <div class='ocr_carea' id='block_1_115' title="bbox 961 2678 1758 2713">
    <p class='ocr_par' dir='ltr' id='par_1_115' title="bbox 961 2678 1758 2713">
     <span class='ocr_line' id='line_1_115' title="bbox 961 2678 1758 2713; baseline -0.003 -7"><span class='ocrx_word' id='word_1_882' title='bbox 961 2685 1114 2708; x_wconf 90' lang='lat' dir='ltr'><strong>convertat.</strong></span> <span class='ocrx_word' id='word_1_883' title='bbox 1129 2680 1207 2713; x_wconf 89' lang='lat' dir='ltr'><strong>Quod</strong></span> <span class='ocrx_word' id='word_1_884' title='bbox 1227 2680 1250 2707; x_wconf 91' lang='lat' dir='ltr'><strong>si</strong></span> <span class='ocrx_word' id='word_1_885' title='bbox 1274 2680 1318 2707; x_wconf 86' lang='lat' dir='ltr'><strong>cui</strong></span> <span class='ocrx_word' id='word_1_886' title='bbox 1339 2679 1436 2706; x_wconf 87' lang='lat' dir='ltr'><strong>liberet</strong></span> <span class='ocrx_word' id='word_1_887' title='bbox 1451 2678 1562 2709; x_wconf 81' lang='lat' dir='ltr'><strong>facere.</strong></span> <span class='ocrx_word' id='word_1_888' title='bbox 1585 2685 1672 2712; x_wconf 87' lang='lat' dir='ltr'><strong>quam</strong></span> <span class='ocrx_word' id='word_1_889' title='bbox 1694 2685 1758 2712; x_wconf 84' lang='lat' dir='ltr'><strong>pro-</strong></span> 
     </span>
    </p>
   </div>
   <div class='ocr_carea' id='block_1_116' title="bbox 962 2721 1759 2758">
    <p class='ocr_par' dir='ltr' id='par_1_116' title="bbox 962 2721 1759 2758">
     <span class='ocr_line' id='line_1_116' title="bbox 962 2721 1759 2758; baseline -0.004 -7"><span class='ocrx_word' id='word_1_890' title='bbox 962 2725 1031 2753; x_wconf 87' lang='lat' dir='ltr'><strong>clive</strong></span> <span class='ocrx_word' id='word_1_891' title='bbox 1041 2729 1114 2753; x_wconf 85' lang='lat' dir='ltr'><strong>esset</strong></span> <span class='ocrx_word' id='word_1_892' title='bbox 1131 2724 1296 2753; x_wconf 84' lang='lat' dir='ltr'><strong>catholicum</strong></span> <span class='ocrx_word' id='word_1_893' title='bbox 1315 2723 1440 2758; x_wconf 89' lang='lat' dir='ltr'><strong>quemvis</strong></span> <span class='ocrx_word' id='word_1_894' title='bbox 1454 2722 1564 2750; x_wconf 85' lang='lat' dir='ltr'><strong>Patrem</strong></span> <span class='ocrx_word' id='word_1_895' title='bbox 1582 2722 1611 2749; x_wconf 92' lang='lat' dir='ltr'><strong>in</strong></span> <span class='ocrx_word' id='word_1_896' title='bbox 1628 2721 1759 2749; x_wconf 69' lang='lat' dir='ltr'><strong>Valenti&lt;</strong></span> 
     </span>
    </p>
   </div>
   <div class='ocr_carea' id='block_1_117' title="bbox 963 2768 1758 2804">
    <p class='ocr_par' dir='ltr' id='par_1_117' title="bbox 963 2768 1758 2804">
     <span class='ocr_line' id='line_1_117' title="bbox 963 2768 1758 2804; baseline -0.004 -7"><span class='ocrx_word' id='word_1_897' title='bbox 963 2771 1075 2798; x_wconf 86' lang='lat' dir='ltr'><strong>nianum</strong></span> <span class='ocrx_word' id='word_1_898' title='bbox 1092 2770 1265 2798; x_wconf 86' lang='lat' dir='ltr'><strong>convertere!</strong></span> <span class='ocrx_word' id='word_1_899' title='bbox 1280 2769 1403 2804; x_wconf 85' lang='lat' dir='ltr'><strong>Exempli</strong></span> <span class='ocrx_word' id='word_1_900' title='bbox 1418 2769 1506 2803; x_wconf 88' lang='lat' dir='ltr'><strong>gratia</strong></span> <span class='ocrx_word' id='word_1_901' title='bbox 1522 2775 1604 2796; x_wconf 89' lang='lat' dir='ltr'><strong>sumo</strong></span> <span class='ocrx_word' id='word_1_902' title='bbox 1617 2768 1758 2796; x_wconf 87' lang='lat' dir='ltr'><strong>suavissi-</strong></span> 
     </span>
    </p>
   </div>
   <div class='ocr_carea' id='block_1_118' title="bbox 965 2813 1758 2852">
    <p class='ocr_par' dir='ltr' id='par_1_118' title="bbox 965 2813 1758 2852">
     <span class='ocr_line' id='line_1_118' title="bbox 965 2813 1758 2852; baseline -0.008 -8"><span class='ocrx_word' id='word_1_903' title='bbox 965 2824 1024 2844; x_wconf 89' lang='lat' dir='ltr'><strong>mos</strong></span> <span class='ocrx_word' id='word_1_904' title='bbox 1038 2817 1142 2852; x_wconf 83' lang='lat' dir='ltr'><strong>Synesii</strong></span> <span class='ocrx_word' id='word_1_905' title='bbox 1157 2817 1288 2851; x_wconf 82' lang='lat' dir='ltr'><strong>hymnos;</strong></span> <span class='ocrx_word' id='word_1_906' title='bbox 1306 2815 1333 2842; x_wconf 90' lang='lat' dir='ltr'><strong>in</strong></span> <span class='ocrx_word' id='word_1_907' title='bbox 1348 2814 1448 2849; x_wconf 89' lang='lat' dir='ltr'><strong>quibus</strong></span> <span class='ocrx_word' id='word_1_908' title='bbox 1463 2814 1521 2840; x_wconf 72' lang='lat' dir='ltr'><strong>[nec</strong></span> <span class='ocrx_word' id='word_1_909' title='bbox 1543 2813 1604 2847; x_wconf 91' lang='lat' dir='ltr'><strong>lego</strong></span> <span class='ocrx_word' id='word_1_910' title='bbox 1641 2815 1673 2838; x_wconf 84' lang='lat' dir='ltr'><strong>et</strong></span> <span class='ocrx_word' id='word_1_911' title='bbox 1695 2813 1758 2847; x_wconf 85' lang='lat' dir='ltr'><strong>qui-</strong></span> 
     </span>
    </p>
   </div>
   <div class='ocr_carea' id='block_1_119' title="bbox 966 2858 1758 2897">
    <p class='ocr_par' dir='ltr' id='par_1_119' title="bbox 966 2858 1758 2897">
     <span class='ocr_line' id='line_1_119' title="bbox 966 2858 1758 2897; baseline -0.008 -7"><span class='ocrx_word' id='word_1_912' title='bbox 966 2863 1024 2890; x_wconf 78' lang='lat' dir='ltr'><strong>dem</strong></span> <span class='ocrx_word' id='word_1_913' title='bbox 1034 2863 1067 2890; x_wconf 86' lang='lat' dir='ltr'><strong>de</strong></span> <span class='ocrx_word' id='word_1_914' title='bbox 1077 2861 1150 2897; x_wconf 77' lang='lat' dir='ltr'><strong>Logo</strong></span> <span class='ocrx_word' id='word_1_915' title='bbox 1160 2871 1165 2888; x_wconf 76' lang='grc' dir='ltr'>ε</span> <span class='ocrx_word' id='word_1_916' title='bbox 1174 2861 1268 2896; x_wconf 70' lang='grc' dir='ltr'>Λόγος,</span> <span class='ocrx_word' id='word_1_917' title='bbox 1279 2861 1307 2887; x_wconf 80' lang='grc' dir='ltr'>ὃν</span> <span class='ocrx_word' id='word_1_918' title='bbox 1316 2859 1425 2896; x_wconf 79' lang='grc' dir='ltr'>μεγάλῳ</span> <span class='ocrx_word' id='word_1_919' title='bbox 1436 2859 1524 2894; x_wconf 74' lang='grc' dir='ltr'>Πατρὶ</span> <span class='ocrx_word' id='word_1_920' title='bbox 1538 2866 1624 2893; x_wconf 71' lang='grc' dir='ltr'>συνυμ</span> <span class='ocrx_word' id='word_1_921' title='bbox 1631 2858 1671 2884; x_wconf 72' lang='grc' dir='ltr'>νώ</span> <span class='ocrx_word' id='word_1_922' title='bbox 1690 2859 1758 2888; x_wconf 62' lang='grc' dir='ltr'><strong>Νέας</strong></span> 
     </span>
    </p>
   </div>
  </div>
