1850 3072
58 190 97 219 5H
411 187 437 215 J.
458 183 640 214 PEARSON“
659 181 821 212 VINDICL‘E
841 180 1052 210 lCNATlANzE.
1072 196 1108 202 ——
1120 180 1212 209 PARS
1230 180 1265 209 ll.

1618 178 1675 211 διδ·

59 246 160 282 ἀρρήτου
173 245 268 272 Timet
285 252 318 272 σε
332 244 446 279 Πατρός.
464 253 473 269 ι
494 242 624 274 Verbum,
637 240 712 276 quod
734 246 851 274 magno.

940 237 1019 265 istolo
1034 237 1216 272 inculcatam,
1238 242 1279 266 tot
1297 238 1429 267 encomiis
1446 245 1461 266 a
1479 237 1530 266 SS.
1544 238 1673 269 Patribus

58 293 113 320 Cum
123 291 200 319 Pal-re
210 299 295 323 cano.
304 291 382 318 Mens
394 289 539 317 ineliabilis
556 288 649 324 Cignit
664 291 690 314 te
702 286 801 314 Patris.
818 294 827 310 ι

59 337 292 366 Videshaacomnia
307 344 371 364 esse
382 344 415 363 ex
422 335 560 363 Valentini
575 334 680 362 schola.
694 331 831 359 Habemus

58 385 148 413 Patrem
162 385 298 420 ἄρρητον,
310 382 383 410 Νοῦν
408 387 435 410 et
447 380 534 416 Λόγον
550 385 605 408 tres
618 379 722 415 primos
729 377 833 405 Aionas

60 429 188 456 unsoulos.
208 427 375 455 Valentinus
392 427 451 461 ipse
477 425 513 452 ita
531 424 654 451 deﬁnivit
670 422 753 450 δυάδα
770 422 833 448 ἀνο-

59 476 188 510 νόμαστον,
207 471 244 509 ἧς
263 473 296 500 τὺ
328 472 376 508 μέν
393 480 420 498 τι
443 469 583 498 καλεῖσθαι
601 468 736 504 ἄρρητον,
756 467 786 494 τὸ
803 467 833 493 δὲ

59 523 132 557 σιγήν.
146 521 286 556 Ἀρρητος
300 520 392 555 itaque
407 520 477 547 idem
489 519 536 554 qui
554 518 676 554 Bythus,
693 525 728 544 ex
746 516 833 552 Bytho

59 569 113 602 Nus,
123 576 154 596 ex
167 568 208 596 Nu
228 567 336 604 Logus.
351 566 440 594 Purus
454 570 536 601 putus
551 565 645 598 itaque
665 562 835 591 Valentinia-

60 623 104 642 nus
115 614 163 642 erit
179 613 329 649 Synesius.
340 612 408 640 Nam
420 617 448 639 et
461 619 523 647 quae
533 614 684 646 sequuntur
694 617 727 637 ex
739 609 834 637 eadem

59 661 149 689 ofﬁcina
163 669 225 688 esse
251 660 384 688 videntur
397 669 406 686 ι
425 659 538 695 Πρῶτος
557 656 671 693 πρώτας
688 655 834 692 Προθορὼν

58 704 130 739 ῥίζας,
147 704 222 736 Ῥεζα
237 704 269 730 δὲ
294 703 406 729 πάντων
420 702 480 728 Τῶν
497 702 566 737 μετὰ
585 701 694 728 κλεινὰν
707 701 763 728 Τὰν
785 700 835 728 σὰν

59 750 147 784 γένναν.
161 759 170 776 ι
185 749 300 779 Primus
312 758 346 778 ex
359 750 446 786 prima
458 748 611 784 Prognatus
625 748 733 780 radice;
747 746 836 774 Radix

59 799 133 822 autem
150 796 292 827 omnium,
319 795 386 829 Quae
402 794 511 822 condita
531 798 596 821 sunt
617 799 680 829 post
705 793 835 828 inclytum

59 841 133 869 Tuum
143 847 242 870 ortum.
256 853 267 868 ι
281 842 404 870 Primam
417 842 489 869 enim
502 841 604 869 tetrada
613 840 691 877 ῥίζαν
702 840 757 866 τῶν
772 839 836 866 πάν-

57 896 100 913 των
117 889 298 923 appellabant,
311 893 340 916 et
352 888 455 924 Logum
467 895 501 915 ex
520 887 566 915 illa
585 888 713 915 eductum
724 886 836 922 Πατέρα

58 932 148 960 πάντων
155 933 207 960 τῶν
218 934 278 969 μετ’
288 933 374 960 αὐτὸν
385 932 615 968 ὲσομένων.Αριιι1
622 932 749 960 eumdem
759 932 834 967 lego:

61 978 154 1012 MmP,
169 979 241 1009 ὅστις
261 977 336 1012 μετὰ
353 977 449 1013 μοίρας
465 977 577 1009 Ἐπιϐὰς
594 977 665 1003 Νόου
679 977 814 1003 κελεύθων
825 996 834 1008 ,

61 1024 130 1050 Βυθὺν
139 1022 205 1051 εἶδεν
226 1024 384 1059 θεολαμπῆ.
401 1033 411 1049 ι
429 1024 539 1056 Beatus,
559 1024 606 1059 qui
631 1029 692 1059 post
716 1024 770 1051 fata
790 1023 834 1051 ln-

61 1077 155 1104 gressus
169 1070 268 1098 Mentis
281 1071 355 1104 vias,
368 1070 485 1106 Hythum
497 1071 565 1098 vidit
585 1070 678 1097 divina
694 1070 834 1105 refulgen-

62 1121 104 1143 teni
121 1116 186 1145 luce.
201 1127 211 1143 ›
224 1117 312 1146 Vides
327 1122 357 1145 ut
368 1122 468 1145 statuat
484 1125 620 1145 summam
638 1117 834 1145 beatitudinem

61 1163 83 1190 in
97 1165 192 1192 visione
206 1164 304 1200 Bythi,
320 1172 409 1200 eaque
422 1163 555 1199 patefacta
568 1171 616 1199 per
628 1163 700 1191 Nun.
718 1162 796 1195 Quod
809 1167 836 1190 et

62 1210 143 1238 iterum
154 1212 309 1246 exprimere
320 1211 348 1237 in
358 1211 431 1238 hunc
443 1210 554 1238 modum
565 1210 672 1238 videtur
688 1232 693 1237 .
705 1209 835 1236 Ἐπιϐαλ-

61 1257 156 1291 ἱέμενος
169 1257 314 1294 Προσιδείν
331 1257 427 1292 αἰγλαν
442 1257 592 1292 Ἀκάμαντι
613 1256 691 1292 Βυθῷ
705 1256 836 1291 Ἀμαρυσ-

63 1303 172 1338 σομέναν.
187 1314 197 1329 ι
213 1303 284 1331 Dum
310 1308 398 1331 tentat
419 1303 520 1330 Intueri
553 1302 725 1338 splendorem
753 1301 833 1329 Inde-

63 1347 122 1377 iesso
135 1349 218 1385 Bytho
230 1349 407 1385 Fulgentem.
423 1358 433 1375 )
450 1349 534 1376 Deum
547 1354 620 1376 certe
634 1347 742 1375 Patrem
756 1351 836 1374 vocat

64 1395 216 1431 προπάτορα,
241 1401 269 1423 et
294 1394 458 1421 αἰωνοτόκον
470 1414 477 1426 ,
499 1399 526 1422 et
543 1393 610 1430 θῆλυ
629 1394 676 1420 καὶ
691 1393 782 1429 ἄρρεν.
796 1393 837 1419 An

65 1440 106 1474 ipsi
119 1440 298 1469 Valentiniani
326 1441 405 1468 aliter
431 1440 628 1476 loquerentur?
643 1439 743 1466 Eodem
758 1446 838 1474 argu-

65 1492 142 1514 mento
151 1487 258 1522 probari
281 1491 379 1522 posset
404 1486 554 1514 Lucianum
571 1486 599 1512 in
620 1485 768 1520 Philopatri
787 1484 839 1511 Va-

65 1531 179 1560 lentinum
191 1533 398 1568 perstrinxisse,
412 1532 459 1559 ubi
469 1532 575 1560 deridet
588 1531 738 1559 doctrinam
748 1531 839 1558 Trini-

881 289 1006 312 ornatam
1020 294 1027 318 ;
1055 285 1132 312 οὐδὲν
1152 285 1206 321 γὰρ
1220 286 1332 322 εἰρήνης
1352 285 1410 312 ίσον
1426 286 1473 313 καὶ
1492 287 1672 322 συμφωνίας,

883 334 913 357 ut
925 330 1047 365 loquitur
1060 330 1282 366 Chrysostomus.
1296 330 1342 358 Sic
1359 331 1441 366 igitur
1454 330 1552 358 atl'atur
1564 331 1675 367 Magne-

883 377 941 404 sios
948 376 1078 413 lgnatius,
1087 378 1117 403 ὲν
1126 377 1237 412 ὁμονοίᾳ
1242 377 1310 403 Θεοῦ
1317 377 1480 409 σπουδάζετε
1489 378 1577 405 πάντα
1584 378 1674 414 πράσο

885 430 953 455 σειν,
966 431 974 447 ι
981 422 1008 449 in
1015 423 1160 450 concordia
1169 422 1214 450 Dei
1228 423 1334 450 studete
1341 423 1433 450 omnia
1442 424 1560 458 operari,
1568 434 1577 449 ι
1588 423 1672 459 μηδὲν

883 467 956 494 ἔστω
973 468 1003 494 ὲν
1029 468 1093 502 ὑμῖν
1107 468 1122 494 δ
1136 468 1279 503 δυνήσεται
1296 469 1367 504 ὑμᾶς
1383 468 1503 504 μερίσαι,
1522 479 1531 494 ι
1551 469 1618 496 nihil
1637 470 1674 496 sit

885 514 913 541 in
928 514 1006 542 vobis
1018 514 1091 549 quod
1106 515 1192 549 possit
1206 522 1254 541 vos
1268 515 1373 549 partiri.
1390 513 1528 542 Uniamini
1543 515 1673 550 episcopo

885 565 912 589 et
925 561 1142 596 praesidentibus.
1161 560 1340 588 litDominus
1354 561 1413 588 sine
1433 559 1515 588 Patre
1541 561 1608 588 nihil
1634 560 1674 588 fe-

884 607 932 640 cit,
953 617 962 633 ι
978 607 1115 643 ἡνωμένος
1131 606 1186 639 ὢν,
1202 615 1212 632 ι
1231 607 1324 634 unitus
1341 607 1486 639 exsistens,
1512 614 1601 641 neque
1626 614 1675 642 per

885 653 1016 688 seipsum,
1032 661 1120 688 neque
1135 661 1183 688 per
1193 653 1351 688 apostolos;
1373 654 1413 680 sic
1431 660 1519 687 neque
1539 661 1590 681 vos
1614 653 1674 680 sine

885 699 1015 733 episeopo
1027 703 1054 726 et
1066 699 1232 734 presbyteris
1247 699 1350 734 aliquid
1366 699 1528 734 operamini.
1545 708 1555 724 ι
1570 699 1623 730 Sit,
1635 699 1676 725 in-

887 746 958 780 quit,
972 745 1019 771 ὲπὶ
1034 745 1064 771 τὸ
1074 745 1141 772 αὐτὸ
1159 754 1168 771 ι
1186 753 1240 772 una
1255 746 1336 778 ratio,
1349 753 1401 772 una
1414 745 1580 780 deprecatio,
1593 752 1673 772 mens

886 792 960 816 una,
985 793 1039 813 una
1066 794 1138 821 spes.
1160 797 1169 813 ι
1187 790 1330 816 Ilationem
1350 790 1441 816 statim
1462 790 1550 818 reddit
1573 796 1600 818 et
1617 799 1679 818 eam

886 831 996 867 quidem
1019 833 1196 867 apostolicam
1225 844 1231 862 :
1257 833 1305 867 Εἷς
1328 836 1401 862 ἔστιν
1423 835 1527 871 Ἰησοῦς
1543 836 1678 872 Χριστός,

889 887 898 903 ι
914 877 992 906 Unus
1006 878 1086 907 Jesus
1107 880 1234 909 Christus
1258 887 1309 915 est,
1329 891 1338 908 i
1355 890 1409 918 quo
1426 883 1523 910 melius
1540 883 1608 910 nihil
1623 888 1677 911 est.

850 912 869 940 Β
886 923 923 952 Ut
932 923 962 952 S.
976 924 1075 953 Paulus
1086 925 1218 961 Ephesios
1228 929 1262 945 "'
1273 912 1422 956 cohortalis
1432 933 1461 956 ut
1472 934 1580 956 servent
1593 939 1603 955 ι
1620 929 1679 957 uni-

885 977 967 1000 tatem
982 972 1095 1006 spiritus
1107 971 1134 998 in
1153 971 1261 998 vinculo
1274 971 1359 1006 pacis,
1380 970 1477 999 Vocati
1496 970 1564 997 estis
1578 970 1605 997 in
1622 977 1676 997 una

885 1028 933 1055 spe
948 1029 955 1053 ;
970 1026 1042 1046 unus
1068 1018 1218 1052 Dominus,
1235 1025 1288 1044 una
1308 1018 1385 1050 ﬁdes,
1412 1024 1496 1044 unum
1521 1017 1654 1051 baptisma
1666 1035 1674 1047 ,

885 1066 1046 1099 unusDeus,
1061 1070 1088 1093 et
1101 1065 1181 1093 Pater
1191 1064 1340 1097 omnium,»
1354 1063 1490 1099 πανταχοῦ
1497 1062 1620 1090 τὸέν-καὶ
1632 1059 1677 1095 εἷς

886 1114 1016 1145 τέθεικεν,
1028 1113 1332 1148 inquit'l'heodoretus,
1346 1112 1385 1142 είς
1402 1110 1559 1145 συμφωνίαν
1577 1109 1677 1136 συνάπ-

886 1169 940 1186 των
955 1161 1004 1195 τὴν
1015 1159 1179 1194 Ἐκκλησίαν
1191 1167 1198 1185 :
1208 1159 1245 1185 ita
1260 1158 1342 1186 etiam
1361 1162 1387 1184 et
1403 1156 1523 1192 lgnatius
1539 1155 1611 1182 idem
1632 1163 1678 1182 ar-

887 1210 1045 1242 gumentum
1061 1206 1246 1241 prosequitur.
1266 1214 1274 1230 ι
1289 1203 1391 1232 Omnes
1405 1203 1486 1238 igitur
1501 1207 1531 1229 ut
1545 1201 1573 1228 in
1590 1209 1676 1228 unum

887 1251 1016 1286 templum
1034 1252 1177 1279 convenite
1189 1250 1308 1286 (quibus
1327 1250 1417 1276 verbis
1433 1248 1599 1284 primitivam
1623 1246 1676 1274 Ec-

887 1298 977 1326 clesia:
992 1298 1123 1325 unitatem
1139 1298 1166 1324 in
1184 1296 1294 1324 Actibus
1310 1295 1490 1330 apostolorum
1512 1293 1677 1328 descriptam

888 1348 1083 1379 repracsentare
1097 1342 1226 1378 videtur),
1241 1342 1267 1368 in
1280 1349 1364 1369 unum
1379 1341 1476 1374 altare,
1490 1340 1517 1367 in
1532 1347 1616 1366 unum
1633 1338 1679 1366 lc-

889 1399 950 1419 sum
966 1390 1121 1423 Christum,
1137 1399 1146 1415 »
1160 1397 1256 1425 quem,
1274 1387 1404 1423 quoniam
1420 1388 1516 1414 iterum
1529 1385 1677 1422 proponit,

889 1437 970 1464 latius
985 1436 1124 1467 describit,
1142 1436 1176 1462 ah
1191 1443 1247 1462 uno
1260 1434 1341 1462 Patre
1353 1438 1496 1461 exeuntem
1513 1438 1539 1460 ct
1551 1433 1578 1459 in
1593 1440 1678 1459 unum

888 1482 1076 1514 exsistcntem,
1092 1485 1119 1508 et
1134 1479 1374 1508 revertentemas.
1392 1479 1477 1506 Paulo
1503 1478 1531 1505 S.
1546 1477 1679 1505 Joannem

890 1528 1059 1563 adjungens,
1074 1526 1146 1562 apud
1165 1533 1245 1561 quem
1259 1525 1386 1552 Christus
1408 1525 1466 1560 ipse
1485 1524 1523 1551 ait
1541 1533 1547 1550 :
1571 1522 1648 1550 Exivi
1663 1531 1681 1549 α

65 1578 126 1606 tatis.
149 1579 186 1607 ita
211 1581 286 1607 enim
315 1579 434 1606 Critias:
448 1579 505 1605 Οὐκ
520 1576 578 1605 οἶδα
592 1578 647 1613 γὰρ
660 1578 675 1604 ὃ
688 1578 776 1612 λέγεις
788 1599 796 1610 ,
810 1578 840 1605 ἓν

940 1578 983 1606 tre,
995 1578 1020 1600 et
1048 1573 1105 1600 veni
1126 1573 1155 1599 in
1171 1572 1240 1599 hunc
1266 1571 1414 1603 mundum;
1445 1571 1541 1597 iterum
1562 1569 1682 1604 relinquo

66 1627 126 1662 τρία,
138 1628 198 1663 τρία
211 1629 253 1656 ἐν’
271 1627 312 1663 μὴ
335 1627 386 1663 τὴν
405 1627 557 1662 τετρακτὺν
579 1627 633 1662 φῇς
652 1627 702 1662 τὴν
719 1626 841 1660 Πυθαγό-

68 1681 116 1707 ρου,
138 1674 216 1710 ἢτὴν
233 1674 364 1708 ὁγδοάδα,
379 1673 426 1699 καὶ
451 1672 594 1708 τριακάδα.
621 1672 671 1699 Cui
696 1671 842 1707 respondet

68 1718 185 1754 'l'riephon
199 1729 206 1747 :
220 1721 290 1754 Σίγα
302 1719 339 1746 τὰ
350 1718 460 1754 νέρθεν,
474 1719 521 1745 καὶ
535 1718 570 1744 τὰ
592 1718 671 1754 σιγῆς
685 1717 756 1750 ἄξια.
773 1716 841 1750 Quis

68 1766 129 1792 enim
139 1766 222 1793 nescit
234 1765 384 1794 Tetradem
398 1769 425 1793 et
439 1763 646 1792 Octonationem
655 1785 663 1796 ,
680 1769 707 1791 et
725 1763 839 1797 triginta

68 1812 156 1842 Iliones
170 1813 441 1845 Valcntinianorum,
462 1812 510 1847 qui
524 1811 607 1839 etiam
617 1831 625 1843 ,
638 1814 707 1838 teste
722 1809 841 1842 Irenazo,

68 1857 194 1887 Tetradem
221 1858 340 1896 πρώτην
358 1858 405 1885 καὶ
430 1857 578 1893 ἀρχέγονον
593 1855 783 1891 Πυθαγορικὴν
799 1864 844 1881 τε-

69 1905 171 1939 τρακτύν
188 1904 392 1934 nominabant?
413 1903 484 1937 Quid
505 1903 577 1938 quod
594 1902 731 1937 Triephon
752 1901 843 1930 statim

69 1952 218 1986 respondens
241 1953 322 1981 dicat
335 1952 395 1979 haec
416 1950 524 1978 silentio
538 1957 599 1977 esse
617 1949 698 1984 digna
708 1970 716 1982 ,
729 1953 760 1976 ut
773 1955 844 1983 saepe

71 1999 139 2027 etiam
153 2001 179 2028 in
189 2001 241 2029 hac
251 2008 287 2028 re
300 1999 398 2027 Patres
411 1997 580 2033 loquuntur?
590 1996 710 2029 Scilicet,
718 1996 740 2023 si
751 1996 844 2029 verba,

71 2051 84 2070 a
95 2044 225 2074 Valentino
237 2045 395 2074 secundum
411 2043 552 2079 proprium
564 2042 749 2069 characterem
765 2048 847 2068 usur-

72 2094 134 2124 pata,
146 2092 248 2127 quoties
265 2090 338 2126 apud
348 2090 418 2117 alios
434 2089 582 2124 scriptores
597 2088 736 2122 leguntur,
749 2087 847 2114 eodem

73 2143 140 2165 sensu
159 2139 228 2174 apud
240 2145 293 2166 θος
313 2136 494 2172 accipiantur;
510 2140 702 2170 quemcunque
721 2132 848 2160 volumus

73 2187 112 2210 aut
121 2183 232 2217 hostem.
248 2188 302 2211 aut
312 2183 430 2210 amicum
451 2181 584 2208 Valentini
597 2180 743 2207 faciamus.
759 2178 796 2206 Ut
807 2178 847 2206 illi

74 2228 200 2263 lguatium,
213 2231 251 2258 ita
265 2238 316 2265 ego
327 2229 477 2256 Lucianum
494 2228 612 2260 hostem,
624 2226 743 2253 amicum
756 2229 848 2252 autem

891 1620 1030 1653 mundum,
1051 1623 1076 1646 et
1092 1619 1159 1646 vada
1176 1618 1211 1645 ad
1234 1617 1342 1645 Patrem
1355 1617 1386 1643 ³⁰.
1401 1617 1442 1644 ΑΙ)
1469 1616 1572 1643 unitate
1597 1615 1681 1650 igitur

890 1666 993 1694 Citriin
1004 1670 1031 1693 et
1042 1665 1088 1692 Dei
1100 1665 1188 1692 Patris
1202 1672 1264 1692 cum
1280 1663 1412 1699 Apostolo
1423 1665 1614 1698 argumentum
1628 1661 1682 1687 duo

892 1712 931 1740 cit
942 1713 1063 1747 lgnatius
1081 1711 1114 1738 ad
1131 1709 1378 1738 commendandam
1399 1708 1532 1735 unitatem
1547 1705 1682 1733 ecclesia-

893 1758 1000 1785 sticam.
1014 1756 1094 1789 Nam,
1117 1761 1148 1782 ut
1175 1755 1277 1790 optime
1294 1751 1449 1781 observavit
1470 1750 1499 1777 S.
1518 1749 1683 1785 Chrysosto-

894 1811 971 1837 mus,
983 1804 1067 1830 Ὅταν
1079 1802 1125 1828 ὲπί
1136 1810 1162 1828 τι
1174 1801 1265 1836 μεῖζον
1274 1798 1420 1835 παρακαλῇ
1435 1798 1449 1824 ὁ
1463 1795 1598 1832 μακάριος
1610 1794 1686 1821 Παῦ-

893 1850 953 1883 λος,
971 1848 1081 1880 συνετὸς
1101 1847 1138 1874 ὢν
1160 1847 1262 1883 σφόδρα
1282 1846 1328 1872 καὶ
1343 1843 1542 1879 πνευματικὸς,
1563 1841 1616 1868 ἀπὸ
1631 1840 1686 1867 τῶν

894 1896 924 1921 ὲν
939 1896 996 1926 τοῖς
1015 1894 1140 1930 οὐρανοῖς
1160 1893 1275 1919 ποιεῖται
1290 1891 1340 1926 τὴν
1359 1888 1542 1924 παράκλησιν.
1557 1896 1566 1912 ι
1587 1886 1687 1913 Beatus

895 1942 1009 1974 Paulus,
1024 1940 1173 1968 admodum
1195 1937 1317 1974 prudens
1343 1944 1376 1964 ac
1390 1934 1558 1971 spiritualis,
1575 1940 1638 1960 cum
1651 1931 1687 1959 ad

897 1987 1002 2023 aliquid
1024 1985 1199 2022 praestantius
1224 1984 1359 2015 hortatur,
1383 1982 1417 2009 ab
1441 1981 1476 2008 iis
1489 1987 1551 2015 quae
1569 1980 1596 2006 in
1610 1977 1688 2006 caelis

897 2039 963 2063 sunt
973 2033 1193 2062 exhortationem
1205 2030 1316 2066 promit.
1337 2038 1346 2055 ι
1364 2027 1470 2061 Quare,
1483 2033 1546 2053 cum
1558 2028 1615 2052 tota
1629 2024 1688 2051 haec

897 2081 1026 2117 perioche
1043 2079 1112 2107 nihil
1126 2077 1200 2105 aliud
1216 2077 1253 2104 sit
1271 2082 1353 2110 quam
1370 2072 1526 2101 exhortatio
1544 2071 1579 2099 ad
1599 2070 1689 2098 unita-

899 2134 964 2161 tem,
979 2133 1066 2162 eaque
1081 2124 1170 2153 verbis
1182 2127 1210 2150 et
1224 2122 1351 2150 sensibus
1362 2118 1527 2155 evangelicis
1540 2122 1567 2145 et
1579 2120 1690 2152 aposto-

898 2175 960 2202 licis
975 2161 1104 2208 expressa
1117 2180 1125 2204 ;
1144 2177 1206 2198 cum
1223 2169 1258 2196 ab
1270 2167 1374 2195 unitate
1385 2165 1488 2193 Christi
1501 2169 1528 2192 et
1538 2163 1587 2191 Dei
1599 2161 1691 2190 Patris

900 2222 928 2248 in
947 2221 999 2248 hac
1018 2220 1077 2254 ipsa
1102 2224 1133 2244 re
1160 2218 1352 2251 argumentum
1375 2213 1477 2240 dueere
1501 2211 1623 2238 solemne
1639 2209 1690 2241 sit;

76 2255 202 2310 Suynesiuni
218 2255 364 2305 iecifi’ari
374 2275 437 2311 jure
453 2255 718 2309 utrumque’factum
730 2276 782 2306 est,
795 2272 849 2300 hoc
864 2255 887 2282 Β
903 2269 1058 2303 importuna
1080 2264 1160 2300 plane
1174 2267 1217 2290 est
1239 2262 1275 2289 de
1303 2261 1382 2311 longe
1404 2258 1487 2310 petita
1499 2256 1691 2311 haereticorum

75 2325 117 2353 est,
127 2322 205 2351 nullo.

106 2366 136 2395 Ut
145 2374 230 2397 autem
242 2369 352 2404 liquido
366 2372 495 2403 appareat
505 2367 556 2394 has
570 2372 666 2393 omnes
679 2364 732 2391 viri
751 2363 850 2391 doctis-

77 2413 130 2441 simi
142 2416 335 2451 explicationes
355 2420 383 2441 et
399 2414 432 2441 ad
450 2412 586 2440 Valentini
610 2411 707 2439 deliria
733 2410 849 2437 allusio-

79 2468 119 2488 nes
126 2470 174 2490 non
189 2471 249 2491 esse
261 2462 375 2490 omnino
387 2461 429 2488 vel
437 2459 606 2487 necessarias
617 2458 660 2486 vel
670 2462 848 2492 opportunas,

79 2507 118 2535 Sed
129 2509 238 2543 potiusa
255 2512 347 2536 mente
367 2512 395 2535 et
408 2515 491 2542 scopo
514 2505 635 2533 auctoris
651 2511 765 2539 prorsus
783 2502 850 2530 alie-

81 2560 130 2587 nas,
158 2555 209 2583 imo
237 2559 394 2583 commenta
421 2560 503 2585 esse,
518 2559 580 2588 quae
600 2556 685 2578 totam
705 2550 854 2585 lgnatiana:

81 2600 195 2630 orationis
219 2602 320 2629 seriem
333 2600 388 2627 alio
412 2599 547 2626 violenter
564 2598 745 2632 detorquent;
762 2596 853 2622 locum

83 2644 158 2680 ipsum
172 2648 305 2685 integrum
322 2654 507 2683 proponemus
517 2665 524 2678 ,
542 2649 570 2672 et
589 2644 771 2679 explicatione
787 2642 854 2669 sim-

84 2691 212 2725 plicissima
227 2700 254 2723 et
265 2695 299 2722 ad
313 2702 370 2721 rem
383 2701 465 2729 quam
475 2693 602 2720 volumus
614 2691 732 2718 maxime
743 2697 854 2718 accom-

85 2738 177 2767 modata
188 2740 399 2776 abimpOrtunis
419 2739 518 2775 glossis
536 2738 749 2766 vindicabimus.
773 2737 853 2764 Prior

86 2784 195 2817 periocha
209 2787 277 2814 nihil
292 2786 368 2814 aliud
383 2790 426 2813 est
441 2792 526 2821 quam
538 2786 684 2812 vehemens
696 2784 853 2812 exhortatio

86 2829 114 2857 Ilii
128 2832 248 2861 unitatem
261 2833 488 2866 ecclesiasticam,
500 2831 581 2859 toties
594 2831 629 2858 ab
645 2831 715 2866 ipso,
730 2830 811 2859 toties
819 2829 854 2858 ab

130 2927 221 2963 “'Cap.
237 2935 276 2962 iv,
299 2926 359 2954 δοῦ.
399 2927 420 2943 ³³
436 2925 514 2954 Joan.
528 2932 583 2960 xvi,
597 2925 641 2953 ‘28.

903 2302 1061 2350 dogmatum
1081 2310 1251 2345 expositione
1261 2312 1309 2335 aut
1321 2307 1485 2334 refutatione
1499 2302 1650 2339 cogitatio;
1663 2305 1692 2328 et

904 2348 989 2389 animi
1017 2357 1138 2386 auctoris
1164 2356 1198 2383 ad
1218 2362 1297 2383 suam
1317 2351 1491 2389 hypothesim
1515 2348 1635 2377 maxime
1647 2351 1691 2375 at-

906 2406 974 2434 tenti
989 2405 1107 2432 violenta
1122 2401 1274 2430 distractio.

940 2453 1034 2480 Altera
1059 2457 1125 2478 vero
1145 2456 1207 2484 qua:
1224 2446 1346 2482 sequitur
1366 2444 1511 2480 perioche,
1531 2446 1559 2470 et
1582 2441 1693 2477 quidem

905 2501 973 2528 satis
988 2498 1104 2534 prolixa,
1118 2501 1173 2524 tnta
1185 2498 1287 2531 quanta
1297 2497 1339 2520 est
1353 2491 1387 2519 ad
1400 2490 1525 2518 itaaresim
1540 2487 1695 2516 evitandam

905 2550 1062 2581 comparata
1082 2549 1133 2571 est.
1151 2542 1196 2577 Μὴ
1219 2539 1356 2567 πλανᾶσθε
1373 2538 1434 2569 ταῖς
1452 2534 1646 2581 ὲτεροδοξίαις,
1667 2537 1698 2561 ιιι

903 2579 1018 2628 cpistola
1044 2590 1078 2618 ad
1106 2588 1272 2624 Smyrmeos,
1295 2583 1468 2620 καταμάθετε
1482 2581 1530 2609 καὶ
1549 2580 1613 2612 τοὺς
1638 2579 1698 2606 ἐτε-

907 2625 1092 2676 ροδοξοῦντας·
1109 2635 1182 2663 unde
1196 2633 1306 2669 Origeni
1323 2629 1472 2666 ἑτερόδοξοι
1485 2635 1538 2656 vox
1561 2627 1629 2676 adeo
1653 2625 1692 2676 ia-

905 2671 1033 2718 iniliaris,
1044 2690 1126 2719 quam
1141 2681 1213 2709 male
1232 2677 1371 2707 transtulit
1388 2676 1581 2711 Hieronymus.
1597 2671 1697 2706 Quales

908 2739 1001 2761 autem
1022 2731 1050 2758 hi
1070 2727 1230 2757 heterodoxi
1245 2726 1303 2754 sive
1320 2722 1441 2751 haeretici
1460 2720 1582 2753 fuerint,
1600 2722 1697 2746 comm

907 2787 1025 2816 quorum
1052 2777 1181 2812 dogmata
1203 2772 1395 2809 Magnesianos
1420 2767 1586 2805 praemunit,
1602 2764 1697 2793 statim

907 2812 953 2857 liis
968 2825 1059 2855 verbis
1078 2823 1178 2856 docet,
1194 2819 1261 2857 μηδὲ
1276 2817 1432 2855 μυθεύμασι
1451 2814 1576 2846 παλαιοῖς
1590 2812 1682 2846 om
