1850 3072
145 144 198 173 519

662 142 691 171 8.
713 141 886 172 lGN‘ATlUS.
908 157 940 164 --
960 141 1227 170 PROLEGOMENA.

1723 139 1781 167 ΕΟ

143 203 220 230 new
231 199 324 230 οὖσιν·
343 209 397 230 non
415 202 488 237 quod
501 206 606 236 auctor,
617 201 682 237 quia
693 207 754 238 post
767 201 932 230 Clementem
946 207 972 236 Α
1024 201 1103 230 Unde
1117 201 1275 229 ﬁrmissime
1293 199 1448 236 colligitur,
1465 199 1532 227 adeo
1551 203 1582 227 ut
1604 205 1640 227 ne
1661 199 1778 235 quidem

146 249 362 277 Alexandrinum
377 249 505 285 scripsit,
525 253 556 277 ut
569 248 726 276 Blondellus
739 248 843 283 voluit,
854 256 930 276 com-

145 300 237 323 menta
255 294 507 322 Valentinianorum
520 295 632 330 antiqua
655 295 714 322 sive
728 299 834 323 vetusta
850 303 930 324 voca-

146 345 188 369 ret
197 350 204 374 ;
213 345 317 376 pugnat
327 341 380 368 hoc
391 341 464 368 enim
476 349 539 369 cum
554 341 682 369 omnibus
703 341 785 370 istius
798 342 847 369 aevi
863 342 932 370 scri-

145 388 201 424 ptis
207 395 267 422 qua:
278 387 465 415 haereticorum
474 386 601 423 dogmata
609 395 715 422 semper
722 393 851 422 tanquam
860 396 931 415 nova

146 433 303 468 exagitant;
319 433 365 460 sed
379 433 502 460 instituta
524 432 635 460 Judaiea
655 441 717 460 cum
734 433 835 461 fabulis
855 441 931 461 com-

146 479 227 507 mista
239 499 248 512 ,
273 487 335 514 quae
358 484 486 514 tanquam
506 479 607 506 παλαιὰ
624 485 651 507 et
667 479 791 515 ἀνωφελῆ
806 487 877 514 saepe
897 480 931 507 ab

144 524 268 559 apostolo
278 524 468 553 traducuntur.
481 524 519 552 lta
532 524 591 559 ipse
600 525 681 559 paulo
694 530 754 560 post
764 530 870 552 veteres
882 524 931 552 Ju-

144 569 219 597 daeos
224 570 253 596 ὲν
264 569 389 602 παλαιοῖς
399 571 558 605 πράγμασιν
565 564 795 605 ἁναστραῴἑντας,
805 571 831 597 in
839 571 926 598 veleri-

145 616 193 643 bus
202 618 278 644 rebus
293 622 462 644 conuersata:
473 625 529 644 esse
539 617 620 650 dicit;
632 617 668 644 ita
681 617 849 653 Epiphanius
862 625 922 645 con-

145 667 187 689 tra
203 662 332 691 Ebionem
341 663 470 698 disputat,
483 663 523 690 ὄτι
533 663 562 695 οὐ
574 663 627 699 χρὴ
641 663 805 698 βαπτισμοῖς
815 663 932 699 χρῆσθαι

146 706 191 732 καὶ
206 706 293 733 suam
308 706 483 741 ἀνωφελέσιν,
498 716 507 732 ι
519 707 592 742 quod
613 715 667 734 non
681 713 803 742 oporteat
816 708 932 736 lavacris

147 752 184 778 uti
199 757 226 779 et
236 752 480 779 consuetudinibus
491 752 644 780 inutilibus.
666 761 676 778 ι
691 752 758 786 Quis
773 757 863 781 autem
878 762 931 781 un-

146 805 228 832 quam
237 796 489 825 Valentinianorum
503 798 608 826 fabulas
621 802 725 826 tantum
734 799 837 827 diceret
848 809 857 826 t
871 800 933 828 inu-

146 843 235 877 tiles,»
247 844 281 872 de
291 844 390 878 quibus
404 844 523 872 Irenaeus
538 852 545 870 :
563 853 573 869 ‹
591 843 678 880 Super
694 853 790 873 omnes
802 850 843 873 est
857 846 931 874 blas-

147 889 246 925 phe'ma
269 890 363 925 regula
383 890 516 926 ipsorum.
533 900 544 918 ι
574 890 651 919 Licet
671 891 744 920 enim
759 891 934 927 philosopho-

147 943 209 962 rum
223 935 374 963 doctrinam
385 956 393 969 ,
418 943 451 964 ex
466 944 520 972 qua
538 944 616 964 suam
631 937 804 972 aliquatenus
823 937 933 965 derivav

146 985 223 1012 runt.
237 981 337 1009 alicubi
357 986 476 1009 veterem
494 987 521 1010 et
536 982 660 1010 inutilem
674 987 768 1016 vocet,
783 990 878 1010 eorum
892 988 934 1011 ta—

147 1034 211 1054 men
226 1027 423 1062 matteologiam
438 1032 465 1055 et
484 1032 614 1062 tanquam
628 1036 726 1056 novam
737 1049 745 1061 ,
762 1033 790 1056 et
802 1033 933 1063 tanquam

148 1072 334 1107 blasphemam
349 1073 526 1101 condemnat.
541 1073 657 1109 ideoque
672 1074 864 1109 interpolator,
876 1075 934 1102 sive

147 1118 351 1153 paraphrastes,
367 1126 478 1147 sensum
490 1124 609 1153 secutus,
626 1120 745 1147 auctoris
760 1125 878 1147 mentem
891 1119 934 1148 bis

147 1165 239 1192 verbis
253 1165 388 1200 expressit
405 1174 410 1192 :
423 1165 498 1201 Μηδὲ
515 1165 609 1201 μύθοις
621 1165 727 1201 ἐνέχετε
742 1165 788 1192 καὶ
808 1165 934 1200 γενεαλο-

149 1211 221 1245 γίαις
243 1211 421 1246 ἀπεράντοις,
447 1211 494 1238 καὶ
519 1211 673 1243 Ἰουδαϊκοῖς
696 1211 799 1246 τύφοις,
823 1221 832 1237 ι
849 1220 936 1246 neque

147 1256 296 1284 intendatis
315 1256 434 1289 fabulis,
455 1261 481 1284 et
505 1257 671 1292 genealogiis
694 1257 889 1290 interminatis,
908 1262 936 1285 et

145 1300 478 1341 Judaicisinllationibus,
496 1312 504 1328 I
524 1303 615 1330 locum
632 1303 661 1330 S.
683 1302 762 1330 Pauli
784 1304 936 1338 respiciens

147 1348 182 1374 ad
193 1347 365 1388 Timotheum
379 1348 411 1381 “,
427 1348 471 1376 cui
496 1348 576 1376 etiam
595 1349 698 1377 addidit
719 1350 766 1377 illa
788 1350 822 1377 ad
838 1350 935 1378 Corin-

149 1393 242 1426 thios":
261 1393 355 1421 Vetera
372 1395 442 1422 enim
464 1395 644 1428 transierunt,
663 1401 688 1422 et
707 1404 765 1424 ecce
778 1396 852 1431 facta
869 1401 932 1424 sunt

147 1439 238 1466 omnia
255 1447 321 1466 nova
334 1439 366 1465 ³³.
382 1438 489 1467 Nullam
502 1444 575 1468 certe
588 1441 670 1468 aliam
684 1440 767 1476 hujus
782 1441 833 1469 loci
846 1449 930 1476 expo-

149 1483 277 1511 sitionem
297 1484 400 1519 patitur
417 1486 486 1514 ratio
506 1485 566 1521 ipsa
590 1487 790 1516 exhortationis
805 1495 866 1522 quae
880 1488 934 1515 im-

149 1529 266 1557 mediate
279 1530 454 1566 subjungitur
468 1539 474 1557 :
492 1541 502 1557 ι
521 1531 550 1558 Si
560 1532 633 1559 enim
648 1539 736 1567 usque
747 1540 822 1560 nunc
836 1540 935 1560 secun-

148 1575 214 1602 dum
233 1575 408 1604 Judaismum
423 1577 553 1610 vivimus,
573 1577 737 1606 conﬁtemur
753 1579 868 1614 gratiam
879 1586 935 1606 non

149 1622 296 1656 recepisse.
315 1631 324 1647 ι
340 1621 397 1648 Nisi
411 1622 484 1650 enim
507 1623 601 1657 priora
625 1622 659 1650 de
674 1622 815 1650 Judaismo
836 1623 937 1650 intelli-

148 1672 258 1703 gautur,
275 1667 334 1697 haec
343 1669 423 1703 plane
437 1673 517 1696 erunt
529 1669 655 1696 ridicula.
668 1668 816 1702 Quorsum,
829 1676 934 1704 quaeso,

149 1714 279 1747 li:cc,nisi
293 1714 348 1741 illis
370 1714 471 1742 fabulis
485 1714 598 1742 \etustis
612 1719 639 1742 et
653 1715 796 1743 inutilibus
807 1714 937 1742 adJudai-

149 1766 212 1785 cum
230 1759 292 1786 vitae
311 1759 497 1787 characterem
518 1760 693 1788 Christianos
709 1765 867 1788 revocarent
879 1760 936 1788 ha:-

152 1805 228 1831 rctici
247 1805 297 1838 illi,
314 1812 411 1833 contra
435 1814 504 1841 quos
518 1806 662 1841 disputat?
677 1806 719 1833 At.
737 1806 806 1833 nihil
820 1806 872 1833 tale
887 1806 938 1833 doc

151 1858 185 1877 cu
199 1854 209 1876 t
224 1849 357 1878 Valentini
373 1851 485 1884 schola;
503 1852 551 1886 qui
565 1856 620 1878 tam
645 1850 748 1886 abjecte
761 1851 794 1878 de
813 1850 937 1878 Demiur-

151 1903 187 1930 go
211 1896 337 1931 scripsit,
361 1897 394 1923 ad
424 1897 508 1931 legem
527 1897 675 1925 Mosaicam
696 1897 847 1931 discipulos
866 1905 937 1924 nun-

151 1949 235 1977 quam
248 1943 394 1970 revocavit.
412 1942 531 1970 Ebionzei
554 1943 606 1971 hoc
629 1943 779 1977 urgebant,
795 1943 841 1977 qui
857 1942 937 1970 Chril

152 1991 224 2014 stum
244 1987 331 2021 ipsum
345 1987 468 2016 Judaicis
479 1989 578 2016 ritibus
592 1989 766 2016 obedientem
785 1988 870 2016 fuisse
884 1989 936 2016 ob-

151 2033 306 2066 servabant,
325 2038 352 2060 et
365 2034 437 2062 illius
452 2035 577 2069 exemplo
592 2034 765 2062 Christianos
782 2043 878 2063 omnes
902 2035 937 2063 ad

151 2080 260 2107 eosdem
282 2080 350 2108 ritus
370 2080 556 2108 observandas
585 2080 705 2116 obligare
727 2081 881 2108 voluerunt.
905 2081 937 2109 lli

150 2125 222 2152 en'tn
246 2125 398 2152 docuerunt
422 2124 478 2152 δεῖν
508 2125 617 2156 πάντως
646 2125 737 2157 αὐτοῖς
761 2125 810 2161 τῆς
824 2126 938 2161 νομικῆς

151 2171 310 2207 θρησκείας,
323 2170 360 2202 ὡς
381 2171 418 2206 μὴ
434 2171 465 2199 ἂν
478 2171 524 2198 διὰ
535 2172 618 2207 μόνης
630 2171 680 2206 τῆς
693 2172 733 2204 εἰς
754 2171 799 2198 τὸν
822 2172 938 2206 Χριστὸν

151 2215 268 2247 πίστεως
281 2215 328 2242 καὶ
343 2215 389 2242 τοῦ
403 2217 462 2242 κατ’
472 2216 555 2251 αὐτὴν
567 2216 625 2251 βίου
637 2216 845 2252 σωθησομένοις.
864 2226 873 2243 t
887 2216 940 2243 Le-

151 2263 193 2298 gis
206 2263 424 2290 observationem
441 2262 494 2290 sibi
516 2263 629 2290 omnino
652 2263 835 2290 necessariam
859 2263 939 2290 duce-

152 2309 228 2341 bant,
244 2308 323 2343 quasi
343 2316 392 2342 per
402 2308 489 2335 solam
506 2308 533 2335 in
546 2308 686 2336 Chrislum
708 2309 789 2336 ﬁdem
800 2309 938 2344 vitamque

152 2351 185 2382 ex
197 2362 229 2382 ea
256 2354 308 2381 llrle
336 2354 489 2381 traductam
518 2354 633 2382 salutem
646 2355 777 2389 consequi
795 2363 851 2382 non
865 2355 938 2383 vale-

153 2406 224 2430 rent.
240 2410 250 2428 ι
262 2401 374 2432 Euseb.,
389 2400 437 2428 lib.
454 2408 496 2433 ιιι,
509 2407 570 2435 cap.
585 2400 631 2427 27.
645 2400 680 2428 Ut
693 2401 728 2428 ab
739 2401 782 2429 his
799 2401 882 2437 igitur
893 2409 939 2429 ca-

157 2452 246 2481 vcant,
260 2447 451 2482 Magucsianos
465 2450 558 2473 monet
578 2445 716 2481 lgnatius;
732 2447 833 2482 quippe
850 2446 939 2474 Ebion

158 2493 184 2519 in
199 2492 264 2519 Asia
277 2500 358 2520 suum
373 2492 471 2527 dogma
482 2491 718 2524 disseminaverat,
737 2493 859 2520 tradente
874 2491 938 2528 Epi-

157 2539 268 2574 phanio,
283 2536 360 2571 οὗτος
370 2539 418 2574 μὲν
429 2536 476 2566 οὖν
487 2539 501 2564 ὁ
513 2538 609 2565 Ἐὃίων
622 2537 668 2565 καὶ
680 2538 760 2570 αὐτὸς
774 2540 803 2565 ὲν
814 2540 847 2575 τῇ
862 2539 940 2575 Ἀσίᾳ

155 2583 212 2620 εἶχε
225 2584 255 2612 τὸ
270 2585 410 2621 κήρυγμα.
428 2584 529 2613 Contra
550 2584 600 2612 hos
615 2584 697 2620 igitur
721 2583 893 2619 judaizantes
912 2590 940 2613 et

155 2631 265 2667 proprie
285 2636 312 2659 et
334 2631 395 2659 fuse
414 2631 544 2666 disputat.
565 2640 574 2656 ι
591 2630 758 2658 Divinissimi
783 2631 855 2658 enim
873 2639 938 2666 pro-

155 2678 252 2712 phetae,
263 2678 361 2713 inquit,
372 2678 521 2706 secundum
530 2677 670 2705 Christum
682 2677 775 2705 Jesum
789 2678 917 2705 vixerunt
929 2687 938 2708 ς

156 2728 266 2759 propter
280 2725 333 2752 hoc
343 2729 371 2752 et
382 2725 598 2760 persecutionem
619 2724 693 2759 passi
705 2729 770 2752 sunt
784 2724 910 2759 inspirati
923 2731 938 2751 a

155 2771 242 2807 gratia
256 2771 353 2807 ipsius.
371 2780 381 2797 ι

178 2855 196 2870 ³¹
219 2856 306 2887 lTiIu.
321 2868 339 2892 t,
352 2859 375 2886 4.
414 2860 541 2888 ³⁸11(]οι·,
557 2869 582 2893 γ,
600 2860 639 2886 l7.
679 2860 701 2875 ³³
718 2859 782 2894 Cap.
802 2867 820 2890 I,
839 2866 862 2884 v.
877 2858 899 2885 i.

982 249 1017 276 ab
1037 249 1188 276 incredulis
1206 248 1273 284 ipsis
1293 246 1429 275 haereticis
1441 246 1535 281 negari
1552 246 1662 281 possit,
1677 246 1721 273 δτι
1735 244 1783 278 εἷς

983 294 1049 326 Θεός
1060 295 1135 321 ἐστιν
1148 294 1163 320 ὁ
1175 291 1335 329 φανερώσας
1347 291 1444 318 ἑαυτὸν
1465 290 1510 317 διὰ
1524 289 1614 325 Ἰησοῦ
1633 289 1759 325 Χριστοῦ
1771 309 1780 318 .

981 339 1054 375 quod
1069 339 1141 367 Deus
1155 346 1236 374 quem
1248 338 1287 365 illi
1300 337 1454 370 coluerunt,
1467 343 1540 364 unus
1550 340 1578 363 et
1588 335 1660 363 idem
1670 335 1720 368 sit,
1728 335 1780 370 qui

981 394 1011 414 se
1026 393 1074 421 per
1085 384 1178 413 Jesum
1189 384 1327 412 Christum
1338 383 1477 415 revelavit,
1489 382 1569 417 cujus
1576 381 1616 408 illi
1626 381 1715 416 gratia
1733 389 1783 408 re-

982 432 1047 468 pleti
1063 436 1140 459 erant
1154 440 1161 458 :
1178 428 1557 465 Jcsum,inquam,Christum
1568 427 1669 454 Filium
1677 435 1780 458 suum,

981 486 1035 506 non
1067 478 1159 509 talem,
1187 477 1295 512 qualem
1315 476 1355 503 illi
1380 476 1479 503 docent
1502 474 1595 509 (λιτόν,
1623 473 1666 500 vel
1681 474 1782 500 κοινόν

981 524 1025 552 vel
1044 524 1121 559 ψιλὸν
1137 523 1290 560 ἄνθρωπον,
1311 522 1449 550 hominem
1468 522 1583 554 nudum,
1604 520 1780 556 simplicem,

981 574 1030 598 aut
1053 571 1203 605 vulgarem,
1229 569 1299 597 κατὰ
1315 569 1431 604 ἐκλογὴν
1448 568 1513 595 Υἱὺν
1528 567 1596 594 Θεοῦ
1618 567 1757 602 κληθέντα
1770 585 1780 596 ,

983 616 1133 645 secundum
1145 616 1304 644 electionem
1319 615 1419 642 Filium
1436 614 1483 641 Dei
1500 614 1639 646 vocatum,
1656 612 1685 639 ὃν
1700 613 1782 646 φάσ-

982 671 1075 689 κουσιν
1085 663 1135 689 οὐκ
1148 663 1181 689 ἐκ
1193 661 1260 688 Θεοῦ
1271 661 1378 697 Harpe;
1390 659 1568 695 γεγενῆσθαι,
1584 667 1666 694 quem
1677 659 1782 686 dicunt

982 715 1037 734 non
1062 715 1077 735 a
1108 707 1164 735 Deo
1184 707 1265 735 Patre
1282 707 1440 742 genitum),
1468 706 1515 733 sed
1534 706 1565 737 ὃς
1587 707 1662 732 ἐστιν
1688 704 1780 732 αὑτοῦ

982 753 1067 787 Λόγος
1088 753 1181 785 ἀΐδιος,
1206 753 1254 787 qui
1286 753 1373 787 ipsius
1397 751 1444 779 Dei
1476 751 1591 779 Verbum
1620 755 1663 777 est
1691 755 1781 778 aeter-

982 806 1067 830 num,
1083 799 1232 826 secundum
1253 798 1319 825 illud
1339 797 1369 825 S.
1391 797 1506 826 Joannis
1527 798 1573 825 ":
1594 796 1627 824 In
1638 797 1776 832 principia

981 849 1039 872 erat
1062 843 1174 872 Verbum
1183 844 1325 877 ,Verbum,
1334 844 1555 879 inquam.tamen
1562 848 1709 876 aeternum,
1718 843 1777 869 Δό-

983 899 1031 926 γος
1044 890 1095 917 οὐκ
1113 890 1167 917 ἀπὸ
1187 891 1265 926 σιγῆς
1286 889 1435 925 προελθών.
1455 889 1550 924 Neque
1567 889 1642 917 enim
1662 888 1782 924 vulgare

985 937 1097 972 aliquod
1111 937 1224 964 verbum
1245 940 1296 969 est,
1309 936 1391 971 quale
1399 940 1443 964 est
1458 935 1579 963 hominis
1591 935 1714 967 scilicet,
1730 940 1780 962 aut

984 982 1131 1016 cuiuslibet
1143 986 1285 1015 creaturae,
1304 981 1378 1017 quod
1390 989 1424 1009 ex
1441 981 1551 1009 silentio
1568 980 1682 1016 prodire
1692 980 1777 1011 solet,

985 1029 1108 1064 adeoque
1124 1028 1227 1064 aliquid
1239 1028 1398 1063 praecedens
1409 1034 1559 1063 agnoscere
1570 1047 1579 1060 ,
1591 1027 1641 1055 sed
1653 1025 1779 1053 Verbum

984 1074 1032 1102 Dei
1055 1074 1165 1109 Deoque
1178 1078 1354 1102 coa'ternum.
1375 1068 1442 1101 Haec
1463 1078 1555 1101 autem
1570 1073 1675 1100 directe
1692 1072 1780 1099 Ebio-

985 1128 1060 1148 meos
1072 1120 1225 1154 feriebant,
1242 1128 1360 1155 quorum
1377 1120 1459 1147 etiam
1475 1119 1514 1147 illi
1529 1119 1577 1154 qui
1591 1118 1701 1146 caeteris
1716 1126 1779 1145 me-

986 1166 1068 1194 liores
1080 1173 1140 1193 esse
1152 1166 1333 1199 videbantur,
1348 1166 1395 1201 qui
1411 1166 1553 1194 Christum
1569 1173 1604 1193 ex
1624 1164 1738 1200 Virgine
1751 1170 1780 1192 et

987 1211 1089 1246 Spiritu
1105 1216 1199 1238 sancto
1216 1211 1337 1246 genitum
1348 1218 1409 1238 esse
1429 1218 1482 1237 non
1500 1210 1652 1245 negabant,
1667 1209 1699 1235 οὐ
1723 1208 1779 1244 μὴν

986 1256 1024 1283 ἑο·
1041 1256 1141 1292 ὁμοίως
1156 1257 1202 1283 καὶ
1216 1254 1287 1284 οὗτοι
1304 1256 1491 1291 προϋπάρχειν
1508 1255 1590 1282 αὐτὸν
1604 1255 1674 1282 Θεὸν
1690 1255 1779 1289 Λόγον

985 1302 1050 1329 ὄντα.
1066 1303 1112 1328 καὶ
1128 1302 1223 1336 σοφίαν
1239 1302 1433 1338 ὁμολογοῦντες
1447 1303 1480 1337 τῇ
1496 1301 1552 1328 τῶν
1567 1300 1712 1337 προτέρων
1727 1309 1778 1327 πε-

987 1348 1161 1384 ριετρέποντο
1174 1348 1327 1384 δυσσεϐείᾳ,
1339 1357 1348 1374 t
1361 1348 1542 1376 nihilominus
1551 1355 1614 1375 cum
1622 1347 1777 1380 Christum,

986 1399 1078 1429 utpote
1092 1394 1176 1422 Deum
1189 1395 1306 1422 Verbum
1315 1401 1342 1422 et
1349 1395 1525 1430 sapientiam,
1533 1399 1597 1422 ante
1604 1394 1700 1421 omnia
1712 1393 1779 1421 sub-

985 1441 1089 1469 stitisse
1109 1441 1222 1468 minime-
1241 1440 1397 1474 fateantur,
1415 1451 1425 1468 ι
1442 1441 1567 1475 adeoque
1583 1441 1780 1468 sanctissimos

986 1487 1133 1523 prophetas
1146 1487 1219 1515 illius
1230 1488 1316 1523 gratia
1332 1487 1479 1522 inspiratos
1490 1487 1575 1515 fuisse
1589 1491 1704 1522 negent,
1721 1496 1731 1512 ί
1751 1487 1778 1514 in

986 1534 1109 1561 eamdem
1129 1541 1191 1561 cum
1209 1534 1348 1569 prioribus
1364 1533 1530 1568 impietatem
1545 1533 1651 1568 delapsi
1665 1537 1751 1565 sunt;
1766 1542 1777 1559 ι

988 1579 1106 1615 μάλιστα
1123 1580 1171 1606 ὅτε
1185 1580 1232 1606 καὶ
1246 1580 1296 1615 τὴν
1312 1579 1471 1615 σωματικὴν
1486 1579 1551 1615 περὶ
1572 1579 1618 1606 τὸν
1634 1579 1719 1614 νόμον
1731 1579 1778 1605 λα-

986 1625 1080 1661 τρείαν
1095 1625 1195 1660 ὁμοίως
1205 1625 1319 1658 ἐκείνοις
1331 1625 1473 1661 περιέπειν
1489 1625 1670 1658 ἐσπούδαζον,
1684 1634 1694 1650 ί
1708 1633 1779 1660 υττε-

987 1672 1080 1698 sertim
1098 1679 1160 1698 cum
1181 1672 1340 1706 corporales
1360 1671 1429 1706 legis
1446 1670 1573 1699 Mosaice
1595 1671 1779 1698 caeremonias

986 1715 1100 1750 perinde
1115 1724 1147 1743 ac
1159 1716 1197 1743 illi
1216 1721 1345 1744 accurate
1362 1717 1531 1750 custodiant,
1551 1726 1560 1742 ι
1579 1720 1609 1743 ut
1625 1716 1711 1743 docet
1726 1715 1780 1743 Eu-

987 1761 1090 1789 sebius.
1103 1761 1192 1794 Quare
1203 1762 1238 1788 ab
1255 1761 1408 1796 Epiphanio
1423 1762 1506 1789 etiam
1524 1762 1706 1790 observatum
1727 1766 1777 1792 est,

987 1808 1060 1842 quod
1081 1807 1110 1834 S.
1133 1806 1254 1835 Joannes
1267 1828 1274 1841 ,
1292 1807 1398 1843 ἐλέγχει
1413 1807 1513 1839 αὐτοὺς
1524 1807 1597 1835 κατὰ
1611 1808 1706 1834 πάντα
1718 1807 1779 1843 τρό-

987 1861 1048 1885 πον,
1059 1852 1156 1886 λέγων.
1171 1852 1212 1879 ὅτι
1220 1852 1254 1879 ἐν
1265 1851 1343 1886 ἀρχῇ
1351 1852 1391 1887 ἦν
1402 1854 1418 1879 ὸ
1430 1853 1541 1887 Λόγος,
1552 1853 1601 1880 καὶ
1611 1854 1627 1879 ό
1635 1853 1735 1887 Λόγος
1742 1852 1779 1886 ἦν

987 1897 1062 1932 πρὸς
1078 1897 1131 1925 τὸν
1141 1897 1224 1930 Θεὸν,
1240 1897 1288 1925 καὶ
1300 1897 1372 1930 θεὸς
1383 1897 1422 1932 ἦν
1436 1898 1542 1932 Λόγος,
1557 1907 1566 1923 ι
1583 1897 1685 1929 refutat
1699 1897 1779 1924 Ebio—

987 1951 1062 1970 meos
1077 1943 1205 1971 omnibus
1216 1943 1313 1975 modis,
1328 1943 1433 1977 dicens,
1444 1942 1518 1978 quod
1530 1943 1558 1970 iu
1575 1944 1710 1978 principio
1723 1947 1778 1969 erat

993 1988 1105 2017 Verbum
1112 1995 1137 2016 et
1151 1989 1262 2016 Verbum
1270 1994 1327 2017 erat
1339 1990 1410 2025 apud
1422 1990 1517 2022 Deum;
1524 1993 1550 2016 et
1560 1989 1630 2017 Deus
1643 1995 1702 2017 erat
1714 1988 1778 2017 Ver-

989 2035 1060 2061 bum.
1077 2043 1087 2060 ›
1114 2034 1194 2062 Certe
1217 2035 1240 2062 si
1264 2033 1383 2062 Joannes
1405 2035 1476 2068 illis,
1494 2034 1577 2062 etiam
1594 2033 1721 2069 Ignatius
1738 2034 1778 2061 bis

988 2080 1081 2108 verbis
1099 2079 1243 2108 Ebionzeos
1266 2080 1383 2113 refutat;
1403 2088 1492 2115 neque
1516 2080 1543 2107 id
1568 2079 1673 2107 clarius
1688 2085 1779 2114 patere

989 2128 1080 2159 potest
1090 2132 1171 2159 quam
1187 2132 1221 2151 ex
1238 2124 1283 2156 iis,
1295 2125 1520 2159 quazimmediate
1529 2128 1556 2152 et
1572 2124 1686 2152 eosdem
1701 2132 1778 2159 aper-

989 2175 1015 2198 te
1032 2170 1144 2197 feriunt.
1160 2180 1169 2196 t
1188 2169 1216 2196 Si
1234 2170 1326 2206 igitur,
1353 2170 1452 2205 inquit,
1472 2171 1512 2197 illi
1529 2170 1699 2198 divinissimi
1717 2178 1778 2205 pro-

955 2216 977 2244 D
991 2217 1079 2252 pheta:
1097 2217 1124 2243 in
1142 2217 1278 2244 veteribus
1304 2217 1386 2244 rebus
1399 2216 1551 2245 conversati
1577 2217 1604 2243 in
1628 2217 1778 2244 novitatem

990 2263 1046 2297 spei
1066 2266 1212 2296 venerunt,
1239 2270 1293 2289 non
1322 2263 1540 2296 sabbatizantcs,
1559 2262 1605 2289 sed
1624 2263 1777 2290 secundum

990 2308 1161 2336 Dominicam
1180 2310 1263 2337 vitam
1280 2309 1412 2341 viventes,
1427 2314 1493 2343 etc.,
1510 2309 1649 2343 quomodo
1664 2317 1717 2337 nos
1734 2316 1778 2344 ρος

990 2355 1104 2383 terimus
1121 2355 1213 2384 vivere
1229 2355 1288 2383 sine
1304 2356 1360 2388 illo,
1378 2355 1459 2391 cujus
1485 2359 1514 2383 et
1533 2355 1675 2390 propheta:
1692 2354 1776 2383 disci-

989 2401 1046 2436 puli
1060 2401 1222 2430 exsistentes
1239 2403 1337 2437 spiritu
1362 2403 1453 2438 ipsum
1471 2406 1501 2429 ut
1521 2402 1664 2429 doctorem
1681 2409 1776 2436 exspe-

990 2447 1120 2475 ctabant?
1133 2457 1143 2474 ›
1159 2447 1227 2475 Cum
1244 2449 1326 2484 igitur
1336 2448 1394 2476 haec
1403 2448 1496 2476 omnia
1508 2455 1570 2483 quae
1583 2447 1612 2474 in
1623 2447 1677 2475 bac
1687 2448 1776 2483 perioo

989 2493 1040 2521 che
1056 2494 1231 2522 continentur
1243 2499 1298 2522 tam
1312 2489 1416 2522 directe
1429 2493 1562 2521 Ebionem
1577 2492 1698 2527 feriant,
1715 2501 1775 2520 cum

989 2547 1024 2567 ne
1040 2539 1154 2567 minima
1170 2540 1280 2575 quidem
1297 2540 1459 2568 sententiola
1483 2539 1572 2567 otiosa
1596 2539 1634 2566 sit
1655 2543 1705 2566 aut
1724 2538 1775 2565 alio

990 2589 1127 2619 spectans,
1143 2585 1190 2613 sed
1205 2590 1303 2613 cuncta
1320 2585 1467 2613 confertim
1479 2589 1506 2612 et
1519 2583 1705 2619 conglobatim
1725 2585 1775 2611 haz-

990 2631 1105 2658 retieum
1128 2639 1190 2658 eum
1214 2636 1306 2666 petant
1327 2635 1355 2658 et
1373 2630 1512 2666 jugulent;
1535 2630 1630 2657 nullus
1663 2630 1775 2657 omnino

990 2675 1094 2704 deliriis
1109 2677 1307 2705 Valentiniauis
1321 2677 1398 2704 locus
1413 2684 1474 2704 esse
1492 2680 1591 2711 potest.
1610 2674 1689 2703 Unde
1706 2675 1774 2702 haud

990 2723 1090 2759 injuria
1108 2725 1187 2753 nobis
1209 2725 1296 2760 posita
1313 2725 1419 2752 videtur
1437 2724 1554 2752 assertio
1573 2723 1712 2755 secunda,
1724 2721 1775 2749 Nec

990 2767 1072 2797 verba
1099 2770 1155 2806 ipsa
1181 2771 1231 2798 οὐκ
1257 2771 1310 2798 ἀπὸ
1326 2770 1405 2806 σιγῆς
1420 2768 1572 2804 προελθών,
1584 2775 1634 2797 nec
1650 2768 1706 2795 alia
1724 2767 1775 2794 ulla
