1850 3072
47 177 80 205 Sil

48 235 77 261 his
90 231 184 260 duabus
200 227 343 264 periochis
360 228 496 255 contenta,
509 222 542 249 ad
557 219 729 247 Valentinum
745 223 805 242 om-

47 281 96 307 nino
105 280 219 312 spectare
232 295 241 307 ,
256 273 384 307 adeoque
398 277 430 298 ea
447 268 506 296 sine
527 266 646 293 violenta
660 263 806 291 verborum

47 324 175 351 detorsione
199 321 234 348 ad
252 318 331 347 illius
347 315 463 344 haeresin
485 311 680 348 exponendam
696 313 743 336 aut
761 314 807 345 re.-

48 368 161 398 futandam
177 364 315 402 applicari
336 369 389 389 non
403 368 494 396 posse.

820 217 843 245 Δ

327 439 442 470 CAPUT
464 438 506 465 Vl.

49 507 141 535 Assertio
153 505 231 532 tertia
243 523 252 535 ,
268 501 381 529 hnzresiu
395 499 461 535 hanc
481 495 620 535 Valentino
641 492 723 528 fuisse
742 490 812 535 pluti-

73 525 231 534 s...w....._

73 543 185 578 quietem,
203 525 258 578 ριᾷ
272 535 403 578 ςειεγὶίιαδ
416 532 552 578 Enost'i‘cis
571 525 714 578 accipiam.
738 525 813 578 fderi:

445 572 492 578 77-»
520 574 578 578 »-u-
638 571 682 578 ..η-
702 569 764 578 μιν.
789 569 801 578 ο

204 562 257 601 iis"
269 562 373 599 ﬁcium
383 591 391 603 ,
416 567 579 604 Tertutliano
589 585 597 596 ,
615 562 764 604 Epiphanio
778 564 813 604 Δει

76 597 240 640 ἳῆἔόἐὶὗριῖ
260 597 418 636 Ostenditur
443 603 558 640 Bytlntm
585 599 719 640 ειρᾷἱςιεη
745 597 814 622 inter

76 647 244 675 Gnosticorum
253 648 374 670 ueterum
394 634 597 675 combination?
615 634 815 675 fuissenconlra

255 667 391 705 frobutur
407 674 508 701 eosdem
524 676 549 710 _e_t
564 667 625 697 Nuu
640 673 664 695 et
679 667 815 710 dletheian

203 702 238 742 EI
248 702 459 751 siqeedgxisse,
473 715 506 735 ea:
519 707 569 751 us
579 713 637 751 νει-,εξ

356 738 496 788 οαίίμῖιίηι.
524 741 592 788 Trip'
614 738 712 788 [ξαίίωὶ
736 744 817 771 argu-

79 776 196 815 imnlaairt
208 776 376 812 contrarium
388 779 504 807 adducta
517 776 683 812 refelluntur.

79 842 194 877 Quamvis
207 840 337 876 exposita
354 835 588 871 comprobataque
602 830 756 859 assertione
774 834 818 855 se-

54 891 125 918 cunda
144 887 364 916 adversariorum
380 885 543 917 argumento
566 877 735 906 satisfecisse
750 874 817 902 mihi

55 937 143 967 videar,
164 934 273 962 tertiam
295 936 389 958 tamen
411 925 611 962 adiungendam
624 921 728 958 putavi.
743 920 819 947 Licet

55 983 111 1010 enim
128 981 189 1008 mihi
208 976 455 1015 persuasissimum
477 974 513 1001 sit
535 976 675 999 auctorem
692 966 820 1003 epistola-

56 1038 103 1058 rum
114 1034 156 1056 aut
169 1026 347 1055 Valentinum
365 1023 467 1058 ipsum,
483 1024 530 1047 aut
540 1017 657 1045 hmresiu
671 1015 732 1049 ejus
750 1022 822 1041 nun—

56 1083 121 1110 quam
139 1073 236 1100 diserte
255 1068 425 1104 respexisse,
449 1065 531 1099 idque
553 1066 646 1097 putem
670 1067 686 1087 a
702 1066 746 1086 me
761 1064 823 1085 esse

58 1121 111 1149 satis
129 1123 214 1155 aperte
229 1103 455 1145 demonstratum
467 1132 474 1144 ,
492 1114 583 1137 tamen
596 1114 631 1134 ue
645 1105 707 1140 quis
723 1104 750 1131 in
764 1103 823 1130 ani-

57 1148 98 1193 inis
108 1148 205 1196 eorum,
219 1162 268 1197 qui
285 1157 430 1190 Salmasii,
447 1154 580 1183 Blondelli
592 1156 620 1180 et
632 1149 724 1179 Dallaei
738 1148 824 1176 ratio-

59 1212 124 1239 nibus
139 1211 268 1238 hactenus
278 1205 387 1234 assueti
400 1207 478 1235 sunt,
497 1199 644 1235 scrupulus
663 1197 781 1227 hatreat,
798 1198 826 1222 et

59 1268 85 1286 ne
94 1263 191 1286 nostros
203 1257 286 1284 etiam
305 1252 449 1281 Usserium
463 1270 470 1282 ,
482 1247 610 1276 Vossium
633 1249 660 1273 et
676 1243 827 1271 Hammon-

61 1306 111 1333 dum
124 1305 241 1332 deserere
256 1301 501 1333 videar,~quorum
517 1292 709 1328 responsiones
725 1288 828 1316 ﬁrmis-

62 1352 128 1379 simas
142 1357 199 1377 esse
218 1347 304 1376 credo
315 1366 323 1379 ,
339 1352 386 1372 eas
406 1348 546 1370 resumere
560 1343 643 1373 atque
664 1335 827 1364 conﬁrmare

62 1398 147 1424 statui:
162 1397 228 1424 adeo
245 1400 294 1428 ut,
314 1394 339 1421 si
364 1391 427 1428 quis
448 1390 538 1418 adhuc
562 1388 598 1415 sit
621 1385 667 1421 qui
690 1382 830 1411 existimat

63 1450 180 1471 auctorem
197 1443 230 1470 ad
247 1440 369 1469 hmresin
381 1444 462 1473 quam
485 1434 629 1469 amplexus
648 1435 690 1459 est
710 1427 829 1456 Valenti-

64 1497 113 1522 nus,
130 1489 299 1520 collineasse,
320 1493 354 1513 ne
369 1485 423 1512 hoc
443 1482 552 1518 quidem
575 1478 727 1514 quidquam
742 1473 831 1501 valeat

65 1537 90 1563 ad
100 1536 260 1563 violationem
275 1537 435 1567 temporum
452 1525 660 1557 ostendendam,
676 1522 718 1550 vel
736 1526 832 1549 aneto-

63 1583 153 1610 ritatem
167 1564 349 1617 epistularum
365 1577 422 1604 ullo
438 1574 520 1602 modo
542 1570 713 1600 elevandam.
730 1567 833 1595 Assero
846 1564 868 1594 (ι

65 1629 123 1656 enim
143 1628 218 1656 tertio
247 1627 326 1654 hanc
346 1625 433 1659 ipsam
450 1620 565 1649 haresin
581 1617 727 1645 Valentino
747 1614 834 1642 fuisse

66 1673 242 1709 antiquiorem,
265 1677 294 1700 et
317 1678 333 1698 a
357 1666 554 1697 vetustioribus
569 1662 708 1692 Gnostieis
727 1660 836 1688 deriva-

66 1704 126 1751 tam;
136 1724 246 1752 eamque
260 1723 322 1752 prae
335 1717 414 1741 aetate
424 1711 561 1746 respicere
571 1707 695 1744 potuisse
711 1706 739 1733 S.
754 1704 835 1740 lgna-

67 1763 122 1790 tium
143 1750 308 1799 martyrem,
332 1763 469 1796 quatenus
494 1757 548 1784 fuit
574 1755 609 1782 ab
635 1750 836 1787 antiquioribus

69 1809 313 1845 Gnosticisprolata,
321 1812 349 1835 et
360 1810 508 1840 antequam
515 1804 543 1831 in
552 1800 688 1830 Valentini
696 1799 837 1828 characte-

69 1862 115 1882 rem
134 1843 416 1886 fuit—transformata,
433 1856 463 1879 ut
479 1856 591 1878 necesse
607 1855 662 1875 non
681 1847 717 1874 sit
733 1846 767 1873 ad
783 1843 838 1871 Va—

70 1900 182 1928 lentinum
193 1901 236 1930 hic
248 1905 406 1929 recurrere.
422 1896 490 1924 Nam
502 1900 529 1923 et
544 1895 603 1930 ipse
621 1892 759 1920 Dallaeus:
781 1899 790 1916 ι
809 1888 837 1916 Si

71 1947 130 1982 quis.
150 1947 244 1983 inquit,
270 1947 314 1975 sit
328 1944 471 1972 Valentino
495 1940 640 1972 vetustior,
662 1937 710 1974 qui
735 1937 788 1964 hoc
802 1936 838 1963 ita

71 1995 183 2028 posuerit,
198 1993 308 2023 fatebor
322 1992 358 2020 ad
372 1991 436 2024 hoc,
451 1993 482 2017 ut
499 1989 599 2016 horum
616 1993 676 2022 quae
696 1983 840 2012 attulimus

73 2039 175 2073 epistolae
185 2040 335 2067 verborum
350 2040 442 2064 rectus
456 2034 556 2070 aliquis
576 2037 603 2060 et
623 2031 761 2067 legitimus
773 2036 841 2057 con-

74 2086 184 2113 stituatur
200 2093 314 2118 sensus,
326 2083 402 2111 nulla
419 2089 472 2110 nos
487 2080 652 2110 necessitate
663 2077 724 2114 cogi
736 2076 771 2104 ad
786 2075 842 2102 Va-

75 2129 153 2157 lentini
163 2131 274 2158 heresin
288 2135 443 2157 recurrere.
462 2136 472 2153 ›

103 2175 168 2204 llanc
180 2178 260 2213 igitur
274 2175 460 2204 assertionem
476 2169 704 2200 luenlentissimis
717 2172 842 2196 veterum

77 2221 114 2255 qui
126 2222 155 2250 de
167 2223 216 2250 hac
230 2221 332 2251 haeresi
348 2221 539 2248 disseruerunt
559 2215 724 2244 testimoniis
747 2213 844 2249 proba-

79 2272 124 2295 tam
141 2269 220 2302 dabo;
245 2274 332 2296 nemo
345 2266 420 2294 enim
436 2271 533 2292 eorum
549 2267 591 2291 est
603 2261 650 2298 qui
666 2259 843 2288 Valentinum

79 2319 178 2342 veterem
188 2315 345 2350 opinionem
362 2311 543 2339 resuscitasse
556 2316 612 2336 non
625 2307 728 2335 diserte
745 2305 844 2332 tradat.

80 2359 180 2388 lrenaaus
192 2361 238 2388 lib.
251 2369 272 2393 ι,
285 2367 348 2394 cap.
365 2359 401 2385 5:
419 2367 428 2383 ε
445 2356 497 2390 Qui
516 2355 589 2383 enim
606 2358 649 2382 est
663 2353 769 2388 primus
780 2371 788 2385 ,
812 2350 847 2378 ab

82 2412 107 2432 ea
116 2414 168 2440 qua:
182 2407 280 2435 dicitur
301 2404 426 2441 gnostica
442 2402 565 2434 haeresis,
580 2400 708 2435 antiquas
721 2398 748 2425 in
765 2404 846 2425 suum

83 2451 245 2481 characterem
257 2451 404 2481 doctrinas
419 2448 600 2480 transferens,
618 2445 790 2477 Valentinus,
808 2443 849 2471 sic

83 2499 198 2527 diﬂnivit.
211 2510 221 2527 ι
243 2499 375 2534 Antiquae
391 2496 473 2532 igitur
483 2494 617 2523 doctrina:
630 2492 762 2524 fuerunt,
777 2497 849 2526 quas

84 2544 108 2572 in
120 2545 294 2574 characterem
314 2550 397 2572 suum
415 2540 577 2569 Valentinus
598 2537 757 2567 transtulit.
774 2536 848 2563 Idem

86 2590 124 2618 lib.
135 2599 162 2625 ιι,
171 2600 226 2627 cap.
243 2592 278 2628 l8
291 2601 298 2619 :
315 2600 325 2617 ι
342 2589 406 2617 llaec
420 2592 511 2615 autem
530 2593 592 2622 quae
603 2584 724 2613 diximus
733 2583 768 2610 de
780 2581 852 2610 Sen-

88 2643 126 2665 sus
138 2638 172 2673 (id
185 2644 224 2666 est
236 2638 284 2666 τοῦ
295 2636 363 2671 Νοῦ)
375 2635 533 2667 emissione,
546 2632 671 2661 similiter
681 2635 708 2658 et
720 2630 852 2657 adversus

88 2689 127 2709 eos
137 2683 177 2717 qui
193 2691 207 2710 a
224 2683 342 2711 Basilide
360 2685 440 2713 sunt,
463 2683 554 2714 aptata
570 2682 635 2706 sunt
652 2688 658 2705 :
677 2680 704 2704 et
718 2675 851 2703 adversus

89 2727 191 2762 reliquos
212 2729 367 2760 Gnosticos,
386 2733 401 2753 a
416 2726 518 2761 quibus
540 2729 566 2751 et
588 2723 616 2750 hi
633 2723 709 2750 initia
726 2720 851 2749 emissio-

91 2779 144 2801 num
159 2776 314 2811 accipientes
337 2772 456 2801 convicti
479 2775 543 2799 sunt
569 2770 596 2797 in
622 2769 712 2804 primo
740 2767 821 2794 libro.
840 2776 850 2792 ι

91 2817 274 2848 Generationem
286 2820 372 2856 igitur
380 2817 429 2844 τοῦ
436 2817 502 2849 Νοῦ,
510 2820 537 2843 et
547 2814 725 2842 emissionum
736 2812 851 2840 aliarum

93 2861 156 2890 initia
168 2872 182 2891 a
193 2864 303 2893 Dasilide
317 2868 346 2892 et
358 2862 472 2897 reliquis
487 2860 623 2889 Gnosticis
634 2858 739 2894 accepit
753 2857 854 2885 Valen-

94 2907 163 2936 tinus.
178 2910 244 2938 Idem
255 2910 348 2939 eodem
361 2908 450 2943 capite
464 2917 471 2935 ;
492 2916 501 2933 ι
522 2906 559 2934 De
572 2913 604 2934 ea
622 2909 711 2933 autem
736 2911 796 2939 qua:
812 2907 854 2931 est

833 893 855 921 B

373 165 399 193 Ξ.
419 159 599 192 PEARSONH
620 153 781 187 VINDICIE
802 153 831 182 lC

935 148 1013 177 LNE.
1034 162 1069 168 —
1088 143 1180 173 PARS
1198 142 1232 169 11.

1590 132 1643 160 3‘22

856 217 891 238 ex
904 209 948 237 his
966 206 1087 236 secunda
1103 201 1254 231 emissione
1269 196 1389 226 hominis
1401 199 1428 222 et
1445 192 1574 221 Ecclesiae
1593 191 1643 225 ipsi

855 260 948 291 patres
965 259 1076 283 eorum,
1103 249 1172 276 falso
1197 242 1382 281 cognominati
1400 239 1533 270 Gnostici,
1557 237 1645 270 impu-

857 303 942 335 gnant
955 297 1086 324 adversus
1100 293 1227 323 invicem,
1244 296 1294 317 sua
1307 287 1417 323 propria
1432 284 1584 312 indicantes
1595 302 1604 314 ,
1619 285 1648 307 et

857 344 946 373 malos
962 342 1037 370 fures
1051 339 1214 372 semetipsos
1231 333 1438 362 convincentes.
1456 339 1465 355 ι
1486 327 1646 362 Querebalt-

858 396 902 419 tur
926 389 1010 424 igitur
1037 383 1160 414 Gnostici
1184 379 1389 408 Valentinianos
1416 381 1547 409 tanquam
1571 372 1648 399 fures

860 444 910 464 sua
926 417 1107 469 subripuisse,
1122 434 1150 457 et
1162 427 1272 464 quidem
1295 424 1371 452 fures
1389 430 1423 450 eo
1438 421 1558 457 pejores,
1574 417 1647 453 quod

861 481 934 509 male
956 479 982 506 in
1004 464 1145 513 proprium
1168 473 1355 501 characterem
1372 475 1404 495 ea
1431 464 1647 494 transtulissent.

862 526 929 553 Post
953 509 1084 551 Irenaeum
1107 518 1202 548 statim
1224 514 1410 544 Tertullianus
1433 511 1468 538 de
1484 509 1649 537 Valentino:

866 582 875 598 ‹
893 568 1051 605 Cujusdam‘
1059 565 1160 594 veteris
1173 560 1312 598 opinionis
1333 565 1426 587 semen
1443 559 1540 583 nactus
1555 552 1652 580 Celar-

864 596 1024 644 baso‘viam
1048 596 1206 639 delineavit.
1229 616 1238 633 ι
1257 606 1298 632 Ad
1313 611 1395 640 quem
1419 607 1530 629 sensum
1549 596 1652 625 intelli-

865 642 951 697 genda
969 659 1096 686 videntur
1122 655 1168 683 illa
1182 659 1244 689 quae
1267 651 1314 678 lib.
1337 649 1377 676 De
1403 647 1503 678 mima,
1528 651 1589 679 cap.
1607 642 1652 673 l8,

866 689 968 735 habet:
986 714 995 730 ι
1013 703 1181 730 Rclucentne
1194 700 1252 734 jam
1267 695 1395 725 haeretica
1418 692 1524 721 semina
1541 689 1655 717 Gnosti-

867 758 963 779 corum
986 754 1014 777 et
1034 741 1314 775 Valentinianorum?
1334 750 1343 767 ι
1365 736 1535 774 Epiphanius
1560 734 1656 766 etiam,

867 805 930 825 cum
946 800 1065 832 quatuor
1078 793 1131 821 sibi
1148 792 1181 819 de
1196 789 1343 817 Valentino
1357 785 1474 814 dicenda
1494 781 1657 818 proposuis-

870 849 922 877 set,
934 826 1006 870 uiide
1013 841 1097 873 venit,
1112 837 1222 874 quando
1233 836 1312 868 vixit,
1321 841 1382 869 quae
1391 832 1451 867 ejus
1462 829 1597 860 doctrina,
1609 826 1661 853 καὶ

868 875 923 916 ἀπὸ
939 889 1024 916 ποίων
1039 887 1089 918 τὰς
1106 884 1259 921 προφάσεις
1281 881 1387 915 εἴληφε,
1404 887 1413 904 ‹
1429 881 1455 904 et
1469 885 1483 904 a
1498 875 1598 911 quibus
1614 881 1660 900 ar-

870 939 999 971 gumenta
1017 932 1146 967 sumpsit,
1164 940 1174 956 ι
1190 936 1285 957 eorum
1302 927 1428 954 ultimum
1445 924 1487 950 his
1504 921 1595 949 verbis
1611 927 1661 947 ex-

870 967 984 1017 pressit:
994 980 1048 1006 Καὶ
1059 978 1138 1009 αὐτὸς
1151 976 1201 1012 τὴν
1212 973 1357 1009 saeuum
1369 971 1478 1006 ποίησιν
1491 969 1530 1000 είς
1543 968 1588 994 τὸν
1596 967 1663 992 ἐαυ-

870 1025 917 1053 τοῦ
931 1024 993 1051 νοῦν
1003 1023 1105 1054 λαὸὼν,
1114 1021 1162 1049 καὶ
1176 1019 1230 1047 ἀπὸ
1242 1018 1297 1045 τῶν
1310 1017 1358 1043 σὺν
1370 1015 1444 1050 αὐτῷ
1456 1014 1503 1040 καὶ
1516 1012 1570 1047 πρὸ
1579 1010 1663 1038 αὑτοῦ

871 1071 920 1106 τῆς
927 1069 1054 1105 ἀληθείας
1062 1065 1278 1095 ἑκπιπτωκότων
1285 1063 1335 1098 τὴν
1344 1061 1470 1088 ὑπόνοιαν
1482 1058 1662 1093 κτησάμενος.

876 1126 885 1143 ι
907 1117 966 1153 Ipse
991 1116 1075 1143 etiam
1097 1113 1236 1141 ethnicam
1261 1108 1357 1145 poesin
1382 1106 1476 1134 animo
1505 1111 1557 1132 suo
1571 1102 1665 1130 conci-

875 1164 963 1199 piens,
978 1165 1006 1189 et
1019 1161 1055 1188 ab
1069 1160 1104 1187 iis
1115 1158 1162 1194 qui
1179 1164 1240 1185 cum
1257 1156 1316 1190 ipso
1326 1157 1353 1180 et
1371 1156 1433 1179 ante
1454 1151 1545 1186 ipsum
1563 1156 1578 1175 a
1593 1146 1666 1174 veri-

876 1213 932 1236 tate
957 1207 1026 1242 lapsi
1051 1192 1133 1238 sunt;
1145 1202 1309 1232 sententiam
1325 1202 1484 1229 mutuatus,
1508 1205 1517 1222 ι
1537 1199 1591 1222 etc.
1611 1192 1666 1226 Qui

876 1258 968 1281 autem
977 1238 1015 1279 iiii
1031 1249 1151 1278 hatretici
1168 1247 1280 1278 fuerint,
1291 1253 1308 1273 a
1322 1244 1424 1280 quibus
1440 1241 1535 1269 deliria
1549 1247 1598 1267 sua
1610 1238 1666 1265 Va-

877 1299 997 1328 lentinus
1011 1296 1123 1329 hausit,
1138 1295 1210 1322 idem
1227 1291 1348 1320 ostendit
1362 1299 1369 1317 :
1384 1288 1458 1323 Φημὶ
1476 1287 1504 1314 δὲ
1525 1285 1669 1313 00mm—

878 1354 923 1374 νον
933 1345 981 1372 καὶ
996 1343 1046 1379 τὴν
1058 1341 1141 1370 αὑτοῦ
1151 1337 1325 1367 διδασκαλίαν
1333 1357 1341 1370 ,
1355 1336 1405 1372 τὴν
1419 1334 1472 1362 ἀπὸ
1485 1333 1537 1368 τῆς
1549 1331 1670 1368 μεγάλης

878 1391 980 1425 ταύτης
996 1378 1151 1424 γνωπικῆς
1162 1383 1327 1419 ἐπαγγελίας
1341 1381 1529 1417 ὑπάρχουσαν.
1543 1388 1552 1405 ‹
1570 1378 1671 1406 Valen-

881 1424 968 1465 tinum
983 1434 1105 1469 intelligo
1120 1437 1148 1460 et
1170 1431 1244 1458 illius
1255 1428 1422 1460 doctrinam,
1435 1433 1497 1462 quae
1517 1433 1532 1452 a
1545 1424 1671 1460 speciosa

882 1484 929 1512 illa
951 1481 1145 1510 Gnosticorum
1160 1476 1332 1513 professione
1350 1473 1461 1509 prodiit.
1479 1481 1489 1498 ι
1507 1471 1583 1499 Licet
1597 1470 1670 1497 enim

883 1528 1053 1565 Epiphanius
1074 1525 1256 1563 αἱρεσιάρχην
1276 1521 1448 1548 Valentinum
1471 1518 1602 1554 appellet,
1619 1517 1672 1544 do-

884 1577 1000 1605 ctrinam
1018 1578 1110 1600 tamen
1122 1578 1200 1599 suam
1214 1577 1278 1597 eum
1297 1576 1311 1594 a
1326 1566 1464 1594 Gnosticis
1478 1565 1604 1592 hausisse
1618 1567 1674 1590 tra-

885 1623 935 1656 dit,
951 1622 1068 1655 ideoque
1085 1624 1181 1646 eorum
1203 1622 1302 1643 nomen
1322 1612 1375 1641 sibi
1393 1617 1419 1639 et
1435 1611 1494 1639 suis
1507 1609 1674 1644 imposuisse

886 1668 986 1703 saepius
1002 1667 1139 1693 observat.
1159 1662 1220 1689 Ἐπὶ
1236 1661 1286 1696 τὴν
1302 1660 1357 1686 τῶν
1370 1657 1555 1685 Οὑαλεντίνων
1570 1655 1675 1690 αἵρεσιν

885 1701 999 1748 διέξειμι
1010 1732 1016 1744 ,
1035 1710 1089 1738 τῶν
1106 1709 1138 1745 δὴ
1155 1708 1202 1736 καὶ
1220 1704 1381 1734 Γνωστικῶν
1404 1704 1511 1734 ἑαυτοῖς
1529 1701 1677 1728 ἐπιϐέντων

886 1761 981 1796 ὄνομα.
1001 1769 1011 1785 ι
1026 1757 1067 1785 Ad
1082 1755 1199 1784 liceresin
1214 1752 1474 1781 Valcntinianorum
1492 1754 1614 1776 transeo.
1628 1746 1677 1781 qui

887 1806 1081 1834 Gnosticorum
1098 1809 1197 1830 nomen
1219 1799 1272 1828 sibi
1294 1799 1496 1832 imposuerunt.
1515 1803 1524 1820 ι
1544 1793 1577 1820 Et
1596 1792 1678 1827 paulo

887 1857 973 1887 post:
996 1849 1051 1877 Καὶ
1076 1849 1178 1880 πάντες
1200 1843 1371 1875 Γνωστικοὺς
1404 1840 1517 1871 ἑαυτοὺς
1546 1839 1677 1870 ἐκάλουν,

889 1884 1063 1927 δὺαλεντϊνός
1078 1902 1124 1927 τε,
1140 1892 1211 1929 φημὶ
1221 1911 1229 1924 ,
1246 1890 1292 1918 καὶ
1308 1890 1333 1916 οἱ
1353 1888 1408 1924 πρὸ
1427 1885 1510 1914 αὑτοῦ
1521 1884 1678 1912 Γνωστικοί.

893 1953 903 1971 ι
917 1943 951 1971 Et
962 1949 1059 1970 omnes
1068 1939 1214 1969 Gnostieos
1232 1939 1318 1965 semet
1332 1933 1521 1969 appellabant,
1535 1935 1563 1957 et
1581 1929 1681 1956 Valen-

892 1989 979 2022 tinus,
991 1987 1151 2022 inquam,et
1162 1983 1208 2019 qui
1220 1982 1297 2009 illum
1311 1981 1510 2015 praecesserunt
1525 1974 1678 2003 Gnosticia

891 2034 925 2062 Et
936 2017 1039 2061 rursus.
1049 2033 1083 2059 de
1101 2017 1222 2058 eodem:
1246 2027 1294 2058 Εἰς
1311 2023 1425 2055 πολλοὺς
1452 2021 1507 2058 γὰρ
1533 2017 1610 2051 οὗτος
1632 2018 1681 2053 τὴν

891 2079 988 2109 ἑαυτοῦ
1004 2075 1190 2114 ὀνειροπολὶαν
1203 2071 1367 2107 ὲπισπείρας
1380 2089 1387 2102 ,
1411 2067 1563 2095 Γνωστιιών
1586 2066 1682 2093 ἑαυτὸν

892 2128 1020 2158 καλέσας.
1042 2134 1052 2151 ‹
1071 2123 1120 2150 Hic
1134 2121 1208 2150 enim
1229 2119 1263 2147 ad
1287 2118 1390 2145 multos
1405 2123 1454 2143 sua
1471 2114 1579 2142 somnia
1603 2120 1682 2147 spar-

893 2181 978 2210 gens,
1002 2157 1165 2199 Cnosticum
1188 2166 1308 2200 seipsqu
1334 2161 1492 2197 appellans,
1515 2168 1524 2185 ι
1541 2163 1594 2186 etc.
1616 2157 1684 2184 Post

897 2202 1078 2255 Epiphaniam
1095 2212 1285 2241 Theodoretus
1309 2216 1372 2236 eum
1394 2207 1512 2234 haereses
1538 2202 1683 2235 Simonis,

885 2247 1050 2293 .Hleiiandri,
1064 2256 1211 2288 Saturnili,
1226 2253 1369 2285 Basilidis,
1389 2249 1574 2285 Carpocratis,
1585 2247 1683 2275 Prodi-

897 2307 976 2341 cique
991 2304 1141 2339 explicatas
1154 2300 1284 2332 dedisset,
1298 2298 1330 2324 ὲκ
1342 2296 1457 2328 τούτων,
1475 2293 1575 2329 inquit,
1589 2291 1686 2319 πασῶν

896 2339 951 2380 τῶν
961 2352 1093 2388 αἱρέσεων
1108 2349 1122 2375 ὁ
1138 2346 1295 2376 Βαλεντῖνος
1309 2343 1399 2370 λαϐὼν
1411 2341 1537 2377 ἀφορμὰς
1547 2339 1610 2370 τοὺς
1621 2339 1686 2365 ἁπε-

899 2384 1012 2434 ράντους
1030 2393 1162 2429 συνέθηκε
1179 2390 1291 2427 μύθους,
1313 2397 1322 2414 ‹
1340 2395 1373 2415 ex
1395 2386 1438 2414 his
1455 2385 1583 2412 omnibus
1599 2384 1685 2410 lucre-

899 2444 976 2472 sibus
992 2428 1154 2469 Valentinus
1175 2435 1313 2472 accipiens
1329 2433 1472 2462 materiam
1496 2428 1688 2458 interminabi-

900 2491 940 2519 les
950 2487 1058 2516 fabulas
1073 2483 1240 2520 composult.
1259 2491 1270 2508 ι

935 2534 1004 2562 Cum
1019 2533 1109 2568 aliqua
1123 2539 1157 2559 ex
1171 2530 1215 2557 his
1230 2526 1386 2557 testimonia
1402 2525 1429 2552 in
1443 2522 1596 2559 Appendice
1609 2521 1688 2557 lgna-

901 2582 975 2609 tiana
992 2579 1104 2607 citasset
1116 2575 1245 2604 Usserius
1257 2576 1362 2604 noster,
1373 2570 1488 2606 epistola
1502 2569 1536 2596 ad
1545 2576 1607 2595 eum
1619 2567 1689 2594 scri-

901 2632 947 2662 pta
961 2625 996 2654 ab
1008 2623 1180 2652 Hammondo
1195 2621 1268 2650 edita
1289 2620 1348 2647 haec
1366 2616 1489 2652 reposuit
1509 2613 1666 2642 Blondcllus
1680 2622 1687 2640 :

905 2682 915 2699 ι
934 2670 1028 2699 lremei
1042 2669 1140 2700 nostri,
1158 2675 1214 2703 quo
1229 2665 1366 2702 praecipue
1385 2661 1493 2693 niteris,
1514 2660 1601 2693 locus,
1615 2659 1689 2695 quod

904 2724 1044 2753 nunquam
1064 2714 1171 2749 negavi,
1183 2714 1262 2740 docet
1276 2710 1450 2738 Valentinum
1464 2707 1581 2734 aliorum
1601 2712 1688 2733 exem-

904 2762 949 2797 plo
969 2758 1098 2793 συζυγίας
1115 2764 1180 2785 suas
1193 2756 1341 2783 ellinxisse.
1361 2764 1371 2781 ι
1383 2752 1554 2781 Blondellum
1566 2750 1691 2784 sequitur

906 2796 1022 2835 baliscus
1039 2814 1046 2832 :
1065 2814 1073 2829 ι
1087 2803 1157 2830 Illud
1172 2810 1222 2837 ego
1237 2801 1347 2837 quidem
1363 2808 1396 2827 ex
1412 2800 1464 2826 hoc
1479 2796 1572 2824 Irenasi
1585 2796 1645 2823 loco
1664 2800 1691 2822 et

906 2854 968 2882 aliis
980 2849 1144 2879 Theodoreti
1157 2853 1184 2876 et
1196 2847 1342 2882 Epiphanii
1363 2845 1501 2874 similibus
1520 2843 1588 2870 locis
1600 2841 1690 2876 legiti-

906 2908 949 2930 me
965 2897 1062 2928 confici
1078 2900 1105 2925 et
1121 2894 1210 2930 colligi
1225 2893 1361 2926 concedo,
1383 2893 1469 2927 ipsam
1486 2897 1578 2919 rerum
1593 2888 1690 2916 silvam
