1850 3072
148 146 202 176 3‘23

696 151 724 179 S.
739 149 914 179 IGNATIUS.
933 165 968 171 -—
988 150 1258 181 PROLEGOMENA.

1725 153 1791 181 524

150 214 232 243 atque
247 207 401 239 materiam,
415 215 448 234 ex
461 215 514 243 qua
530 207 690 236 Valentinus
704 217 754 237 sua
769 208 932 244 composuit,
948 212 971 240 Α
986 209 1040 237 illa:
1053 211 1180 246 syzygite,
1197 220 1268 246 quas
1283 213 1401 240 aliorum
1416 214 1540 249 exemplo
1557 221 1620 241 eum
1636 212 1793 241 efﬁnxisse

148 254 206 288 jam
220 252 294 288 apud
309 253 472 281 Vetustiores
488 254 587 288 partim
608 255 754 283 Gnosticos
774 257 933 290 hzereticos,

150 298 249 333 partim
264 299 346 325 etiam
361 303 456 333 poetas
476 304 522 326 aut
536 300 714 335 philosophos
727 302 851 330 ethnicos
867 302 936 330 fuis-

150 352 190 371 se.
210 353 220 370 ι
240 343 378 372 Habemus
393 344 476 379 igitur
496 345 548 373 hoc
567 347 601 373 ab
622 347 676 374 illis
690 355 863 382 concessum,
880 348 935 376 Va-

151 391 284 418 lentinum
303 391 420 418 altorum
441 393 566 427 exemplo
584 394 707 429 syzygias
722 394 869 428 efﬁnxisse,
894 396 936 430 ip-

149 445 264 472 samque
280 446 372 465 rerum
393 438 489 465 silvam
506 444 590 474 atque
608 441 751 467 materiam
772 449 787 468 a
803 442 936 470 vetustio«

149 484 227 511 ribus
250 484 387 512 Gnosticis
408 485 545 514 hausisse.
574 486 667 513 Potuit
697 487 789 522 itaque
814 487 935 523 lgnatius

148 536 231 555 verus
246 529 279 555 ad
296 536 356 556 eam
374 530 490 557 harresin
506 531 627 558 alludere
638 551 646 563 ,
662 539 745 566 quam
767 538 861 567 postea
878 542 936 560 am-

147 573 246 608 plexus
265 581 325 602 esse
343 575 445 602 dicitur
460 575 631 609 Valentinus,
656 578 678 605 si
691 579 786 606 silvam
806 583 831 607 et
850 585 936 607 mate-

146 619 218 646 riam
235 619 294 654 ejus
307 625 431 655 spectes;
447 629 478 649 ea
493 623 567 649 enim
583 623 719 652 hzerescos
731 626 844 653 materia
857 631 936 654 aztate

147 663 244 699 lgnatii
259 673 274 692 a
288 666 485 694 vetustioribus
499 667 638 696 Gnosticis
654 670 823 705 promulgata
837 671 934 699 fuerat.

146 710 238 744 Atque
259 710 393 738 hactenus
414 713 613 741 consentimus.
629 713 659 741 In
675 714 720 742 illa
742 721 831 743 autem
855 717 934 750 silva,

147 754 219 781 inter
232 756 414 783 vetustiorum
439 759 564 793 syzygias
579 761 693 794 reperiri
706 766 856 796 potuerunt
869 760 936 790 Αἰο-

146 807 196 827 nes
212 800 263 833 illi,
277 809 349 835 quos
364 804 519 837 respexisse
533 805 629 833 volunt
645 806 766 841 epistolae
783 813 934 843 auctorem,

146 845 212 881 Sige
229 848 334 876 scilicet
346 853 373 876 et
386 849 486 885 Logos.

179 893 235 920 Sed
251 895 353 929 excipit
366 895 539 924 Blondellus:
559 906 568 923 ε
584 898 660 926 Alios
673 898 817 928 Valentino
828 902 934 936 priores

144 937 278 966 Profundi
299 945 327 967 et
352 940 460 969 Silentii
475 943 704 972 combinationem
721 946 861 975 induxisse
880 956 933 976 non

144 984 228 1011 modo
240 989 329 1013 tecum
346 986 394 1022 (ita
406 986 548 1015 Usserium
564 989 736 1026 alloquitur),
752 999 806 1019 non
820 992 935 1021 atﬁrmat

143 1028 274 1063 lrenaaus,
295 1032 342 1059 sed
366 1040 491 1067 mecum,
508 1034 530 1061 si
556 1035 621 1069 quid
637 1038 734 1071 capio,
757 1045 790 1064 ex
810 1038 934 1072 professo

145 1081 244 1110 negat,
264 1084 326 1104 cum
350 1079 494 1114 proprium
508 1079 645 1108 Valentini
659 1082 843 1110 characterem
859 1091 934 1111 com-

143 1121 314 1151 binationem
330 1124 404 1152 illam
415 1126 566 1160 protulisse
580 1127 673 1155 refert.
694 1137 703 1154 I
724 1128 840 1156 Dallteus
851 1130 933 1164 paulo

144 1169 224 1198 aliter
240 1171 312 1200 hanc
334 1180 391 1200 rem
420 1178 528 1207 tractat,
550 1178 578 1201 et
602 1175 629 1201 in
651 1183 684 1202 eo
701 1177 855 1211 argumenti
878 1178 932 1205 vim

143 1215 278 1248 collocat,
296 1217 370 1252 quod
393 1225 475 1244 nemo
499 1222 562 1245 ante
584 1217 758 1246 Valentinum
782 1219 901 1248 Verbum
917 1229 933 1249 e

145 1260 209 1295 Sige
223 1262 359 1289 eduxerit.
381 1262 434 1290 Sed
450 1271 616 1298 quocunque
636 1265 717 1292 modo
738 1267 932 1301 responsiones

144 1313 210 1333 snas
234 1306 389 1341 cﬁ'ormant,
413 1308 484 1336 elabi
505 1317 560 1336 non
585 1315 710 1344 possunt.
739 1311 808 1338 Cum
834 1313 932 1340 asserit

143 1351 301 1381 Blondellus
319 1353 453 1381 Irenaeum
474 1364 485 1381 ί
509 1363 543 1383 ex
564 1356 690 1391 professo
705 1365 819 1392 negare,
836 1368 846 1385 ›
862 1358 932 1386 Gno-

143 1399 228 1426 sticos
242 1405 347 1428 veteres
372 1399 505 1429 Profundi
520 1406 548 1429 et
571 1402 677 1430 Silentii
701 1405 931 1433 combinationem

142 1444 305 1478 induxisse,
329 1453 392 1473 cum
416 1448 558 1482 proprium
585 1446 721 1476 Valentini
744 1450 933 1481 characterem

142 1491 377 1520 combinationem
389 1493 464 1521 illam
481 1495 630 1530 protulisse
646 1496 745 1530 refert;
769 1497 796 1525 id
818 1499 932 1526 omnino

987 255 1090 283 fatetur
1102 256 1277 285 Blondellus?
1290 259 1336 286 ubi
1349 259 1394 287 illa
1406 260 1474 287 silva
1488 265 1515 287 et
1527 260 1654 292 materia,
1671 267 1707 287 ex
1721 267 1787 294 qua

986 308 1035 328 sua
1059 302 1105 341 ille
1124 304 1298 338 composuit,
1321 305 1437 333 docente
1457 305 1575 334 Dallzeo?
1603 311 1653 334 aut
1676 306 1751 341 quid
1772 313 1791 333 a

986 345 1123 374 Gnosticis
1138 347 1240 381 hausit,
1255 350 1277 376 si
1293 350 1380 385 ipsius
1395 351 1536 379 character
1551 352 1793 380 combinationes

985 398 1082 418 omnes
1097 396 1237 428 totamque
1251 395 1449 430 matzeologiam
1462 397 1596 431 protulit?

1022 436 1074 463 Sed
1099 438 1194 466 relicta
1220 441 1422 469 concertatione
1455 444 1619 471 sententiam
1649 448 1791 472 nostram

986 482 1154 511 conlirmabo
1168 504 1176 518 ,
1193 486 1391 522 ostendamque
1408 488 1496 523 primo
1507 509 1516 522 ,
1540 489 1675 517 adversus
1691 489 1791 517 Blon-

985 527 1086 554 dellum
1099 550 1106 561 ,
1132 530 1248 564 primam
1263 530 1399 559 Valentini
1421 534 1670 568 combinationem,
1696 535 1791 571 Bythi

986 572 1091 600 scilicet
1109 578 1136 600 et
1158 573 1254 609 Siges,
1281 576 1366 604 fuisse
1387 585 1402 604 a
1426 580 1620 608 vetustioribus
1635 580 1791 608 Gnosticis

985 617 1111 646 haustam
1124 628 1131 652 ;
1148 621 1278 653 secundo,
1287 622 1416 651 adversus
1431 623 1569 657 Dallaaum,
1584 625 1678 661 Logon
1692 627 1788 654 etiam

985 663 1071 691 fuisse
1085 672 1100 691 a
1115 664 1156 692 Nu
1172 667 1346 700 productum,
1360 670 1406 704 qui
1420 678 1435 697 a
1450 670 1513 706 Sige
1524 672 1645 699 emissus
1659 677 1716 704 est,
1733 681 1787 700 se-

985 711 1103 737 cundum
1127 711 1271 742 Gnosticos
1291 716 1473 744 vetustiores:
1487 716 1605 745 lrenaeus
1621 718 1648 745 in
1675 718 1787 754 praefa-

986 756 1059 783 tione
1077 756 1139 784 libri
1161 759 1274 786 secundi
1296 766 1489 796 argumentum
1506 763 1566 790 libri
1590 764 1673 798 primi
1696 772 1786 799 repe-

985 807 1045 829 tens
1060 803 1202 836 profitetur
1216 812 1245 832 se
1260 805 1514 835 Valentinianorum
1530 816 1683 845 eorumque
1695 811 1747 845 qui
1768 819 1786 837 a

986 847 1099 876 Simone
1110 854 1175 877 sunt
1187 850 1380 880 Gnosticorum
1399 854 1538 883 doctrinas
1550 857 1733 891 exposuisse;
1751 858 1782 884 in

950 884 971 912 Β
985 893 1038 921 hoc
1056 898 1146 922 autem
1161 897 1294 930 promittit
1316 905 1346 926 se
1366 905 1526 927 eversurum
1544 909 1654 929 onmem
1677 910 1782 930 eorum

984 939 1117 973 regulam.
1135 939 1211 972 Quod
1225 946 1254 968 ut
1270 943 1326 976 tiat,
1344 952 1353 968 ι
1372 948 1491 979 oportet,
1507 945 1607 981 inquit,
1624 947 1782 975 abscondi-

984 989 1026 1013 tas
1040 986 1163 1020 ipsorum
1179 988 1387 1024 cenjugationes
1399 999 1447 1026 per
1460 992 1668 1021 manifestarum
1681 994 1783 1029 conju~

984 1030 1124 1064 gationum
1148 1032 1279 1060 indicium
1300 1039 1327 1062 et
1348 1036 1516 1064 eversionem
1534 1038 1655 1074 Bythum
1670 1039 1781 1067 dissol-

983 1083 1056 1103 vere.
1076 1087 1085 1103 ι
1100 1075 1204 1113 Bythus
1218 1079 1300 1114 igitur
1314 1085 1370 1107 tam
1387 1082 1420 1109 ad
1436 1088 1557 1111 veterum
1573 1084 1777 1113 Gnosticorum

983 1128 1065 1156 quam
1083 1123 1117 1150 ad
1134 1122 1385 1154 Valentinianorum
1405 1129 1526 1162 regulam
1544 1130 1711 1164 pertinebat.
1728 1131 1781 1158 Ti-

984 1168 1057 1196 tulus
1068 1169 1102 1196 32
1118 1170 1215 1205 capitis
1229 1171 1276 1199 lib.
1289 1180 1297 1199 ι
1313 1172 1358 1201 hic
1373 1179 1414 1201 est
1428 1183 1434 1202 :
1451 1184 1460 1200 t
1476 1174 1542 1208 Quze
1558 1176 1613 1203 sint
1625 1177 1780 1206 Gnostico-

983 1222 1043 1241 rum
1052 1223 1161 1249 genera,
1171 1221 1197 1243 et
1210 1225 1271 1252 qua:
1284 1220 1434 1247 secundum
1448 1228 1495 1248 eos
1507 1223 1663 1256 sententia;
1675 1233 1685 1250 ›
1700 1229 1781 1252 certe

982 1260 1017 1288 de
1039 1260 1208 1290 Simonianis
1231 1264 1269 1291 ibi
1288 1272 1368 1300 agere
1387 1265 1520 1294 Irenaeum
1537 1268 1605 1295 satis
1627 1276 1661 1296 ex
1681 1269 1781 1304 priore

983 1307 1071 1342 capite
1087 1313 1170 1342 patet.
1192 1319 1202 1335 ί
1224 1310 1277 1337 Alii
1296 1315 1386 1338 autem
1400 1333 1408 1345 ,
1426 1312 1530 1347 inquit,
1545 1321 1642 1342 rursus
1659 1320 1780 1350 porten-

983 1360 1042 1382 tosa
1063 1355 1212 1390 loquuntur
1234 1364 1242 1382 :
1265 1365 1326 1385 esse
1343 1359 1479 1392 quoddam
1501 1359 1620 1394 primum
1635 1360 1729 1389 lumen
1748 1362 1778 1389 in

982 1402 1169 1439 VirtuteBylhi
1182 1403 1302 1438 beatum,
1315 1409 1342 1432 et
1354 1405 1559 1440 incorruptibile
1573 1412 1600 1435 et
1611 1407 1779 1436 intermina-

983 1452 1051 1475 tum.
1071 1458 1080 1474 I
1099 1447 1155 1476 Hos
1175 1455 1265 1476 autem
1289 1449 1463 1479 Simonianos
1478 1451 1622 1480 Valentino
1639 1455 1779 1481 vetustio-

982 1501 1027 1522 res
1048 1493 1133 1522 fuisse
1150 1496 1217 1523 satis
1240 1496 1362 1524 indicant
1382 1498 1464 1525 verba
1484 1499 1581 1533 capitis
1603 1501 1748 1535 sequentis
1767 1507 1776 1526 :

142 1535 260 1563 afﬁrma;
271 1558 279 1570 ν
300 1538 372 1572 quod
389 1546 423 1566 ex
445 1547 479 1567 eo
500 1539 596 1568 ιτεηπί
616 1541 687 1574 loco,
703 1550 784 1576 quem
809 1544 931 1576 adducit,
945 1556 967 1586 ο
985 1548 996 1565 ‹
1050 1539 1149 1567 talibus
1165 1542 1309 1575 matribus,
1324 1548 1351 1570 et
1366 1544 1490 1578 patribus
1499 1545 1647 1580 etproavis
1663 1554 1713 1574 eos
1725 1548 1776 1581 qui

141 1582 266 1617 exsculpi
291 1591 344 1610 non
366 1588 466 1619 potest.
486 1585 528 1612 An
542 1586 589 1621 qui
604 1587 672 1614 dicit
687 1596 694 1615 :
711 1597 720 1613 ι
736 1587 787 1621 Qui
804 1589 876 1616 enim
891 1594 934 1617 est

142 1628 264 1661 primus,
285 1628 319 1655 ab
335 1637 367 1656 ea
380 1638 441 1665 quae
455 1631 556 1658 dicitur
570 1632 702 1660 Gnostica
720 1634 842 1667 hmrcsis,
864 1635 935 1662 anti-

141 1679 212 1706 quas
235 1673 262 1700 in
284 1681 365 1701 suum
388 1676 575 1704 characterem
601 1678 741 1707 doctrinas
762 1681 932 1710 transferens

141 1718 304 1748 Valentinus
324 1722 364 1749 sic
381 1723 524 1756 dillinivit,
546 1725 704 1753 duahtatem
721 1728 866 1762 quamdam
888 1729 932 1756 in—

141 1766 351 1802 nominabilem,
372 1769 451 1804 cujus
466 1771 577 1805 quidem
593 1772 695 1806 aliquid
714 1774 805 1801 vocari
822 1774 932 1802 inenar-

141 1811 240 1843 rabile.
257 1813 331 1840 aliud
343 1819 435 1841 autem
453 1815 547 1851 Sigen,
567 1826 575 1842 ι
595 1822 676 1852 negat
691 1817 837 1847 Gnosticos
854 1826 931 1848 vete-

143 1865 186 1885 res
198 1857 330 1886 l’rofnndi
347 1865 375 1887 et
395 1860 502 1888 Silentii
520 1863 752 1891 combinationem
773 1864 932 1893 induxisse?

140 1909 190 1930 aut
204 1904 269 1932 illud
284 1905 411 1939 affirmat,
427 1908 500 1935 unde
515 1916 546 1936 ea
564 1910 673 1944 negatio
694 1914 841 1945 sequatur,
857 1912 932 1939 scili-

140 1951 184 1974 cet
210 1950 350 1983 proprium
372 1949 507 1979 Valentini
536 1953 719 1981 characterem
749 1956 931 1984 combinatio-

141 2000 203 2019 nem
225 1993 298 2021 illam
312 1994 444 2024 Profundi
459 2002 486 2024 et
499 1996 604 2026 Silentii
622 1999 787 2034 protulisse?
808 2000 864 2036 Ego
879 2010 930 2030 nec

139 2037 260 2071 priorem
281 2041 466 2075 negationem,
490 2050 541 2070 nec
570 2045 748 2078 posteriorem
772 2046 930 2075 allirmatio-

140 2090 202 2110 nem
221 2083 249 2110 in
265 2085 354 2112 verbis
369 2085 462 2113 lrenaei
478 2088 604 2122 reperio;
622 2089 678 2116 imo
695 2098 730 2117 ne
747 2099 847 2118 nomen
862 2091 930 2119 Pro-

140 2127 229 2160 fundi,
243 2129 301 2156 sive
317 2130 396 2165 Bythi
411 2132 482 2159 inter
496 2132 615 2160 )Eonum
634 2136 746 2163 nomina
762 2143 795 2164 eo
810 2136 864 2164 loci
887 2138 928 2165 in-

140 2174 230 2205 venio,
243 2174 296 2202 nisi
312 2182 460 2211 postquam
471 2178 581 2213 triginta
594 2179 696 2208 AEones
707 2181 763 2215 jam
774 2183 927 2210 enumerati

983 1584 1156 1614 aValentino
1179 1592 1259 1621 sunt,
1281 1588 1353 1616 sicut
1376 1591 1440 1624 ipsae
1461 1591 1603 1618 sententiae
1628 1596 1654 1618 et
1670 1593 1779 1628 regula

983 1632 1131 1659 ostendunt
1153 1640 1220 1666 eos,
1241 1642 1352 1661 necesse
1377 1634 1429 1662 fuit
1448 1635 1592 1664 manifeste
1614 1645 1742 1672 arguere.
1762 1647 1773 1664 ι

983 1675 1040 1704 Hoc
1059 1681 1149 1704 autem
1170 1682 1197 1705 et
1219 1679 1273 1706 alio
1297 1679 1390 1707 lrenzei
1409 1681 1468 1708 loco
1484 1682 1530 1709 lib.
1549 1690 1574 1715 ι,
1589 1690 1614 1710 c.
1637 1683 1682 1716 l9,
1700 1684 1778 1711 clare

985 1723 1180 1758 comprobatur
1194 1733 1202 1752 :
1216 1734 1225 1750 ε
1236 1725 1303 1753 Cum
1315 1727 1350 1754 sit
1365 1727 1584 1761 igituradversus
1600 1736 1698 1757 omnes
1714 1729 1774 1756 hae—

981 1776 1057 1796 reses
1070 1769 1186 1797 detectio
1209 1776 1292 1806 atque
1314 1773 1450 1800 convictio
1464 1773 1537 1800 varia
1556 1777 1584 1801 et
1603 1774 1772 1808 multifaria,

981 1820 1008 1841 et
1020 1815 1100 1842 nobis
1114 1817 1284 1851 propositum
1300 1823 1352 1851 est,
1368 1819 1496 1847 omnibus
1509 1820 1542 1847 iis
1557 1821 1773 1861 secundumip-

981 1868 1074 1888 sorutn
1087 1862 1273 1890 characterem
1295 1865 1483 1892 contradicere
1494 1885 1501 1898 ,
1525 1867 1714 1894 necessarium
1728 1876 1774 1895 ar—

980 1905 1072 1932 bitrati
1081 1909 1258 1942 sumusprius
1271 1908 1374 1936 referre
1381 1909 1483 1937 fontem
1491 1915 1518 1938 et
1528 1911 1648 1939 radicem
1663 1921 1773 1946 eorum,

983 1955 1013 1977 ut
1025 1951 1252 1980 sublimissimum
1269 1961 1362 1981 eorum
1380 1954 1495 1991 Bythum
1514 1959 1775 1992 cognoscensintel-

980 1995 1049 2029 ligas
1058 1997 1183 2024 arborem
1195 1999 1227 2026 de
1237 2007 1290 2034 qua
1302 2000 1473 2029 deﬂuxerunt
1485 2003 1552 2030 tales
1562 2004 1698 2031 fructus.»
1710 2005 1774 2032 Fuit

979 2041 1063 2076 igitur
1075 2042 1102 2069 in
1119 2042 1194 2071 fonte
1210 2050 1237 2072 et
1248 2046 1338 2073 radice
1352 2047 1483 2074 doctrinae
1498 2048 1634 2076 Gnosticaa
1654 2049 1772 2086 Bythus.

979 2086 1042 2116 Fuit
1057 2093 1147 2127 autem
1166 2090 1230 2126 Sigc
1253 2097 1299 2119 aut
1316 2092 1402 2128 Bytho
1419 2101 1520 2126 coasva,
1537 2100 1585 2121 aut
1594 2095 1713 2123 fortasse
1727 2106 1775 2124 n0-

979 2141 1040 2160 men
1049 2135 1108 2170 ejus
1118 2135 1164 2163 illo
1170 2136 1247 2172 Bylhi
1256 2138 1407 2173 antiquius;
1420 2140 1469 2174 ipsi
1479 2145 1550 2168 certe
1560 2140 1666 2168 Simoni
1678 2143 1774 2171 aderat

978 2178 1092 2213 Ennaea,
1103 2189 1164 2216 qua:
1172 2187 1200 2209 et
1210 2182 1282 2218 Sige,
1293 2185 1438 2219 etquidem
1448 2186 1482 2212 ab
1491 2187 1567 2214 initio
1579 2187 1642 2222 Sige
1654 2189 1774 2223 appella-

139 2223 245 2252 esscnt;
265 2220 340 2254 quod
364 2230 504 2257 nunquam
525 2229 598 2252 certe
619 2225 730 2253 fecisset
747 2227 865 2256 lrenazus

1040 2231 1054 2253 it
1064 2228 1181 2255 ostendit
1196 2228 1330 2258 Eusebius
1340 2231 1377 2258 De
1391 2232 1454 2258 εει-Ι.
1467 2220 1636 2267 tlteologia,l.
1651 2220 1681 2267 It,
1734 2236 1751 2263 9
1763 2245 1770 2263 :

139 2271 238 2292 nomen
248 2265 325 2302 Bythi
339 2275 354 2294 a
365 2267 510 2295 Valentino
519 2269 648 2303 primitus
663 2271 802 2300 inventum
814 2279 840 2301 et
852 2274 926 2302 illius

139 2310 291 2338 cltaraeteri
317 2313 456 2347 peculiare
473 2313 580 2342 fuisset.
596 2315 681 2343 Miror
697 2318 823 2352 equidem
845 2321 926 2347 talem

137 2356 240 2390 virum,
251 2358 359 2391 qualem
371 2358 458 2386 fuisse
469 2359 640 2387 Blondellum
656 2362 767 2396 volunt,
780 2368 835 2391 tam
850 2373 927 2393 secu-

138 2409 169 2428 re
191 2407 303 2437 tamque
322 2404 421 2438 supine
443 2404 576 2432 adversus
605 2406 810 2436 Armachanum
833 2410 927 2446 dispu-

139 2452 224 2475 tasse.
246 2448 354 2476 Asserit
374 2448 494 2477 Irenqu
508 2449 684 2479 Valentinum
709 2455 835 2489 antiquas
851 2457 926 2484 Gno-

139 2495 273 2522 sticorum
295 2495 436 2523 doctrinas
458 2496 484 2522 in
504 2504 584 2524 suum
605 2499 790 2527 characterem
807 2506 927 2530 transtu-

139 2539 220 2572 lisse;
232 2547 288 2567 non
298 2546 389 2568 autem
399 2549 459 2568 eam
472 2543 570 2574 solam,
583 2545 629 2571 sed
641 2550 667 2571 et
679 2546 796 2581 reliquas
809 2548 926 2577 breviter

139 2585 294 2620 percurrit,
318 2590 457 2621 totamque
471 2587 607 2616 Valentini
636 2593 834 2628 matzeologiam
854 2603 928 2623 sum-

140 2629 235 2657 matim
254 2631 424 2667 perstringit.
450 2633 480 2660 Si
503 2634 586 2669 igitur
599 2643 632 2663 eo
647 2636 698 2664 loci
714 2637 832 2668 lrenaaus
846 2647 928 2676 negat

139 2680 245 2702 veteres
255 2675 402 2705 Gnosticos
408 2679 524 2713 primam
533 2682 764 2712 combinationem
774 2675 925 2721 induxisse,

139 2720 211 2748 idem
227 2721 331 2756 pariter
342 2721 376 2750 de
387 2725 515 2754 omnibus
527 2727 671 2756 dicendum
686 2730 748 2758 erit.
767 2731 802 2758 At
816 2732 838 2759 si
852 2733 926 2760 nulla

139 2772 173 2792 ex
186 2765 239 2798 illis
251 2767 504 2799 combinationibus
515 2779 530 2799 a
547 2773 686 2802 veteribus
700 2779 810 2810 accepta
823 2776 869 2809 sit,
879 2776 925 2803 ubi

139 2816 220 2839 erunt
234 2813 287 2841 illa;
299 2814 418 2850 antiquae
431 2816 561 2846 doctrina:
573 2839 581 2851 ,
597 2827 665 2854 quas
689 2821 716 2847 in
733 2828 813 2848 suum
829 2822 926 2849 chara-

138 2861 240 2884 cterem
259 2859 430 2890 transtulisse
446 2861 617 2891 Valentinum
630 2865 713 2892 tradit
729 2865 866 2894 lrcn:eus?
879 2867 923 2894 ubi

977 2271 1045 2298 Κατ’
1060 2272 1141 2299 αὑτὸν
1155 2274 1256 2301 ἐκεῖνον
1271 2275 1316 2302 τὸν
1330 2276 1382 2303 τῶν
1398 2276 1484 2304 ἀθέων
1498 2278 1668 2314 αἱρεσιωτῶν
1680 2280 1771 2316 ἀρχη-

977 2317 1034 2351 γὸν,
1044 2318 1072 2349 ὃς
1078 2318 1112 2345 τὰ
1117 2319 1184 2346 ἄθεα
1190 2320 1359 2356 δογματίζων
1368 2323 1532 2358 ἀπεφαίνετο
1539 2323 1695 2358 λέγων,⁹Ην
1703 2327 1772 2358 Θεὸς

978 2363 1024 2389 καὶ
1033 2365 1109 2400 Σιγή.
1125 2374 1134 2390 ‹
1149 2365 1304 2394 Secundum
1317 2369 1392 2395 illum
1404 2369 1550 2404 impiorum
1575 2370 1769 2398 hmreticorum

977 2409 1138 2445 principem,
1154 2413 1201 2446 qui
1219 2413 1302 2448 impia
1319 2414 1507 2449 dogmatizans
1522 2418 1712 2451 pronuntiavit
1731 2418 1769 2445 di-

977 2464 1060 2484 cens:
1077 2457 1142 2485 Erat
1157 2458 1228 2487 Deus
1240 2465 1266 2487 et
1282 2459 1355 2496 Sige.
1372 2471 1380 2487 ι
1397 2461 1430 2489 Et
1445 2462 1478 2489 de
1497 2463 1584 2497 prima
1595 2464 1706 2499 syzygia
1720 2463 1769 2499 By-

977 2501 1015 2529 thi
1034 2507 1061 2530 et
1081 2502 1168 2538 Siges,
1189 2509 1319 2539 tanquam
1341 2507 1375 2533 ab
1390 2507 1517 2535 onmibus
1536 2509 1676 2536 veteribus
1692 2510 1770 2536 Cum

977 2548 1062 2582 sticis,
1084 2557 1137 2577 non
1152 2549 1350 2579 Valentinianis
1374 2556 1497 2585 tantum,
1523 2554 1615 2588 agnita
1642 2555 1768 2589 loquitur

976 2593 1094 2622 Irenaeus
1109 2595 1157 2622 lib.
1172 2603 1191 2629 ι,
1212 2604 1271 2632 cap.
1293 2597 1320 2624 5.
1335 2597 1404 2625 Nam
1421 2606 1483 2625 cum
1499 2606 1598 2626 novam
1615 2601 1766 2634 quamdam

976 2639 1150 2674 archegonon
1175 2643 1377 2670 octonationcm
1407 2643 1441 2670 ab
1473 2643 1612 2678 aliquibus
1627 2644 1766 2672 Valentini

976 2683 1118 2719 discipulis
1136 2687 1315 2722 excogitatam
1338 2693 1468 2722 notasset,
1493 2698 1502 2715 ι
1518 2689 1569 2718 has
1584 2690 1703 2724 volunt,
1725 2691 1767 2718 in-

976 2729 1050 2763 quit,
1064 2730 1179 2758 virtutes
1197 2731 1282 2759 fuisse
1302 2737 1365 2760 ante
1382 2732 1499 2768 Bythum
1518 2738 1545 2761 et
1571 2733 1674 2769 Sigen,
1695 2744 1704 2761 ι
1723 2735 1767 2761 ἳνα.

976 2775 1084 2802 τελείων
1105 2776 1265 2812 τελειότεροι
1288 2778 1406 2812 φανῶσιν
1424 2778 1517 2812 ὅντες,
1535 2779 1582 2806 καὶ
1605 2780 1767 2814 γνωπικῶν

976 2821 1208 2859 γνωστικὼτεροι,
1224 2828 1301 2852 vclus
1316 2824 1450 2859 interpres
1471 2833 1521 2859 pro
1537 2833 1588 2853 sua
1613 2826 1641 2852 in
1662 2826 1766 2854 Grarcis

978 2867 1121 2902 imperitia,
1140 2879 1150 2895 ι
1168 2874 1195 2897 ut
1211 2869 1393 2905 perfectorum
1410 2870 1589 2906 perfectiores
1600 2876 1764 2907 appareant,
