1850 3072
70 146 112 176 .iih
414 145 439 175 J.
458 142 643 174 PEARSONII
660 140 822 172 VINDICLE
843 140 1052 171 lGNATIANxE.
1075 159 1107 164 --
1127 142 1218 170 PARS
1237 142 1268 169 ll.

1634 139 1687 169 3%

69 212 91 233 et
112 205 307 233 Gnos'ticOrum
334 206 421 242 magis
436 207 557 235 Gnostici
576 207 639 234 viri.
662 217 670 233 ι
697 205 729 234 Et
753 206 845 234 statim
860 206 884 234 Α
896 205 954 232 dito
970 204 1111 232 continere
1124 212 1171 240 per
1187 204 1336 232 silentium.
1357 213 1366 230 ι
1383 200 1463 232 Certe
1475 201 1542 230 illud
1559 211 1569 228 ι
1588 209 1637 237 per
1647 203 1687 230 si-

69 251 204 279 exclamat:
217 248 254 277 Ὠ
268 251 414 288 ληρολόγοι
431 252 573 286 σοφισταί,
591 252 644 285 vel,
658 256 688 279 ut
700 252 727 278 in
743 251 847 278 Latinis

69 298 189 332 legimus:
210 306 220 323 ‹
240 296 264 325 Ο
278 305 403 333 pepones
414 318 421 329 .
437 299 568 333 sophistae
588 297 800 332 vituperabiles,
818 301 847 323 et

69 351 114 371 non
127 343 184 370 viri.
205 352 215 369 ι
235 342 399 378 Respondet
411 344 443 371 ad
463 345 536 372 hunc
547 345 636 371 locum
653 344 688 371 ab
702 343 847 370 Hammon-

69 389 97 417 do
111 389 169 417 olim
191 389 350 416 adductum
373 389 506 422 Dallaeus,
525 395 552 417 et
568 389 715 417 Gnosticos
738 388 782 416 hic
803 395 847 415 re-

69 434 161 470 stringit
171 434 205 461 ad
223 443 233 460 ι
251 433 432 462 Valentinum
447 439 475 462 et
487 435 591 462 similes
606 434 740 461 Axionico
761 433 845 460 disci-

69 480 142 514 pulos,
161 480 183 507 si
196 480 313 515 regulas
337 479 458 514 magistri
482 480 602 514 integras
616 479 701 506 nullis
716 478 846 506 auctariis

69 525 229 560 interpolatas
252 526 469 554 custodiebant:
489 535 499 552 ι
516 532 602 560 quare
624 529 716 552 autem
738 524 772 552 ad
794 524 846 551 hos

70 573 210 607 restringat,
223 573 364 600 rationem
381 573 483 600 nullam
495 572 583 600 aﬂert.

98 617 187 645 Fateor
201 618 337 653 equidem
350 617 525 646 Valentinum
541 622 569 645 et
590 617 696 655 similes
710 616 845 645 Axionico

68 663 203 698 discipulos
217 664 332 699 seipsos
349 664 501 699 appellasse
514 663 678 696 Gnosticos;
699 663 746 690 sed
760 670 846 698 quare

71 710 92 737 hi
104 710 149 737 soli
167 711 220 737 hoc
241 711 307 738 loco
330 711 382 738 sub
405 710 514 738 nomine
528 710 647 745 generali
663 709 845 746 perlecturum

69 761 90 782 et
102 756 293 784 Gnosticorum
307 756 421 792 intelligi
437 756 570 790 debeant,
585 761 632 784 aut
651 756 791 792 quomodo
802 764 847 784 re-

68 806 103 829 cte
113 802 230 836 possint.
248 809 309 829 non
326 801 415 829 video.
432 800 593 829 Valentinus
613 801 712 829 unicus
734 801 803 835 fuit,
819 805 847 829 et

70 847 207 881 huiusmodi
219 847 354 882 discipuli
368 847 415 882 qui
434 855 496 875 enm
513 855 560 882 per
582 847 674 875 omnia
696 854 846 882 sequeren-

898 251 1012 278 lentium
1034 260 1043 276 ι
1065 250 1204 280 transtulit
1217 250 1305 278 fidelis
1319 250 1366 278 sed
1383 250 1527 284 imperitus
1539 249 1687 283 interpres,

897 304 929 324 ac
949 297 971 324 si
985 297 1118 332 scriptum
1135 296 1234 324 fuisset
1249 296 1342 324 Graece
1351 296 1396 323 διὰ
1410 296 1502 331 Σιγῆς.
1516 303 1577 323 cum
1595 295 1690 322 verisi-

897 343 1040 370 millimum
1063 344 1099 370 sit
1120 343 1253 378 scriptum
1270 343 1355 370 fuisse
1367 343 1402 369 ab
1415 342 1516 369 [remeo
1529 341 1574 368 διὰ
1588 341 1639 376 τὴν
1648 341 1690 367 2t-

895 389 958 424 γήν,
971 389 997 417 id
1011 394 1053 416 est
1067 394 1174 424 propter
1189 388 1284 424 Sigen;
1299 394 1328 416 ut
1340 389 1463 424 loquitur
1483 388 1687 415 Tertullianns:

899 444 909 461 ι
926 435 979 463 Sed
995 436 1150 463 intercessit
1164 441 1252 463 mater
1277 435 1358 470 Sige.
1379 435 1425 462 illa
1446 434 1570 468 scilicet,
1587 441 1648 469 qua
1662 439 1689 461 et

897 482 965 517 ipsis
982 481 1118 509 haereticis
1130 481 1189 509 suis
1201 485 1292 509 tacere
1305 481 1465 516 praescribit.
1484 490 1494 507 ι

933 526 1196 554 Luculentissimum
1217 527 1336 561 denique
1350 527 1540 554 testimonium
1552 529 1594 553 est
1614 525 1689 560 quod

896 573 976 600 nobis
997 572 1098 607 praebet
1117 572 1265 607 Gregorius
1279 571 1468 599 Nazianzenus
1489 572 1614 598 oratione
1631 571 1687 598 25:

902 619 998 646 Ἦνίκα
1009 619 1130 654 Σιμωνες
1147 618 1197 654 μὲν
1211 618 1258 645 καὶ
1274 617 1436 654 Μαρκίωνες
1446 638 1453 649 ,
1474 617 1644 645 Οὑαλεντῖνοί
1657 617 1689 644 τὲ

894 673 967 696 τινες
979 666 1025 692 καὶ
1040 664 1192 692 Βασιλεϊδαι
1210 664 1257 691 καὶ
1276 664 1427 700 Κέρδωνες.
1443 663 1575 700 Κήρινθοι
1588 672 1618 690 τε
1640 663 1688 690 καὶ

896 711 1106 747 Καρποκράτιις
1124 711 1171 738 καὶ
1185 711 1261 737 πᾶσα
1272 710 1289 745 ἡ
1305 709 1368 745 περὶ
1385 709 1506 742 ἐκείνους
1521 709 1640 746 φλυαρία
1656 718 1687 736 τε

896 758 943 785 καὶ
960 757 1086 793 τερατεία
1102 757 1150 783 ἐπὶ
1162 757 1286 783 πλεῖστον
1298 756 1343 783 τὸν
1356 756 1410 782 τῶν
1423 756 1491 782 ὅλων
1505 756 1572 782 Θεὸν
1589 757 1687 791 τεμόν-

895 811 952 835 τες,
969 802 1016 829 καὶ
1031 802 1101 838 ὑπὲρ
1111 801 1281 836 τοῦᾺγαθοῦ
1294 801 1333 836 τῷ
1342 801 1500 836 δημιουργῷ
1516 801 1689 837 πολεμήσαν-

895 858 941 881 τες
953 848 1047 875 ἔπειτα
1058 847 1248 883 κατεπόθησαν
1257 847 1296 882 τῷ
1308 847 1411 873 ἑαυτῶν
1418 846 1496 882 Βυθῷ
1510 846 1557 873 καὶ
1570 848 1603 882 τῇ
1620 847 1687 882 Σιγῇ

69 897 113 925 tur,
127 900 172 920 nec
187 892 295 928 aliquid
311 892 430 920 inventis
444 891 504 927 ejus
519 891 661 924 adderent,
673 890 767 918 lrenati
778 895 845 918 teta-

939 893 1199 930 ραδοθέντεςῶσπερ
1208 890 1242 928 ἦν
1249 892 1332 924 ἄξιον.
1345 901 1354 918 ‹
1363 892 1431 919 Cum
1445 891 1570 919 Sitnones
1581 898 1607 920 et
1618 892 1690 919 Mar-

69 943 98 969 te.
111 939 251 966 admodum
271 939 356 974 pauci
369 938 498 966 fuerunt:
516 937 677 965 Tertulliani
698 942 771 966 certe
788 945 846 965 ἱενο

68 984 131 1012 solus
140 993 171 1012 es
182 985 217 1013 iis
227 985 385 1012 Axionicus
395 983 536 1011 remansit.
550 983 637 1017 Quam
651 983 749 1018 ignava
765 983 847 1018 igitur

68 1035 128 1057 esset
140 1031 194 1058 haec
209 1031 409 1066 exprobratio,
431 1031 503 1065 quod
521 1029 614 1064 paucis
637 1029 802 1064 quibusdam
820 1033 847 1056 et

69 1076 270 1110 particularibus
288 1076 432 1104 Gnosticis
445 1076 532 1104 videri
550 1076 648 1103 vellent
670 1075 847 1110 perfectiores

69 1127 91 1148 et
103 1122 181 1157 magis
194 1121 345 1150 Gnostici!
362 1122 515 1150 Prmsenim
534 1129 595 1149 cum
617 1121 734 1157 objectio
748 1121 775 1148 in
798 1121 847 1149 Se-

70 1167 215 1199 eundianos,
229 1171 257 1194 et
268 1166 467 1199 Ptolemaicos,
481 1172 509 1194 et
523 1167 673 1194 Marcosios
684 1174 716 1194 ac
727 1167 847 1201 reliquos

70 1219 166 1246 omnes,
181 1218 321 1249 quotquot
343 1213 445 1248 aliquid
459 1213 593 1240 Valentini
616 1213 746 1241 doctrina!
771 1213 848 1240 addi-

70 1258 132 1290 dere,
148 1260 314 1294 quadraret;
334 1259 373 1286 illi
392 1259 464 1287 enim
481 1267 576 1287 omnes
600 1259 732 1293 magistro
751 1266 801 1286 suo
821 1262 848 1285 et

71 1305 157 1332 talibus
172 1305 318 1340 discipulis
333 1305 512 1340 sapientiores
527 1309 553 1332 et
571 1304 788 1340 γνωστικώτεροι
807 1304 848 1331 vi-

72 1349 120 1376 deri
133 1350 288 1378 voluerunt.
301 1350 394 1384 Quare
409 1350 491 1385 igitur
505 1350 624 1377 lrenmus
639 1349 682 1377 his
697 1350 743 1384 qui
765 1349 846 1376 aliam

72 1396 258 1424 octonationem
271 1396 476 1432 excogitartxnt,
492 1396 558 1423 illud
574 1396 740 1431 exprobrat?
758 1395 848 1429 Quare

73 1442 150 1468 statim
166 1442 191 1469 in
212 1443 446 1470 exclamationem
468 1442 542 1469 illam
564 1442 693 1477 erumpit,
717 1442 739 1469 si
753 1442 848 1477 paucis

73 1491 163 1515 tantum
174 1489 344 1524 quibusdam
359 1489 538 1524 sapientiores
549 1496 579 1516 se
592 1489 779 1516 venditarent?
790 1489 849 1517 lmo

73 1539 126 1560 vero
138 1534 192 1561 haec
209 1535 385 1570 archegonos
407 1535 546 1562 octouatio
566 1542 619 1562 non
635 1538 741 1562 tantum
758 1542 772 1561 a
792 1533 847 1562 Va-

73 1578 162 1607 lentino
178 1585 203 1608 et
222 1581 364 1608 Axionico
379 1581 515 1608 similibus
530 1580 672 1615 discipulis
684 1601 691 1613 ,
717 1581 762 1608 sed
784 1585 812 1608 et
833 1588 848 1608 a

73 1622 313 1652 combinationibus
329 1625 510 1659 reliquorum,
524 1625 571 1659 qui
590 1633 623 1652 ex
641 1625 734 1652 schola
750 1624 850 1652 Valen-

74 1667 114 1694 tini
133 1670 299 1704 prodeuntes
319 1670 354 1698 ab
373 1678 406 1698 eo
423 1671 450 1698 in
475 1671 569 1698 multis
588 1675 776 1703 recesserunt,
792 1675 820 1698 et
833 1678 849 1698 a

73 1713 190 1743 doctrinis
202 1717 330 1744 omnium
346 1717 529 1744 vetustiorum
537 1716 731 1745 Gnosticorum
745 1717 850 1745 discre-

74 1759 151 1793 pabat,
165 1766 191 1788 et
205 1769 239 1790 eo
252 1770 357 1798 genere
375 1763 494 1790 lictionis
508 1763 650 1791 universas
666 1763 747 1799 longe
769 1771 851 1799 supe-

74 1806 148 1834 rabat.
164 1807 316 1836 Voluerunt
338 1809 422 1844 igitur
440 1810 478 1836 illi
493 1810 539 1845 qui
561 1810 619 1838 haec
640 1811 849 1845 excogitarnnt,

73 1852 184 1880 omnibus
197 1854 316 1881 omnino
331 1859 395 1882 ante
410 1862 439 1882 se
453 1855 589 1882 Gnosticis
613 1856 792 1890 sapientiores
810 1855 852 1883 vi-

74 1896 140 1924 deri:
157 1898 237 1934 idque
250 1907 320 1927 cum
336 1899 524 1934 indignatione
544 1901 661 1935 quatiam
676 1905 702 1928 et
723 1901 851 1928 irrisione

74 1943 211 1977 exprimere
231 1945 326 1972 voluit
347 1945 475 1972 Irenazus.
497 1944 526 1972 In
545 1945 668 1973 eamdem
687 1947 851 1974 sententiam

76 1987 224 2024 interpretor
247 1999 315 2026 quae
341 1990 511 2026 Epiphanius
536 1991 570 2018 de
586 1991 733 2019 Ptolemaeo
757 1992 850 2025 tradit,

76 2035 114 2068 qui
126 2036 172 2071 τῆς
184 2038 232 2072 μὲν
245 2038 341 2064 αὐτῶν
354 2037 528 2073 καλουμένων
543 2038 702 2065 Γνωστικῶν
711 2058 719 2071 ,
735 2039 783 2065 καὶ
798 2038 852 2065 τῶν

78 2083 126 2108 κατ’
140 2084 315 2111 Οὐαλεντῖνον
333 2084 464 2120 ὑπάρχων
478 2084 626 2120 αἱρέσεως,
648 2092 710 2112 cum
732 2089 759 2112 et
778 2085 853 2112 Gno-

80 2128 196 2157 sticorum
217 2136 245 2158 et
261 2129 513 2158 Valentinianorum
540 2131 655 2158 baeresin
676 2131 854 2166 amplectere-

79 2177 124 2205 tur,
136 2174 212 2211 ἔτερα
228 2175 310 2212 παρὰ
325 2176 388 2208 τοὺς
403 2165 490 2203 αὐτοῦ’
501 2175 676 2208 διδασκάλους
692 2165 853 2212 ὺττοτιοέμε-

897 939 1002 971 ciones,
1017 943 1046 966 et
1059 938 1197 965 Valentini
1211 943 1237 965 et
1251 937 1376 964 Basilides
1386 942 1414 964 ct
1428 937 1578 970 Ccrdones,
1590 936 1690 965 Cerin-

897 985 937 1012 tbi
956 984 1040 1011 etiam
1056 989 1082 1012 et
1095 983 1285 1018 Carpocrates,
1300 989 1326 1010 et
1337 990 1432 1010 omnes
1447 990 1543 1010 eorum
1558 991 1636 1018 nugae
1660 989 1690 1010 et

897 1031 1056 1066 prmstigise,
1078 1034 1256 1065 posteaquam
1280 1037 1372 1056 rerum
1389 1029 1513 1056 omnium
1527 1029 1610 1056 Deum
1625 1037 1689 1064 per—

897 1077 1029 1104 diuturno
1045 1081 1169 1111 tempore
1185 1076 1355 1107 sccuissent,
1372 1075 1529 1110 bellumque
1547 1083 1597 1110 pro
1609 1075 1687 1102 Bono

898 1123 1028 1151 adversus
1039 1122 1196 1150 Creatorem
1211 1122 1371 1156 gessissent,
1395 1125 1513 1154 suomet,
1532 1125 1563 1149 ut
1577 1129 1688 1157 aequum

899 1174 973 1201 erat,
989 1168 1131 1196 Profunda
1155 1168 1291 1203 absorpta;
1312 1176 1344 1195 ac
1367 1168 1482 1195 Silentio
1506 1168 1614 1195 traditae
1628 1168 1689 1196 fue-

899 1219 972 1242 runt.
991 1224 1000 1241 ι
1023 1214 1063 1241 Ad
1079 1222 1161 1250 quem
1177 1214 1266 1242 locum
1282 1213 1356 1241 Elias
1371 1213 1512 1241 Cretensis
1531 1214 1588 1241 hare
1602 1214 1688 1241 adno-

900 1267 954 1290 tat:
975 1262 1034 1290 rAc
1051 1261 1204 1289 Simoniani
1217 1261 1326 1296 quidem
1343 1261 1514 1288 octonarium
1531 1268 1687 1292 numerum,

898 1307 934 1334 ob
947 1306 1050 1334 Eones
1068 1314 1115 1334 eos
1127 1313 1198 1341 quos
1210 1306 1347 1336 colebant,
1363 1306 1467 1333 honore
1481 1306 1690 1340 prosequeban-

899 1358 953 1380 tur.
969 1352 1147 1388 Nugabantur
1163 1353 1237 1380 enim
1259 1352 1374 1388 Bythum
1388 1360 1452 1379 cum
1468 1359 1517 1379 sua
1543 1351 1605 1386 Sige
1622 1359 1691 1380 con-

899 1406 1024 1432 gressum
1040 1398 1156 1426 Mentem
1174 1402 1201 1426 et
1221 1397 1367 1425 Veritatem
1391 1397 1529 1432 genuisse,
1552 1402 1606 1425 etc.
1627 1406 1636 1423 ι
1656 1397 1690 1424 Ει

899 1444 1006 1487 lficctas
1022 1445 1055 1472 ad
1063 1444 1214 1472 orationem
1227 1445 1262 1471 M
1276 1453 1282 1471 ε
1299 1453 1309 1470 ι
1324 1443 1476 1471 Simoniani
1489 1443 1599 1478 quidem
1611 1448 1690 1470 octo-

899 1491 1019 1523 narium,
1036 1493 1148 1525 propter
1159 1493 1222 1517 octo
1236 1489 1298 1517 illos
1309 1489 1434 1524 magistri
1453 1489 1495 1516 sui
1511 1487 1625 1522 titiones,
1639 1488 1690 1516 ho-

901 1536 959 1563 nori
976 1535 1121 1563 habebant.
1135 1534 1239 1563 Etenim
1251 1543 1285 1562 ex
1296 1534 1373 1570 Bytbi
1389 1542 1451 1562 cum
1464 1534 1528 1570 Sige
1537 1542 1689 1570 congressu

901 1581 1017 1608 Mentem
1027 1588 1059 1608 ac
1072 1580 1220 1608 Veritatem
1237 1584 1396 1615 procreatas
1411 1588 1472 1608 esse
1485 1580 1625 1607 fabulatus
1635 1585 1689 1613 est,

900 1632 985 1662 atque
1006 1628 1042 1654 ita
1063 1627 1166 1662 primos
1179 1631 1318 1662 parentes,
1334 1631 1365 1654 ut
1378 1626 1435 1661 jam
1451 1626 1553 1653 dictum
1570 1631 1622 1658 est,
1637 1626 1689 1661 By-

900 1674 977 1701 thum
991 1678 1017 1700 et
1030 1674 1111 1709 Sigen
1132 1673 1274 1700 conﬁnxit.
1296 1682 1306 1698 ι
1329 1672 1445 1708 Bythum
1462 1672 1545 1707 igitur
1561 1677 1589 1699 et
1605 1671 1687 1707 Sigen

901 1719 971 1746 inter
984 1718 1087 1746 Eones
1098 1726 1163 1746 suos
1175 1718 1304 1746 habuisse
1321 1723 1425 1746 veteres
1439 1717 1499 1746 illos
1510 1722 1573 1745 ante
1589 1717 1690 1746 Valen-

900 1765 988 1792 tinum
1013 1764 1173 1797 Gnosticos,
1206 1764 1300 1791 dixere
1321 1763 1535 1799 quamplurimi;
1561 1770 1617 1791 non
1640 1763 1691 1791 ba-

900 1811 1003 1843 bnissc.
1023 1815 1086 1838 ante
1107 1810 1287 1843 Blondcllum,
1315 1810 1423 1845 opinor,
1447 1817 1529 1837 nemo
1551 1810 1631 1837 dixit.
1655 1809 1691 1836 Et.

901 1857 1011 1892 quidem
1033 1864 1087 1884 non
1106 1861 1211 1884 tantum
1233 1856 1336 1890 primas
1358 1856 1483 1891 syzygias
1507 1863 1523 1882 a
1551 1855 1689 1882 vetustio-

903 1903 980 1930 ribus
993 1903 1128 1930 haereticis
1149 1902 1288 1936 accepisse
1311 1901 1496 1933 Valentinum,
1521 1901 1569 1928 sed
1590 1905 1617 1928 et
1640 1908 1688 1928 ea-

903 1957 963 1976 rum
983 1949 1064 1976 ctiam
1090 1948 1201 1975 nomina
1225 1948 1402 1975 continuasse
1426 1947 1466 1974 vel
1489 1947 1554 1974 illud
1577 1947 1687 1979 suadet.

902 1994 976 2030 quod
998 2002 1062 2022 cum
1092 2001 1177 2021 novas
1208 1994 1262 2021 illis
1291 1993 1513 2021 nomenclaturas
1538 1992 1689 2021 addidisset

902 2041 1080 2076 Epiphanes.
1111 2040 1249 2067 Monoteta
1278 2044 1305 2067 et
1336 2038 1488 2071 Henoteta,
1519 2037 1635 2066 Monada
1661 2043 1689 2066 et

903 2085 976 2119 Hen,
990 2085 1083 2113 statim
1109 2085 1243 2113 exclamet
1267 2084 1402 2115 tremens,
1426 2085 1475 2111 Ἰοὺ
1492 2084 1543 2116 ἰοὺ,
1559 2083 1610 2119 φεῦ
1626 2083 1688 2119 φεῦ,

903 2133 1037 2160 rationem
1056 2132 1181 2165 reddens,
1201 2141 1211 2157 ι
1232 2131 1363 2166 quoniam
1380 2131 1437 2166 ipse
1460 2131 1571 2158 nomina
1596 2131 1688 2166 posuit

904 2179 1049 2214 figmento,
1066 2185 1127 2213 quae
1147 2185 1162 2204 a
1186 2177 1295 2204 nemine
1315 2177 1400 2204 altero
1420 2176 1509 2211 posita
1535 2175 1690 2204 suntulloc

78 2228 124 2252 νος.
139 2222 188 2249 alia
203 2227 304 2258 praeter
316 2230 348 2249 ea
359 2230 420 2257 qua:
434 2230 449 2249 a
463 2222 614 2257 magistris,
629 2223 687 2250 sive
701 2222 850 2255 Gnosticis,
867 2228 892 2258 ι)
903 2225 976 2251 enim
992 2228 1065 2251 tanta
1083 2223 1264 2250 admiratione
1277 2222 1390 2257 dignum
1405 2229 1459 2248 non
1474 2221 1581 2255 fuisset,
1594 2221 1617 2249 si
1633 2220 1688 2248 Va-

80 2265 129 2293 sive
143 2266 354 2299 Valentinianis,
370 2272 512 2303 acceperat
526 2268 641 2302 fingens,
657 2267 704 2294 δύο
720 2267 852 2302 συζύγους

80 2311 113 2347 τῷ
125 2313 179 2349 Θεῷ
193 2315 232 2350 τῷ
249 2315 316 2350 παρ’
333 2314 425 2345 αὐτοῖς
447 2313 526 2348 Βυθῷ
540 2313 701 2349 καλουμένῳ
721 2313 853 2348 ἐπενόησε

82 2358 120 2384 καὶ
134 2359 284 2396 ἐχαρίσατο,
302 2368 311 2385 ι
328 2359 398 2386 duas
411 2358 540 2394 conjuges
552 2358 618 2391 Deo,
639 2366 719 2394 quem
732 2358 781 2391 illi,
794 2363 852 2385 tum

82 2402 188 2432 Gnostici
202 2411 262 2433 tum
275 2405 466 2437 Valentiniani,
482 2404 598 2440 Bythum
613 2404 757 2437 vocabant,
775 2404 854 2431 attri-

35 2446 38 2450 ’
83 2448 176 2478 buebat.
194 2461 203 2477 ι
223 2451 282 2479 Hoc
298 2453 399 2486 quippe
421 2451 552 2478 doctrime
566 2451 759 2478 Guosticorum
779 2454 854 2478 vete-

84 2502 134 2522 rum
149 2502 174 2524 et
197 2497 450 2526 Valentinianorum
466 2497 567 2532 adjecit
586 2496 764 2530 Ptolemaeus;
779 2495 854 2531 quod

84 2547 136 2568 tum
152 2543 194 2570 isti
214 2551 299 2571 uuam
317 2548 422 2570 tantum
443 2543 589 2578 conjugem
605 2543 691 2578 Bytho
705 2550 757 2570 suo
768 2562 775 2574 ,
796 2541 853 2569 En-

85 2593 161 2615 nteam
190 2590 294 2617 scilicet
318 2594 366 2617 aut
391 2588 688 2624 Sigen,allinxissent,
705 2588 750 2616 ille
770 2589 853 2616 etiam

85 2630 197 2663 'l‘helema
218 2644 267 2664 seu
288 2636 465 2664 Voluntatem
482 2636 570 2663 eidem
593 2635 732 2663 connubio
748 2635 853 2670 junxit.

84 2677 165 2715 Neque
184 2690 246 2710 vero
264 2690 317 2719 ego
345 2682 441 2710 dubito
466 2682 534 2717 quin
554 2681 689 2709 Basilides
704 2681 854 2709 Gnosticus

85 2732 139 2755 aute
154 2727 324 2758 Valentinum
339 2730 366 2757 in
383 2729 472 2765 prima
484 2736 534 2756 sua
549 2728 754 2756 eombiuatione
771 2727 854 2763 Sigen

86 2771 212 2808 habuerit,
230 2781 257 2805 et
279 2776 404 2803 Ἔννοιαν
425 2783 504 2804 suam
529 2775 612 2811 Σιγήν
633 2775 782 2803 vocaverit.
808 2775 854 2802 Ille

86 2819 148 2847 enim
161 2821 260 2856 docuit,
272 2827 343 2851 teste
359 2822 462 2850 Irenaeo
473 2822 521 2850 lib.
538 2829 558 2856 ι,
572 2829 597 2849 c.
614 2821 661 2856 25,
675 2830 685 2848 ι
701 2828 757 2849 non
773 2828 855 2856 opor-

88 2870 134 2895 tere
143 2869 246 2900 omnino
258 2871 384 2907 ipsorum
399 2869 528 2905 mysteria
539 2868 627 2903 etl'ari,
643 2869 690 2898 sed
702 2869 730 2897 in
740 2867 854 2897 abscon-

903 2269 1023 2297 lentinus
1056 2269 1139 2304 paulo
1173 2272 1236 2295 ante
1268 2267 1436 2303 Epiphanem
1462 2267 1551 2294 eidem
1578 2266 1689 2294 Tetradi

903 2322 975 2343 nova
991 2322 1106 2350 prorsus
1124 2314 1235 2341 nomina
1262 2318 1290 2341 et
1303 2317 1368 2341 ante
1394 2312 1517 2340 inaudita
1540 2312 1690 2347 imposuis-

903 2364 954 2387 set.

940 2404 1068 2432 Secundo
1080 2423 1088 2436 .
1109 2403 1203 2439 Logon
1219 2404 1302 2432 etiam
1322 2402 1408 2431 fuisse
1421 2402 1492 2430 inter
1507 2402 1603 2430 fictilia
1616 2406 1691 2430 veten

903 2459 965 2478 rum
986 2450 1181 2478 Guosticorum
1203 2450 1328 2483 numina,
1342 2453 1370 2477 et
1383 2457 1432 2484 per
1445 2449 1568 2484 syzygias
1585 2448 1691 2483 aliquas

904 2503 920 2524 a
934 2496 996 2531 Sige
1007 2496 1042 2523 ad
1057 2503 1120 2523 eum
1137 2500 1297 2530 perventum
1313 2502 1385 2528 esse,
1402 2498 1432 2522 ut
1444 2495 1471 2522 in
1483 2494 1577 2522 schola
1590 2493 1691 2521 Valen-

904 2544 966 2576 tini,
983 2543 1085 2579 pariter
1099 2542 1278 2577 probabimus
1290 2551 1297 2569 :
1314 2541 1386 2576 quod
1402 2541 1470 2568 satis
1481 2545 1523 2568 est
1532 2541 1566 2568 ad
1580 2545 1690 2568 senten-

905 2589 970 2616 tiam
989 2593 1111 2616 nostram
1131 2588 1263 2616 adversus
1282 2587 1374 2614 Dalltei
1396 2586 1565 2621 objectiones
1587 2586 1688 2614 contir-

904 2635 1043 2662 mandam.
1057 2633 1151 2669 Neque
1163 2634 1237 2661 enim
1257 2633 1381 2661 Gnostici
1401 2632 1451 2666 illi,
1464 2639 1553 2667 neque
1574 2631 1692 2659 Valenti-

904 2688 957 2708 nus
973 2680 1031 2716 ipse
1049 2679 1152 2708 diserte
1165 2686 1286 2715 unquam
1303 2679 1373 2706 dixit
1391 2677 1484 2714 Logon
1499 2686 1515 2706 e
1529 2678 1593 2713 Sige
1607 2678 1692 2706 emis-

905 2734 967 2755 sum
984 2732 1056 2753 esse.
1079 2724 1212 2759 Basilides
1234 2724 1307 2754 inter
1319 2723 1463 2751 Gnosticos
1482 2722 1534 2750 fuit
1547 2722 1692 2751 Valentino

904 2771 1056 2802 vetustior,
1074 2775 1102 2799 at
1135 2769 1180 2798 ille
1202 2770 1235 2798 de
1250 2769 1326 2804 Lngo
1346 2770 1449 2805 pariter
1475 2777 1507 2797 ac
1529 2768 1692 2797 Valentinus

905 2819 1000 2848 sensit.
1017 2816 1205 2848 Theodoretus
1219 2815 1319 2844 ﬂleret.
1337 2815 1392 2849 fab.
1415 2815 1462 2843 lib.
1481 2823 1509 2847 v,
1526 2821 1551 2842 c.
1567 2814 1611 2846 ll.
1626 2821 1690 2842 cum

905 2866 1041 2895 Valentini
1061 2866 1095 2894 de
1107 2860 1197 2893 Verbo
1218 2862 1382 2892 sententiam
1396 2862 1550 2894 recitasset.
1571 2862 1628 2889 haec
1642 2861 1692 2890 sd-
