1850 3072
143 128 194 157 527

687 121 714 148 S.
733 119 905 148 IGNATIUS.
922 133 957 138 —
977 115 1245 145 PRULEGOMENA.

1721 111 1778 141 313

142 189 182 214 dit
200 197 206 215 :
219 185 377 220 Βασιλείδης
391 184 418 211 δὲ
432 182 562 214 ὡσαύτως
576 182 653 209 ἀλλον
665 181 710 207 τὸν
722 180 871 215 Μονογινῆ,

1047 184 1081 204 rec
1094 184 1156 204 cum
1173 184 1188 202 ξι
1210 174 1290 202 nobis
1306 173 1374 200 adeo
1392 173 1468 200 ﬁrme
1492 172 1606 207 probata
1622 171 1689 204 sint,
1705 172 1777 200 nihil

143 233 223 260 ἄλλον
233 231 279 258 τὸν
294 231 390 265 Λόγον,
399 230 446 256 καὶ
460 228 556 264 ἑτέραν
570 227 664 262 εἴρηκε
677 227 726 262 τὴν
738 225 848 260 Σοφίαν.
866 235 873 250 ι
885 224 933 251 Ba-

144 279 239 306 silides
261 284 370 313 quoque
389 275 515 303 similiter
539 273 623 301 alium
651 271 844 307 Uuigenitum,
859 271 933 298 aliud

143 325 277 356 Verbum,
293 327 320 351 et
330 322 412 349 aliam
425 321 493 348 dixit
509 327 570 347 esse
591 319 770 354 Sapientiam.
790 327 799 343 ι
815 318 878 345 Ideo
888 325 934 344 au-

144 374 199 398 tem
211 368 388 403 Monogenem
404 370 431 392 et
448 364 565 392 Verbum
579 363 704 391 similiter
715 362 852 395 distinxit,
868 363 932 397 quia

146 414 266 441 Verbum
281 420 315 440 ex
331 411 481 445 Monogcne
503 408 630 436 similiter
641 408 744 435 eduxit.
762 407 801 434 Ita
814 408 933 435 lrenazus

148 459 182 486 de
198 457 316 485 Basilide
329 457 377 484 lib.
396 464 416 488 I,
428 463 453 482 c.
472 455 508 482 9.3
526 463 532 480 :
557 464 565 480 ι
582 454 705 481 Ostendit
717 452 778 480 Nun
795 454 883 488 primo
899 454 933 480 ab

145 507 242 534 innato
253 507 348 531 natum
365 502 455 535 Patre,
471 502 504 529 ab
519 501 571 529 hoc
586 505 676 528 autem
688 504 782 527 natum
801 500 905 535 Logon.
920 508 930 525 ι

143 539 176 577 in
188 549 282 577 schola
295 548 377 583 igitur
391 546 584 574 Gnosticorum
599 551 721 573 veterum
735 545 824 581 Logus
836 554 868 572 ex
880 544 932 578 Nu,

142 596 202 624 Nus
218 603 233 623 a
246 595 348 630 Bytbo,
363 594 442 629 plane
460 597 490 620 ut
506 593 534 620 in
551 593 644 620 schola
662 592 809 620 Valentini.
830 592 865 620 At
883 592 936 620 Ba—

144 641 239 668 silides
259 644 286 668 et
306 641 345 668 illi
371 639 494 668 GnOstici
511 639 582 666 inter
598 645 668 673 quos
691 638 748 673 ipse
763 637 831 671 fuit,
846 646 935 673 neque

144 687 251 724 Bytbon
263 694 352 722 neque
369 685 430 713 Nun
449 687 508 713 sine
533 684 660 719 συζύγοις
682 685 741 713 suis
763 684 877 712 Eonem
899 685 936 712 ul-

144 737 201 764 lum
217 743 377 771 procreasse
396 735 559 762 docuerunt.
582 733 714 760 Basilides
729 733 801 760 cnim
823 732 936 759 Menan-

144 782 187 810 dri
206 781 358 816 discipulus
382 780 450 813 fult,
465 780 511 814 qui
532 779 668 815 syzygiam
693 778 782 806 Patris
805 777 934 813 incogniti

145 831 172 855 et
191 827 302 855 Ennaea:
327 826 456 858 tradidit;
481 825 596 860 ejusque
619 824 783 852 sententiam
801 823 935 851 Basilides

145 881 201 902 non
220 873 357 906 concidit,
381 872 427 899 sed
449 871 477 899 in
498 871 663 898 immensum
687 871 820 898 extendit.
843 870 933 903 Quare

145 927 208 948 cum
232 919 349 947 Irenaeus
366 918 497 945 adversus
512 916 768 944 Valentinianorum
788 926 797 942 ι
814 917 934 951 primum

146 966 270 994 ordinem
285 965 453 998 emissionis,
469 971 524 998 quo
536 963 667 991 emissum
680 964 757 990 aiunt
767 963 800 990 de
811 962 897 999 Bytho
908 967 934 990 et

145 1013 229 1048 hujus
244 1012 353 1039 Ennaea
369 1010 431 1039 Nun
451 1014 478 1039 ct
495 1010 632 1044 Aletbian,
649 1020 658 1036 ι
675 1010 722 1038 lib.
739 1018 770 1042 ιι,
787 1018 812 1038 c.
827 1010 934 1044 16,dis-

144 1063 242 1094 putare
267 1065 411 1093 aggressus
436 1062 525 1090 esset,
548 1056 637 1092 capite
661 1057 695 1084 18
715 1057 752 1084 ita
774 1057 932 1084 concludit:

148 1114 158 1131 |
179 1104 241 1132 Haec
253 1109 343 1131 autem
359 1112 420 1139 quae
435 1104 508 1131 dicta
524 1108 586 1130 sunt
598 1104 632 1134 de
646 1103 750 1130 Sensus
771 1103 808 1138 (id
820 1108 873 1136 est,
888 1103 935 1129 τοῦ

146 1151 215 1187 Νοῦ)
228 1151 387 1183 emissione,
404 1150 531 1179 similiter
544 1155 571 1178 et.
583 1150 715 1177 adversus
728 1157 776 1176 eos
791 1149 838 1184 qui
853 1157 866 1176 a
884 1148 937 1176 Ba-

146 1197 225 1225 silide
240 1201 314 1229 sunt,
329 1200 421 1231 aptata
437 1200 511 1229 sunt,
527 1201 553 1224 et
568 1196 700 1223 adversus
721 1196 842 1230 reliquos
859 1194 936 1222 Gno-

144 1244 242 1277 lticos,
254 1251 270 1271 a
289 1244 389 1278 quibus
405 1247 433 1270 et
449 1243 476 1270 hi
486 1243 567 1272 initia
578 1243 757 1270 emissionum
772 1238 936 1276 accipientes

148 1290 266 1318 convicti
279 1294 344 1318 sunt
355 1289 381 1317 in
389 1289 478 1325 primo
486 1289 564 1317 libro.
573 1299 582 1315 ι
594 1289 641 1316 llla
649 1293 740 1316 autem
751 1297 760 1314 ι
772 1288 848 1315 initia
854 1287 937 1315 emis-

146 1335 266 1368 sionum,
277 1345 287 1361 ι
304 1343 365 1370 qua;
383 1343 399 1362 a
413 1335 552 1370 prioribus
565 1334 703 1362 Gnosticis
717 1332 937 1362 derivaruntVa-

146 1380 302 1415 lentiniani,
313 1388 375 1416 qua:
385 1380 488 1408 fuerint
510 1388 591 1415 porro
607 1379 783 1415 quaerendum
795 1383 846 1408 est.
862 1379 937 1408 Elia!

145 1426 288 1454 Cretensis
313 1426 432 1461 primam
453 1425 588 1458 Valentini
609 1426 813 1453 octonationem
839 1425 875 1452 ab
900 1424 935 1452 iis

146 1472 290 1500 deductam
310 1472 426 1506 asserit;
446 1473 480 1500 de
499 1471 668 1500 Simonianis
684 1472 758 1499 enim
773 1479 875 1507 agens,
893 1467 936 1498 in-'

147 1518 208 1552 quit
223 1527 231 1546 :
250 1527 259 1544 ι
269 1518 309 1545 Ac
322 1518 431 1553 generis
445 1517 583 1552 principes
595 1517 707 1550 Eones,
721 1516 837 1552 Bythum
854 1520 881 1544 et
893 1515 936 1543 Si-
948 1529 969 1558 ο

146 1571 197 1599 gen
222 1564 376 1599 fingebant,
393 1563 428 1591 ab
450 1563 493 1590 his
513 1567 604 1590 autem
623 1563 757 1591 secundos
777 1562 894 1590 Mentem
909 1568 936 1591 et

146 1610 313 1643 Veritatem,
333 1610 368 1638 ab
389 1610 433 1637 his
452 1610 548 1637 tertios
565 1609 724 1637 Sermonem
739 1613 766 1636 et
779 1609 881 1643 Vitam,
902 1610 937 1637 ab

146 1657 189 1685 bis
202 1656 321 1692 denique
335 1661 449 1692 quartos
465 1655 611 1683 Hominem
626 1659 654 1682 et
673 1655 833 1683 Ecclesiam.
851 1664 861 1682 ι
885 1655 937 1683 Ea-

145 1701 206 1728 dem
222 1700 306 1728 tradit
320 1705 347 1728 et
361 1699 484 1733 Nicetas;
503 1704 618 1734 uterque
636 1707 701 1727 sane
729 1700 825 1728 asserit
842 1699 937 1728 Valen-

146 1747 234 1774 tinum
251 1747 369 1782 primam
379 1746 509 1782 Ogdoada
520 1753 536 1773 a
551 1744 720 1773 Simonianis
732 1746 879 1781 accepisse,
893 1746 938 1774 de-

145 1793 212 1821 cada
240 1797 334 1820 autem
353 1797 380 1820 et
397 1791 555 1820 duodecada
572 1792 607 1819 de
626 1799 676 1819 suo
691 1791 842 1826 addidisse;
862 1793 934 1828 quod

146 1839 230 1866 etiam
245 1847 279 1866 ex
293 1839 396 1867 lrena:o
410 1838 599 1866 confirmatur.
623 1838 671 1866 Ille
685 1839 758 1866 enim
775 1847 837 1866 cum
854 1839 936 1867 emis-

146 1885 250 1912 sionem
263 1884 310 1911 τοῦ
326 1884 413 1919 Λόγου
427 1884 523 1911 ordine
544 1884 701 1917 refutasset,
718 1888 745 1911 et
763 1885 796 1912 ad
810 1885 936 1913 emissio-

146 1939 208 1958 nem
230 1930 354 1959 Hominis
367 1935 394 1959 ct
409 1930 549 1964 Ecclesiae,
566 1931 613 1966 qui
625 1931 720 1965 prima:
732 1931 870 1967 Ogdoadis
885 1940 935 1967 po-

146 1977 240 2004 stremi
254 1976 356 2004 Eones
369 1976 455 2009 fuere,
472 1977 651 2012 pervenisset,
670 1977 718 2004 lib.
732 1985 763 2010 ιι,
780 1986 804 2005 c.
822 1978 868 2009 18,
887 1986 936 2006 no-

146 2025 186 2048 tat
200 2020 453 2049 Valentinianorum
466 2023 778 2056 parentes,vetusti0res
790 2022 936 2051 Gnosticos

147 2067 211 2094 furti
230 2067 301 2094 male
317 2067 382 2094 facti
396 2075 444 2094 eos
458 2075 615 2095 accusasse.
634 2076 643 2093 ι
672 2067 710 2095 De
724 2075 754 2095 ea
768 2072 858 2095 autem
874 2076 936 2102 quae

145 2115 186 2139 est
200 2119 233 2139 ex
254 2107 297 2138 liis
313 2111 433 2139 secunda
448 2112 598 2139 emissione
621 2111 745 2139 Hominis
761 2117 788 2139 et
807 2112 935 2140 Ecclesiae

147 2157 198 2192 ipsi
210 2162 302 2192 patres
316 2165 423 2190 eorum,
438 2156 508 2185 falso
526 2158 712 2193 cognominati
728 2158 864 2192 Gnostici,
884 2159 934 2186 im-

984 224 1056 251 aliud
1073 227 1168 255 restat,
1185 222 1236 249 nisi
1252 226 1281 248 ut
1291 219 1459 256 argumentis
1471 219 1522 246 viri
1534 218 1700 251 doctissimi,
1712 219 1778 253 qui-

984 271 1036 298 bus
1048 269 1215 298 contrarium
1228 268 1343 303 probare
1358 266 1465 299 nititur,
1477 265 1705 300 respondeamus.
1715 265 1778 292 Pri-

984 323 1059 343 mum
1072 319 1163 342 autem
1177 314 1204 341 in
1221 314 1291 340 hanc
1300 312 1416 339 formam
1430 312 1496 339 satis
1507 311 1682 339 commodam
1695 318 1776 338 com-

985 361 1058 396 pegit
1076 359 1183 388 :Nemo
1200 364 1262 387 ante
1279 358 1454 386 Valentinum
1480 357 1575 387 docuit
1602 357 1686 384 alium
1713 364 1778 384 esse

985 406 1069 433 Deum
1085 410 1182 440 praeter
1198 404 1372 437 Creatorem;
1386 411 1481 431 omnes
1496 403 1543 439 qui
1560 403 1676 439 Bytbum
1689 406 1716 429 et
1733 401 1777 429 Si-

984 461 1035 487 gcn
1050 452 1227 483 induxerunt,
1239 452 1391 479 docuerunt
1405 450 1487 477 alium
1501 457 1561 477 esse
1575 449 1660 476 Deum
1679 454 1777 484 praeter

984 499 1141 526 Creatorem
1164 507 1170 525 :
1184 506 1260 533 ergo,
1276 498 1323 532 qui
1340 497 1445 532 Bython
1461 501 1489 523 et
1507 496 1588 531 Sigen
1613 496 1779 523 inducerth

985 549 1048 572 ante
1061 545 1231 572 Valentinum
1244 544 1310 570 nulli
1323 543 1442 570 fuerunt.
1455 542 1544 577 Hujus
1555 543 1707 579 syllogismi
1722 543 1777 570 mi—

984 598 1079 618 norem
1091 590 1220 624 admitto;
1234 589 1353 617 concedo
1362 597 1457 617 omnes
1465 590 1512 624 qui
1524 590 1574 617 hos
1585 588 1688 616 {Eoncs
1703 597 1777 624 pra:-

985 637 1123 670 dicabant,
1134 636 1310 671 Demiurgum
1327 635 1386 664 sire
1399 635 1557 663 Creatorem
1574 635 1657 662 alium
1675 640 1777 670 praeter

986 689 1124 710 Summum
1144 687 1170 709 et
1192 687 1323 709 aeternum
1353 681 1438 709 Deum
1466 681 1625 716 agnovisse,
1650 682 1777 716 adeoque

986 729 1070 756 alium
1085 728 1170 755 Deum
1191 733 1290 763 praeter
1305 727 1461 754 Creatorem
1477 728 1616 756 docuisse.
1641 728 1775 764 Majorem

986 778 1076 803 autem
1100 781 1168 808 nego
1189 777 1216 800 et
1229 778 1322 808 aperte
1340 772 1437 800 falsam
1450 781 1511 800 esse
1526 773 1685 807 pronuntio.
1704 773 1776 802 Ante

986 820 1059 847 enim
1078 819 1250 847 Valentinum
1272 819 1351 846 multi
1373 820 1508 855 negabant
1531 819 1615 847 Deum
1632 828 1774 848 summum

951 853 971 881 Β
987 873 1095 893 creasse
1111 865 1254 898 mundum,
1267 865 1390 899 adeoque
1403 870 1499 899 praeter
1514 864 1671 892 Creatorem
1689 865 1774 893 alium

985 910 1069 938 Deum
1087 919 1147 938 esse
1158 911 1323 938 docuerunt.
1341 910 1411 937 Ante
1429 910 1603 938 Valentinum
1622 911 1774 945 Basilides,

984 958 1018 985 de
1031 965 1086 992 quo
1100 957 1137 984 ita
1153 956 1338 984 Tcrtullianus
1352 965 1358 982 :
1377 966 1386 982 ι
1403 957 1431 984 1η
1444 957 1548 985 ultimis
1561 958 1673 992 quidem
1691 966 1775 994 ange-

985 1003 1019 1030 lis
1033 1007 1060 1030 ct
1084 1003 1131 1038 qui
1147 1003 1221 1030 hunc
1243 1003 1367 1030 fecerunt
1381 1003 1511 1030 mundum
1528 1004 1711 1031 novissimum
1728 1011 1777 1039 po-

985 1049 1026 1077 nit
1037 1049 1193 1077 .ludaaorum
1210 1049 1306 1083 Deum,
1321 1049 1347 1076 id
1365 1054 1407 1077 est
1428 1049 1513 1076 Deum
1529 1050 1596 1085 legis
1617 1055 1643 1078 el
1657 1052 1776 1086 prophe-

986 1100 1087 1128 tarum,
1097 1103 1177 1131 quem
1191 1095 1274 1123 Deum
1289 1100 1380 1131 negat,
1397 1096 1443 1123 sed
1456 1097 1582 1131 angelum
1599 1097 1693 1125 (licita
1708 1099 1778 1126 Ante

986 1141 1131 1170 Basilidem
1148 1141 1323 1174 Saturninus,
1349 1143 1460 1177 angelos
1474 1142 1572 1171 fecisse
1597 1144 1732 1171 mundum
1750 1150 1778 1173 et

985 1187 1141 1215 Iudaeorum
1156 1187 1239 1215 Deum
1250 1196 1334 1216 unum
1350 1196 1383 1216 ex
1394 1189 1498 1223 angelis
1512 1197 1572 1217 esse
1583 1189 1663 1217 dixit.
1679 1190 1713 1218 lli
1723 1191 1776 1226 igi-

986 1238 1031 1262 tur
1045 1233 1099 1262 duo
1113 1234 1239 1269 discipuli
1254 1233 1395 1262 Menandri
1418 1235 1502 1262 alium
1516 1235 1670 1264 docuerunt
1690 1236 1775 1265 Deum

986 1284 1084 1314 prater
1095 1279 1261 1307 Creatorem.
1279 1280 1348 1307 Ante
1363 1280 1540 1308 Saturninum
1557 1281 1707 1310 Cerintbus
1719 1292 1776 1311 non

986 1333 1002 1352 a
1017 1325 1105 1360 primo
1129 1325 1184 1352 Deo
1209 1325 1310 1353 factum
1334 1334 1396 1354 esse
1414 1327 1546 1354 mundum
1569 1328 1679 1361 docuit,
1696 1329 1744 1356 sed
1759 1337 1775 1357 ι

985 1372 1087 1398 virtute
1101 1372 1219 1406 quadam
1242 1372 1321 1400 valde
1342 1377 1467 1407 separata
1489 1378 1516 1400 et
1538 1374 1658 1402 distante
1685 1375 1722 1402 ab
1744 1383 1776 1403 ea

986 1417 1186 1452 principalitate
1201 1426 1260 1453 quae
1274 1423 1316 1445 est
1332 1426 1413 1454 super
1433 1420 1571 1452 universa,
1590 1425 1616 1447 et
1630 1420 1778 1456 ignorante

985 1470 1048 1490 eum
1066 1463 1112 1498 qui
1133 1468 1176 1490 est
1196 1471 1277 1498 super
1298 1465 1391 1491 omnia
1409 1464 1505 1492 Deum.
1524 1465 1587 1493 Haec
1612 1472 1706 1494 autem
1725 1467 1778 1496 fuit

986 1509 1124 1544 ipsissima
1136 1509 1228 1544 opinio
1241 1509 1504 1544 Valentinianorum,
1522 1512 1569 1547 qui
1586 1512 1658 1540 idem
1672 1513 1708 1541 de
1727 1513 1777 1542 De-

989 1556 1096 1591 miurgo
1109 1564 1159 1583 suo
1171 1556 1360 1591 prodiderunt.
1382 1557 1435 1584 Sed
1449 1558 1515 1593 quid
1530 1559 1655 1594 singulos
1667 1560 1777 1589 haereti-

988 1610 1036 1630 cos
1050 1602 1178 1630 nomino?
1191 1602 1291 1630 Omnes
1309 1602 1433 1631 Gnostici
1455 1604 1524 1632 idem
1541 1606 1706 1641 docuerunt,
1723 1616 1777 1636 non

988 1648 1080 1676 minus
1094 1656 1176 1683 quam
1188 1647 1358 1677 Valentinus.
1368 1649 1486 1678 lrenaaus
1498 1644 1547 1678 lib.
1561 1660 1588 1684 ν,
1601 1660 1626 1680 c.
1639 1653 1712 1680 26η
1726 1654 1778 1688 Qui

985 1702 1051 1729 ergo
1072 1695 1262 1730 blasphemant
1280 1695 1456 1731 Demiurgum
1469 1718 1476 1730 ,
1495 1699 1535 1725 vel
1551 1699 1619 1734 ipsis
1643 1701 1736 1729 verbis
1751 1706 1778 1730 et

987 1741 1143 1775 manifeste,
1159 1742 1388 1777 quemadmodum
1403 1744 1477 1779 quia
1492 1745 1631 1775 Marcione
1643 1753 1721 1782 sunt,
1736 1750 1778 1777 vel

987 1788 1135 1818 secundum
1158 1789 1326 1816 eversionem
1350 1791 1492 1820 sententia:
1508 1811 1516 1825 ,
1541 1793 1776 1827 quemadmodum

986 1832 1032 1867 qui
1054 1840 1070 1860 ει
1091 1833 1235 1861 Valentino
1257 1838 1322 1862 sunt
1339 1840 1366 1862 et
1383 1843 1479 1864 omnes
1499 1838 1546 1872 qui
1564 1837 1635 1866 falso
1646 1840 1777 1868 dicuntur

986 1885 1048 1905 esse
1063 1878 1197 1907 Gnostici.
1211 1889 1221 1906 ›
1250 1880 1320 1908 Idem
1342 1881 1388 1908 lib.
1415 1890 1445 1915 ιι,
1470 1890 1495 1910 c.
1513 1883 1568 1910 56:
1596 1894 1605 1909 ι
1622 1884 1656 1912 Ει
1671 1887 1775 1914 nullum

986 1924 1070 1951 alium
1086 1925 1208 1953 omnium
1221 1934 1281 1954 esse
1296 1926 1390 1960 Deum,
1408 1929 1454 1955 sed
1471 1929 1558 1957 solam
1572 1937 1635 1958 esse
1645 1932 1775 1967 omnipo-

985 1970 1068 1997 tentis
1084 1971 1309 2006 appellationem,
1334 1977 1361 2000 et
1384 1974 1517 2002 adversus
1537 1983 1585 2004 eos
1607 1977 1655 2012 qui
1675 1984 1740 2006 sunt
1759 1986 1776 2006 a

985 2015 1133 2049 Mareione,
1147 2022 1173 2045 et
1185 2017 1297 2045 Simone
1310 2023 1336 2046 et
1347 2018 1505 2055 Menandro,
1520 2027 1546 2049 et
1558 2023 1721 2060 quicunque
1729 2025 1776 2053 alii

985 2062 1033 2097 qui
1049 2063 1174 2090 similiter
1189 2063 1311 2101 dividant
1329 2073 1390 2092 eam
1409 2074 1470 2101 qua:
1493 2068 1644 2096 secundum
1669 2078 1721 2098 nos
1735 2077 1778 2100 est

985 2108 1169 2136 conditionem
1185 2117 1200 2137 a
1215 2109 1305 2144 Patre,
1321 2112 1446 2140 similiter
1460 2113 1512 2140 erit
1534 2115 1568 2142 ad
1590 2123 1639 2143 eos
1660 2117 1777 2152 adapta-

987 2161 1056 2185 tum.
1072 2167 1082 2183 1
1097 2156 1169 2184 ldem
1186 2157 1233 2185 lib.
1248 2166 1284 2192 Iv,
1301 2166 1325 2186 c.
1343 2159 1376 2187 M
1391 2168 1398 2187 :
1416 2170 1425 2186 ι
1436 2160 1485 2189 llic
1499 2167 1589 2189 autem
1602 2168 1646 2191 est
1661 2164 1779 2194 fabrica-

145 2206 268 2238 pugnaul
282 2202 414 2230 adVersus
430 2203 547 2231 invicem
566 2211 616 2230 sua
634 2204 744 2238 propria
767 2205 932 2238 indicantes,
949 2207 972 2238 υ
985 2207 1027 2231 tor
1042 2204 1103 2232 coeli
1128 2209 1155 2231 et
1170 2209 1260 2238 terra),
1283 2206 1514 2240 quemadmodum
1537 2216 1569 2235 ex
1597 2212 1777 2241 sermonibus

144 2254 172 2276 et
188 2249 274 2276 malos
291 2247 365 2276 fures
387 2250 550 2284 semctipsos
567 2250 762 2278 convincentes
777 2259 783 2276 ε
800 2252 932 2285 aptabiles

142 2301 206 2321 esse
228 2293 317 2328 magis
335 2293 501 2321 emissiones
520 2294 642 2322 dicentes
664 2296 703 2322 uti
727 2296 876 2324 verisimile
898 2305 933 2325 ex

144 2339 261 2367 Homine
276 2339 406 2372 Verbum,
419 2340 466 2367 sed
478 2347 532 2367 non
547 2348 579 2367 ex
595 2340 684 2368 Verbo
695 2341 839 2370 Hominem
851 2344 935 2371 emis-

145 2394 217 2418 sum,
234 2389 261 2413 et
277 2393 339 2413 esse
356 2385 500 2414 Hominem
519 2385 609 2414 Verbo
624 2388 800 2423 anteriorem,
817 2393 844 2417 et
860 2389 935 2418 hunc

144 2439 205 2459 esse
224 2431 271 2466 qui
291 2436 334 2458 est
354 2438 437 2465 super
461 2430 554 2458 omnia
576 2431 658 2460 Deus.
680 2442 689 2458 ι
707 2433 831 2462 Gnostici
852 2435 934 2469 igitur

145 2477 255 2504 fuerunt
268 2476 525 2505 Valentinianorum
541 2482 684 2512 parentes;
706 2479 740 2506 ab
759 2480 812 2508 illis
834 2481 861 2508 bi
879 2482 934 2517 pri-

144 2530 205 2550 mas
225 2528 281 2550 tres
302 2523 428 2558 syzygias
451 2526 544 2557 aperte
559 2528 744 2558 sumpserunt,
768 2525 825 2554 sive
849 2525 931 2554 furati

144 2571 226 2600 sunt;
241 2575 329 2603 neque
344 2568 400 2596 haac
414 2568 485 2595 male
499 2566 623 2596 ferebant
639 2568 776 2605 Gnostici;
798 2572 846 2599 sed
868 2572 932 2599 mali

144 2614 210 2641 furti
231 2621 279 2641 eos
303 2614 488 2646 accusabant,
505 2614 578 2649 quod
599 2615 736 2651 syzygiam
758 2616 883 2646 llominis
906 2621 933 2645 ct

144 2659 273 2688 Ecclesia:
287 2664 350 2695 post
364 2659 438 2687 illam
455 2659 536 2688 Verbi
553 2662 580 2688 et
599 2660 667 2689 Vita:
681 2664 841 2698 posuerint;
860 2663 932 2692 unde

143 2710 206 2740 post
213 2704 388 2732 Valentinum
401 2705 479 2732 multi
490 2705 551 2741 ejus
561 2706 687 2742 discipuli
704 2716 720 2736 ιι
737 2708 874 2738 Gnosticis
885 2711 932 2738 ad-

144 2751 240 2778 moniti
255 2751 378 2786 magistri
393 2751 436 2778 sui
452 2751 574 2779 ordinem
593 2753 782 2789 immutarunt,
796 2760 822 2783 et
839 2755 932 2784 Homi-

144 2802 206 2822 nem
220 2800 246 2823 ct
258 2795 407 2824 Ecclesiam
421 2801 485 2824 ante
496 2796 614 2825 Verbum
627 2804 654 2826 et
665 2798 754 2827 Vitam
771 2808 930 2836 posuerunt,

143 2844 224 2872 atque
239 2840 274 2867 ita
289 2839 382 2876 Logon
398 2848 413 2868 a
428 2840 490 2877 δίκα
508 2841 615 2877 longius
629 2851 814 2874 scmovcruut.

984 2250 1044 2286 cjus
1056 2251 1220 2283 ostenditur,
1237 2256 1264 2278 et
1278 2260 1331 2279 non
1345 2253 1367 2280 is
1379 2253 1426 2288 qui
1440 2262 1456 2280 a
1467 2253 1615 2287 Marciane,
1630 2257 1674 2283 vel
1689 2265 1705 2284 a
1722 2257 1777 2285 Va-

984 2295 1100 2328 lcntino,
1119 2301 1166 2324 aut
1182 2304 1197 2324 a
1218 2297 1346 2331 Basilide,
1363 2304 1410 2326 aut
1427 2307 1442 2327 a
1458 2299 1634 2336 Carpocrate,
1655 2308 1704 2330 aut
1727 2304 1768 2331 Si-

984 2350 1076 2374 mone,
1093 2347 1140 2370 aut
1150 2343 1262 2378 reliquis
1276 2343 1346 2372 falso
1361 2347 1524 2381 cognomine
1539 2348 1678 2376 Gnoslicis
1690 2351 1774 2378 adin-

982 2393 1080 2416 ventus
1094 2393 1137 2416 est
1152 2388 1238 2417 falsus
1252 2389 1342 2418 Pater.
1362 2401 1371 2417 ι
1389 2391 1440 2425 Qui
1456 2393 1533 2421 locus
1549 2394 1644 2422 [renati
1661 2395 1777 2424 Gnosti-

983 2440 1032 2461 cos
1045 2441 1106 2461 cum
1123 2433 1234 2462 Simone
1245 2436 1413 2471 conjungens
1428 2438 1508 2472 (quos
1520 2439 1584 2467 alibi
1597 2449 1671 2468 nunc
1681 2441 1775 2469 Simo-

983 2479 1027 2506 nis
1042 2487 1116 2506 nunc
1128 2479 1267 2508 Menandri
1284 2481 1434 2517 discipulos
1446 2486 1533 2519 vocat)
1547 2493 1602 2512 non
1620 2491 1729 2514 tantum
1746 2488 1774 2515 id

983 2525 1055 2559 quod
1070 2526 1199 2553 volumus
1216 2527 1322 2561 probat,
1341 2528 1388 2556 sed
1399 2535 1426 2556 et
1441 2530 1558 2558 ostendit
1571 2539 1619 2559 eos
1638 2534 1686 2568 qui
1701 2542 1773 2569 gno-

983 2572 1050 2600 stica
1069 2578 1142 2608 peste
1159 2574 1307 2608 apostolica
1321 2579 1444 2609 tempora
1467 2577 1602 2604 maculata
1618 2577 1707 2607 fuisse
1720 2581 1772 2608 do-

982 2623 1107 2651 cuerunt,
1126 2626 1180 2647 non
1192 2620 1250 2648 suis
1265 2620 1444 2655 conjecturis,
1464 2622 1510 2649 sed
1527 2628 1651 2651 veterum
1672 2631 1773 2653 aucto-

981 2664 1061 2691 ritate
1077 2665 1137 2692 niti.
1151 2665 1185 2693 Et
1200 2670 1347 2701 utrumque
1359 2667 1539 2696 confirmatur
1549 2669 1584 2697 ab
1601 2671 1699 2699 eodem
1714 2673 1772 2700 ire-

981 2718 1040 2737 nam
1055 2710 1102 2738 lib.
1121 2719 1162 2744 ιιι,
1179 2719 1202 2738 c.
1219 2711 1249 2738 ll
1264 2720 1270 2737 :
1293 2721 1302 2737 ι
1316 2711 1391 2740 Hanc
1407 2712 1486 2741 iidem
1503 2716 1673 2744 annuntians
1686 2716 1771 2745 Joan-

981 2764 1029 2784 nes
1043 2756 1148 2784 Domini
1162 2757 1324 2793 discipulus,
1340 2759 1433 2787 volens
1449 2767 1497 2794 per
1510 2760 1649 2797 Evangelii
1660 2771 1774 2791 annun<

980 2802 1121 2830 tiationcm
1138 2803 1246 2831 auferre
1259 2812 1321 2831 cum
1339 2805 1386 2840 qui
1401 2813 1416 2832 a
1439 2806 1568 2834 Cerintho
1588 2808 1774 2839 inserninatus

981 2854 1040 2877 crat
1058 2849 1092 2878 lio
1105 2850 1215 2878 niuibus
1227 2858 1360 2887 errorem,
1377 2856 1403 2879 et
1425 2852 1511 2881 multo
1526 2853 1602 2889 prius
1616 2855 1651 2883 ab
1666 2856 1712 2886 bis
1724 2858 1772 2893 qui
