1850 3072
49 144 98 172 323)

461 142 487 170 J.
504 141 686 169 PEARSOMI
702 139 861 168 VlNDlCIIE
883 138 1095 167 lGNATlAN/E.
1118 153 1151 158 —-
1165 137 1255 165 PARS
1268 137 1300 164 ll.

1632 138 1685 165 350

47 203 175 230 dicuntur
189 199 348 233 Nicolaitte,
372 201 422 237 qui
442 205 506 229 sunt
520 201 609 229 vulsio
622 201 683 237 ejus
698 209 759 236 quae
776 200 845 228 falso
861 205 882 232 Α
898 207 934 227 no
945 199 1012 227 dicit
1030 199 1104 234 quod
1117 205 1197 225 nemo
1211 202 1274 225 ante
1288 204 1351 225 eum
1369 196 1525 229 afﬁrmavit,
1550 196 1685 231 cujusque

46 248 258 283 cognominatur
275 247 412 280 scientia;
428 251 459 274 ut
479 246 660 275 confunderet
674 255 721 275 eos
740 251 767 274 et
783 254 844 274 sua-

46 295 120 321 deret
135 301 195 325 eos,
213 293 349 328 quoniam
367 301 440 321 unus
457 292 528 320 Deus
543 293 590 328 qui
605 293 697 321 omnia
719 292 783 321 fecit
796 300 844 328 per

47 340 167 368 Verbum
181 349 277 373 suum,
291 345 318 368 et
329 348 384 368 non
397 340 627 375 quemadmodum
640 340 678 367 illi
689 340 793 372 dicunt,
805 340 844 367 al-

47 393 135 415 terum
149 387 267 423 quidem
288 387 500 420 fabricatorem,
520 387 604 414 alium
623 391 715 414 autem
735 386 843 414 Patrem

48 432 166 460 Domini.
179 443 189 459 I
209 432 239 460 Si
260 434 334 460 eriim
352 433 501 460 Cerinthus
516 437 662 468 antequam
683 432 712 460 S.
725 432 844 460 Joannes

47 478 232 514 Evangelium
256 480 415 514 scripserit,
434 478 652 512 Fabricatorem,
668 479 695 507 id
713 484 768 512 est,
793 478 844 507 De-

47 525 189 560 miurgum
218 526 305 553 alium
331 533 346 553 a
370 525 451 553 Patre
473 525 597 558 Domini;
616 525 640 553 si
667 526 752 552 multo
767 525 844 560 prius

46 572 116 598 idem
130 571 285 599 docuerint
296 570 452 605 Nicolaitaz;
464 571 487 598 si
498 570 639 598 Nicolaitze
650 569 843 599 Gnosticorum

45 618 136 644 vulsio
152 617 264 645 fuerint
276 617 340 653 (hoc
352 622 394 645 est
413 617 607 653 ’Δπόσπααμα,
623 621 653 645 ιιι
668 622 748 652 puto;
766 616 841 644 Glos.

46 662 76 689 V.
101 664 310 695 Ἀποσπασθὲν,
326 663 462 690 avulsum.
483 663 662 695 ’Awdamtatc,
676 664 802 696 avulsus;
816 669 845 691 ut

45 717 116 744 stpe
134 709 264 744 loquitur
281 709 467 744 Epiphanius,
488 708 598 745 ’Δνέστη
615 709 697 736 πάλιν
717 709 844 741 Θεόδοτός

45 763 85 786 τις
102 755 283 790 ἀπόσπασμα
302 755 432 791 ὑπάρχων
449 756 480 782 ἐκ
495 755 544 791 τῆς
559 755 762 791 προειρημένης
783 755 845 782 ἀλό-

46 809 93 834 γου
107 801 259 836 αἱρέσεως,
271 807 299 829 et
314 810 321 828 ς
343 801 391 828 Ἐκ
408 801 503 828 τούτου
517 802 542 828 οἱ
556 802 701 837 Νοητιανοὶ
717 802 844 828 ἀποσπα-

48 855 102 881 σμα
124 847 207 878 ὖντες
226 846 334 882 αὑτοῦ),
350 853 498 881 utrumque
516 847 654 882 sequitur,
671 852 698 874 et
713 851 775 874 ante
793 846 844 874 Va-

47 893 183 920 lentinum
197 893 308 928 aliquos
321 893 449 921 docuisse
466 881 627 921 alium’esse
646 892 731 920 Deum
747 899 844 928 praeter
861 881 879 909 Β

47 939 223 973 Creatorem,
240 944 267 968 et
279 940 426 968 Gnosticos
444 939 595 975 apostolica
613 945 735 975 tempora
754 945 845 967 conta-

47 988 180 1015 minasse.
196 987 299 1021 Quales
312 992 390 1015 erant
405 987 500 1015 Simon
520 992 547 1015 et
567 987 716 1015 Cerinthus
729 987 846 1015 Nazian-

47 1041 129 1067 zeuo,
139 1034 188 1060 τὸν
202 1034 259 1060 τῶν
273 1034 342 1060 ὅλων
356 1033 422 1060 Θεὸν
432 1034 569 1070 τεμόντες,
579 1034 625 1061 καὶ
639 1034 709 1070 ὑπὲρ
723 1033 770 1060 τοῦ
781 1034 846 1068 ἀγα-

47 1079 92 1106 Θοῦ
118 1080 160 1114 τῷ
187 1079 348 1115 δημιουργῷ
368 1079 586 1115 πολεμήσαντες,
607 1085 637 1107 ιιι
653 1080 843 1112 ostendimus;

47 1126 146 1160 quales
162 1125 330 1161 Hymenaeus
341 1130 367 1153 et
377 1124 499 1153 Philetus
514 1125 676 1161 Epiphanio,
690 1125 769 1154 ἄλλον
780 1125 845 1152 Θεὸν

47 1171 297 1206 καταγγέλλοντες,
315 1180 325 1197 ι
341 1171 426 1198 alium
443 1170 526 1199 Deum
547 1171 754 1204 annuntiantes,
770 1181 779 1196 ι
797 1172 845 1199 καὶ

47 1218 176 1252 λέγοντες
201 1218 239 1253 μὴ
261 1219 293 1244 ἐκ
308 1217 375 1244 Θεοῦ
393 1217 555 1253 γεγενῆσθαι
575 1217 621 1244 τὸν
639 1218 755 1253 κόσμον,
777 1217 846 1244 ἀλλὰ

49 1265 100 1291 ὑπὸ
119 1265 215 1300 ἀρχῶν
227 1265 275 1291 καὶ
287 1264 426 1298 ἐξουσιῶν,
445 1273 455 1290 ε
467 1269 494 1292 et
508 1264 630 1292 dicentes
645 1265 776 1292 mundum
790 1272 844 1292 non

48 1319 63 1338 a
78 1311 139 1339 Deo
157 1319 220 1345 esse
235 1310 349 1343 factum,
362 1311 410 1338 sed
421 1318 437 1337 a
451 1310 647 1346 principatibus
666 1318 699 1338 ac
722 1315 846 1346 potesta-

49 1357 136 1384 tibus.
155 1365 166 1382 ι
189 1355 315 1383 Posthazc
329 1356 399 1383 adeo
415 1359 507 1391 aperta
529 1357 686 1384 testimonia
708 1357 770 1392 quis
785 1365 843 1384 cre-

49 1404 94 1431 det
109 1403 252 1431 neminem
267 1408 330 1430 ante
344 1402 519 1430 Valentinum
537 1403 664 1430 docuisse
678 1403 762 1431 alium
784 1411 846 1432 esse

50 1449 138 1477 Deum
153 1454 254 1484 praeter
277 1448 452 1476 Creatorem?
476 1449 628 1484 praesertim
646 1457 708 1477 cum
728 1450 762 1477 ad
783 1458 844 1478 eam

50 1495 271 1531 propositionem
282 1494 499 1523 conﬁrmandam
508 1496 577 1523 nihil
588 1496 662 1523 aliud
675 1496 845 1524 attuleritvir

49 1543 246 1575 doctissimus,
258 1542 310 1570 nisi
326 1542 371 1570 illa
380 1543 473 1576 verba,
488 1552 497 1569 α
509 1543 538 1570 Si
552 1539 749 1571 Tertullianum
765 1544 845 1571 audi-

49 1597 124 1616 mus.
147 1598 158 1615 ο
181 1589 216 1616 At
239 1587 398 1616 Tertulliani
424 1589 505 1617 verba
523 1595 617 1617 contra
633 1595 754 1617 veterum
778 1598 845 1618 con-

50 1643 165 1663 sensum
180 1635 331 1670 premenda
344 1643 399 1662 non
415 1640 494 1669 sunt;
513 1643 600 1671 neque
614 1636 770 1670 dicendum,
788 1636 845 1664 Va-

51 1681 189 1708 lentinum
210 1686 239 1709 et
263 1681 430 1709 Marcionem
457 1682 530 1710 solos
546 1688 573 1709 et
588 1682 692 1717 primos
714 1683 772 1710 haec
797 1683 846 1710 do-

50 1728 154 1761 cuisse,
170 1735 204 1754 ex
223 1727 310 1755 solius
332 1727 491 1755 Tertulliani
511 1729 690 1762 auctoritate,
708 1729 754 1764 qui
781 1729 846 1756 alibi

52 1775 176 1809 primum
188 1773 357 1801 Marcionem
376 1774 434 1801 haec
445 1774 597 1802 asset-uisse
612 1775 660 1808 ait,
676 1783 739 1802 cum
753 1779 845 1802 tamen

52 1820 112 1855 ipse
142 1819 298 1848 Cerdonem
330 1819 478 1848 Marcionis
508 1821 669 1857 magistrum
702 1826 845 1857 agnoscat.

56 1875 64 1892 ι
81 1865 196 1898 Habuit,
217 1866 322 1901 inquit.
337 1870 366 1894 et
386 1866 537 1894 Cerdonem
552 1868 698 1902 quemdam
714 1867 847 1895 informa-

54 1917 142 1940 torem
157 1912 282 1940 scandali
304 1912 397 1947 hujus.
411 1922 420 1938 ι
436 1911 505 1940 Cum
519 1914 593 1941 enim
616 1913 798 1942 Valentiniani
819 1919 848 1942 et

54 1958 226 1986 Marcionita
240 1958 402 1986 Tertulliani
417 1966 475 1986 aevo
487 1960 607 1987 maxime
620 1960 740 1988 celebres
761 1960 847 1988 haere-

55 2006 102 2033 tici
115 2005 231 2039 fuerint,
245 2005 354 2041 quoties
370 2005 404 2033 de
425 2006 574 2034 haeresibus
595 2006 731 2042 disputat,
747 2007 780 2034 ad
799 2015 847 2034 eos

55 2052 112 2080 fere
128 2052 273 2084 collineat,
291 2057 320 2080 et
339 2051 515 2080 Valentinum
534 2059 567 2080 ac
586 2052 752 2081 Marcionem
768 2054 845 2089 quasi

55 2097 268 2134 principes_l‘erit
277 2107 284 2132 ;
296 2098 421 2133 quamvis
431 2103 457 2126 et
467 2098 525 2134 ipse
534 2106 695 2134 praecoques
704 2105 731 2128 et
742 2100 846 2128 aborti-

55 2153 104 2173 vos
127 2145 306 2172 Mareionitas
333 2145 384 2172 sub
408 2145 537 2180 apostolis
552 2150 694 2181 agnoscat,
719 2145 834 2174 Docctas

56 2192 175 2225 scilicet;
188 2195 297 2226 poterat
311 2195 403 2218 autem
412 2196 439 2218 et
452 2191 520 2219 alios
535 2199 598 2219 cum
612 2192 749 2220 veteribus
761 2200 846 2227 agno-

894 245 1066 273 contrarium
1097 245 1175 272 multi
1199 249 1389 271 asseruerunt.
1412 242 1561 269 Attulimus
1589 249 1685 269 eorum

895 292 1061 323 testimonia.
1077 292 1124 326 qui
1137 291 1239 318 diserte
1253 290 1406 318 docuerunt
1423 289 1539 324 primam
1558 288 1682 324 ogdoada

894 346 909 365 a
932 338 1069 366 veteribus
1094 337 1232 365 Gnosticis
1261 337 1396 372 proditam
1421 335 1517 368 fuisse.
1535 335 1636 362 decada
1657 339 1686 362 et

893 384 1050 412 duodecada
1063 392 1079 412 a
1091 384 1234 412 Valentino
1249 383 1367 411 additas.
1383 382 1560 410 Ostendimus
1575 389 1608 409 ex
1626 381 1682 408 Ire-

894 438 953 458 naeo
967 430 1026 458 Nun
1041 436 1067 458 et
1081 431 1207 458 Alethian
1226 438 1259 458 ex
1276 429 1362 465 Bytho
1374 432 1402 456 et
1418 428 1481 464 Sige
1499 428 1633 463 prodiisse
1645 435 1686 454 sc-

894 477 1014 505 cundum
1039 481 1146 504 veteres
1175 476 1340 509 Gnosticos;
1366 475 1573 503 Valentinianos
1600 473 1686 501 fuisse

894 523 984 556 fures,
1007 528 1035 551 et
1056 523 1166 558 quidem
1189 523 1249 550 ideo
1265 523 1352 550 malos
1365 543 1372 554 ,
1394 530 1447 549 non
1465 521 1628 556 quod’hanc
1644 525 1685 548 te-

894 571 971 598 trada
996 570 1030 597 ah
1045 570 1103 599 illis
1124 569 1296 605 acceperint,
1317 569 1364 596 sed
1384 569 1456 604 quod
1479 568 1626 596 secundam
1650 572 1680 594 te

895 616 971 643 trada
987 616 1057 643 male
1067 615 1241 648 tradiderint,
1256 615 1328 650 quod
1341 623 1374 642 ex
1392 614 1466 650 Logo
1477 619 1505 642 et
1521 614 1574 642 Zoe
1589 614 1685 642 Homi-

895 671 956 690 nem
977 667 1005 691 et
1024 662 1174 691 Ecclesiam
1193 663 1348 691 eduxerint.
1368 663 1409 689 Ad
1429 670 1479 690 sua
1495 662 1684 689 confirmanda

894 710 963 737 nihil
976 709 1052 737 aliud
1074 709 1186 737 adducit
1204 710 1246 737 vir
1259 710 1449 742 doctissimus,
1463 717 1544 744 (luam
1560 709 1633 743 quod
1656 709 1684 736 in

894 757 1023 785 omnibus
1037 757 1072 784 ab
1085 757 1186 784 Irenaeo
1199 757 1322 784 recitatis
1336 756 1526 784 haereticorum
1538 754 1684 782 Valentino

894 804 1074 831 vetustiorum
1095 803 1260 839 Theogoniis
1279 811 1333 830 non
1353 807 1483 838 appareat
1499 802 1565 838 Logi
1586 810 1601 830 e
1622 801 1685 837 Sige

895 849 1024 882 emissio;
1039 850 1076 878 ita
1094 850 1128 877 ad
1146 851 1173 878 id
1188 849 1261 885 quod
1277 849 1394 877 allirmat
1406 849 1601 877 stabiliendum
1615 849 1684 876 nihil

895 897 1008 924 omnino
1020 897 1143 928 adducit,
1160 896 1194 923 ad
1210 896 1236 923 id
1250 895 1324 931 quod
1337 899 1417 930 negat
1432 895 1501 923 nihil
1519 896 1593 923 aliud
1606 895 1685 923 alfert

895 950 977 976 quam
993 943 1085 970 Irenaei
1102 943 1128 970 in
1147 942 1326 970 contexendis
1345 942 1513 978 genealogiis
1532 942 1682 970 silentium.

895 987 928 1014 Et
946 989 1055 1023 quidem
1074 989 1097 1017 si
1118 988 1237 1016 [renatus
1263 988 1360 1016 nullibi
1380 988 1404 1015 id
1425 988 1590 1022 indicasset.
1610 989 1684 1023 quod

895 1042 947 1062 nos
961 1034 1147 1069 allirmamus,
1167 1035 1190 1063 si
1211 1035 1384 1070 genealogias
1401 1035 1525 1062 omnium
1547 1035 1686 1063 haeretico-

894 1088 956 1109 rum
971 1082 1075 1117 integre
1087 1089 1150 1109 cum
1164 1081 1293 1109 omnibus
1306 1080 1444 1108 [Eouibus
1458 1089 1610 1116 eorumque
1623 1089 1684 1109 om-

895 1128 976 1155 nibus
1002 1127 1160 1156 nominibus
1183 1131 1420 1162 repra‘sentasset,
1448 1127 1551 1162 aliquid
1576 1129 1685 1157 roboris

896 1174 959 1201 huic
972 1178 1135 1209 argumento
1156 1174 1273 1207 inesset,
1290 1173 1325 1201 ad
1345 1173 1426 1201 tidem
1446 1173 1562 1201 aliorum
1582 1175 1685 1202 Irenaeo

895 1220 1077 1254 posteriorum
1099 1220 1125 1248 in
1138 1220 1191 1247 hac
1205 1227 1235 1247 re
1249 1220 1419 1248 elevandam.
1435 1219 1505 1248 Cum
1520 1226 1611 1248 autem
1629 1229 1684 1249 non

894 1269 1001 1292 tantum
1023 1266 1142 1293 lremeus
1165 1266 1224 1301 ipse
1248 1266 1335 1294 multa
1355 1267 1445 1299 dicat.
1459 1274 1520 1302 quae
1535 1267 1569 1294 ad
1587 1274 1684 1296 eorum

895 1312 1056 1339 sententiam
1069 1332 1076 1345 ,
1091 1312 1140 1346 qui
1156 1312 1271 1347 primam
1285 1311 1494 1340 Octonationem
1517 1313 1654 1341 Valentini
1668 1322 1685 1342 a

895 1356 1034 1385 Gnosticis
1054 1363 1192 1392 sumptam
1212 1357 1365 1392 tradidere,
1387 1359 1604 1387 conﬁrmandam
1623 1368 1686 1395 spe-

896 1407 983 1437 ctant,
998 1407 1028 1430 ut
1042 1403 1213 1431 ostendimus
1223 1412 1230 1438 ;
1240 1411 1303 1432 cum
1319 1404 1440 1440 integras
1451 1406 1575 1433 omnium
1586 1414 1686 1442 genea-

895 1449 981 1484 logias
1000 1449 1119 1476 Irenaus
1137 1455 1192 1476 non
1209 1450 1461 1483 repraesentaverit,
1477 1455 1507 1478 ut
1518 1451 1576 1486 jam
1590 1456 1684 1479 osten-

896 1495 1008 1526 demus,
1033 1495 1140 1523 nullum
1165 1502 1280 1529 prorsus
1299 1495 1364 1522 huic
1384 1502 1545 1531 argumento
1567 1498 1622 1524 vim
1643 1499 1686 1525 in-

896 1543 957 1569 esse
972 1541 1087 1576 quilibet
1097 1540 1238 1568 fatebitur.
1257 1540 1286 1568 Si
1298 1540 1371 1569 enim
1388 1536 1499 1577 integrae
1513 1550 1568 1570 non
1583 1543 1686 1572 fuerint

898 1587 1062 1622 genealogis:
1091 1587 1271 1622 singularium
1301 1587 1492 1616 haereticorum
1521 1589 1556 1617 ab
1583 1590 1686 1618 lrenao

896 1633 1054 1668 propositas,
1072 1633 1096 1661 si
1108 1633 1174 1661 alibi
1190 1633 1248 1668 ipse
1263 1633 1399 1662 haereticis
1419 1635 1551 1663 attribuat
1573 1644 1634 1671 quae
1657 1637 1686 1665 in

897 1681 1063 1716 genealogus
1083 1687 1179 1708 eorum
1204 1688 1259 1708 nou
1276 1681 1463 1714 inveniuntur,
1478 1682 1501 1710 si
1514 1682 1640 1710 similiter
1657 1684 1686 1711 in

897 1726 931 1754 iis
943 1726 1027 1754 etiam
1039 1726 1087 1761 qui
1106 1725 1281 1754 Valentinum
1295 1726 1382 1754 secuti
1399 1731 1465 1754 sunt
1480 1728 1623 1757 sententiis
1638 1730 1686 1757 de-

897 1772 1048 1800 scribendis
1059 1771 1146 1799 multa
1157 1772 1330 1805 omittantur,
1340 1779 1401 1807 qua
1410 1772 1464 1801 illis
1473 1774 1617 1801 tribuenda
1625 1783 1687 1804 esse

897 1826 978 1846 nemo
990 1818 1160 1851 diliitebitur,
1174 1818 1197 1846 si
1219 1818 1276 1846 haec
1292 1818 1385 1846 omnia
1407 1820 1564 1848 necessario
1577 1829 1611 1848 ex
1627 1822 1686 1856 ipsa

897 1865 1002 1892 ratione
1015 1865 1163 1897 scribendi,
1183 1873 1265 1900 quam
1280 1866 1324 1893 ille
1336 1866 1478 1901 amplexus
1497 1871 1550 1900 est,
1567 1876 1686 1904 sequan-

898 1916 955 1943 tur;
978 1912 1052 1939 nulla
1076 1919 1138 1938 cum
1154 1912 1260 1939 ratione
1275 1919 1305 1939 ea
1327 1912 1418 1940 omnia
1439 1913 1551 1942 nomina
1566 1915 1686 1950 cuipiam

897 1957 1056 1993 deneganda
1069 1962 1161 1989 erunt,
1175 1964 1237 1992 qua!
1253 1957 1280 1984 in
1296 1957 1357 1992 ejus
1368 1959 1533 1995 genealogiis
1543 1961 1614 1995 apud
1630 1960 1684 1989 Ire-

898 2011 987 2030 naeum
1012 2010 1067 2030 non
1082 2007 1224 2038 apparent.
1242 2001 1276 2030 Ut
1298 2008 1390 2030 autem
1414 2005 1485 2031 ratio
1500 2006 1636 2034 scribendi
1652 2007 1685 2034 alo

898 2048 1000 2077 Irenzeo
1015 2049 1171 2082 observata,
1184 2057 1198 2077 a
1214 2048 1316 2077 Dallmo
1329 2049 1442 2079 minime
1461 2059 1594 2087 perpensa
1611 2058 1688 2088 pate.-

897 2096 960 2128 ﬁat;
975 2095 1091 2123 observo
1106 2096 1158 2123 viri
1172 2096 1326 2124 doctissimi
1342 2097 1424 2125 verba
1439 2105 1446 2123 :
1471 2107 1480 2124 ‹
1494 2097 1618 2126 Primum
1638 2107 1687 2127 ca-

898 2141 948 2177 put
970 2143 1003 2170 ad
1027 2141 1202 2170 Valentinum
1228 2144 1363 2178 pertinere
1376 2144 1536 2172 ustenditet
1559 2146 1687 2180 praatixus

898 2189 923 2216 ci
940 2189 1044 2221 titulus,
1061 2193 1088 2216 et
1099 2188 1157 2223 ipsa
1171 2189 1261 2224 operis
1275 2190 1408 2224 praefatio.
1427 2201 1438 2217 ο

56 2245 132 2265 scere
151 2237 331 2273 Dcmiurgum
351 2245 367 2264 a
390 2236 445 2265 Deo
461 2237 624 2272 dividentes,
645 2239 692 2274 qui
712 2247 767 2267 non
793 2239 846 2267 mi-
861 2232 884 2262 D
933 2235 990 2263 lmo
1003 2243 1067 2263 vero
1075 2240 1101 2263 et
1112 2235 1235 2270 praefatio
1248 2237 1413 2265 cttituluset
1424 2238 1521 2273 capitis
1533 2239 1686 2274 ipsiustola

56 2292 107 2312 uus
121 2288 203 2312 erant
218 2283 386 2311 Marcionita:
398 2285 543 2320 praecoqui.

92 2331 252 2359 Secundum
276 2330 371 2358 Dallati
394 2336 585 2366 argumentum
606 2335 671 2359 est:
696 2341 705 2357 ί
722 2331 847 2359 Hmretici

58 2377 202 2406 Valentino
214 2377 381 2404 vetustiores
390 2384 485 2405 onmes
498 2385 528 2405 se
539 2378 590 2413 ipsi
603 2378 740 2414 negabunt
754 2377 848 2413 Logon

59 2425 134 2462 Siges
148 2425 190 2452 vel
206 2425 293 2452 filium
308 2424 352 2451 vel
366 2429 490 2459 nepotem
504 2425 657 2452 induxisse.
677 2435 686 2451 ι
705 2425 845 2453 Fortasse.

59 2472 112 2500 Nos
126 2472 239 2508 quidem
252 2470 382 2504 fatemur,
399 2471 454 2498 imo
469 2472 616 2506 probamus
631 2479 720 2507 neque
734 2471 846 2499 Gnosti-

59 2528 153 2548 corum
168 2523 303 2549 veterum,
315 2525 406 2552 neque
418 2516 671 2546 Valentinianorum
682 2525 847 2553 quemquam

61 2565 151 2601 Logon
169 2565 247 2600 Siges
266 2565 353 2592 lilium
370 2564 527 2596 induxisse.
549 2564 632 2598 idque
647 2563 792 2591 observatu
806 2563 849 2590 di—

60 2621 141 2647 gnum
152 2612 327 2640 ostendimus
338 2611 372 2639 ad
384 2611 547 2639 sententiam
558 2609 650 2637 Dallaei
660 2609 846 2638 refellendam.

61 2659 111 2686 Sed
134 2667 225 2694 neque
237 2658 272 2686 de
288 2658 434 2693 nepotibus
453 2656 531 2692 Siges
547 2661 595 2684 aut
609 2656 731 2684 Gnostici
748 2656 786 2682 illi
802 2660 849 2683 aut

61 2705 244 2733 Valentiniani
259 2704 409 2739 quidquam
427 2703 609 2738 philosophati
625 2707 700 2730 sunt.
717 2701 787 2730 Cum
803 2709 850 2729 au-

62 2757 112 2780 tem
129 2753 217 2784 addit,
233 2759 294 2779 eam
320 2751 442 2778 lauream
462 2749 599 2777 Valentini
623 2756 702 2781 esse,
721 2758 731 2774 (
752 2748 799 2783 qui
815 2755 848 2775 ex

61 2800 186 2827 omnibus
211 2797 403 2826 haeresiarchis
436 2796 511 2824 illam
539 2796 660 2823 Eonum
699 2795 849 2830 ogdoadem

61 2846 185 2881 princeps
206 2845 373 2875 instituerit,
391 2844 417 2871 in
433 2851 487 2878 qua
503 2851 538 2870 ex
557 2842 646 2878 Bytho
666 2845 694 2869 et
713 2841 777 2877 Sige
802 2849 850 2876 per

63 2885 120 2921 Non
134 2898 161 2921 et
173 2892 303 2920 Alethian
319 2890 408 2925 Logos
421 2898 484 2918 cum
499 2890 553 2919 Zoe
567 2891 672 2926 prodit;
692 2898 701 2915 ι
718 2889 745 2918 id
761 2889 849 2917 omni-

237 2939 376 2970 ΡΑι-ιιοι..
407 2938 466 2969 Gs.
495 2939 532 2970 ν.

897 2284 984 2311 series
1000 2283 1129 2316 ostendit,
1142 2283 1175 2310 ad
1188 2283 1275 2319 ipsius
1286 2284 1437 2320 discipulos
1451 2285 1518 2313 illud
1535 2286 1685 2320 pertinere,

897 2339 968 2366 quos
984 2332 1019 2359 ab
1036 2332 1082 2359 illo
1095 2332 1122 2359 in
1138 2330 1348 2367 quamplurimis
1358 2331 1508 2359 descivisse
1522 2339 1619 2359 omnes
1635 2341 1686 2360 πο·-

898 2382 999 2405 tarunt.
1016 2377 1044 2404 ln
1061 2377 1120 2412 ipsa
1135 2376 1298 2404 Praefatione
1312 2382 1405 2411 aperte
1423 2377 1576 2412 profitetur,
1596 2387 1605 2402 ι
1621 2386 1686 2406 cum

898 2422 1008 2458 legisset
1021 2421 1240 2449 Commentarios
1253 2421 1622 2456 ipsorum,quemadmodum
1635 2423 1686 2457 ipsi

898 2469 1004 2500 dicunt,
1021 2467 1158 2496 Valentini
1178 2468 1390 2503 discipulorum,
1406 2468 1572 2503 quibusdam
1595 2474 1684 2497 autem

899 2515 1020 2550 ipsorum
1032 2519 1059 2542 et
1068 2522 1231 2550 congressus
1246 2524 1255 2540 ι
1270 2513 1378 2546 fuisset,
1393 2521 1488 2542 eorum
1500 2514 1570 2542 velle
1583 2523 1613 2543 se
1625 2523 1688 2543 sen-

899 2561 1011 2588 tentiam
1023 2568 1170 2596 exponere,
1185 2561 1337 2595 praesertim
1352 2559 1594 2594 Ptolemaicorum,
1613 2562 1688 2596 quod

899 2607 988 2642 primo
1000 2607 1088 2641 capite
1102 2606 1177 2634 facit.
1195 2605 1288 2641 Neque
1299 2606 1371 2633 enim
1388 2613 1450 2633 cum
1465 2605 1608 2635 Valentino
1619 2615 1687 2635 con-

899 2661 1009 2688 gressus
1022 2660 1141 2686 unquam
1156 2656 1212 2685 est;
1226 2660 1313 2686 neque
1325 2651 1384 2687 ejus
1398 2652 1627 2687 Commentarios,
1640 2654 1687 2682 sed

900 2699 1038 2726 Ptolemaei
1064 2706 1097 2726 eo
1112 2699 1201 2732 capite
1215 2698 1342 2732 explicat.
1358 2697 1466 2725 Titulus
1489 2699 1585 2734 capitis
1606 2699 1641 2726 ita
1659 2708 1688 2727 se

901 2746 998 2773 habet:
1011 2754 1020 2771 l
1041 2744 1168 2772 Narratio
1183 2744 1273 2772 omnis
1284 2744 1437 2779 argumenti
1454 2744 1590 2772 Valentini
1605 2746 1688 2773 disci-

901 2793 1038 2828 pulorum.
1057 2801 1065 2818 I
1084 2790 1173 2827 Caput
1192 2791 1282 2826 ipsum
1305 2791 1343 2819 ita
1366 2791 1472 2826 incipit,
1492 2791 1608 2826 Λέγουσι
1623 2794 1686 2830 γὰρ,

905 2850 914 2866 ι
932 2840 1027 2867 dicunt
1051 2838 1136 2870 enim,
1155 2847 1163 2863 I
1182 2837 1216 2865 ad
1242 2841 1381 2873 postrema
1407 2837 1581 2866 Praefationis
1604 2840 1686 2867 verba

901 2886 1067 2922 respiciens,
1097 2885 1150 2913 ὑπὸ
1172 2885 1223 2920 τῆς
1247 2885 1358 2912 ἐκείνων
1387 2884 1578 2918 πιθανολογιας
1605 2885 1688 2919 οὔσης
