1850 3072
154 146 202 174 551

700 140 729 168 S.
743 138 919 168 iGNATlUS.
933 153 966 158 -—
977 134 1243 166 PROLEGOMENA.

1746 131 1808 159 553

149 206 291 242 τοιαύτης,
307 214 317 232 ι
329 205 363 233 ab
379 204 488 232 illorum
500 202 610 231 suadela
623 210 686 238 qua:
699 206 740 229 est
751 201 840 228 talis.»
856 200 877 227 Ρ

1076 198 1188 226 ulterius
1201 198 1314 227 detortis
1330 207 1337 225 :
1357 197 1387 225 '0
1404 197 1453 234 μὲν
1468 196 1522 232 γὰρ
1543 196 1654 232 πρῶτος
1671 194 1806 242 dmi-:23;

153 253 237 287 igitur
250 251 339 287 capite
351 251 470 278 lrenants
483 250 509 276 in
521 249 614 276 animo
628 248 723 275 habuit
736 246 943 273 Valentiniano-

154 305 215 324 rum
245 297 366 324 scholam
383 296 444 323 fuse
468 295 626 330 depingere,
642 298 669 321 et
694 299 832 321 summam
847 299 943 319 eorum

153 342 286 369 doctrina:
294 349 355 369 cum
368 341 497 369 omnibus
508 341 628 376 ipsorum
640 339 810 367 Eonibusct
824 338 943 366 [Eonum

155 387 323 421 nominibus,
338 387 506 421 reliquisque
521 394 582 421 qua:
599 386 633 413 ad
647 393 743 413 eorum
756 385 871 413 ltaaresin
883 392 945 420 per—

155 433 289 465 tinebant.
304 432 386 460 simul
402 437 429 460 et
453 432 505 460 sub
522 440 576 459 uno
592 432 671 467 quasi
686 437 798 467 aspectu
822 439 922 466 ponere
936 440 944 463 ;

154 483 251 514 postea
273 486 336 506 vero
352 483 380 506 et
396 478 602 510 Gnosticorum,
625 486 640 505 a
660 479 759 513 quibus
775 485 823 505 sua
844 478 944 504 hause-

154 529 228 556 runt,
243 528 270 551 et
283 523 418 551 Valentini
430 523 529 559 ipsius,
545 528 572 551 et
587 523 661 551 illius
677 523 877 558 discipulorum
891 522 946 550 sin-

153 569 262 605 gulares
277 570 426 597 sententias
437 570 555 597 breviter
567 576 712 604 exponere.
722 569 794 603 quod
805 575 874 603 opus
889 575 945 595 non

153 620 226 644 esset
241 616 348 649 singula
365 616 511 651 attingere,
536 621 563 644 et
577 623 638 651 quae
651 620 730 643 antea
744 615 851 642 dixerat
868 622 945 649 repe-

153 665 220 688 tere.
236 660 329 696 Neque
340 661 423 696 igitur
436 668 532 689 omnes
546 668 640 688 eorum
656 661 831 696 genealogias
849 661 945 696 singu-

153 707 229 735 latim
244 713 397 739 euumerat,
415 716 503 743 neque
520 708 614 736 omnia
630 708 750 735 IEonum
775 707 886 735 nomina
900 715 944 735 re-

153 752 230 779 citat.
247 753 338 785 Quare
350 753 438 787 capite
451 753 561 780 demum
571 753 667 788 quinto
681 753 714 780 de
730 752 874 780 Valentino
885 752 945 787 ipso

154 801 220 834 agit,
234 803 265 826 ut
279 804 373 834 postea
388 799 421 826 de
439 799 552 834 reliquis
567 799 723 834 separatim,
737 804 767 827 ut
781 806 877 827 eorum
889 798 945 825 dif-

154 845 286 873 ferentias
300 850 387 879 notet,
412 850 440 873 et
463 846 585 881 origines
606 846 748 878 observet;
771 853 823 872 non
841 850 944 878 autem,

155 895 186 918 ut
208 891 266 918 vult
283 891 409 925 Dallzeus,
426 900 436 917 ι
459 891 567 919 duobus
596 891 664 918 locis
681 898 790 918 omnem
807 890 945 918 Valentini

156 938 354 972 matteologiam
373 938 495 972 expernit.
516 947 524 963 ι
541 936 589 964 His
610 942 684 965 recte
704 937 868 969 observatis,
883 937 946 971 quis

155 989 210 1010 non
226 983 319 1010 statim
330 983 456 1018 intelligit
467 982 493 1009 in
504 983 690 1018 singularibus
704 987 731 1010 et
740 982 945 1015 Gnosticorum,

154 1033 182 1056 et
207 1027 355 1061 Valentini,
371 1034 398 1057 et
412 1029 609 1064 discipulorum
626 1030 686 1064 ejus
711 1029 878 1065 genealogiis
903 1036 947 1056 rc-

154 1075 229 1109 quiri
260 1079 306 1102 aut
334 1075 488 1109 exspectari
515 1083 569 1102 non
597 1075 696 1102 debere
724 1082 820 1102 omnes
849 1072 965 1102 eorum'

155 1120 272 1154 Eonas,
288 1123 336 1148 aut
347 1128 443 1148 eorum
458 1121 592 1148 nomina?
612 1120 685 1147 inter
699 1120 804 1148 Eonas
819 1120 948 1148 Basilidis

157 1167 302 1195 Valentino
318 1169 438 1196 senioris
455 1172 615 1195 numeratur
639 1167 763 1202 Ennaea;
780 1177 841 1196 eam
855 1173 945 1196 autem

157 1213 240 1249 Sigen
259 1222 314 1241 non
330 1215 489 1241 nominasse
503 1214 651 1241 Basilidem
668 1215 731 1249 quis
746 1215 809 1242 inde
825 1215 945 1250 colligat,

155 1260 231 1295 quod
247 1260 366 1288 lrenazus
392 1260 444 1287 hoc
467 1268 520 1287 non
537 1259 666 1293 ailirmat,
690 1268 752 1288 cum
771 1260 945 1294 Ptolemaici,

157 1305 292 1333 Valentini
302 1305 440 1340 discipuli,
449 1305 475 1332 in
486 1305 607 1341 ipsorum
617 1306 757 1334 sententia:
763 1307 947 1342 descriptione

157 1352 243 1379 solam
269 1351 403 1379 Ennceam
427 1352 508 1378 etiam
534 1351 664 1380 habuisse
689 1353 945 1388 deprehendantur,

157 1405 228 1432 quos
243 1404 334 1425 tamen
344 1396 480 1424 Valentini
490 1396 570 1432 Sigen
587 1398 725 1432 respuisse
736 1406 817 1425 nemo
826 1399 946 1426 aiIirma-

157 1443 218 1470 bit?
229 1442 310 1470 Certe
321 1450 404 1477 quam
417 1441 549 1470 Ennmam
565 1443 652 1470 solam
668 1444 703 1470 ibi
723 1443 883 1471 Ptolemaici
897 1452 946 1472 vo-

157 1493 231 1522 cant,
243 1489 368 1517 eamdem
387 1488 470 1516 etiam
484 1488 586 1516 Charin
603 1490 755 1525 appellasse
767 1489 944 1519 Ptolemaeum

156 1541 261 1564 certum
281 1535 390 1563 aliunde
403 1540 460 1569 est;
478 1536 537 1571 ipse
559 1536 632 1564 enim
658 1536 685 1563 in
700 1536 852 1572 fragmento
869 1538 942 1572 quod
961 1551 982 1580 ο

158 1583 310 1610 etiamnum
326 1582 398 1617 apud
424 1581 555 1610 lrenaeum
574 1587 672 1616 exstat,
687 1583 722 1610 de
739 1582 767 1610 S.
787 1583 893 1611 Joanne
906 1585 948 1612 lo-

156 1637 255 1663 quens,
279 1627 423 1663 Ἀκριϐὦς,
436 1628 542 1663 inquit,
565 1628 612 1656 καὶ
633 1628 682 1664 τὴν
705 1628 816 1664 πρώτην
831 1630 948 1666 ἐμήνυσε

159 1675 288 1711 τετράδα,
300 1675 409 1711 Πατέρα
425 1674 508 1701 εἰπὼν
521 1676 568 1702 καὶ
580 1675 678 1711 Χάριν,
692 1675 796 1702 καὶτὸν
809 1676 948 1713 Μονογενῆ

156 1721 204 1747 καὶ
225 1721 376 1756 Ἀλήθειαν.
395 1730 405 1746 ι
422 1720 570 1756 Diligenter
587 1721 669 1756 igitur
688 1721 808 1749 ostendit
832 1723 948 1757 primam

157 1769 410 1802 quaternationcm,
429 1765 536 1796 Patrem
558 1766 653 1794 dicens
675 1771 702 1794 et
722 1766 875 1799 Chariu,et
890 1767 948 1794 Mo-

156 1822 301 1849 nogenem,
318 1819 345 1842 et
357 1814 517 1843 Veritatem.
536 1825 545 1841 ι
558 1814 585 1842 In
602 1814 660 1851 ipsa
674 1813 836 1851 Genealogia
851 1813 950 1844 Valen-

157 1859 217 1891 tini,
231 1860 319 1893 capite
328 1860 435 1895 quinto,
453 1860 542 1895 primo
557 1861 618 1888 loco
626 1861 739 1895 ponitur
753 1860 825 1888 :Eon
842 1862 948 1896 primus

157 1904 210 1930 sub
237 1904 296 1931 solo
322 1905 434 1932 nomine
450 1905 594 1941 ’Λρρήτου,
614 1914 695 1941 quem
712 1911 807 1941 postea
825 1907 946 1941 quidem,

158 1949 205 1976 sed
220 1949 320 1984 obiter,
335 1950 430 1983 Βυθόν,
450 1959 504 1977 non
524 1951 659 1987 Ἄρῥητον
671 1953 806 1980 nominat.
820 1951 948 1980 Basilidis

161 1994 349 2030 genealogiam
372 1996 506 2030 integram
519 2004 573 2023 non
587 1997 711 2024 nominat
726 1997 845 2026 Irenaaus
859 2007 865 2024 :
885 2006 947 2026 nam

158 2044 227 2066 teste
242 2039 283 2066 Cl.
306 2040 490 2068 Alexandrino
513 2041 643 2069 Stromat.
668 2043 714 2070 lib.
736 2051 773 2076 ιν,
790 2043 948 2079 Βασιλείδης

158 2084 313 2116 ὑποστατὰς
328 2086 503 2122 Δικαιοσύνην
519 2096 548 2114 τε
571 2088 616 2114 καὶ
636 2088 685 2124 τὴν
709 2088 846 2125 θυγατέρα
864 2089 949 2125 αὐτῆς

156 2131 207 2166 τὴν
223 2130 342 2165 Εἰρήνην
356 2130 541 2166 ὑπολαμϐάνει
558 2133 586 2158 ἐν
612 2133 731 2166 Ὀγδοάδι
749 2134 840 2169 μένειν
858 2134 947 2161 διατε-

157 2175 306 2210 ταγμένας.
328 2184 336 2201 ι
356 2175 487 2205 Basilides
503 2183 594 2205 autem
611 2182 667 2205 tum
680 2178 829 2212 Justitiam,
846 2184 903 2208 tum
916 2180 948 2208 ii—

996 245 1146 281 λεγομένης
1158 245 1314 280 Γνωστικῆς
1330 244 1463 280 αἱρέσεως
1475 243 1525 275 τὰς
1541 242 1660 279 ἀρχαίας
1674 242 1717 273 εἰς
1732 241 1806 267 ἴδιον

997 290 1160 326 χαρακτῆρα
1176 289 1348 321 διδασκαλίας
1366 288 1542 325 μεθαρμόσας
1554 286 1644 318 οὕτως
1656 284 1806 321 ἐξηροφό-

999 343 1090 371 ρησεν.
1106 335 1165 362 Duo
1177 335 1240 362 hinc
1250 335 1284 362 ad
1298 335 1461 362 sententiam
1473 340 1553 361 suam
1568 331 1805 359 confirmandam

997 380 1085 414 a'iTcrt,
1100 387 1185 412 unum
1205 387 1221 407 a
1238 379 1419 414 dispositione
1432 377 1507 405 vocis
1530 376 1650 412 πρῶτος,
1671 375 1805 402 alterum

998 426 1032 453 ab
1058 425 1230 461 expositione
1254 425 1381 452 vocabuli
1413 423 1588 460 μεθαρμόσας
1603 443 1610 454 ,
1646 421 1803 449 inﬁrmum

997 476 1145 506 utrumque
1162 476 1189 499 et
1209 476 1345 499 coactum.
1373 469 1468 498 Priora
1487 469 1630 498 sententiae
1648 467 1738 495 verba
1760 467 1804 494 ita

997 519 1204 553 interpretatur,
1221 522 1252 545 ut
1269 527 1277 543 I
1296 517 1390 545 lrcnazi
1410 524 1488 544 mens
1503 516 1548 549 sit,
1565 515 1750 543 Valentinum
1764 522 1803 541 ex

997 564 1042 592 illa
1062 564 1255 592 Gnosticorum
1270 563 1367 591 haeresi
1387 563 1504 598 primum
1519 562 1616 593 fuisse,
1631 561 1681 596 qui
1694 568 1732 588 ex
1747 568 1801 587 ve-

997 609 1103 637 teribus
1126 609 1271 642 doctrinis,
1297 609 1331 636 ad
1354 616 1432 636 suam
1453 607 1571 635 formam
1599 607 1753 634 translatis
1771 611 1804 633 et

997 656 1106 691 aptatis,
1123 656 1195 691 quod
1208 655 1320 691 subjicit
1334 655 1433 691 dogma
1448 653 1683 682 tradiderit.»Hoc
1697 659 1801 681 autem

997 708 1027 731 ut
1045 703 1127 731 faciat
1145 703 1223 737 quasi
1240 702 1334 731 lrenaei
1347 702 1427 730 verba
1444 702 1500 729 haec
1519 701 1643 728 adducit.
1667 700 1802 728 Valenti-

996 758 1062 777 num
1073 759 1083 776 ι
1093 758 1125 777 ex
1140 749 1271 777 Gnostica
1287 749 1385 776 haeresi
1403 748 1522 784 primum
1539 747 1579 775 sic
1594 747 1772 779 deﬁnivisse,
1786 756 1797 772 ι

997 803 1138 831 perperam
1155 800 1182 823 et
1194 795 1299 823 dolose.
1314 794 1383 822 Tum
1396 789 1461 821 vero
1481 793 1635 826 Patavium,
1652 793 1800 828 interpre-

998 846 1051 869 tem
1069 841 1137 869 satis
1156 841 1310 874 eruditum,
1333 845 1361 868 et
1382 844 1447 867 tunc
1468 839 1601 875 temporis
1620 844 1708 872 certe,
1730 847 1799 866 cum

997 887 1145 915 Usseriana
1159 886 1281 914 nondum
1297 886 1475 921 prodiissent,
1496 885 1594 920 eﬂ'ugia
1613 885 1734 912 minime
1749 892 1799 912 co-

998 933 1141 968 gitantem,
1168 933 1287 968 sugillat.
1310 932 1414 960 Petavii
1437 932 1627 967 interpretatio
1647 932 1708 959 haec
1724 936 1795 959 est:

1001 989 1010 1005 ι
1022 979 1126 1006 Etenim
1138 979 1185 1015 qui
1197 987 1211 1006 a
1222 978 1414 1006 Gnosticorum
1427 978 1523 1005 hmresi
1538 978 1702 1013 deprompta
1717 985 1799 1013 quae-

999 1026 1061 1053 dam
1074 1025 1151 1053 initia
1160 1025 1266 1061 primus
1278 1024 1423 1060 peculiaris
1433 1024 1467 1052 ad
1482 1029 1562 1052 secta:
1571 1024 1691 1052 formam
1701 1029 1798 1052 trans-

1001 1072 1064 1099 tulit
1078 1070 1241 1099 Valentinus
1265 1071 1302 1098 ita
1325 1071 1429 1098 detinit.
1451 1079 1461 1108 ξ
1482 1070 1554 1104 Quid
1580 1070 1607 1097 in
1627 1070 1682 1097 hac
1705 1070 1796 1097 inter-

998 1117 1152 1153 pretatione
1169 1117 1210 1144 vir
1221 1117 1398 1144 doctissimus
1418 1115 1613 1151 reprehendit?
1635 1125 1645 1141 ι
1664 1115 1796 1148 Frustra,

998 1164 1099 1198 inquit,
1112 1163 1239 1190 Petavius
1256 1163 1339 1190 verba
1354 1163 1399 1189 illa
1415 1163 1470 1189 ἀπὸ
1484 1162 1536 1197 τῆς
1551 1162 1706 1198 λεγομένης
1720 1162 1796 1189 Γνω-

999 1208 1095 1244 στικῆς
1108 1208 1240 1244 αἱρέσεως
1249 1216 1312 1236 cum
1322 1208 1405 1235 verbo
1420 1208 1596 1243 μεθαρμόσας
1607 1208 1794 1242 conjungens,

999 1255 1040 1283 sic
1057 1255 1262 1289 interpretatur,
1280 1258 1311 1281 ut
1326 1254 1391 1281 velit
1407 1253 1582 1281 Valentinum
1600 1253 1720 1288 intelligi
1734 1253 1796 1280 illas

998 1301 1139 1328 doctrinas
1156 1309 1187 1328 ex
1205 1300 1397 1328 Gnosticorum
1418 1300 1516 1328 haeresi
1541 1299 1791 1335 deprompsisse?)

999 1346 1068 1379 Quid
1088 1347 1174 1374 vero?
1190 1354 1223 1374 an
1247 1347 1326 1374 aliter
1340 1346 1472 1374 lrenzeum
1490 1345 1666 1381 interpretari
1691 1346 1792 1381 potuit,

999 1401 1081 1429 quam
1099 1398 1129 1421 ut
1146 1394 1197 1421 illm
1208 1393 1339 1421 doctrinae
1357 1394 1486 1428 antiquae,
1499 1400 1569 1428 quas
1582 1393 1609 1419 in
1627 1400 1714 1421 suum
1729 1393 1794 1420 cha-

999 1445 1145 1474 racterem,
1165 1440 1222 1468 sive
1236 1440 1383 1475 peculiaris
1409 1443 1490 1468 sectae
1514 1439 1631 1466 formam
1649 1439 1794 1468 transtulit

1001 1485 1299 1519 Valentinus,aschola
1307 1491 1428 1514 veterum
1447 1485 1641 1513 Gnosticorum
1662 1486 1791 1521 deprom—

1001 1537 1054 1568 ptae
1068 1533 1144 1560 sint?
1154 1533 1195 1559 An
1214 1537 1321 1560 veteres
1333 1532 1385 1559 illae
1396 1532 1527 1559 doctrinm
1541 1531 1605 1558 alibi
1619 1539 1706 1565 quam
1721 1530 1793 1566 apud-

999 1578 1144 1606 Gnosticos
1166 1578 1326 1606 exstabant?
1351 1577 1469 1605 Dallaeus
1495 1577 1554 1612 ipse
1579 1576 1671 1611 ipsam
1700 1583 1792 1603 rerum

999 1625 1095 1652 silvam
1109 1629 1190 1660 atque
1200 1625 1395 1657 materiam,ex
1411 1632 1464 1659 qua
1478 1623 1641 1651 Valentinus
1654 1631 1707 1650 sua
1721 1631 1793 1650 com-

1000 1669 1102 1703 posuit,
1116 1669 1188 1704 apud
1206 1669 1371 1697 vetustiores
1395 1668 1541 1696 Gnosticos
1555 1668 1642 1696 fuisse
1653 1669 1789 1696 concedit.

999 1714 1046 1742 liia
1057 1719 1148 1742 autem
1158 1722 1248 1742 rerum
1259 1715 1325 1742 silva
1338 1719 1421 1749 atque
1430 1714 1545 1741 materia
1554 1722 1589 1741 an
1598 1714 1706 1749 aliquid
1720 1714 1790 1741 aliud

999 1761 1123 1793 fuerunt.
1139 1769 1221 1796 quam
1241 1761 1361 1796 antiqua:
1379 1760 1530 1788 doctrinae?
1543 1765 1588 1788 aut
1604 1760 1720 1788 aliunde
1733 1760 1790 1787 illas

1000 1808 1140 1837 transtulit
1152 1807 1325 1840 Valentinus,
1341 1814 1424 1844 quam
1440 1815 1473 1836 ex
1488 1807 1533 1834 illa
1560 1807 1661 1835 haeresi
1688 1807 1716 1834 in
1739 1814 1790 1842 qua

999 1855 1164 1883 exstabant?
1179 1855 1251 1882 Nihil
1266 1855 1310 1882 hic
1326 1855 1467 1882 innovavit
1480 1854 1622 1886 Petavius,
1648 1853 1698 1881 sed
1723 1853 1788 1881 idem

999 1902 1112 1929 omnino
1126 1902 1227 1934 voluit,
1245 1900 1318 1936 quod
1338 1907 1435 1927 omnes
1448 1905 1512 1928 ante
1533 1907 1597 1927 eum
1615 1899 1789 1935 interpretes,

1000 1948 1105 1979 Biiiius.
1119 1947 1277 1981 Carnarius,
1292 1947 1387 1980 Vetus,
1407 1947 1563 1979 voluerunt,
1575 1946 1651 1981 quod
1663 1946 1789 1977 lrenaws,

1000 1994 1193 2028 Tertullianus,
1209 1994 1388 2029 Epiphanius,
1408 1993 1600 2021 Theodoretus
1629 1992 1788 2020 docuerant.

999 2040 1076 2067 Certe
1094 2047 1155 2067 cum
1173 2039 1300 2073 Dallaeus,
1316 2044 1346 2066 ut
1361 2047 1393 2067 ea
1407 2039 1488 2067 verba
1504 2039 1558 2066 ἀπὸ
1573 2039 1625 2074 τῆς
1641 2039 1791 2074 λεγομένης

999 2086 1153 2121 Γνωστικῆς
1179 2086 1312 2122 αἱρέσεως
1333 2095 1348 2113 a
1378 2094 1445 2114 voce
1478 2086 1660 2122 μεθαρμόσας
1687 2090 1790 2121 separet

1000 2136 1081 2166 atque
1095 2132 1246 2166 disjungat,
1261 2133 1355 2159 eadem
1373 2141 1434 2160 cum
1455 2140 1522 2160 voce
1543 2133 1657 2169 πρῶτος
1677 2134 1790 2169 conjun-

999 2178 1053 2212 git,
1072 2182 1099 2204 et
1118 2187 1127 2204 (
1149 2177 1269 2212 primum
1287 2187 1297 2204 ι
1314 2179 1471 2206 immediate
1492 2184 1554 2213 post
1569 2187 1601 2207 ea
1619 2180 1717 2213 verba,
1731 2190 1741 2206 ι
1758 2189 1788 2208 ex

159 2220 222 2246 liam
238 2220 298 2254 ejus
317 2219 414 2248 Pacem
423 2222 501 2256 quasi
514 2223 694 2252 subsistentes
710 2229 788 2259 putat
801 2225 829 2252 in
847 2227 948 2261 ogdoa-
963 2231 986 2259 ι)
1001 2223 1130 2251 Gnostica
1153 2223 1261 2257 haeresi,
1281 2234 1290 2250 ι
1308 2225 1399 2259 ponit,
1420 2229 1451 2251 ut
1469 2233 1526 2252 suae
1542 2225 1692 2261 hypothesi
1712 2227 1790 2254 inser-

158 2266 192 2292 de
206 2273 318 2292 manere
331 2266 480 2301 dispositas
491 2277 516 2301 ;›
531 2276 600 2303 quas
611 2270 683 2304 apud
703 2269 834 2298 lrenaum
846 2271 946 2299 frustra

159 2319 278 2345 quaeras.
301 2311 341 2338 Ex
366 2313 533 2347 imperfectis
559 2315 642 2349 igitur
663 2320 691 2343 et
711 2316 860 2345 decurtatis
875 2318 947 2352 apud

161 2357 293 2384 Irenaeum
308 2362 430 2385 veterum
443 2359 635 2388 Gnosticorum
653 2363 820 2398 genealogiis
841 2364 947 2399 negati-

160 2411 224 2430 vum
248 2408 439 2438 argumentum
462 2411 536 2433 recte
552 2406 664 2434 formari
680 2416 734 2435 non
756 2414 853 2443 potest.
873 2410 948 2438 Prae-

160 2448 255 2475 sertim
269 2456 331 2475 cum
348 2449 374 2476 in
390 2449 436 2476 illa
452 2449 579 2477 Basilidis
589 2455 616 2478 et
631 2451 774 2486 Ennozam,
786 2455 842 2482 sive
854 2454 946 2490 Sigen,

160 2493 256 2529 Logou
272 2493 354 2520 etiam
373 2494 475 2522 diserte
488 2495 638 2523 habeamus
655 2497 815 2533 descriptOs.
827 2500 854 2526 ln
868 2509 948 2536 syzy-

161 2539 214 2574 giis
236 2539 356 2568 Simonis
382 2541 433 2568 fuit
454 2542 542 2577 φωνή,
558 2550 638 2576 quam
657 2543 782 2579 discipuli
799 2546 859 2580 ejus
887 2553 949 2582 post

161 2585 265 2612 editum
282 2584 310 2612 S.
325 2585 439 2614 Joannis
454 2587 631 2622 Evangelium
644 2593 783 2618 verterunt
793 2591 820 2618 in
843 2592 929 2626 Λόγον
940 2614 947 2626 ,

161 2633 189 2656 et
213 2636 261 2656 eos
275 2635 384 2658 secutus
402 2636 445 2659 est
460 2631 601 2659 Basilides.
621 2632 690 2660 Nam
702 2636 775 2670 quod
802 2635 948 2665 Basilidem

162 2674 228 2701 velit
243 2673 358 2702 Dallaeus
373 2680 435 2703 ante
446 2681 560 2704 mortem
573 2677 668 2713 lgnatii
683 2679 797 2707 haeresin
807 2688 884 2708 suam
894 2690 947 2709 non

162 2719 329 2754 divulgasse,
343 2729 404 2748 cam
426 2723 588 2750 sententiam
602 2725 729 2759 proximo
742 2726 831 2760 capite
843 2726 948 2754 refuta«

163 2764 265 2792 bimus.

200 2809 320 2839 Tertium
335 2813 374 2839 illi
386 2818 577 2848 argumentum
592 2823 625 2842 ex
639 2815 730 2844 verbis
742 2815 836 2844 lrenaei
853 2817 912 2853 (lib.
927 2826 947 2850 ι,

165 2862 190 2882 c.
205 2855 233 2891 5)
247 2857 323 2892 prius
335 2865 350 2885 a
364 2858 503 2888 Blondello
513 2861 635 2896 vexatis;
651 2866 677 2890 et
689 2862 723 2890 ad
742 2862 815 2891 illius
830 2868 947 2892 tuentem

1000 2269 1066 2302 viat,
1085 2270 1176 2297 omnia
1197 2270 1276 2304 plane
1297 2270 1449 2300 confundit.
1462 2270 1531 2298 Nam
1547 2271 1593 2298 illa
1606 2279 1662 2299 vox
1674 2273 1787 2309 πρῶτος,

999 2322 1031 2341 ex
1052 2320 1142 2342 mente
1163 2314 1272 2349 lrenaei,
1289 2324 1344 2344 tton
1362 2317 1396 2344 ad
1417 2317 1532 2345 hieresin
1549 2317 1730 2353 Gnosticam,
1746 2320 1787 2347 sed

1000 2362 1055 2389 alio
1069 2361 1187 2389 refertur
1199 2371 1206 2389 :
1220 2362 1254 2389 ad
1268 2363 1386 2398 priorem
1410 2363 1514 2391 scilicet
1528 2365 1711 2398 sententiam,
1739 2374 1788 2393 non

999 2411 1168 2442 sequentem.
1188 2408 1301 2444 Ἰδωμεν
1309 2408 1357 2435 νῦν
1366 2409 1413 2435 καὶ
1423 2409 1470 2445 τὴν
1481 2409 1584 2437 τούτων
1594 2410 1715 2438 ἄστατον
1726 2411 1788 2446 γνώ-

1001 2462 1053 2489 μην
1067 2454 1114 2480 δύο
1131 2463 1181 2481 που
1198 2455 1244 2481 καὶ
1261 2454 1344 2491 τριῶν
1359 2455 1454 2488 ὄντων,
1469 2456 1507 2488 ὠς
1519 2458 1585 2492 περὶ
1599 2456 1649 2483 τοῦ
1666 2458 1748 2486 αὑτοῦ
1762 2458 1788 2484 οὐ

999 2499 1034 2526 τὰ
1053 2499 1122 2527 αὐτὰ
1132 2500 1266 2534 λέγουσιν,
1282 2501 1350 2528 ἀλλὰ
1368 2503 1424 2533 τοῖς
1438 2502 1585 2538 πράγμασι
1601 2504 1651 2530 καὶ
1668 2505 1724 2537 τοῖς
1737 2505 1787 2531 ὀνό-

1001 2554 1082 2580 μασιν
1093 2546 1200 2573 ἐναντία
1218 2547 1405 2582 ἀποφαίνουσι.
1425 2557 1435 2573 ι
1450 2547 1600 2577 Videamus
1612 2558 1691 2578 nunc
1704 2556 1730 2579 et
1743 2552 1786 2579 ho-

999 2599 1071 2625 rum,
1089 2592 1217 2627 (quorum
1234 2593 1387 2620 doctrinam
1403 2594 1493 2628 primo
1510 2595 1601 2630 capite
1622 2596 1737 2625 dederat
1747 2605 1786 2625 ex-

999 2637 1152 2672 plicatam),
1169 2639 1370 2668 inconstantem
1385 2642 1565 2675 sententiam,
1585 2650 1651 2670 cum
1669 2645 1724 2671 sint
1738 2645 1784 2671 duo

1001 2683 1041 2709 vel
1057 2688 1122 2715 tres,
1134 2685 1364 2718 quemadmodum
1379 2687 1413 2714 de
1432 2688 1536 2716 eisdem
1553 2696 1612 2716 non
1633 2691 1732 2718 eadem
1749 2690 1785 2718 di-

1000 2731 1142 2763 cunt;sed
1160 2735 1187 2758 et
1200 2732 1357 2760 nominibus
1371 2738 1398 2760 et
1417 2734 1501 2763 rebus
1517 2740 1662 2764 contraria
1683 2745 1784 2772 respon-

1000 2775 1073 2802 dettt.
1094 2786 1103 2801 ι
1133 2776 1161 2803 '0
1174 2777 1222 2812 μὲν
1239 2778 1293 2814 γὰρ
1318 2779 1436 2815 πρῶτος,
1452 2789 1461 2806 ι
1477 2779 1530 2813 Qui
1555 2782 1631 2809 enim
1648 2784 1760 2817 primus.
1773 2792 1781 2808 ι

1001 2820 1042 2854 (ut
1059 2821 1123 2848 satis
1139 2822 1252 2850 fideliter
1268 2825 1384 2852 reddidit
1396 2829 1474 2853 vetus
1487 2826 1638 2863 interpres)
1653 2836 1690 2855 ex
1702 2829 1785 2864 paucis

1001 2866 1064 2900 illis,
1081 2868 1185 2897 scilicet
1199 2869 1305 2899 duobus
1324 2871 1364 2899 vei
1377 2872 1475 2905 tribus,
1490 2880 1611 2907 quorum
1629 2876 1784 2904 sententiam
