1850 3072
42 161 84 188 333
441 162 465 191 Ι.
480 162 661 191 PEARSONII
679 161 841 190 lechl‘E
868 160 1080 190 IGNATIANE.
1101 177 1135 183 —
1148 161 1239 189 PARS
1257 161 1290 189 ll.

1627 165 1679 193 534

42 222 124 257 primo
134 221 226 258 capite
242 224 418 258 complexus
439 229 491 257 est,
505 223 678 258 Valentinus,
694 223 836 256 nimirum,
853 230 876 257 Α
890 222 936 249 sed
949 227 978 249 ut
990 222 1023 250 iis
1037 222 1200 250 sententiam
1214 230 1293 250 suam
1303 221 1680 258 illustrarent.Dediscipulis

42 270 115 302 (nam
140 269 174 296 de
187 268 401 298 Valentinianis
414 276 440 298 et
453 271 589 306 praacipue
613 269 788 298 Ptolemaicis
806 277 839 297 co

41 316 128 351 capite
138 323 223 351 agere
236 316 413 350 instituerat,
429 324 548 351 quorum
571 317 735 345 sententiam
749 316 839 344 ἀπάν-

41 363 126 398 θιξμα
142 363 197 399 τῆς
221 363 402 390 Οὐαλεντίνου
414 363 511 399 σχολῆς
525 364 651 399 appellat)
661 373 670 390 ι
680 371 695 391 a
708 364 837 392 Gnostica

41 409 137 436 haresi
152 410 286 444 antiquas
298 409 326 436 in
338 410 478 445 proprium
496 410 682 438 characterem
697 411 838 439 doctrinas

44 455 232 488 transferens,
243 456 333 488 οὕτως
342 456 542 493 ὲξηροφόρησε.
550 467 559 483 ι
568 457 704 494 Corrupta
718 466 782 490 vox,
795 459 836 486 inv

40 501 99 536 quit
114 501 267 535 Petavius,
292 503 320 530 in
345 510 398 537 qua
421 501 616 530 divinationem
641 504 758 539 experiri
782 512 837 532 non

40 553 130 575 vacat.
153 548 212 576 Pro
233 556 266 576 ea
278 549 363 584 igitur
374 549 438 584 legit
458 548 646 578 llammondus
661 550 835 587 ἐξεφόρησεν,

38 593 153 622 lsaacus
166 594 284 623 Vossius
296 594 391 622 leviori
406 596 556 624 mutatione
567 596 761 633 ὲληροφόρησε.
782 597 835 625 Sed

37 639 137 667 Billius
154 645 237 676 putat
253 646 371 670 veterem
389 641 561 677 interpretem
577 643 676 678 legisse
696 643 759 679 ἔφη.
780 644 836 680 Ego

37 686 130 721 potius
138 687 272 714 existimo
286 693 405 716 veterem
421 689 594 726 interpretem
608 698 669 717 eam
682 699 764 726 quam
779 692 837 726 ipse

38 733 105 768 legit
122 741 223 761 vocem
238 734 350 762 minime
364 734 542 770 intellexisse,
558 737 674 772 ideoque
695 738 834 773 omisisse,

37 778 113 812 quod
129 779 157 806 id
171 779 253 807 salvo
264 787 346 807 sensu
364 780 423 808 ﬂeri
437 781 557 816 potuisse
568 781 686 817 putavit.
698 781 834 811 Vetustis—

38 824 139 851 simam
154 825 243 860 igitur
261 825 405 853 lectionem
419 826 508 854 sentio
524 826 609 855 fuisse
619 827 834 864 ὲξηροφόρησεν,

38 878 64 898 et
75 871 200 899 fortasse
215 872 251 899 ab
267 872 328 907 ipso
342 872 446 900 lrenazo
457 873 607 908 profectam
619 883 626 906 ;
640 882 703 901 nam
716 874 834 910 ξηροφα-

39 919 95 952 ρέῖν
120 918 195 945 idem
215 917 371 953 significare
399 923 488 954 potest
511 920 584 955 quod
595 920 697 955 aliquid
706 928 835 949 enarrare

38 964 137 1000 ξηραῖς
159 965 280 998 λέξεσιν,
295 969 324 992 ιιι
343 964 431 993 Graeci
446 965 608 1001 loquuntur.
623 965 768 1002 Utcunque
787 967 832 998 sit.

38 1010 204 1039 Valentinus
215 1011 260 1038 hic
275 1011 434 1038 nominatur
445 1016 474 1038 ut
483 1019 578 1039 eorum
592 1013 706 1047 primus,
716 1021 833 1047 quorum

38 1058 209 1085 sententiam
224 1057 345 1086 [renatus
367 1057 518 1086 tradiderat
533 1065 540 1084 :
558 1059 692 1086 asseritur
707 1067 770 1087 eum
784 1067 834 1087 an-

39 1104 132 1138 tiquas
148 1103 296 1131 doctrinas
311 1111 345 1131 ex
364 1104 461 1132 haeresi
479 1104 609 1132 Gnostica
627 1105 654 1132 in
668 1113 748 1133 suum
768 1105 834 1133 cha-

38 1154 174 1177 racterem
187 1150 378 1184 transtulisse;
387 1150 501 1186 ejusque
513 1151 656 1179 character
668 1152 760 1179 statim
772 1152 834 1180 bre-

38 1197 106 1225 viter
121 1197 289 1232 explicatur,
305 1198 334 1225 in
346 1206 401 1233 quo
416 1198 508 1233 aliqua
521 1206 555 1226 ex
571 1198 711 1227 Gnosticis
733 1199 832 1227 hausta

39 1244 228 1279 reperiuntur.
247 1243 369 1273 Tandem
387 1245 461 1273 clare
477 1246 642 1281 perspicitur
656 1254 740 1282 quam
759 1246 833 1274 inlir-

39 1298 113 1317 mum
129 1290 167 1317 sit
181 1289 276 1318 llallzei
289 1295 480 1326 argumentum
492 1299 525 1318 ex
540 1299 607 1320 voee
624 1292 732 1328 πρῶτος
747 1293 832 1321 dedu-

40 1342 123 1364 ctum.
130 1346 140 1362 ι
147 1336 178 1364 Si
188 1337 257 1370 haec,
266 1337 364 1372 inquit,
373 1336 533 1365 Valentinus
540 1345 573 1365 ex
580 1337 718 1366 Gnosticis
725 1339 831 1374 primus

41 1381 176 1414 detinivit,
187 1387 260 1410 certe
269 1383 363 1411 nullus
372 1388 435 1411 ante
449 1391 511 1411 eum
527 1383 675 1412 Gnosticus
683 1385 725 1412 sic
738 1385 833 1412 delini-

41 1433 123 1456 verat.
139 1428 236 1464 Logon
251 1429 319 1456 adeo
327 1437 359 1457 ex
371 1429 434 1465 Sige
448 1429 642 1458 fructificatum
651 1431 736 1466 (quod
745 1440 830 1460 unum

41 1477 79 1500 est
92 1481 126 1501 ex
140 1474 195 1501 illis
211 1474 252 1502 sic
265 1482 281 1501 a
294 1474 440 1502 Valentino
451 1475 581 1511 deﬁnitis)
591 1483 672 1504 nemo
685 1481 749 1504 ante
766 1485 830 1505 eum

41 1518 188 1547 Giiosticus
207 1520 381 1548 deliraverat.
401 1530 410 1547 ι
426 1520 526 1551 Nititur
539 1522 613 1550 enim
629 1522 830 1558 interpretatio-

41 1572 81 1598 ne,
96 1573 160 1601 quae
181 1566 348 1594 sententiam
371 1566 466 1595 lrenaei
488 1568 556 1596 mire
579 1569 733 1604 confundit,
748 1574 776 1597 et
795 1571 830 1598 ab
843 1579 864 1608 ρ

41 1611 96 1645 ejus
113 1616 206 1640 mente
228 1620 342 1647 prorsus
363 1614 452 1641 aliena
466 1619 508 1642 est
523 1623 531 1641 :
546 1620 575 1643 et
593 1615 689 1643 statuit
706 1625 716 1641 ‹
733 1616 827 1652 Logon

41 1666 70 1685 ex
87 1658 151 1694 Sige
167 1658 363 1688 fructiﬁcatum
379 1670 389 1686 ι
406 1667 467 1689 esse
481 1669 565 1689 unum
581 1670 614 1690 ex
626 1662 680 1690 illis
694 1670 710 1690 a
730 1662 829 1690 Valen-

41 1705 95 1731 tino
109 1706 244 1738 delinitis,
266 1714 329 1733 cum
344 1705 506 1735 Valentinus
521 1715 576 1735 non
594 1708 667 1736 dicat
690 1707 781 1744 Logon
794 1717 828 1736 ea

43 1750 110 1787 Sige,
129 1752 177 1780 sed
194 1761 204 1778 ‹
223 1760 255 1780 ex
269 1753 357 1788 prima
374 1753 478 1781 tetrade
491 1753 698 1789 fructificatum,
719 1756 769 1782 »ὲκ
779 1756 828 1791 τῆς

42 1798 169 1833 τετράδος
189 1798 292 1834 ταύτης
310 1800 558 1836 καρποφορείσθαι,
580 1801 663 1836 idque
678 1809 734 1831 non
755 1803 828 1838 quod

43 1852 56 1870 a
72 1843 145 1880 Sige,
162 1845 209 1872 sed
224 1845 298 1880 quod
314 1845 350 1873 ab
363 1845 470 1873 Alethia
484 1847 603 1875 emissus
623 1853 706 1882 esset,
726 1857 787 1884 qua:
802 1850 828 1876 in

42 1890 132 1917 eaJem
156 1889 263 1918 tetrade
278 1895 341 1926 post
356 1890 438 1926 Sigen
455 1891 516 1918 fuit.
533 1891 594 1919 Non
606 1898 698 1921 autem
717 1893 776 1922 haec
791 1893 828 1922 ita

43 1936 232 1973 intelligimus,
248 1942 277 1965 ut
288 1938 363 1966 nulla
379 1938 432 1965 alia
448 1938 571 1966 doctrina
585 1939 613 1966 in
622 1939 758 1967 Valentini
768 1941 830 1968 cha-

43 1990 143 2012 ractere
153 1984 354 2018 contineretur,
373 1988 470 2020 praeter
495 1985 623 2020 antiquas
639 1985 701 2014 illas
725 1995 739 2013 a
755 1986 830 2015 Gno—

45 2031 118 2059 sticis
142 2031 270 2065 haustas,
299 2036 348 2059 aut
365 2031 440 2059 illius
463 2031 575 2060 haeresis
601 2033 670 2060 nihil
693 2032 831 2061 Gnostica:

42 2077 134 2106 haeresi
150 2078 297 2105 addiderit.
319 2077 422 2106 Fabula
439 2078 548 2114 triginta
569 2078 689 2107 Eanum
710 2080 749 2108 illi
764 2088 829 2115 pro-

41 2127 97 2159 pria
115 2125 180 2159 fuit,
204 2125 309 2153 decada
337 2130 365 2153 et
387 2124 558 2159 duodecada,
585 2126 695 2161 opinor,
718 2126 828 2162 adjecit.

43 2171 159 2200 Primam
174 2171 299 2207 ogdoada
315 2172 373 2207 ipse
383 2179 439 2199 non
450 2173 624 2208 excogitavit,
639 2173 686 2201 sed
702 2181 716 2200 a
732 2173 830 2201 veteri-

43 2217 89 2246 bus
99 2218 221 2253 accepit,
238 2218 364 2246 ordinem
381 2223 488 2246 tantum
504 2219 631 2247 secundae
646 2219 758 2247 tetradis
769 2228 830 2247 mu-

890 267 975 296 Marci
996 268 1066 296 idem
1090 269 1148 296 hac
1169 269 1263 302 tradit,
1285 268 1334 296 lib.
1349 276 1370 301 ι.
1386 269 1479 296 0.17:
1498 269 1576 296 Ἐνια
1588 270 1617 296 δὲ
1634 271 1681 297 καὶ

889 314 944 342 τῶν
959 315 989 342 ὲν
1011 314 1050 350 τῷ
1064 315 1223 350 Εὑαγγελίῳ
1237 315 1371 351 κειμένων
1385 316 1425 346 εἰς
1434 315 1527 342 τοῦτον
1539 315 1584 343 τὸν
1598 325 1680 352 χαραμ

890 363 978 398 κτῆρα
993 361 1218 398 μεθαρμόζουσιν.
1233 371 1243 388 ι
1258 361 1387 395 Quaedam
1406 367 1497 390 autem
1509 371 1604 391 eorum
1619 372 1680 399 qua:

890 409 917 436 in
943 408 1091 445 Evangelio
1114 409 1203 444 posita
1234 413 1308 442 sunt,
1332 409 1358 436 in
1388 409 1462 437 hunc
1489 410 1677 438 characterem

888 456 1101 490 transﬂgurant;
1113 465 1122 481 ι
1131 463 1185 483 non
1196 460 1225 483 ut
1242 454 1419 490 Evangelium
1430 458 1618 489 emendarent,
1631 462 1679 484 aut

890 501 970 528 verba
985 501 1044 536 ejus
1074 505 1222 533 mutarent,
1244 501 1292 529 sed
1316 506 1346 528 ut
1369 509 1426 529 sua;
1445 502 1577 530 doctrinae
1594 503 1676 530 verba

887 547 1043 582 evangeliea
1059 547 1221 576 insererent.
1237 547 1309 575 Idem
1328 547 1362 576 de
1380 547 1578 578 Valentinianis
1593 551 1676 578 etiam

889 595 950 623 aliis
958 595 1048 623 verbis
1057 595 1147 627 docet,
1159 596 1238 631 cap.l
1252 604 1258 622 :
1272 596 1326 622 Καὶ
1338 595 1366 622 ἐν
1376 595 1490 624 ἕκαστον
1503 597 1558 624 τῶν
1566 599 1677 635 simni-

887 649 940 667 νων
957 641 1072 676 ἄραντες
1087 641 1141 668 ἀπὸ
1155 641 1205 676 τῆς
1222 641 1351 676 ἀληθείας
1371 642 1416 669 καὶ
1437 644 1676 680 καταχρησάμενοι

887 688 944 718 τοῖς
959 687 1087 722 ὀνόμασιν
1101 687 1141 719 εἰς
1153 688 1202 722 τὴν
1211 687 1277 714 ἰδίαν
1289 688 1416 715 ὑπόθεσιν
1428 689 1603 724 μετήνεγναν.
1619 700 1629 716 ς
1643 689 1676 717 Ει

889 734 1102 769 unumquodque
1114 741 1210 762 eorum
1231 743 1292 770 qua:
1311 734 1383 762 dicta
1405 741 1469 762 sunt
1487 736 1525 770 (in
1540 737 1675 772 principio

887 779 1025 816 Evangelii
1043 780 1072 808 S.
1093 779 1217 815 Joannis)
1233 780 1389 809 auferentes
1405 789 1420 808 a
1435 782 1557 816 veritate,
1570 787 1597 810 et
1607 783 1676 810 abu-

891 830 978 854 tentes
993 826 1151 854 nominibus
1173 827 1200 854 in
1215 835 1292 855 suam
1304 828 1566 862 argumentationem
1584 834 1675 858 trans-

888 873 1018 900 tulerunt.
1049 882 1058 898 ›
1085 872 1232 900 Enimvero
1259 874 1375 901 assertio
1401 874 1481 902 tertia
1507 877 1674 911 argumentis

887 918 990 946 nostris
1004 917 1071 945 satis
1085 917 1257 951 conﬁrmata,
1273 923 1300 945 et
1315 918 1350 945 ab
1372 917 1574 953 objectionibus
1590 921 1673 948 Blon-

885 962 1011 990 dellianis
1032 967 1115 998 atque
1128 961 1274 991 Dallmanis
1290 963 1417 997 liberata,
1433 970 1524 992 manet
1540 965 1675 994 hactenus

886 1008 1061 1042 inconcussa,
1082 1009 1153 1036 hanc
1169 1009 1256 1044 ipsam
1270 1009 1398 1043 haeresin,
1420 1018 1502 1046 quam
1514 1011 1610 1039 volunt
1624 1021 1675 1040 au-

885 1059 988 1082 ctorem
1007 1055 1129 1090 epistolae
1143 1056 1177 1083 ad
1186 1055 1378 1091 Magnesia‘nos
1392 1058 1558 1093 respexisse,
1575 1058 1674 1086 Valen-

886 1101 943 1129 tino
955 1102 1136 1137 antiquiorem
1146 1102 1242 1136 fuisse,
1254 1107 1283 1131 ct
1297 1112 1313 1131 a
1325 1104 1522 1132 vetustioribus
1535 1104 1674 1134 Gnosticis

884 1147 1050 1181 derivatam;
1069 1148 1164 1176 saltem
1182 1153 1318 1184 quatenus
1336 1148 1466 1177 ineorum
1479 1150 1673 1178 Gnosticorum

884 1193 992 1229 syzygia
1006 1194 1094 1229 prima
1106 1194 1189 1222 fuerit
1201 1195 1274 1231 Sige,
1284 1196 1311 1224 in
1324 1195 1448 1224 inferiori
1463 1201 1553 1224 autem
1564 1198 1673 1233 syzygia

884 1238 992 1275 Logos;
1012 1241 1083 1276 quod
1099 1246 1155 1269 tam
1171 1242 1243 1269 valet
1260 1242 1294 1269 ad
1312 1250 1344 1270 ea
1359 1242 1441 1271 verba
1458 1243 1508 1269 οὐκ
1520 1243 1574 1270 ἀπὸ
1590 1244 1673 1280 Σιγῆς

884 1286 1032 1322 προελθών,
1059 1295 1093 1315 ex
1118 1295 1213 1316 eorum
1242 1293 1334 1317 mente
1358 1290 1575 1325 interpretanda,
1588 1299 1672 1326 quam

881 1333 991 1368 propria
1006 1332 1141 1362 Valentini
1154 1334 1277 1362 haeresis.

1179 1401 1294 1430 CAPUT
1316 1402 1372 1430 Vll.

883 1446 987 1485 Quarta
1002 1448 1114 1485 assertio
1135 1449 1303 1485 proponitur,
1319 1450 1428 1484 probari
1443 1455 1515 1476 certo
1531 1457 1582 1476 non
1595 1458 1671 1485 posse

916 1483 988 1517 ipso;
1008 1482 1141 1519 Valentini
1155 1492 1256 1511 errores
1284 1482 1390 1519 [gnatio
1415 1485 1497 1519 fuisse
1508 1482 1614 1519 penitus
1629 1486 1672 1512 in-

916 1518 1043 1555 cognitas.
1067 1517 1142 1545 Fieri
1156 1519 1273 1555 potuisse
1293 1517 1321 1546 ut
1342 1517 1464 1555 lgnatius
1493 1517 1670 1555 gbgnosceret,

915 1554 1043 1588 probatur
1055 1561 1087 1580 ea:
1097 1558 1180 1590 gelata
1198 1553 1330 1581 Valentini
1344 1553 1402 1581 cum
1415 1555 1465 1582 illa
1487 1553 1672 1590 S.Polycarpi

916 1593 1088 1626 comparata;
1097 1588 1265 1626 Valentinum
1273 1595 1330 1624 post
1339 1590 1477 1626 Anicetum
1485 1588 1671 1626 vixisse—nega-

915 1629 967 1651 tur.
975 1624 1059 1662 Locus
1067 1624 1226 1662 Tertulliani
1232 1625 1374 1662 excutitur.
1385 1625 1514 1662 Blondelli
1519 1624 1671 1662 argumento

916 1660 1097 1693 respondetur.
1115 1660 1267 1695 Antiquitas
1288 1660 1483 1688 Valentiniano:
1497 1660 1623 1689 hereseos
1638 1669 1671 1689 ea:

914 1700 1028 1722 velorum
1047 1696 1223 1722 monumentis
1249 1696 1365 1722 eruitur.
1392 1695 1430 1722 De
1447 1700 1524 1723 relate
1538 1696 1670 1724 Basilidis

914 1738 974 1771 cunt
992 1730 1271 1771 Dalltzoaitputatur.
1288 1730 1358 1771 Ιξιιηι
1387 1731 1497 1771 nterea-in
1522 1732 1670 1771 su_am_do-

915 1766 1001 1792 cuiue
1015 1771 1076 1801 ante
1088 1765 1200 1792 Adriani
1215 1767 1355 1801 imperium
1370 1767 1527 1794 ostenditur.
1542 1766 1671 1795 Testimo-

915 1801 967 1827 niis
982 1809 999 1827 a
1013 1800 1117 1828 Dallao
1127 1801 1249 1828 adductis
1262 1802 1319 1836 fure
1338 1802 1518 1836 respondetur.

917 1845 946 1874 Si
962 1846 1024 1882 quis
1039 1851 1129 1874 tamen
1141 1854 1192 1875 nec
1208 1847 1251 1874 his
1267 1847 1440 1882 acquiescat,
1453 1852 1479 1875 et
1496 1846 1670 1876 Valentinum

881 1893 970 1928 ipsum
983 1892 1017 1920 ab
1031 1897 1143 1921 auctore
1153 1892 1278 1928 epistolae
1289 1893 1404 1928 petitum
1419 1894 1493 1928 velit,
1508 1902 1542 1922 ne
1555 1895 1596 1923 sic
1608 1895 1670 1931 qui~

881 1939 943 1966 dem
958 1946 1003 1966 res
1025 1938 1174 1966 secundum
1190 1939 1354 1967 sententiam
1382 1940 1602 1968 adversariorum
1618 1942 1670 1970 erit

881 1984 1020 2019 confecta;
1036 1985 1126 2013 adhuc
1140 1985 1214 2012 enim
1229 1989 1315 2013 restat
1333 1990 1432 2022 quarta
1449 1987 1577 2020 assertio,
1595 1987 1669 2016 scili-

880 2036 941 2059 cet:
959 2031 1072 2060 Probari
1097 2037 1173 2060 certo
1204 2041 1259 2060 non
1284 2039 1381 2068 posse,
1415 2032 1502 2068 ipsius
1531 2032 1671 2061 Valentini

880 2086 988 2107 errores
1003 2079 1107 2114 lgnatio
1124 2080 1239 2115 martyri
1265 2079 1351 2108 fuisse
1365 2080 1475 2115 penitus
1502 2081 1670 2116 incognitos.

881 2123 998 2152 Haeresis
1010 2124 1146 2152 Valentini
1157 2132 1173 2151 a
1185 2124 1322 2152 veteribus
1336 2124 1402 2152 satis
1417 2125 1540 2160 exposita
1549 2130 1605 2159 est;
1614 2125 1671 2153 vita

880 2171 941 2206 ejus
951 2175 978 2198 et
995 2171 1110 2198 historia
1122 2171 1210 2206 magis
1228 2170 1344 2199 incerta.
1357 2170 1397 2198 Ex
1408 2171 1444 2199 iis
1454 2171 1578 2206 profecto
1594 2176 1671 2199 vete-

881 2224 941 2243 rum
958 2216 1144 2244 monumentis
1160 2224 1220 2251 qua:
1237 2221 1395 2251 supersunt,
1409 2221 1485 2244 certo
1504 2216 1595 2252 colligi
1614 2225 1670 2244 non

42 2264 121 2297 tavit;
141 2263 169 2290 in
183 2271 240 2298 quo
254 2263 338 2298 aliqui
351 2263 437 2298 ipsius
448 2264 574 2300 discipuli
591 2272 653 2292 eum
677 2265 762 2292 secuti
774 2273 828 2292 non
845 2262 867 2289 D
882 2267 983 2297 potest,
1008 2266 1062 2289 tam
1086 2269 1149 2290 sero
1174 2261 1350 2290 Valentinum
1368 2263 1482 2295 vixisse,
1503 2267 1551 2290 aut
1568 2263 1594 2291 in
1609 2271 1670 2291 eam

43 2315 111 2338 sunt.
139 2311 169 2337 ln
191 2310 238 2337 illa
263 2310 386 2345 ogdoade
400 2315 478 2338 erant
500 2316 527 2339 et
549 2311 622 2346 Sige,
638 2316 666 2339 et
685 2311 786 2347 Logus,
802 2316 830 2339 et

44 2356 187 2390 utrobique
200 2363 233 2382 ex
251 2355 295 2382 illa
317 2355 422 2383 tetrade
442 2356 469 2383 in
484 2364 539 2391 qua
561 2356 612 2384 fuit
627 2356 701 2390 Sige,
714 2357 829 2384 eductus

43 2406 78 2428 est
93 2401 198 2437 Logus,
216 2408 272 2428 non
286 2406 375 2429 autem
389 2409 405 2428 a
420 2401 495 2437 Sige,
510 2401 557 2429 sed
578 2401 613 2428 ab
632 2401 750 2434 Alclhia,
768 2408 830 2436 quae

43 2446 66 2474 in
73 2448 169 2475 eadem
187 2447 303 2479 tetrade,
319 2447 367 2474 sed
379 2447 499 2474 secunda
510 2447 599 2474 duade
608 2446 668 2475 fuit.
686 2446 763 2474 Nulla
776 2446 829 2474 alia

43 2494 82 2522 hic
95 2494 255 2521 immutatio
269 2498 399 2529 apparet;
415 2501 504 2528 neque
516 2501 547 2521 ea
574 2493 617 2521 vis
634 2493 710 2521 vocis
725 2493 829 2529 μεθαρ-

44 2540 123 2575 μύσσις
149 2545 204 2573 est,
229 2544 261 2568 ut
282 2540 377 2568 omnia
392 2539 513 2567 Eonum
535 2545 658 2568 veterum
685 2540 797 2567 nomina
813 2547 828 2567 a

45 2584 182 2615 Valentino
196 2591 379 2620 mutarentur,
394 2590 423 2614 et
435 2586 551 2622 syzygiaa
566 2594 662 2614 omnes
684 2587 711 2614 in
731 2586 830 2613 melio-

43 2638 94 2660 rem
109 2632 227 2661 formam
245 2632 448 2668 redigerentur.
463 2632 531 2660 Nam
553 2632 735 2669 μεθαρμόζειν
758 2639 830 2668 saepe

43 2677 216 2713 simplicitert
230 2678 464 2711 transferre,iaut
478 2687 488 2703 ι
507 2677 637 2712 adaptare
656 2687 665 2703 ι
680 2678 828 2714 significat,

44 2733 92 2753 non
113 2734 232 2762 semper,
251 2735 260 2751 ε
281 2730 407 2756 mutare,
432 2735 441 2752 ι
466 2725 553 2753 multo
571 2726 664 2754 minus
681 2726 710 2753 in
730 2726 830 2754 melius

45 2780 54 2796 ι
67 2773 213 2809 corrigere,
227 2783 236 2799 ι
251 2773 368 2806 scilicet,
381 2776 429 2799 aut
442 2780 452 2797 ι
469 2772 626 2800 emendare.
647 2782 655 2798 ι
671 2772 830 2800 Basilidiani

44 2819 295 2846 mathematicorum
311 2827 321 2844 ι
337 2817 510 2845 theoremata
526 2816 691 2852 accipientes
704 2817 732 2844 in
747 2825 829 2845 suum

43 2865 220 2894 characterem
249 2864 388 2893 doctrinae
417 2863 629 2896 transtulerunt,
650 2873 660 2889 ›
689 2868 718 2891 ut
746 2863 831 2891 refert

44 2911 152 2941 iremus
165 2913 213 2942 lib.
228 2919 248 2948 ι,
268 2919 294 2940 c.
308 2910 356 2946 25,
370 2917 426 2939 non
441 2914 471 2938 ut
479 2917 512 2938 ea
523 2909 708 2944 emendarem,
721 2909 829 2945 opinor,

880 2308 995 2336 haeresin
1010 2309 1168 2344 prolapsum
1187 2315 1258 2342 esse,
1271 2313 1300 2335 ut
1311 2309 1370 2343 ejus
1381 2308 1506 2336 doctrina
1520 2308 1549 2336 S.
1566 2308 1672 2345 lgnatio

880 2354 1052 2383 innotescere
1064 2355 1140 2382 nullo
1153 2356 1233 2383 modo
1249 2355 1376 2390 potuerit.
1392 2355 1472 2389 Quod
1492 2356 1516 2383 si
1531 2354 1670 2383 Valentini

880 2401 966 2435 ipsius
988 2400 1115 2429 delirium
1138 2410 1154 2429 a
1169 2401 1198 2429 S.
1220 2406 1341 2438 martyre
1362 2407 1427 2430 ante
1451 2406 1568 2430 mortem
1593 2402 1670 2429 nullo

879 2448 962 2475 modo
977 2449 1106 2483 cognosci
1129 2449 1253 2484 potuisse
1277 2449 1394 2484 probare
1408 2456 1464 2476 non
1485 2448 1582 2484 possit,
1599 2449 1671 2484 perit

880 2499 1072 2529 argumentum
1096 2502 1112 2522 a
1131 2495 1280 2522 violatione
1296 2495 1428 2530 temporis
1441 2495 1566 2527 ductum,
1589 2495 1669 2530 cujus

879 2540 934 2567 vim
949 2540 977 2567 in
993 2548 1026 2568 eo
1039 2544 1145 2568 tantum
1160 2541 1305 2574 collocant,
1319 2541 1392 2576 quod
1405 2546 1501 2576 putent
1511 2548 1541 2569 se
1554 2541 1670 2568 lirmit‘er

880 2585 1068 2614 demonstrare
1080 2594 1161 2621 posse
1175 2586 1351 2615 Valentinum
1363 2588 1410 2615 diu
1421 2592 1484 2622 post
1497 2587 1526 2615 S.
1539 2587 1669 2624 martyris

880 2637 996 2660 mortem
1011 2640 1067 2660 suae
1076 2633 1212 2662 haereseos
1223 2633 1400 2661 fundamenta
1411 2634 1522 2669 jecisse.

914 2677 973 2713 Ego
987 2682 1077 2705 autem
1092 2677 1227 2714 lgnatium
1239 2679 1377 2707 Valentini
1390 2679 1554 2706 sententiam
1567 2686 1670 2715 cogno-

881 2731 958 2751 scere
971 2725 1095 2759 potuisse
1112 2724 1152 2752 sic
1163 2724 1274 2760 colligo.
1300 2724 1329 2751 Si
1340 2723 1484 2760 Polycarpi
1497 2724 1623 2752 doctrina
1641 2728 1670 2752 et

881 2768 995 2805 lgnatio,
1005 2773 1033 2797 et
1046 2769 1075 2797 S.
1090 2769 1199 2802 Joanni,
1209 2774 1236 2797 et
1248 2769 1309 2797 aliis
1321 2770 1403 2797 etiam
1415 2770 1547 2805 apostolis
1559 2771 1669 2806 cognita

881 2815 974 2849 fuerit,
991 2815 1129 2844 Valentini
1153 2816 1236 2844 etiam
1255 2816 1379 2844 doctrina
1399 2817 1495 2844 saltem
1515 2817 1549 2844 ab
1563 2816 1668 2853 lgnatio

882 2864 1011 2899 cognosci
1027 2865 1127 2900 potuit.
1149 2864 1185 2892 At
1198 2864 1342 2901 Polycarpi
1367 2865 1495 2893 doctrina
1510 2870 1537 2893 et
1551 2864 1669 2901 lgnatio.

881 2914 908 2938 et
933 2909 962 2938 S.
984 2909 1094 2945 Joanni,
1112 2915 1138 2940 et
1152 2911 1213 2941 aliis
1228 2911 1365 2948 apostolis
1375 2912 1422 2948 qui
1448 2916 1511 2942 ante
1536 2911 1669 2941 Joannem
