1850 3072
155 165 209 193 355

673 162 701 189 S.
737 159 912 190 lGNA'l‘lUS.
931 175 965 180 -—
985 158 1254 188 PROLEGOMENA.

1740 160 1792 188 336

157 223 259 250 mortui
277 227 351 254 sunt,
367 222 476 258 cognita
491 222 542 250 fuit
560 231 566 248 :
583 230 598 249 a
618 221 723 250 Joanne
743 223 816 250 enim
842 226 870 249 et
884 222 945 249 aliis
960 224 983 252 Α
997 221 1062 257 agit.
1079 220 1108 248 Si
1123 219 1286 249 Valentinus
1308 221 1360 249 sub
1380 221 1474 249 eodem
1498 222 1629 258 episcopo
1657 222 1793 255 vixisset,

158 269 293 304 apostolis
315 269 460 304 episcopus
475 269 619 296 ordinatus
631 274 683 301 est.
701 274 730 296 ut
749 269 851 296 diserte
864 268 948 295 tradit

157 314 293 343 lreneasus
311 315 453 351 Polyearpi
473 315 635 349 discipulus,
656 315 702 342 lib.
728 323 769 348 ιιι,
787 323 812 343 c.
836 315 854 342 5
869 324 876 342 :
892 314 947 341 Καὶ

156 360 335 395 Πολύκαρπος
350 361 378 387 δὲ
391 361 421 388 οὗ
440 361 520 396 μόνον
534 361 586 387 ὑπὸ
601 361 755 388 ἀποστόλων
769 360 947 396 μαθητευθεὶς

159 407 204 433 καὶ
219 407 453 443 συναναστραφεὶς
462 407 569 439 πολλοῖς
578 408 634 439 τοῖς
643 407 688 434 τὸν
696 407 813 443 Χριστὸν
827 407 947 444 ἑωρακό-

156 461 209 485 σιν,
233 452 300 479 ἀλλὰ
320 452 367 479 καὶ
389 452 441 479 ὑπὸ
462 452 618 480 ἀποστόλων
636 453 818 484 κατασταθεὶς
843 453 883 484 εἰς
895 453 945 488 τὴν

162 498 253 526 Ἀσίαν
263 500 291 526 ὲν
307 501 338 535 τῇ
353 500 382 527 ἐν
396 499 506 536 Σμύρνῃ
525 499 673 536 Ἐκκλησίᾳ
687 501 843 532 ἐπίσκοπος,
858 500 887 526 ὂν
898 500 944 526 καὶ

148 546 236 581 ’ἡμεῖς
255 546 417 582 ἑωράκαμεν
439 547 468 573 ἐν
488 548 521 582 τῇ
547 546 644 582 πρώτῃ
669 546 748 581 ἡμῶν
772 546 879 582 ἡλικίᾳ·
898 545 945 572 ἐπὶ

151 593 223 620 πολὺ
236 593 290 628 γὰρ
305 593 466 629 παρέμεινε,
481 593 528 620 καὶ
535 593 607 620 πάνυ
621 593 764 628 γηραλέος,
779 591 891 625 ἐνδόξως
899 592 944 619 καὶ

154 640 358 674 ἐπιφανέστατα
377 641 556 676 μαρτυρήσας
572 639 675 676 ’ἐξῆλθε
697 639 742 666 τοῦ
769 639 836 675 βίου.
859 639 945 666 Vetus

155 685 250 714 Irenazi
274 687 409 722 interpres
425 695 431 712 :
451 697 460 712 ι
479 686 513 714 Et
532 686 701 722 Polycarpus
716 690 808 714 autem
823 693 878 713 non
897 694 943 713 so-

155 733 213 760 lum
228 733 262 760 ab
275 733 405 768 apostolis
418 733 543 765 edoctus,
557 737 584 760 et
605 737 784 760 conversatus
796 740 858 760 cum
870 732 943 759 mul-

154 779 191 807 tis
199 786 231 807 ex
241 779 285 812 iis,
294 779 341 814 qui
356 778 502 806 Dominum
514 784 638 806 nostrum
653 779 790 810 viderunt,
802 779 848 806 sed
861 778 943 806 etiam

155 827 190 854 ab
201 825 332 861 apostolis
346 825 374 853 in
389 825 454 853 Asia
468 825 496 852 in
506 833 539 853 ea
554 832 616 860 qum
626 829 668 852 est
681 824 806 861 Smyrnis
821 823 945 852 Ecclesia

155 866 491 907 constitutus’episcopus,
500 879 580 906 quem
593 875 678 899 etnos
690 871 808 899 vidimus
818 872 846 898 in
856 872 943 907 prima

151 923 248 946 nostra
264 922 358 951 aetate;
375 918 491 945 multum
507 917 582 944 enim
597 918 795 952 perseveravit,
817 922 845 945 et
865 917 945 945 valde

151 971 237 991 senex
246 964 442 999 gloriosissime
451 967 479 992 et
487 963 658 991 nobilissime
669 964 831 999 martyrium
839 963 944 992 faciens

154 1010 239 1037 exivit
261 1010 295 1038 de
314 1011 366 1038 hac
387 1010 452 1037 vita.
478 1019 487 1036 ι
507 1009 572 1036 Erat
592 1009 684 1044 itaque
700 1009 866 1046 Polycarpus
882 1018 896 1037 a
912 1009 941 1038 S.

151 1053 259 1082 Joanne
274 1059 301 1082 ct
314 1055 375 1082 aliis
390 1055 522 1090 apostolis
543 1055 689 1090 episcopus
705 1055 866 1087 ordinatus;
882 1055 944 1090 qui-

154 1101 207 1128 bus
222 1105 295 1128 certe
307 1101 380 1128 illius
395 1100 519 1128 doctrina
534 1100 643 1136 cognita
655 1105 719 1128 tunc
737 1101 868 1136 temporis
882 1101 943 1136 fuit,

154 1147 233 1175 aliter
247 1155 310 1175 eum
334 1148 495 1183 episcopum
518 1155 659 1183 nunquam
683 1147 865 1176 ordinassent.
882 1147 942 1175 Jam

153 1201 219 1221 vero
234 1193 258 1221 si
273 1194 370 1221 demus
390 1193 571 1229 Polycarpum
592 1201 619 1223 a.
634 1194 666 1221 D.
684 1194 719 1222 82
730 1195 887 1230 episcopum
904 1194 943 1222 fa-

153 1245 228 1268 ctum
252 1241 347 1274 fuisse,
376 1244 406 1267 ut
429 1240 586 1269 Blondcllus
614 1240 673 1276 ipse
699 1240 797 1275 docet;
814 1241 850 1269 25
865 1242 943 1269 annis

153 1286 262 1322 cognita
276 1285 329 1313 fuit
342 1285 484 1321 Polycarpi
499 1285 637 1318 doctrina,
652 1290 799 1321 antequam
816 1286 849 1314 ad
871 1294 944 1313 mar-

153 1333 254 1368 tyrium
267 1332 411 1360 festinaret
424 1330 556 1367 lgnatius.
567 1332 609 1359 Ab
618 1331 722 1368 lgnatio
739 1332 831 1367 itaque
845 1340 944 1368 cogno-

153 1380 192 1408 sci
216 1379 339 1414 potuisse
361 1378 516 1407 doctrinam
528 1378 666 1407 Valentini
686 1387 768 1407 nemo
779 1380 899 1415 negabit,
919 1380 942 1408 si

153 1425 236 1453 modo
251 1425 412 1453 Valentinus
425 1425 533 1453 vivente
544 1425 633 1454 adhuc
649 1425 799 1462 Polycarpo
815 1431 944 1455 mortuus

152 1471 199 1499 sit.
211 1471 246 1499 At
256 1476 320 1499 ante
332 1470 513 1507 Polycarpum
526 1475 669 1499 mortuum
679 1479 740 1500 esse
756 1472 943 1508 Valentinum,

153 1523 230 1546 extra
246 1525 354 1546 omnem
371 1517 583 1546 controversiam
602 1525 685 1553 pono.
702 1518 739 1546 lta
756 1519 830 1546 enim
845 1519 878 1547 de
897 1520 943 1547 illo

153 1564 284 1597 lrcnaaus,
310 1564 357 1591 lib.
375 1571 416 1595 Ill,
437 1571 462 1591 c.
478 1564 514 1591 ιε
533 1563 710 1596 Οὐαλεντῖνος
725 1564 774 1600 μὲν
791 1564 845 1601 γὰρ
860 1562 942 1600 ἦλθεν

154 1611 194 1643 εἰς
209 1609 317 1646 Ῥώμην
326 1610 372 1636 ὲπὶ
389 1609 506 1644 Ὑγίνου,
517 1609 625 1645 ἦκμασε
637 1610 659 1637 δ’
670 1610 716 1637 ἐπὶ
725 1610 800 1642 Πίου,
813 1611 860 1638 καὶ
872 1620 942 1648 παρ-

154 1657 261 1693 έμεινεν
282 1656 334 1688 ἓως
355 1656 506 1691 ’Ᾱνικήτου.
529 1654 612 1683 Vetus
626 1655 763 1691 interpres
788 1665 795 1684 :
818 1666 827 1682 ι
845 1656 944 1684 Valen-

153 1704 228 1732 tinus
238 1703 311 1731 cnim
324 1703 399 1730 venit
412 1701 526 1729 Romam
544 1701 596 1730 sub
610 1701 726 1738 Hygino,
747 1702 862 1730 increvit
878 1711 942 1732 vero

152 1749 204 1778 sub
216 1749 275 1782 Pio,
292 1753 320 1776 et
333 1748 489 1783 prorogavit
502 1751 609 1783 tempus
623 1756 712 1783 usque
722 1749 755 1776 ad
766 1749 922 1777 Anicetum.
930 1760 940 1776 ι

151 1795 221 1823 lllud
245 1800 336 1823 autem
352 1795 514 1831 παρέμεινε,
532 1795 605 1829 quod
632 1795 676 1823 hic
703 1796 839 1832 interpres
861 1797 943 1824 vertit

155 1852 166 1869 ι
176 1842 333 1877 prorogavit
348 1846 482 1876 tempus,»
493 1840 520 1867 in
536 1841 628 1868 verbis
643 1846 735 1869 autem
749 1850 836 1877 nuper
851 1843 942 1871 allatis

152 1890 186 1918 de
196 1889 346 1925 Polycarpo
359 1899 368 1915 ι
382 1888 578 1924 perseveravit,
591 1897 600 1914 ι
612 1889 724 1917 omnino
739 1889 842 1916 indicat
856 1897 944 1924 quan-

153 1936 200 1963 diu
211 1936 318 1963 vixerit.
336 1936 377 1963 Ad
390 1941 512 1971 tempora
526 1937 610 1972 igitur
623 1936 731 1964 Aniceti
750 1936 875 1971 pervenit
886 1935 942 1964 Va-

153 1981 285 2014 lentinus,
298 1989 386 2016 neque
400 1981 504 2009 diutius
519 1982 605 2016 vixit;
625 1980 672 2008 sed
689 1981 741 2008 sub
758 1982 871 2009 Aniceto
887 1981 943 2009 Ro-

153 2034 226 2054 mam
246 2027 320 2054 venit
333 2027 513 2063 Polycarpus,
523 2027 620 2056 eodem
639 2026 742 2055 Irenaeo
757 2032 836 2061 teste,
853 2032 881 2054 et
892 2027 942 2055 ali-

152 2077 220 2108 quot
232 2078 378 2108 postquam
397 2073 483 2101 Roma
498 2081 626 2101 reversus
638 2077 712 2102 esset
726 2081 813 2101 annos
834 2073 860 2100 in
875 2073 941 2101 Asia

152 2120 266 2156 peregit,
293 2120 453 2155 priusquam
482 2121 645 2156 martyrium
672 2128 771 2155 passus
795 2125 846 2148 est.
871 2120 941 2147 Cum

154 2167 237 2202 igitur
252 2174 300 2201 per
312 2166 348 2194 25
362 2174 460 2199 annos,
477 2171 625 2202 antequam
653 2166 785 2194 scriberet
809 2165 940 2201 lgnatius,

155 2213 284 2241 omnibus
301 2213 410 2248 cognita
424 2214 460 2241 sit
476 2213 601 2241 doctrina
618 2213 773 2249 Polycarpi,
793 2213 816 2240 si
837 2219 941 2247 tempo-

999 268 1050 295 sub
1065 275 1120 303 quo
1134 267 1179 295 ille
1192 267 1311 302 scripsit,
1328 267 1353 294 id
1372 276 1427 296 non
1446 269 1599 296 monuissrt
1612 268 1794 304 diligentissi~

998 322 1060 342 mus
1074 315 1213 350 scriptor?
1225 318 1272 342 aut
1292 315 1383 342 dlcere
1405 315 1550 350 potuisset,
1567 324 1576 341 ‹
1594 315 1628 343 ad
1644 315 1793 342 Anicetum

999 366 1105 389 tantum
1123 361 1297 397 perdurasse,
1319 371 1327 387 ι
1343 361 1366 389 si
1386 366 1448 397 post
1458 362 1602 390 Anicetum
1618 366 1646 390 ct
1664 361 1793 390 Soterem

997 409 1049 436 sub
1063 408 1221 436 Eleutherio
1244 408 1379 436 vixisset?
1400 408 1472 435 Fieri
1487 409 1544 436 haec
1558 413 1631 436 certe
1654 416 1709 436 non
1724 415 1792 443 pos-

997 459 1071 483 sunt.
1086 454 1139 482 Sed
1154 454 1272 483 Dallazus
1283 454 1444 482 Tertulliani
1465 455 1623 482 testimonio
1637 454 1726 482 fretus
1740 454 1793 482 hoc

996 502 1100 529 docuit.
1114 501 1171 537 Ego
1185 510 1250 530 vero
1268 502 1476 535 Tertullianum,
1490 503 1536 538 qui
1553 502 1645 529 omnia
1666 509 1736 536 pene
1755 502 1791 528 ad

996 547 1067 575 hanc
1085 555 1142 575 rem
1166 547 1329 581 pertinentia
1347 548 1381 575 ab
1402 547 1505 575 lrenwo
1526 552 1667 575 mutuatus
1692 552 1745 579 est,
1763 545 1790 574 id

995 594 1115 623 voluisse
1131 593 1203 621 haud
1219 593 1320 625 credo;
1340 598 1388 621 aut
1402 594 1426 622 si
1451 594 1477 621 id
1493 594 1619 625 voluerit,
1639 593 1719 628 plane
1741 593 1791 619 de-

996 644 1104 674 ceptum
1127 638 1214 666 fuisse
1234 639 1302 666 scio.
1317 638 1356 666 Ita
1369 639 1442 666 enim
1454 639 1501 666 ille
1516 639 1554 666 De
1567 647 1677 675 prtescr.
1693 639 1789 666 hazret.

996 694 1056 721 cap.
1075 685 1108 713 50
1122 694 1129 711 :
1145 695 1154 712 ι
1174 685 1225 713 Ubi
1248 691 1313 714 tunc
1334 685 1467 719 Marcion,
1483 685 1613 714 Ponticus
1626 686 1788 717 nauclerus,

997 731 1097 759 Stoica
1110 731 1269 760 studiosus?
1282 731 1335 759 Ubi
1349 731 1525 765 Valentinus,
1539 732 1687 760 Platonica:
1699 737 1791 760 secta-

996 778 1058 805 tor?
1083 777 1150 804 Nam
1179 782 1287 805 constat
1310 778 1374 806 illos
1397 786 1486 814 neque
1496 779 1564 806 adeo
1588 779 1653 806 olim
1681 778 1787 811 fuisse,

995 824 1126 852 Antonini
1141 823 1199 852 fere
1212 823 1379 860 principatu,
1393 829 1421 852 et
1435 825 1462 852 in
1477 825 1617 853 catholicae
1634 826 1724 860 primo
1738 826 1789 853 do-

996 870 1112 899 ctrinam
1137 870 1286 898 credidisse
1308 871 1380 906 apud
1404 871 1553 900 Ecclesiam
1570 871 1788 905 Romanensem,

997 917 1048 946 sub
1072 917 1232 952 episcopatu
1250 916 1399 945 Eleutherii
1415 918 1568 952 benedicti,
1584 918 1672 947 donec
1692 919 1727 947 ob
1747 919 1789 947 in-

997 965 1118 999 quietam
1132 972 1240 1000 semper
1253 972 1349 991 eorum
1371 965 1570 998 curiositatem,
1586 973 1668 1000 quam
1686 964 1789 994 fratres

996 1019 1106 1047 quoque
1120 1011 1257 1043 vitabant,
1284 1010 1368 1038 semel
1386 1015 1413 1038 et
1434 1011 1531 1038 iterum
1556 1010 1651 1046 ejecti.
1665 1010 1789 1039 Marcion

995 1058 1107 1093 quidem
1124 1065 1186 1085 cum
1205 1057 1331 1084 ducentis
1348 1056 1483 1084 sestertiis
1496 1064 1558 1092 quas
1571 1056 1702 1084 Ecclesia!
1715 1058 1789 1085 intu-

995 1103 1075 1138 lerat,
1101 1104 1252 1131 novissime
1269 1104 1295 1130 in
1321 1108 1485 1138 perpetuum
1507 1103 1653 1130 discidium
1676 1104 1788 1139 relegati

996 1158 1099 1178 venena
1112 1150 1298 1178 doctrinarum
1315 1157 1429 1177 suarum
1441 1148 1703 1177 disseminaverunt.
1731 1159 1741 1176 ι
1759 1150 1788 1177 Si

995 1197 1032 1224 ita
1047 1195 1246 1224 Tertullianum
1270 1195 1471 1229 intelligamus,
1486 1199 1515 1222 ut
1537 1200 1594 1222 tum
1614 1193 1787 1228 Valentinus,

994 1247 1052 1271 tum
1067 1242 1187 1270 Marcion
1204 1242 1287 1270 simul
1302 1241 1396 1269 Romae
1417 1241 1468 1269 sub
1492 1241 1587 1269 eodem
1603 1241 1747 1276 episcopo,
1762 1247 1789 1269 et

994 1289 1104 1324 quidem
1127 1287 1294 1319 Eleutherio,
1318 1287 1345 1314 in
1361 1287 1503 1314 catholica:
1523 1286 1676 1314 doctrinam
1701 1287 1788 1315 credi-

995 1334 1085 1363 derint
1098 1339 1126 1362 et
1147 1334 1248 1369 saepius
1273 1333 1351 1369 ejecti
1369 1331 1480 1366 fuerint,
1500 1332 1567 1360 illud
1583 1337 1656 1360 certe
1667 1341 1732 1360 eum
1746 1333 1788 1360 di-

995 1390 1056 1409 cere
1069 1382 1207 1414 volumus,
1223 1380 1297 1416 quod
1312 1379 1377 1407 ferri
1392 1379 1505 1407 omnino
1517 1387 1572 1406 non
1590 1383 1692 1414 potest.
1708 1379 1787 1412 Quod

994 1427 1028 1455 ad
1037 1426 1213 1454 Valentinum
1228 1426 1334 1460 attinet,
1351 1426 1380 1452 ὲν
1398 1424 1492 1461 Ῥώμῃ
1504 1424 1621 1452 ἀνελθὼν
1637 1426 1786 1460 κεκήρυχε,

994 1475 1041 1503 ubi
1066 1474 1149 1502 etiam
1171 1474 1320 1509 putabatur
1344 1477 1449 1508 partem
1475 1473 1597 1507 aliquam
1621 1473 1732 1507 pietatis
1761 1477 1787 1499 et

995 1528 1066 1549 verae
1087 1521 1150 1548 ﬁdei
1178 1520 1329 1552 habuisse,
1355 1523 1385 1547 ut
1408 1519 1492 1546 tradit
1521 1517 1710 1553 Epiphanius;
1739 1518 1786 1546 sed

956 1577 979 1608 ρ
994 1567 1068 1602 quod
1086 1565 1171 1594 semel
1187 1570 1269 1601 atque
1282 1565 1382 1593 iterum
1401 1572 1434 1592 ex
1455 1563 1574 1592 Ecclesia
1587 1563 1714 1591 Romana
1729 1564 1786 1598 eje-

994 1619 1055 1641 ctus
1068 1612 1160 1646 fuerit,
1174 1616 1297 1640 veterum
1322 1619 1402 1638 nemo
1417 1610 1520 1638 docuit.
1535 1609 1602 1643 Quae
1624 1610 1671 1637 hic
1685 1610 1718 1638 de
1738 1610 1786 1637 itc-

993 1663 1053 1686 rata
1077 1658 1212 1694 ejectione
1234 1662 1261 1685 et
1278 1661 1410 1692 perpetuo
1433 1655 1548 1683 discidio
1573 1663 1589 1683 a
1615 1654 1786 1683 Tertulliano

993 1708 1255 1738 commemorantur,
1281 1711 1336 1731 non
1359 1702 1520 1734 Valentino,
1542 1701 1589 1729 sed
1608 1701 1729 1729 Cerdoni
1751 1702 1785 1729 ab

993 1750 1094 1778 Irenaeo
1107 1751 1266 1778 tribuuntur
1277 1770 1284 1782 ,
1299 1749 1346 1776 lib.
1364 1756 1411 1781 tn,
1426 1756 1487 1782 cap.
1504 1748 1531 1775 4.
1546 1746 1696 1782 Postquam
1712 1748 1784 1775 enim

993 1797 1027 1825 de
1043 1796 1188 1824 Valentino
1206 1795 1366 1823 brevissime
1380 1795 1480 1829 egisset
1502 1793 1595 1821 verbis
1610 1793 1668 1828 jam
1683 1793 1783 1826 citatis,

992 1844 1026 1871 de
1047 1844 1171 1871 Cerdonc
1192 1843 1250 1870 haec
1273 1841 1397 1876 adiunxit
1411 1850 1417 1868 :
1434 1840 1545 1876 Κέρδων
1560 1840 1587 1867 δὲ
1607 1841 1621 1867 ὁ
1637 1840 1692 1876 πρὸ
1706 1841 1780 1876 Μαρ-

993 1890 1090 1921 κίωνος
1105 1890 1152 1917 καὶ
1167 1889 1248 1920 αὐτὸς
1269 1888 1315 1915 ἐπὶ
1335 1887 1458 1922 ’Υγίνου,
1480 1887 1510 1918 ὃς
1523 1883 1558 1922 ἧν
1574 1886 1685 1918 ἑννατος
1725 1888 1784 1916 ὲπί-

991 1941 1103 1965 σκοπος,
1116 1934 1155 1965 εἰς
1172 1934 1222 1969 τὴν
1244 1932 1406 1968 Ἐκκλησίαν
1428 1931 1513 1959 ἐλθὼν
1533 1932 1580 1958 καὶ
1604 1930 1783 1967 ἐξομολογοὺ-

994 1989 1084 2017 μενος,
1098 1980 1185 2012 οὕτως
1197 1979 1339 2007 διετέλεσε·
1363 1978 1428 2005 ποτὲ
1448 1978 1496 2014 μὲν
1511 1977 1762 2013 λαθροδιδασκαλῶν
1773 1997 1781 2008 ,

992 2027 1058 2054 ποτὲ
1078 2027 1106 2053 δὲ
1128 2025 1388 2062 ἐξομολογούμενος,
1410 2024 1475 2051 ποτὲ
1496 2023 1524 2050 δὲ
1547 2023 1726 2058 ἐλεγχόμενος
1741 2023 1782 2057 ἐφ’

992 2073 1032 2107 οἷς
1049 2075 1170 2101 ἐδίδασκε
1185 2074 1288 2106 κακῶς,
1308 2073 1355 2101 καὶ
1372 2071 1556 2107 ἀφιστάμενος
1569 2071 1618 2106 τῆς
1640 2069 1695 2096 τῶν
1709 2069 1782 2096 ἁδελ-

993 2121 1050 2157 φῶν
1075 2120 1207 2151 συνοδίας.
1226 2119 1308 2147 Vetus
1333 2120 1468 2154 interpres
1486 2127 1493 2144 :
1510 2126 1519 2142 ‹
1537 2117 1644 2144 Cerdon
1671 2121 1782 2148 autem,

992 2168 1038 2202 qui
1054 2172 1118 2195 ante
1141 2166 1316 2198 Marcionem,
1333 2170 1360 2193 et
1379 2164 1424 2192 hic
1447 2163 1498 2191 sub
1521 2162 1643 2198 Hygino,
1658 2163 1706 2197 qui
1733 2162 1783 2189 fuit

993 2218 1105 2240 octavus
1125 2212 1280 2247 episcopus,
1295 2218 1366 2246 saepe
1389 2210 1417 2237 in
1439 2208 1582 2237 ecclesiam
1607 2208 1733 2239 veniens,
1757 2212 1782 2234 et

154 2267 215 2287 rum
228 2259 363 2287 rationem
377 2259 405 2286 in
418 2267 517 2295 genere
532 2264 640 2287 tantum
656 2264 810 2295 spectemus
824 2268 832 2293 ;
853 2259 942 2294 potuit
957 2246 982 2276 Ι)
993 2258 1198 2294 exomologesin
1216 2258 1320 2285 faciens
1337 2257 1377 2284 sic
1393 2255 1605 2288 consummavit,
1621 2255 1706 2281 modo
1720 2254 1782 2289 qui-

151 2309 181 2333 et
191 2305 317 2333 doctrina
329 2304 477 2338 Valentini,
490 2306 536 2341 qui
549 2310 612 2333 ante
624 2305 805 2342 Polycarpum
817 2311 942 2334 mortuus

152 2357 204 2384 εει,
220 2350 325 2387 lgnatio
347 2355 414 2378 tunc
427 2359 490 2379 cum
506 2352 640 2380 scriberet
650 2359 712 2380 esse
729 2356 881 2387 perspecta.
907 2351 941 2379 Et

153 2399 176 2426 si
188 2399 251 2433 quis
266 2398 292 2425 id
305 2397 379 2433 quod
393 2398 563 2426 Contrarium
581 2402 623 2425 est
634 2403 751 2431 asserat,
764 2403 791 2425 et
813 2398 840 2425 in
856 2405 889 2425 eo
900 2405 942 2424 ar-

153 2445 274 2480 gumenti
287 2444 496 2472 fundamentum
514 2448 615 2478 ponat;
638 2444 702 2472 huic
715 2451 782 2471 sane
808 2444 942 2471 incumbit

152 2491 199 2519 illa
212 2491 346 2526 proferre,
357 2498 419 2526 qum
434 2489 568 2518 Valentini
578 2494 684 2517 :etatem
698 2490 765 2517 adeo
775 2489 872 2525 Ignatii
883 2496 941 2517 aevo

153 2537 311 2566 inferiorem
326 2537 413 2565 fuisse
438 2536 639 2569 demonstrent,
658 2540 687 2563 ut
707 2536 774 2571 quid
798 2536 941 2564 haereticus

152 2584 198 2612 ille
211 2584 322 2612 doceret
334 2583 526 2611 sanctissimus
538 2589 640 2618 martyr
651 2583 685 2610 ad
696 2583 759 2610 vitae
772 2583 875 2610 exitum
884 2582 941 2618 jam

152 2630 286 2658 festinans
302 2631 372 2658 scire
387 2630 464 2657 nullo
477 2629 558 2657 modo
569 2629 697 2665 potuerit.

188 2676 280 2710 Quare
295 2677 338 2704 vir
352 2677 529 2704 doctissimus
543 2681 574 2703 ut
597 2683 654 2704 sua;
680 2675 825 2712 hypothesi
850 2675 940 2702 inser-

151 2723 225 2755 viat,
249 2723 332 2751 vitam
354 2721 491 2749 Valentini
512 2726 575 2756 post
599 2721 741 2748 Anicetum
767 2724 794 2747 et
819 2719 941 2746 Soterem

152 2775 241 2803 usque
265 2768 299 2795 ad
323 2767 472 2794 Eleutherii
497 2767 686 2801 episcopatum
716 2769 862 2801 prorogat,
881 2764 941 2791 sine

153 2814 207 2841 ulla
234 2814 347 2841 omnino
370 2812 620 2841 verisimilitudine.
646 2812 765 2839 Irenzeus
789 2811 862 2837 enim
889 2810 941 2837 sub

153 2858 309 2887 Eleutherio
334 2859 444 2886 tertium
467 2858 566 2885 librum
589 2857 710 2892 scripsit,
723 2857 750 2883 in
770 2863 826 2890 quo
840 2855 874 2882 de
888 2854 941 2881 Va-

155 2906 248 2933 lentini
269 2910 346 2934 relate
360 2909 387 2933 et
405 2904 547 2933 recentiori
563 2904 669 2939 origine
696 2901 940 2930 haeresiarcharum

992 2305 1053 2332 dem
1069 2305 1185 2332 latenter
1200 2304 1313 2336 docens,
1331 2303 1414 2330 modo
1433 2309 1499 2330 vero
1518 2300 1724 2336 exomologesin
1741 2299 1780 2326 fa-

992 2351 1077 2384 ciens,
1093 2351 1176 2378 modo
1192 2357 1257 2377 vero
1274 2349 1308 2376 ab
1322 2348 1460 2383 aliquibus
1470 2347 1610 2374 traductus
1622 2346 1650 2373 in
1666 2346 1711 2373 bis
1722 2353 1781 2380 qua:

992 2397 1107 2425 docebat
1130 2396 1201 2423 male
1218 2401 1246 2423 et
1269 2395 1411 2422 abstentus
1429 2398 1472 2422 est
1491 2401 1507 2420 a
1521 2392 1714 2428 religiosorum
1731 2391 1780 2418 hoc

991 2443 1096 2471 minum
1114 2447 1258 2470 conventu.
1275 2452 1285 2468 ι
1301 2440 1364 2469 Haec
1385 2440 1480 2468 lremei
1496 2439 1578 2467 verba
1594 2438 1780 2465 Tertullianus

992 2489 1137 2518 manifeste
1158 2489 1298 2524 respexit,
1315 2488 1416 2523 quibus
1436 2495 1469 2514 ea
1484 2494 1546 2522 quae
1561 2486 1594 2513 de
1616 2486 1675 2518 illo,
1700 2493 1778 2520 quem

991 2537 1123 2565 Marciani
1145 2535 1286 2570 adiunxit,
1311 2534 1423 2568 scribit,
1441 2534 1542 2561 diserte
1567 2531 1699 2563 Cerdoni,
1727 2539 1778 2558 non

991 2583 1136 2610 Valentino
1165 2582 1332 2608 tribuuntur.
1362 2579 1415 2607 Res
1438 2578 1521 2614 igitur
1550 2578 1608 2613 ipsa
1636 2576 1778 2604 Valentino

991 2628 1064 2655 haud
1086 2626 1231 2662 competit,
1257 2625 1344 2652 multo
1369 2624 1462 2652 minus
1490 2627 1598 2658 tempus
1625 2622 1704 2653 illud,
1727 2627 1778 2656 quo

992 2677 1049 2701 haec
1063 2673 1098 2699 ab
1114 2679 1148 2700 eo
1161 2671 1232 2699 facta
1247 2671 1352 2702 volunt,
1367 2670 1551 2704 episcopatus.
1567 2666 1675 2694 scilicet
1701 2665 1778 2692 Eleu-

991 2718 1083 2746 therii.
1097 2717 1284 2752 Quisquamne
1299 2716 1327 2743 in
1341 2714 1493 2742 Annalibus
1506 2711 1702 2740 ecclesiasticis
1714 2711 1778 2738 adeo

991 2764 1091 2798 hospes
1103 2768 1154 2795 est.
1172 2767 1202 2790 ut
1215 2761 1309 2789 credat
1323 2761 1381 2788 haec
1403 2760 1438 2787 de
1459 2758 1605 2786 Valentino
1619 2764 1684 2784 vera
1700 2755 1778 2783 esse?

991 2811 1031 2836 An
1045 2810 1090 2837 ille
1103 2809 1155 2837 sub
1170 2807 1328 2836 Eleutherio
1342 2806 1427 2834 semel
1440 2806 1594 2839 iterumque
1610 2803 1717 2837 ejectus
1727 2806 1776 2832 est.

991 2855 1038 2890 qui
1055 2855 1090 2882 ab
1104 2855 1206 2882 [remeo
1218 2858 1325 2882 aetatem
1336 2852 1398 2887 ejus
1410 2850 1526 2879 sollicite
1539 2849 1676 2880 tradente,
1694 2853 1778 2882 usque

993 2901 1025 2928 ad
1041 2900 1183 2928 Anicetum
1198 2899 1382 2935 permansisse
1399 2897 1509 2929 dicitur,
1530 2902 1618 2930 coque
1637 2895 1700 2931 ipso
1715 2893 1778 2922 satis
