1850 3072
53 245 177 273 novitatis
204 244 336 273 convinci
365 247 498 281 putatur?
516 247 557 274 An
581 247 626 274 ille
649 247 676 274 in
704 247 845 275 catholicae

51 293 200 319 doctrinam
224 291 320 320 Romae
337 292 455 320 credidit
478 293 529 321 sub
544 294 702 329 episcopatu
714 293 843 321 Eleuthe-

51 338 102 365 rii!
123 345 157 364 an
183 338 228 365 ille
250 342 310 366 tum
325 338 438 366 demum
465 339 491 366 in
515 344 674 375 perpetuum
698 340 843 368 discidium

52 384 190 419 relegatus
222 392 360 412 venenum
387 385 520 413 doctrinae
553 393 610 413 suae
637 385 842 420 disseminavit,

52 435 143 457 contra
163 430 246 465 cujus
267 430 354 459 libros
370 431 525 464 hzereticos,
542 435 569 459 et
589 437 630 460 tot
650 433 710 468 ejus
724 432 845 468 discipu-

50 476 139 503 lorum
157 477 375 505 commentarios
393 477 444 505 sub
467 478 562 505 eodem
584 478 714 513 episcopo
735 479 846 514 scripsit

50 522 192 550 tremens?
206 522 255 557 qui
277 523 361 550 etiam
385 523 485 551 diserte
508 524 652 560 distinguit
671 523 844 552 Valentinum

51 570 85 597 ab
99 570 146 601 iis,
162 569 212 604 qui
234 573 380 597 :etatesua
396 569 512 598 hzeresin
532 578 592 597 eam
608 570 770 603 docuerunt,
786 571 845 607 ipso

52 615 143 642 statim
161 615 225 642 libri
240 615 321 650 primi
338 616 437 643 initio?
455 615 496 642 An
511 614 674 644 Valentinus
693 616 751 652 ipse
765 621 846 644 secta

50 666 129 696 pater
141 661 197 688 sub
212 661 369 689 Eleutherio
385 661 411 689 in
431 662 571 689 catholica:
583 662 734 690 doctrinam
757 663 845 691 credi—

52 709 101 739 dit,
117 716 184 736 cum
211 713 308 736 contra
328 707 535 737 Valentinianos
559 709 698 744 scripserit
721 708 846 738 Justinus

52 759 170 789 martyr,
190 754 250 788 ipso
264 753 367 781 fatente
384 753 563 788 Tertul-liano,
577 754 665 789 capite
678 755 715 782 5?
730 754 847 790 Scripsit

53 804 144 827 autem
171 799 218 827 ille
245 804 307 827 ante
331 799 531 832 Eleutherium,
547 805 610 828 ante
635 799 768 836 Soterem,
791 802 846 829 imo

53 852 116 874 ante
130 845 290 878 Anicetum,
308 850 339 874 ut
354 854 428 874 nunc
440 846 545 874 Aniceti
557 852 679 882 tempora
694 854 710 875 a
725 847 846 876 chrono-

52 893 123 928 iogis
137 900 173 919 ex
192 891 311 920 Eusebio
321 892 514 928 disponuntur.
531 892 601 920 Vera
617 893 701 928 igitur
717 893 775 921 haec
786 901 846 921 esse

53 948 106 967 non
123 943 244 974 possunt
255 946 342 975 neque
355 939 389 967 dc
400 938 553 972 Valentino,
565 947 654 975 neque
666 939 700 967 de
711 939 845 973 Cerdone,

53 994 87 1013 ne
99 986 213 1021 quidem
229 985 264 1013 de
285 985 432 1018 Marciane,
447 993 527 1021 quem
541 990 673 1022 tanquam
695 986 846 1016 manifestae

53 1031 194 1058 haereseos
211 1032 380 1064 convictum,
398 1036 425 1059 et
442 1032 653 1067 primogenitum
671 1032 779 1061 Satanae
795 1034 847 1061 sub

51 1077 171 1104 Aniceto
196 1081 246 1104 aut
272 1082 336 1104 ante
359 1077 480 1113 fugiebat
504 1077 532 1105 S.
556 1077 740 1115 Polycarpus,
767 1080 846 1116 cujus

52 1125 222 1160 discipulum
240 1124 361 1159 Apellem
383 1124 439 1159 jam
457 1124 534 1152 valde
548 1132 640 1153 senem
663 1123 779 1153 Rhodon
792 1125 846 1154 Ta-

51 1171 121 1198 tiani
139 1171 307 1206 discipulus,
322 1170 424 1199 [renato
434 1171 615 1208 synchronus,
636 1172 771 1200 allocutus
793 1177 846 1206 est,

51 1217 231 1252 aliorumque
266 1217 465 1253 discipulorum
502 1218 650 1253 discipulos
690 1218 836 1254 descripsit

53 1262 146 1298 Apage
169 1262 254 1298 igitur
267 1263 313 1290 illa
335 1271 369 1290 ex
392 1263 553 1292 Tertulliani
569 1264 631 1292 loco
655 1264 773 1292 somnia.
790 1264 847 1293 Sub

53 1308 133 1335 initio
146 1308 325 1343 pontificatus
337 1309 444 1338 Aniceti
459 1315 585 1339 mortuus
601 1315 643 1339 est
659 1310 820 1339 Valentinus
837 1320 845 1340 :

53 1356 82 1379 et
94 1361 128 1380 ex
141 1354 196 1381 hac
212 1359 291 1389 parte
306 1354 414 1382 ﬁrmum
437 1360 480 1384 est
499 1360 691 1392 argumentum
706 1361 846 1390 nostrum;

54 1399 89 1426 de
103 1399 184 1427 initio
197 1400 260 1428 vita:
271 1404 319 1427 aut
332 1400 468 1430 haereseos
484 1406 589 1430 tantum
602 1402 687 1437 quaeri
703 1407 800 1437 potest.

91 1444 267 1479 Blondellus,
283 1446 331 1481 qui
349 1447 377 1474 in
399 1451 551 1482 temporum
569 1449 760 1484 supputatione
777 1449 848 1478 ultra

54 1491 183 1524 modum,
197 1497 225 1519 et
240 1491 286 1519 ubi
302 1499 371 1527 opus
386 1500 441 1520 non
457 1497 510 1525 est,
527 1498 672 1522 accuratus
686 1502 747 1523 esse
768 1496 846 1528 solet,

55 1538 109 1564 hac
126 1537 341 1565 ratiocinatione
357 1542 501 1566 contentus
516 1543 558 1566 est
572 1547 579 1566 :
595 1549 605 1566 ι
621 1539 781 1569 Valentinus
792 1549 848 1569 non

55 1588 120 1611 ante
136 1591 243 1611 annum
259 1591 275 1611 a
290 1584 424 1619 martyrio
439 1583 535 1619 lgnatii
555 1584 596 1612 vel
613 1584 648 1612 40
659 1585 701 1613 vel
716 1586 750 1613 56
762 1586 849 1614 hatre-

55 1631 130 1658 ticus
143 1630 255 1666 agnitus
271 1634 323 1658 est.
341 1630 414 1666 Ergo
427 1635 490 1658 ante
504 1639 567 1659 eum
587 1639 690 1659 annum
705 1631 818 1660 refutari
833 1640 849 1660 a

55 1684 198 1712 quoquam
213 1684 269 1704 non
284 1677 382 1712 potuit.
404 1687 413 1703 ι
432 1677 484 1705 Sed
504 1678 575 1706 unde
596 1678 635 1706 illi
659 1679 779 1706 innotuit
798 1678 852 1706 Va-

55 1724 195 1751 lentinum
224 1731 279 1750 non
303 1728 367 1751 ante
391 1732 493 1752 annum
514 1732 530 1752 a
551 1725 683 1761 martyrio
705 1726 800 1760 tgnatii
816 1725 851 1753 40

56 1769 100 1795 vel
123 1768 160 1796 56
183 1769 342 1797 haereticum
369 1770 491 1805 agnitum
515 1769 617 1798 fuisse?
639 1770 718 1804 Quia,
737 1771 850 1804 scilicet,

57 1814 224 1843 Valentinus
241 1820 304 1843 ante
318 1824 422 1843 annum
445 1815 496 1844 144
510 1816 654 1844 haereticus
670 1817 780 1852 agnitus
796 1825 851 1844 non

57 1866 110 1889 est.
127 1861 166 1888 lta
179 1861 254 1889 enim
270 1861 406 1890 Eusebius
421 1862 455 1890 ad
471 1870 534 1890 eum
547 1869 649 1890 annum
661 1863 689 1890 in
698 1862 850 1891 Chronico:

62 1917 72 1934 ι
101 1907 266 1935 Valentinus
292 1908 437 1936 haireticus
464 1909 639 1945 agnoscitur,
661 1913 689 1937 et
711 1913 854 1944 permanet

60 1962 150 1990 usque
175 1955 209 1982 ad
230 1954 384 1982 Anicetum.
406 1965 416 1981 ι
434 1954 472 1983 lta
500 1955 609 1991 quidem
636 1955 782 1990 Eusebius,
804 1956 852 1984 sed

59 2009 115 2028 non
131 2001 204 2028 idem
223 2000 291 2029 dicit
306 2002 379 2036 quod
395 2001 564 2036 Blondellus,
580 2007 643 2030 ante
658 2003 731 2031 hunc
749 2011 852 2030 annum

60 2056 123 2075 eum
139 2048 299 2076 haereticum
313 2049 435 2083 agnitum
453 2057 506 2077 non
520 2049 617 2078 fuisse.
631 2049 689 2078 lmo
702 2058 766 2078 vero
781 2051 853 2078 idem

60 2094 200 2122 Eusebius
219 2093 389 2122 Blondellum
411 2095 484 2124 clare
503 2096 611 2124 refellit.
628 2096 695 2124 Nam
709 2097 736 2123 in
752 2096 853 2125 Graecis

61 2142 95 2167 ad
114 2148 221 2168 annum
235 2141 365 2168 Antonini
377 2140 418 2168 Pii
436 2142 544 2169 tertium
560 2142 651 2175 habet,
668 2142 738 2169 κατὰ
757 2142 854 2177 Ὑγιει-

60 2187 105 2214 νὸν
125 2187 239 2222 Ῥώμης
257 2187 406 2214 ἐπίσκοπον
436 2186 611 2220 οὐαλενττνος
633 2187 701 2220 ἰδίας
722 2188 854 2224 αἱρέσεως

60 2234 214 2270 εἰσηγητὴς
236 2234 282 2260 ἐπὶ
307 2234 357 2269 τῆς
377 2233 486 2270 Ῥώμης
505 2234 676 2270 ἑγνωρίξετο.
693 2244 702 2260 ι
721 2234 778 2263 Sub
799 2234 855 2271 Hy-

61 2281 125 2316 gino
142 2279 239 2307 Romae
252 2280 381 2315 episcopo
397 2280 557 2309 Valentinus
577 2281 695 2316 propria:
717 2281 854 2309 haereseos

63 2327 188 2354 conditor
216 2325 311 2354 Romae
335 2327 446 2362 agnitus
473 2332 525 2355 est.
544 2337 554 2353 ι
571 2327 686 2363 Agnitus
708 2331 749 2354 est
772 2327 854 2362 igitur

64 2371 229 2400 Valentinus
250 2376 381 2407 tanquam
397 2373 579 2400 haeresiarcha
592 2373 644 2400 sub
661 2372 766 2409 Hygino
782 2380 854 2401 anno

63 2418 110 2446 441
124 2418 278 2446 secundum
304 2417 463 2446 Eusebium.
484 2418 523 2445 Eo
537 2419 642 2446 scilicet
666 2426 738 2446 anno
761 2418 855 2446 Romae

62 2464 172 2498 agnitus
182 2467 235 2495 est,
252 2463 402 2490 secundum
417 2463 550 2490 calculum
573 2463 775 2497 Eusebianum;
791 2462 855 2491 alibi

63 2513 135 2541 ante,
155 2509 212 2536 imo
230 2513 294 2536 ante
311 2516 414 2536 annum
427 2508 477 2535 144
489 2509 526 2536 ita
538 2509 646 2544 agnitus
662 2513 714 2542 est,
726 2513 756 2536 ut
771 2509 855 2536 etiam

63 2555 199 2582 refutatus
218 2554 272 2586 sit,
289 2554 362 2589 quod
378 2554 437 2581 ﬂeri
455 2562 509 2582 non
522 2555 647 2590 potuisse
659 2555 758 2583 asserit
772 2555 855 2583 Blon—

63 2601 160 2628 dellus.
190 2600 326 2628 Eusebius
352 2600 380 2627 in
409 2600 557 2634 Chronico,
582 2600 617 2628 ad
644 2609 748 2628 annum
768 2601 821 2629 M2
846 2611 854 2628 :

67 2656 75 2672 ι
93 2645 220 2674 Justinus
232 2645 414 2681 philosophus
430 2645 530 2673 librum
550 2654 600 2681 pro
616 2652 710 2674 nostra
725 2647 856 2683 religione

63 2694 250 2729 conscriptum
273 2693 415 2721 Antonino
440 2693 566 2720 reddidit.
583 2703 593 2720 ›
611 2693 639 2721 in
655 2701 689 2722 eo
710 2694 770 2729 ipso
784 2694 855 2722 libro

64 2739 188 2767 Justinus
207 2740 266 2767 haec
282 2739 379 2766 scribit
399 2748 405 2765 :
422 2739 499 2766 Ἔστι
519 2739 547 2766 δὲ
564 2740 630 2775 ἡμῖν
649 2740 696 2766 καὶ
711 2741 855 2776 σύνταγμα

65 2789 132 2816 κατὰ
160 2789 259 2816 πασῶν
283 2788 338 2816 τῶν
364 2787 554 2824 γεγενημένων
576 2789 707 2825 αἱρέσεων
732 2798 856 2816 συντετα-

68 2836 182 2871 γῑιένονς
202 2845 211 2862 ι
231 2835 281 2863 Est
293 2840 386 2862 autem
401 2835 481 2862 nobis
502 2835 573 2862 liber
592 2839 685 2862 contra
699 2835 816 2866 haereses
830 2839 856 2863 et

65 2887 150 2910 sectas
171 2889 274 2910 omnes
301 2881 481 2915 compositus.
513 2890 521 2907 I
547 2879 616 2908 Eum
642 2885 732 2908 autem
757 2881 856 2908 librum

65 2928 194 2964 scripturn
209 2927 300 2957 fuisse
317 2926 369 2955 sub
387 2925 441 2954 tine
463 2926 571 2963 imperii
584 2925 698 2954 Adriani
718 2927 762 2954 vix
773 2926 851 2954 dubi-

448 185 474 214 J.
496 187 679 215 PEARSONII
698 184 862 214 VLVDICIA‘I
879 186 1091 215 IGNATIANE.
1104 204 1138 209 —-
1154 187 1244 215 PARS
1260 186 1291 215 Il.

1634 188 1686 216 358

860 251 883 279 Α
898 247 1009 274 tandum
1024 252 1075 281 est,
1088 247 1239 283 praesertim
1254 247 1276 274 si
1289 246 1412 274 Cedrcno
1424 246 1577 279 credamus,
1593 247 1640 282 qui
1653 247 1687 274 de

894 301 927 320 eo
943 293 1105 328 imperatore
1125 293 1248 321 scribens
1271 292 1309 319 ait
1325 301 1332 319 :
1353 293 1414 319 Ἐπὶ
1428 292 1522 320 τούτου
1546 293 1688 325 Ἰουστῐνος

893 339 908 365 ό
922 338 1065 373 φιλόσοφος
1084 338 1154 365 κατὰ
1176 338 1271 366 πασῶν
1295 339 1582 375 αἱρέσεωνὴνδρίζετο.
1601 349 1610 367 t
1630 338 1687 366 Sttb

895 384 948 412 hoc
973 384 1098 412 Justinus
1121 384 1302 420 philosophus
1326 389 1422 413 contra
1449 393 1545 413 omnes
1568 385 1688 413 hareses

895 431 1010 458 viriliter
1025 438 1055 458 se
1065 431 1162 466 gessit.
1182 440 1192 456 ι
1209 430 1237 458 In
1252 439 1285 458 eo
1302 431 1385 466 igitur
1404 431 1476 459 libro
1490 431 1601 466 scripsit
1619 440 1685 460 con-

895 480 937 504 tra
948 476 1154 505 Valentinianus
1166 476 1301 511 Justinus,
1315 482 1345 505 ut
1355 482 1470 505 testatur
1479 477 1681 512 Tertullianus;

895 529 961 558 ergo
978 528 1041 550 ante
1057 531 1160 551 annum
1183 523 1234 550 444
1258 531 1312 551 non
1329 527 1436 551 tantum
1454 523 1569 551 refutari
1583 523 1683 558 potuit,

896 568 944 595 sed
955 573 983 596 et
997 568 1054 603 ipse
1069 569 1204 597 refutatus
1215 574 1257 598 est
1271 574 1298 597 et
1310 569 1438 605 discipuli
1451 569 1522 605 ejus.
1538 568 1610 605 Ergo
1624 574 1688 598 ante

895 623 958 644 eum
973 623 1075 643 annum
1099 616 1243 644 haereticus
1263 616 1372 651 agnitus
1396 620 1449 647 est,
1472 621 1499 643 et
1514 616 1561 643 diu
1576 616 1686 651 quidem

895 666 968 689 ante.
994 660 1062 688 Nam
1085 661 1213 690 Justinus
1236 666 1341 697 martyr
1364 661 1391 688 in
1413 661 1526 697 Dialogo
1539 670 1598 688 cum
1620 662 1687 698 Try-

895 707 980 742 phone
994 707 1101 739 Iudaeo,
1117 708 1169 735 sub
1186 708 1264 735 initio
1280 707 1411 735 Antonini
1424 707 1466 734 Pii
1479 708 1591 742 scripto,
1605 708 1689 736 disci-

896 754 1024 789 pulorum
1041 753 1177 781 Valentini
1194 758 1323 788 tanquam
1341 753 1529 780 hmreticorum
1552 754 1686 786 meminit,

896 807 967 835 quos
982 805 1062 828 vocat
1088 799 1186 832 ἀθέους
1209 800 1257 827 καὶ
1273 800 1391 832 euasere,
1405 804 1433 827 et
1453 799 1615 835 quibuscum
1641 808 1688 828 ca-

897 846 1015 874 tholicos
1040 847 1260 874 communionem
1287 845 1390 873 nullam
1419 846 1548 874 habuisse
1562 851 1686 874 testatur.

896 892 952 919 Και
975 892 1044 918 εἰσιν
1066 891 1170 924 αὐτῶν,
1193 892 1296 927 inquit,
1316 892 1342 919 οἱ
1365 891 1414 927 μέν
1434 900 1506 923 τινες
1529 892 1689 928 καλούμενοι

861 932 883 960 Β
898 940 1062 976 Μαρκιανοὶ,
1077 940 1100 966 οἱ
1113 939 1143 966 δὲ
1168 938 1394 970 Οὐαλεντινιανοὶ,
1413 938 1438 964 οἱ
1455 938 1484 965 δὲ
1498 938 1689 971 Βασιλιδιανοὶ,

897 987 922 1013 οἱ
939 987 967 1014 δὲ
983 985 1199 1022 Σατορνιλιανοι,
1226 985 1273 1012 καὶ
1294 984 1368 1012 ἄλλοι
1390 984 1461 1020 ἄλλῳ
1482 985 1610 1020 ὀνόματι,
1634 985 1690 1012 ἀπὺ

897 1033 945 1060 τοῦ
967 1033 1120 1069 ἀρχηγέτου
1141 1032 1191 1068 τῆς
1211 1031 1324 1068 γνώμης
1343 1030 1458 1062 ἕκαστος
1480 1030 1688 1067 ὀνομαζόμενος.

901 1089 911 1107 ι
926 1079 959 1107 Et
971 1085 1035 1107 sunt
1055 1087 1151 1107 eorum
1165 1078 1276 1114 quidam
1295 1078 1343 1114 qui
1359 1082 1492 1105 vocantur
1506 1077 1688 1110 Marcionita,

897 1125 1008 1160 quidam
1021 1132 1088 1153 vero
1103 1124 1297 1158 Valentiniani,
1313 1123 1483 1157 Basilidiani,
1499 1123 1690 1158 Saturniliani,

898 1179 914 1199 a
935 1171 1058 1207 principe
1081 1171 1223 1200 sententiae
1247 1171 1366 1206 quisque
1392 1177 1493 1198 nomen
1517 1170 1655 1198 obtinens.
1676 1181 1687 1197 ι

898 1217 950 1246 Diu
979 1217 1071 1253 itaque
1095 1222 1158 1245 ante
1181 1217 1290 1252 agnitus
1313 1221 1356 1245 est
1375 1215 1536 1244 Valentinus
1560 1220 1690 1251 tanquam

898 1264 1066 1300 blaspheme
1089 1264 1226 1292 hereseos
1247 1263 1374 1298 princeps
1392 1267 1420 1290 et
1445 1262 1480 1290 ab
1500 1262 1620 1290 Ecclesia
1632 1262 1690 1298 eje-

898 1314 970 1339 ctus.
983 1309 1043 1338 Non
1055 1315 1147 1337 autem
1162 1317 1236 1338 nunc
1248 1310 1390 1344 quaeritur,
1404 1308 1515 1344 quando
1529 1308 1692 1338 Valentinus

898 1360 1028 1392 tanquam
1052 1356 1234 1384 haeresiarcha
1261 1355 1355 1383 Romae
1376 1356 1496 1391 agnitus,
1512 1355 1559 1384 sed
1577 1355 1690 1390 quando

897 1402 1017 1438 primum
1033 1402 1062 1429 in
1079 1401 1196 1429 heresin
1215 1401 1309 1437 lapsus
1331 1405 1383 1434 est,
1399 1402 1510 1437 quando
1526 1402 1613 1437 prima
1627 1409 1690 1430 sen-

898 1448 990 1476 tentiae
1003 1455 1060 1475 suae
1072 1447 1228 1475 rudimenta
1243 1447 1365 1483 protulit.

899 1496 902 1499 '
933 1493 1074 1530 Originem
1101 1493 1239 1521 Valentini
1271 1493 1416 1521 obscuram
1449 1493 1536 1522 fuisse
1562 1494 1690 1522 observat

898 1539 1078 1575 Epiphanius,
1092 1539 1165 1574 quod
1181 1546 1235 1567 n0n
1246 1539 1391 1566 minimum
1403 1540 1546 1568 vetustatis
1558 1540 1689 1568 indicium

899 1591 949 1614 est.
968 1587 998 1614 In
1010 1585 1129 1622 [Egypto
1143 1586 1260 1621 primum
1284 1586 1400 1613 haeresin
1417 1593 1495 1614 suam
1517 1586 1687 1620 etformasse,

899 1640 1015 1668 eamque
1032 1640 1136 1660 veneno
1149 1641 1200 1661 suo
1222 1632 1351 1660 iniecisse
1375 1633 1471 1666 tradit;
1491 1640 1546 1668 quo
1567 1639 1691 1668 tempore

900 1679 952 1707 hoc
968 1678 1071 1707 factum
1084 1683 1135 1712 est,
1154 1686 1266 1706 narrare
1288 1687 1342 1706 non
1365 1679 1463 1714 potuit.
1486 1678 1586 1706 Eodem
1605 1680 1691 1707 tendit

900 1725 1025 1759 historia,
1043 1733 1126 1761 quam
1152 1729 1246 1753 narrat
1267 1725 1453 1753 Tertullianus
1470 1733 1477 1752 :
1497 1735 1506 1751 ε
1529 1725 1690 1761 Speraverat

900 1771 1086 1807 episcopatum
1098 1771 1269 1804 Valentinus,
1281 1772 1347 1807 quia
1367 1777 1394 1799 et
1416 1771 1526 1807 ingenio
1542 1776 1649 1807 poterat
1663 1776 1691 1799 et

900 1818 1025 1853 eloquio;
1049 1818 1096 1846 sed
1122 1818 1206 1845 alium
1230 1826 1264 1846 ex
1290 1818 1413 1854 martyrii
1431 1819 1609 1853 praerogativa
1637 1819 1692 1846 loci

901 1865 1018 1900 potitum
1033 1865 1206 1900 indignatus,
1219 1864 1253 1892 de
1273 1863 1396 1892 Ecclesia
1413 1865 1576 1892 authenticaa
1591 1865 1691 1900 regulae

902 1911 1021 1946 abrupit,
1039 1911 1072 1938 ad
1094 1911 1303 1946 expugnandam
1326 1917 1475 1938 conversus
1499 1911 1652 1937 veritatem.
1677 1919 1688 1936 ι

903 1956 961 1984 Hoc
984 1956 1057 1984 enim
1084 1956 1110 1984 in
1135 1956 1252 1992 Egypto
1275 1956 1377 1984 factum
1406 1965 1456 1992 par
1486 1961 1528 1985 est
1561 1957 1689 1990 credere,

902 2002 1012 2038 quando
1023 2007 1114 2031 autem
1128 2002 1229 2030 factum
1242 2007 1284 2030 est
1296 2010 1345 2030 nec
1359 2003 1404 2030 ille
1415 2007 1519 2030 narrat.
1536 2003 1692 2031 Admodum

903 2053 993 2076 autem
1010 2049 1153 2084 antiquum
1175 2048 1260 2076 fuisse
1275 2048 1449 2077 Valentinum
1464 2048 1553 2084 primo
1570 2048 1692 2076 Valenti-

903 2095 979 2122 niani
1005 2094 1056 2130 ipsi
1079 2095 1259 2127 asserebant,
1275 2094 1338 2122 dein
1363 2094 1489 2122 Veterum
1515 2100 1692 2122 monumenta

903 2146 977 2169 recte
994 2142 1138 2169 observata
1154 2141 1329 2177 persuadent.
1343 2140 1470 2168 Clemens
1491 2141 1692 2168 Alexandrinus

904 2187 1034 2216 Stromat.
1060 2188 1108 2215 lib.
1135 2196 1173 2215 vn
1196 2197 1203 2215 ι
1231 2186 1367 2219 Ὡσαύτως
1390 2187 1418 2214 δὲ
1442 2187 1489 2213 καὶ
1516 2187 1692 2214 Οὐαλεντῑνον

905 2233 1013 2261 Θεοδάδι
1034 2233 1182 2270 ἀκηκοέναι
1192 2233 1316 2269 φέρουσι,
1332 2232 1469 2268 γνώριμος
1491 2232 1520 2259 δὲ
1538 2230 1615 2264 οὗτος
1631 2232 1692 2266 ὲγε-

869 2277 891 2305 Ι)
905 2279 978 2314 γάνει
1004 2280 1122 2306 Παύλου.
1138 2289 1147 2305 ‹
1167 2278 1299 2306 Similiter
1321 2283 1412 2306 autem
1429 2277 1605 2306 Valentinum
1623 2285 1693 2313 quo-

905 2333 959 2361 que
981 2325 1072 2353 ferunt
1092 2325 1228 2353 audivisse
1243 2324 1434 2357 Theodadem;
1451 2329 1510 2352 erat
1529 2329 1621 2352 autem
1647 2324 1693 2352 hic

904 2371 982 2400 Pauli
996 2372 1158 2407 discipulus.
1182 2381 1191 2398 ι
1206 2372 1235 2399 Si
1251 2371 1309 2399 haec
1321 2380 1383 2399 vera
1401 2372 1466 2405 sint,
1477 2371 1510 2399 de
1529 2371 1697 2406 antiquitate

908 2417 1041 2446 Valentini
1065 2418 1186 2445 dubitari
1212 2418 1330 2452 amplius
1354 2426 1406 2444 non
1434 2421 1532 2452 potest.
1560 2417 1693 2451 Suspicor

905 2464 1014 2499 quidem
1036 2471 1094 2496 eos,
1112 2464 1159 2498 qui
1180 2463 1239 2491 haec
1264 2463 1450 2494 tradiderunt,
1473 2462 1558 2490 fuisse
1574 2462 1694 2490 Valenti.

905 2510 1005 2537 nianos
1024 2519 1030 2536 :
1045 2510 1092 2544 qui
1105 2509 1168 2537 licet
1180 2510 1208 2537 in
1221 2517 1252 2537 ea
1265 2517 1294 2537 re
1305 2510 1350 2537 vix
1367 2509 1424 2536 tam
1438 2509 1586 2544 potuerint,
1599 2508 1695 2537 fallere

905 2561 996 2585 tamen
1010 2561 1084 2584 certe
1097 2560 1256 2591 potuerunt.
1275 2555 1344 2583 Cum
1364 2559 1455 2582 tamen
1476 2563 1496 2582 av
1510 2555 1588 2582 nobis
1607 2554 1694 2582 refelli

906 2612 962 2632 non
978 2603 1094 2638 possint,
1107 2602 1248 2630 videamus
1267 2610 1302 2629 an
1316 2601 1389 2636 quod
1404 2601 1443 2628 illi
1466 2601 1614 2634 tradidere,
1631 2608 1693 2628 cum

906 2651 940 2678 iis
953 2653 1099 2681 commeat,
1112 2656 1172 2683 quae
1184 2656 1200 2676 a
1211 2648 1354 2676 catholicis
1367 2647 1473 2682 prodita
1487 2652 1561 2675 sunt.
1575 2647 1695 2674 [vemens

905 2694 1069 2722 Brmfatione
1090 2693 1137 2720 lib.
1152 2701 1198 2720 tv:
1217 2701 1227 2719 ι
1245 2692 1276 2725 li,
1296 2693 1401 2728 inquit,
1415 2692 1462 2727 qui
1481 2696 1544 2719 ante
1564 2700 1615 2720 nos
1633 2691 1696 2719 fue—

905 2745 980 2775 runt,
997 2745 1024 2768 et
1037 2739 1147 2776 quidem
1160 2738 1246 2766 multo
1272 2738 1351 2766 nobis
1377 2738 1520 2771 meliores,
1533 2745 1587 2765 non
1602 2743 1695 2764 tamen

906 2788 974 2816 satis
991 2790 1137 2822 potueruttt
1158 2785 1344 2813 contradicere
1365 2784 1410 2812 liis
1424 2784 1470 2820 qui
1484 2788 1548 2812 sunt
1561 2792 1577 2811 a
1593 2783 1694 2812 Valeno

907 2834 976 2866 tino,
991 2833 1055 2868 quia
1072 2831 1234 2868 ignorabant
1247 2831 1368 2866 regulam
1384 2830 1516 2866 ipsorum.
1536 2839 1546 2856 ι
1562 2829 1694 2865 Loquitur

906 2879 940 2907 de
954 2879 997 2912 iis,
1013 2879 1060 2914 qui
1082 2882 1144 2906 ante
1158 2882 1265 2906 tetatem
1288 2885 1365 2905 suam
1387 2877 1524 2908 vixerunt,
1540 2883 1642 2911 eosque
1656 2875 1695 2902 ait-

908 2933 963 2954 non
984 2925 1050 2953 satis
1077 2924 1200 2961 potuisse
1224 2923 1429 2953 Valentiniauos
1453 2923 1605 2956 confutare,
1632 2921 1693 2949 licet
