1850 3072
164 188 217 215 359
679 187 708 216 S.
727 186 903 217 IGNATIUS.
922 205 956 210 —
975 188 1242 218 PROLEGOMENA.
1754 187 1822 218 540

163 247 216 274 viri
229 251 320 275 essent
331 246 557 282 praestantissimi.
572 246 690 275 Irenaaus
705 252 794 274 autem
811 255 864 275 non
876 247 955 283 longe
968 250 993 280 Α
1006 248 1161 284 scripsisse,
1177 249 1224 277 sed
1237 247 1341 276 vixisse
1354 251 1471 276 tantum.
1489 247 1588 276 Verum
1604 256 1661 277 non
1674 249 1727 277 diu
1745 255 1822 285 post

164 302 180 322 a
194 294 363 330 temporibus
384 294 568 329 apostolorum
592 293 654 328 fuit,
669 299 698 322 ut
723 294 844 329 loquitur
859 294 954 330 Augu-

165 341 271 374 stinus,
293 341 377 375 ἐγγὺς
397 340 451 368 τῶν
484 340 642 368 ἀποστόλων
660 340 815 375 γενόμενος,
831 344 860 368 ut
877 339 953 367 Basi-

165 387 234 420 lius;
259 394 344 422 prope
361 386 443 422 igitur
457 386 607 422 apostolica
621 391 743 421 tempora
759 386 834 413 fuere
853 385 953 413 Valen-

165 432 272 464 tiniani,
299 437 325 460 et
345 440 409 460 cum
432 433 592 468 apostolicis
611 433 680 460 viris
706 429 886 460 conversatus
911 436 953 460 est

166 487 223 514 .pse
241 478 400 506 Valentinus
426 478 498 506 Idem
515 479 601 506 multo
622 478 712 506 adhuc
726 477 831 506 ﬁrmius
850 483 876 506 et
890 485 951 505 cer-

164 526 220 554 tius
232 526 322 562 colligi
336 531 426 562 potest
442 534 475 554 ex
491 529 571 553 aetate
586 525 751 559 Marcionis,
773 525 796 553 si
813 525 871 553 haec
885 525 952 553 satis

165 573 242 600 ﬁrma
267 580 321 600 non
344 573 498 600 videantur.
514 571 681 599 Marcionem
705 571 815 607 quidem
834 570 952 600 iremeus

164 620 246 647 tradit
270 619 322 647 sub
345 618 459 646 Aniceto
485 618 653 650 invaluisse,
674 617 722 653 qui
749 617 800 645 sub
814 617 952 645 Antonino

162 664 212 692 Pio
229 664 356 693 Ecclesia:
377 665 508 692 Romana}
523 663 646 700 praefuit;
663 664 736 692 unde
756 671 818 691 eum
837 663 952 691 Antoni-

162 711 277 739 nianum
292 711 457 740 Marcionem
480 710 599 746 appellat
618 709 804 738 Tertullianus
826 709 874 737 lib.
891 717 907 737 ν
923 713 952 737 et

163 758 212 786 lib.
226 765 236 784 ι
253 767 260 785 :
277 767 288 784 ‹
301 757 341 786 De
362 765 417 792 quo
437 762 530 785 tamen
546 761 664 790 constat,
679 755 882 784 Antoninianus
893 755 950 783 hae-

161 804 264 830 reticus
287 806 339 834 est,
363 802 415 830 sub
437 801 486 829 Pio
510 801 620 836 impius.
647 810 657 828 »
684 800 736 828 Sed
756 808 812 836 quo
832 800 951 835 primum

161 853 285 884 tempore
306 848 333 876 in
349 848 465 876 hieresin
480 848 574 883 lapsus
590 851 649 880 est,
665 846 795 882 quoniam
811 846 883 881 apud
897 845 952 874 lre-

161 903 252 924 meum
271 902 325 922 non
351 895 506 928 invenerat,
529 894 667 929 inquirere
688 893 814 928 neglexit.
834 901 843 918 ι
861 892 952 926 Quoto

161 942 272 977 quidem
285 948 357 968 anno
368 923 505 968 Antonini,
515 923 629 974 majoris
645 939 679 966 de
695 923 783 966 Ponto
799 946 850 966 suo
865 923 950 966 ἔχω-
966 923 991 955 Β

161 989 259 1016 laverit
275 995 340 1015 aura
358 987 542 1019 canicularis,
556 993 611 1013 non
630 985 724 1014 curavi
743 985 919 1020 investigare.
937 994 947 1011 ι

161 1034 228 1068 Qua:
250 1042 312 1062 cum
338 1038 395 1061 tam
419 1034 492 1061 clare
514 1032 633 1060 fateatur
655 1031 849 1065 Tertullianus,
866 1031 953 1059 miror

162 1081 313 1108 Barciiium
327 1083 495 1107 asserentem
506 1099 514 1110 ,
530 1086 564 1106 ex
588 1078 648 1113 ejus
662 1077 753 1105 verbis
774 1082 878 1105 certum
901 1085 947 1105 an-

162 1135 229 1155 num
257 1125 327 1153 initii
356 1124 503 1152 Marcionis
529 1122 644 1151 haeresis
670 1121 828 1157 consignari
861 1129 950 1157 posse.

161 1172 379 1211 Vcrhalquidem
400 1171 471 1206 apud
490 1177 553 1198 eum
569 1170 627 1197 haec
650 1172 803 1204 sequuntur
820 1177 826 1196 :
844 1177 854 1194 ‹
870 1169 891 1194 A
906 1167 953 1195 Ti-

161 1220 240 1248 berio
259 1223 349 1246 autem
365 1225 454 1253 usque
471 1217 504 1245 ad
519 1216 687 1244 Antoninum
704 1215 768 1242 anni
784 1214 840 1242 fere
858 1213 911 1242 120
926 1218 954 1242 et

162 1266 305 1294 dimidium
324 1265 388 1292 anni
404 1271 467 1292 eum
492 1262 606 1291 dimidio
632 1262 745 1290 mensis.
771 1260 952 1288 Tantumdem

163 1312 293 1347 temporis
313 1315 420 1347 ponunt
443 1310 515 1337 inter
537 1308 677 1337 Christum
698 1312 731 1339 et
746 1307 921 1335 Marcionem.
940 1315 953 1333 ι

164 1358 218 1386 Sed
236 1365 299 1386 cum
322 1365 338 1385 a
361 1357 464 1384 Christi
488 1356 562 1383 exitu
588 1354 786 1383 Tertullianum
807 1360 954 1381 numerare

163 1405 237 1438 velit,
254 1404 279 1431 id
304 1408 398 1440 aperte
422 1402 521 1431 falsum
542 1409 603 1430 esse
625 1409 657 1430 ex
675 1400 890 1437 praecedentibus
907 1407 954 1427 co-

164 1450 321 1486 gnoscitur;
342 1457 405 1477 cum
426 1456 528 1477 annum
545 1452 648 1476 certum
665 1447 789 1475 denotari
805 1447 895 1479 docet,
910 1454 954 1475 se-

164 1496 292 1531 ptimum,
309 1495 423 1529 scilicet,
445 1494 592 1528 Antonini,
610 1498 706 1522 contra
725 1489 844 1521 mentem
867 1493 954 1529 ipsius

164 1542 362 1570 Tertullianum
378 1541 504 1576 explicat,
521 1540 567 1576 qui
585 1540 618 1568 ad
634 1540 721 1575 prima
737 1539 867 1567 Antonini
885 1544 954 1567 tetu-

164 1596 230 1623 pora
248 1587 435 1616 tantummodo
450 1587 584 1614 calculum
598 1586 719 1621 deducit,
732 1594 781 1614 nec
792 1586 875 1614 ullius
890 1586 954 1614 anni

165 1635 226 1670 ejus
240 1634 347 1670 imperii
366 1634 500 1661 rationem
516 1633 608 1661 habet.
621 1631 689 1660 Nam
704 1637 731 1660 et
743 1634 790 1668 qui
811 1637 874 1660 ante
889 1632 956 1660 Ter-

163 1681 309 1709 tullianum
336 1681 472 1715 scripsere
493 1679 642 1708 Christiani
667 1680 760 1715 plures
774 1680 856 1707 etiam
872 1687 955 1715 quam

165 1727 219 1755 H5
237 1735 324 1755 annos
338 1735 353 1754 a
369 1727 402 1754 15
416 1724 518 1754 Tiberii
535 1726 569 1753 ad
585 1725 693 1753 initium
708 1725 839 1753 Antonini
859 1733 957 1753 nume-

165 1776 274 1803 rabant.
291 1773 436 1801 Videamus
463 1773 546 1807 igitur
562 1780 596 1799 an
623 1779 673 1799 nos
687 1772 790 1807 aliquid
805 1772 907 1799 certius
923 1771 956 1799 de

166 1824 272 1860 origine
287 1823 360 1850 illius
377 1822 496 1850 haeretici
508 1829 542 1849 ex
553 1820 751 1855 antiquissimis
764 1824 885 1847 veterum
901 1827 957 1846 mo-

166 1871 306 1898 numentis
327 1878 423 1897 eruere
444 1869 597 1904 possimus;
616 1875 678 1894 nam
694 1867 740 1902 qui
758 1867 957 1901 posterioribus

167 1917 270 1950 ﬁdunt,
296 1916 364 1943 nihil
393 1916 528 1943 hactenus
551 1914 618 1942 certi
647 1913 769 1940 invenire
798 1918 955 1948 potuerunt.

167 1962 309 1996 Origenes,
328 1966 420 1989 contra
431 1961 536 1989 Celsum
549 1960 597 1988 lib.
612 1968 627 1987 ν
643 1968 649 1986 :
666 1960 804 1996 Ἐμνήσθη
815 1960 843 1987 δὲ
857 1961 871 1987 ὁ
885 1959 956 1987 Κέλ-

169 2017 215 2041 σος
241 2008 288 2035 καὶ
314 2007 529 2044 Μαρκιωνιστῶν
557 2007 765 2044 προϊσταμένων
794 2007 955 2043 Μαρκίωνα.

172 2065 182 2081 ι
202 2055 326 2082 Meminit
339 2059 430 2082 autem
457 2054 553 2083 Celsus
570 2054 793 2082 Marcionitarum
808 2053 956 2082 Marcionis

168 2099 349 2130 sectatorum.
375 2110 385 2127 ι
409 2101 563 2136 Antequam
589 2101 672 2136 igitur
694 2101 827 2128 scriberet
848 2100 955 2134 Celsus,

168 2147 335 2175 Marcionita:
355 2147 474 2174 bteretici
502 2152 581 2175 erant
605 2147 734 2174 omnibus
762 2154 818 2174 non
850 2151 956 2173 tantum

168 2193 348 2225 Christianis,
366 2193 414 2220 sed
433 2193 516 2221 etiam
532 2193 678 2228 gentilibus
693 2193 778 2228 probe
796 2193 864 2220 noti.
879 2191 958 2220 Etas

169 2245 261 2269 autem
278 2240 348 2268 Celsi
365 2241 444 2269 istius
463 2241 500 2268 ita
519 2241 554 2268 ab
573 2239 689 2276 Origene
704 2240 868 2268 describitur
882 2248 889 2265 :
906 2240 958 2266 Δύο

1004 294 1158 322 Adrianum
1177 295 1229 322 sub
1242 295 1357 330 imperio
1370 294 1502 322 Antonini
1515 294 1555 322 Pii
1572 295 1722 331 scripsisse
1740 304 1819 323 eum

1003 341 1087 369 verba
1097 340 1223 377 Origenis
1233 341 1348 368 omnino
1359 341 1474 369 innuere
1486 340 1613 369 videntur
1629 350 1636 368 :
1655 346 1743 369 erant
1755 349 1819 368 au-

1003 391 1058 416 tem
1076 392 1142 416 tunc
1162 387 1310 416 Marcionis
1332 387 1460 424 discipuli
1482 389 1550 416 satis
1565 389 1697 417 celebres.
1721 389 1820 417 Certe

1003 433 1225 468 Marcionitarum
1252 434 1372 461 meminit
1398 434 1524 463 Justinus
1551 440 1656 472 martyr
1681 435 1817 471 Dialoga

1004 488 1064 508 cum
1080 479 1218 515 Tryphone
1238 479 1344 513 Iudaeo,
1366 481 1468 516 scripto
1490 485 1521 508 ut
1545 481 1678 515 diximus,
1703 483 1817 509 statim

1003 526 1055 554 sub
1066 526 1146 553 initio
1158 526 1289 553 Antonini
1312 525 1370 561 Pii;
1394 526 1418 554 si
1441 525 1609 562 Scaligerum
1635 527 1814 560 audiamus,

1003 571 1054 600 sub
1066 571 1120 599 (ine
1131 571 1255 600 Adriani.
1273 573 1313 600 Ita
1333 573 1407 601 enim
1427 572 1473 600 ille
1491 573 1526 600 ad
1549 572 1659 601 Eusebii
1675 574 1815 601 Chroni-

991 617 1066 646 ’con.
1088 627 1098 644 ι
1122 618 1188 646 Belli
1218 617 1324 646 Judaici
1353 623 1475 653 tempore
1503 619 1612 654 scripsit
1647 618 1814 655 Tryphona

1002 664 1153 700 dialogum,
1174 664 1227 692 hoc
1252 671 1294 693 est
1316 665 1367 693 sub
1379 665 1511 698 Adriano,
1525 669 1555 692 ut
1569 665 1625 700 ipse
1638 665 1778 693 ostendit.
1798 675 1811 691 ν

1002 710 1130 748 Τρύφων,
1149 711 1226 747 φησὶ,
1244 710 1387 747 καλοῦμαι·
1406 710 1463 746 εἰμὶ
1476 710 1505 737 δὲ
1528 710 1653 747 Ἑϐραῖος
1668 712 1701 737 ἐκ
1721 718 1813 746 πρι-

1002 759 1099 794 τομῆς,
1124 757 1220 794 φυγὼν
1246 758 1291 785 τὸν
1307 757 1354 785 νῦν
1371 757 1498 793 πόλεμον,
1519 757 1548 784 ὲν
1565 759 1598 793 τῇ
1626 756 1736 784 Ἑλλάδι
1755 757 1810 783 καὶ

1002 806 1036 842 τῇ
1054 805 1180 841 Κορίνθῳ
1195 805 1230 832 τὰ
1257 804 1342 832 πολλὰ
1368 804 1478 837 διάγων.
1509 813 1519 830 ι
1549 803 1670 840 Trypho,
1694 804 1810 839 inquit,

1002 859 1087 880 vocor
1103 860 1109 879 :
1129 859 1190 879 sum
1212 855 1304 878 autem
1321 858 1354 879 ex
1375 850 1587 878 circumcisione
1603 849 1752 882 Hebraeus,
1770 856 1810 876 ex

1003 904 1109 932 nupero
1124 897 1196 925 bello
1212 896 1356 932 profugus,
1371 900 1453 931 atque
1468 896 1496 923 in
1511 895 1615 924 Gracia
1630 900 1657 923 et
1670 895 1810 924 Cerinthi

1003 944 1152 978 plurimum
1168 944 1266 979 degere
1281 943 1390 971 solitus.
1415 951 1424 968 ι
1442 941 1527 970 Erant
1546 942 1630 977 igitur
1641 941 1676 969 iis
1690 945 1809 976 tempo-

1002 990 1080 1018 ribus
1092 989 1213 1018 celebres
1228 989 1349 1017 hzeretici
1363 988 1510 1016 Marcionis
1521 987 1658 1023 discipuli.
1675 987 1716 1016 De
1728 987 1809 1015 Mar-

1003 1037 1083 1064 cione
1101 1036 1161 1071 ipso
1175 1035 1246 1063 idem
1266 1035 1293 1062 in
1304 1035 1438 1071 Apologia
1456 1034 1555 1070 prima,
1576 1041 1637 1070 quae
1651 1033 1680 1060 in
1699 1033 1807 1061 editio-

1003 1084 1084 1110 nibus
1097 1082 1167 1109 male
1179 1088 1229 1117 pro
1240 1082 1359 1109 secunda
1374 1081 1501 1113 habetur,
1515 1085 1546 1107 ut
1559 1080 1611 1107 viri
1621 1080 1696 1107 docti
1711 1080 1807 1107 adno-

1005 1132 1115 1155 tarunt:
1132 1128 1284 1164 Μαρκίωνα
1299 1127 1328 1154 δέ
1344 1135 1405 1154 τινα
1426 1126 1566 1158 Ποντικὸν,
1583 1126 1612 1158 ὃς
1629 1126 1677 1152 καὶ
1693 1125 1746 1152 νῦν
1763 1126 1807 1152 ἔτι

1005 1174 1064 1201 ἐστὶ
1079 1173 1213 1201 διδάσκων
1235 1173 1299 1206 τοὺς
1321 1173 1508 1209 πειθομένους.
1530 1181 1539 1199 ι
1561 1171 1731 1200 Marcionem
1751 1179 1807 1198 au-

1004 1224 1058 1248 tem
1072 1219 1217 1255 quemdam
1238 1218 1394 1252 Ponticum,
1412 1219 1460 1253 qui
1477 1218 1559 1246 etiam
1579 1218 1669 1246 adhuc
1690 1217 1806 1245 exsistit

1005 1265 1108 1293 docens
1123 1265 1274 1301 discipulos
1287 1272 1362 1293 suos.
1380 1273 1390 1291 ι
1407 1263 1468 1298 Quo
1481 1265 1543 1292 loco
1556 1264 1659 1292 indicat
1678 1263 1804 1290 Marcio-

1005 1319 1067 1340 nem
1096 1312 1143 1339 diu
1166 1311 1280 1339 hmresin
1307 1318 1386 1339 suam
1410 1311 1556 1346 sparsisse,
1579 1315 1727 1345 antequam
1756 1309 1804 1336 illa

1005 1357 1147 1393 scripserit
1164 1357 1300 1386 Justinus.
1317 1357 1356 1384 Ea
1378 1361 1470 1385 autem
1484 1356 1596 1392 scripsit
1611 1363 1685 1384 anno
1699 1360 1804 1391 quarto

1004 1402 1136 1430 Antonini
1154 1401 1206 1435 Pii,
1230 1407 1261 1431 ut
1286 1402 1370 1430 tradit
1384 1401 1520 1430 Eusebius
1535 1402 1562 1429 in
1584 1401 1804 1435 Chronico;ne-

1005 1455 1060 1484 que
1077 1449 1214 1483 posterius
1230 1455 1290 1476 eam
1311 1448 1455 1484 scripsisse
1471 1448 1590 1480 videtur,
1608 1455 1672 1475 nam
1696 1447 1799 1474 bellum

1005 1494 1217 1528 Barchochebas,
1234 1493 1285 1521 sub
1295 1494 1416 1522 Adriano
1428 1493 1547 1527 ﬁnitum,
1561 1492 1678 1528 appellat
1690 1492 1737 1518 τὸν
1754 1492 1802 1519 νῦν

1006 1540 1189 1577 γεγενημένον
1211 1539 1355 1567 Ἰουδαϊκὸν
1368 1539 1484 1575 πόλεμον
1501 1539 1529 1566 in
1544 1539 1639 1566 eadem
1653 1538 1800 1574 Apologia.

1006 1587 1097 1621 Quare
1113 1594 1176 1614 cum
1194 1585 1319 1614 Justinus
1339 1585 1390 1613 sub
1411 1585 1489 1612 initio
1509 1584 1566 1612 fere
1588 1584 1696 1619 imperii
1714 1584 1801 1610 Anto-

1007 1634 1066 1662 nini
1084 1633 1209 1668 majoris,
1225 1632 1381 1660 meminerit
1398 1631 1546 1659 Marcionis
1558 1631 1770 1666 discipulorum,
1784 1637 1799 1657 a

1006 1679 1201 1708 communione
1226 1678 1355 1706 Ecclesia:
1381 1678 1547 1713 ejectornm,
1576 1681 1603 1705 et
1632 1676 1799 1704 Marcionem

1005 1726 1061 1762 jam
1080 1726 1126 1754 diu
1147 1725 1276 1753 haeretica
1301 1732 1349 1752 sua
1366 1724 1492 1760 dogmata
1508 1723 1697 1759 promulgasse
1709 1730 1800 1752 enuna.

1008 1771 1132 1805 tiaverit;
1147 1771 1331 1806 quisquamne
1344 1770 1436 1797 induci
1456 1769 1544 1805 possit
1557 1774 1586 1796 ut
1607 1769 1700 1796 credat
1729 1763 1799 1795 Har-

1007 1818 1113 1845 cionem
1135 1817 1230 1852 paucis
1251 1820 1314 1851 post
1337 1816 1445 1843 initium
1461 1815 1574 1842 Adriani
1589 1815 1670 1842 annis
1689 1814 1797 1841 haereti-

1008 1871 1070 1891 cum
1087 1871 1142 1890 non
1158 1863 1263 1890 fuisse?
1275 1861 1334 1890 Non
1357 1862 1483 1897 equidem
1497 1865 1563 1896 puto
1577 1867 1640 1888 vera
1656 1867 1718 1888 esse
1738 1867 1797 1894 quae

1008 1909 1045 1936 de
1062 1908 1200 1936 Marcione
1222 1908 1332 1943 scripsit
1352 1906 1517 1935 Philastrius
1535 1916 1543 1934 :
1568 1916 1578 1933 ‹
1602 1905 1653 1940 Qui
1676 1906 1797 1934 devictus

1009 1959 1091 1989 atque
1110 1954 1220 1990 fugatus
1235 1962 1253 1982 a
1272 1954 1352 1982 beato
1369 1953 1474 1981 Joanne
1489 1953 1658 1989 evangelista
1674 1957 1701 1979 et
1713 1959 1728 1979 a
1739 1960 1798 1987 prc-

1009 2001 1126 2037 sbyteris
1138 2001 1172 2028 de
1185 2000 1298 2028 civitate
1309 2000 1420 2035 Ephesi,
1435 1999 1530 2027 Romae
1543 1999 1614 2026 hanc
1631 1998 1747 2026 haeresin
1759 2006 1797 2026 se-

1008 2048 1145 2075 minavit:
1165 2057 1175 2074 ι
1190 2047 1320 2074 existimo
1336 2050 1427 2073 tamen
1441 2053 1474 2074 ea
1495 2053 1556 2073 esse
1577 2044 1650 2072 illius
1663 2044 1797 2072 haereseos

1008 2093 1181 2129 antiquitatis
1204 2092 1316 2128 aliquod
1339 2096 1543 2128 argumentum.
1572 2089 1606 2117 Et
1622 2097 1656 2118 ex
1680 2090 1723 2117 his
1739 2098 1796 2125 qua:

1008 2141 1081 2169 dicta
1096 2144 1162 2168 sunt
1176 2140 1264 2168 obiter
1278 2140 1410 2172 observo,
1424 2137 1653 2166 verisimillimum
1671 2144 1732 2165 esse
1751 2140 1796 2172 pan

1009 2192 1078 2215 trem
1093 2187 1240 2215 Mareionis
1251 2191 1313 2214 ante
1326 2186 1486 2222 martyrium
1500 2184 1595 2220 lgnatii
1607 2184 1634 2211 in
1644 2183 1732 2211 Ponto
1741 2183 1796 2218 epi-

1010 2240 1125 2269 scopum
1140 2232 1237 2266 t'uisse,
1249 2237 1277 2260 et
1287 2232 1397 2267 quidem
1411 2230 1595 2266 διαπρέποντα
1604 2230 1633 2256 ὲν
1647 2230 1680 2265 τῇ
1691 2230 1796 2256 ἐπισκο-

168 2287 198 2314 δὲ
216 2287 424 2323 παρειλήφαμεν
439 2287 559 2319 Κέλσους
572 2275 711 2321 γεγονέναι
738 2286 958 2322 Ἐπικουρείους
977 2276 999 2304 Ῑ)
1014 2280 1069 2316 πῆς
1080 2279 1246 2315 λειτουργίᾳν
1263 2284 1293 2306 ιη
1307 2278 1430 2313 ιοίιιιίιυι·
1448 2275 1616 2323 Epiphanius
1631 2284 1639 2302 ε
1661 2279 1709 2302 θυι
1727 2279 1795 2303 certe

168 2334 215 2360 τὸν
237 2333 288 2369 μὲν
312 2333 444 2368 πρότερον
466 2333 536 2359 κατὰ
560 2333 691 2368 Νέρωνα,
718 2332 814 2360 τοῦτον
835 2333 863 2359 δὲ
888 2332 959 2360 κατὰ

174 2379 326 2416 Ἀδριανδν,
341 2379 388 2405 καὶ
403 2378 562 2414 κατωτέρω.
578 2388 587 2404 ι
603 2378 677 2406 Duos
690 2383 780 2406 autem
797 2378 882 2406 fuisse
899 2378 959 2406 Cel-

169 2433 217 2453 sos
231 2425 383 2460 Epicurcos
413 2424 569 2459 accepimus
588 2433 595 2452 :
614 2425 734 2459 priorem
766 2425 877 2459 quidem
908 2425 960 2452 sub

169 2471 294 2505 Nerone,
322 2471 397 2498 hunc
422 2475 512 2498 autem
537 2471 588 2498 sub
617 2470 757 2503 Adriano,
776 2476 803 2499 et
824 2476 927 2506 postea.
948 2481 957 2496 ι

169 2517 268 2544 Celsus
294 2517 378 2552 igitur
409 2516 455 2551 qui
485 2516 708 2544 Marcionitarum
740 2517 880 2551 meminit,
909 2517 961 2545 sub

170 2563 294 2590 Adriano
309 2562 392 2596 vixit;
410 2562 554 2597 scripsisse
576 2562 687 2597 quidem
703 2563 754 2590 sub
767 2564 888 2591 Adriano
905 2571 960 2590 non

171 2612 300 2641 constat,
322 2608 387 2642 quia
409 2613 472 2644 post
496 2608 609 2636 Adriani
633 2608 776 2644 imperium
801 2609 959 2645 permansit.

170 2653 232 2682 Non
251 2655 325 2682 enim
340 2654 385 2682 illa
405 2655 491 2689 probo
511 2663 572 2688 quae
597 2655 706 2691 scripsit
726 2655 860 2684 Baronius
877 2665 884 2683 :
903 2665 912 2681 ι
932 2655 961 2683 Si

171 2701 283 2738 Origeni
311 2701 467 2734 credimus,
488 2701 536 2736 qui
559 2702 641 2729 tradit
663 2702 774 2730 Celsum
796 2702 961 2738 Epicureum

172 2747 225 2776 sub
236 2747 357 2775 Adriano
375 2747 520 2783 scripsisse
539 2748 669 2776 adversus
692 2748 865 2776 Christianos
879 2749 963 2776 Cont-

173 2794 323 2822 mentarios
338 2802 415 2828 suos,
431 2794 458 2821 in
473 2794 574 2830 quibus
589 2796 757 2823 mentionem
770 2794 836 2822 facit
851 2794 962 2822 haeresis

171 2839 319 2869 Marcionis
335 2849 343 2868 :
358 2847 470 2868 necesse
490 2844 533 2868 est
557 2840 658 2873 dicere,
675 2840 732 2876 jam
754 2844 816 2867 ante
829 2839 962 2867 Antonini

171 2890 293 2921 tempora
318 2894 379 2914 esse
404 2886 552 2915 Marcionis
578 2887 697 2914 haereses
725 2885 920 2921 promulgatas.
950 2895 960 2913 ι

171 2931 231 2961 Non
259 2933 331 2962 enim
363 2934 432 2963 dixit
457 2932 589 2968 Origenes
621 2932 741 2971 Celsum,
758 2932 963 2971 βαι),Αάιὶωο

1010 2327 1057 2354 diu
1072 2331 1134 2353 ante
1149 2325 1195 2352 illa
1216 2329 1339 2359 tempora
1358 2323 1459 2359 quibus
1479 2322 1628 2358 primulum
1647 2325 1730 2356 caput
1749 2329 1794 2349 ex.

1010 2373 1107 2401 tulisse
1118 2372 1307 2407 episcopatum
1320 2370 1472 2398 decernunt
1484 2368 1640 2397 Blondcllus
1651 2375 1678 2396 et
1696 2367 1794 2396 Salma-

1011 2420 1081 2448 sius.
1096 2418 1159 2446 Hacc
1174 2422 1266 2446 autem
1279 2417 1313 2445 de
1333 2421 1412 2445 aetate
1425 2416 1573 2444 Marcionis
1592 2424 1625 2443 ex
1642 2414 1794 2450 antiquissi-

1011 2468 1064 2495 mis
1084 2470 1206 2494 veterum
1232 2464 1420 2491 monumentis
1438 2463 1570 2498 ,decerpta
1599 2462 1632 2489 ad
1651 2462 1791 2489 eruendum

1012 2513 1151 2541 Valentini»
1171 2521 1257 2540 aevum
1294 2512 1528 2547 quamplurimum
1554 2510 1656 2537 valent.
1691 2509 1792 2538 Veteres

1012 2561 1084 2588 enim
1097 2567 1193 2588 omnes
1203 2559 1301 2587 docent
1318 2566 1381 2586 eum
1406 2557 1491 2586 fuisse
1509 2556 1649 2584 Marciane
1665 2557 1792 2592 antiquio-

1012 2614 1087 2640 rem;
1117 2609 1221 2641 quanto
1258 2609 1348 2632 autem
1380 2603 1519 2639 antiquior
1553 2602 1619 2635 luit,
1657 2603 1710 2631 ltoc
1740 2611 1791 2630 mo-

1013 2654 1058 2685 do,
1074 2653 1101 2680 ni
1116 2653 1205 2685 fallor,
1220 2651 1325 2680 discere
1343 2651 1517 2686 aliquatenus
1535 2649 1697 2684 poterimus.
1715 2648 1790 2677 Nemo

1013 2706 1055 2728 est
1065 2700 1111 2735 qui
1127 2707 1180 2727 non
1202 2699 1285 2726 tradit
1305 2698 1457 2725 Cerdonem
1474 2695 1622 2724 Marcionis
1637 2695 1789 2731 magistrum

1013 2747 1114 2779 fuisse;
1132 2745 1242 2781 Κέρδων
1259 2743 1287 2770 δὲ
1303 2744 1317 2770 ὁ
1334 2743 1386 2779 πρὸ
1402 2742 1574 2778 Μαρκίωνος,
1596 2751 1606 2767 ι
1625 2741 1729 2769 Cerdou
1746 2749 1789 2767 au-

1013 2796 1067 2819 tem
1079 2792 1127 2827 qui
1142 2795 1206 2818 ante
1219 2790 1396 2821 Marcionem,
1419 2798 1428 2814 i
1454 2793 1505 2815 et:
1530 2797 1539 2813 ι
1563 2787 1686 2815 Marcion
1709 2792 1789 2815 autem

1014 2838 1054 2866 illi
1073 2837 1234 2870 succedens,
1255 2846 1266 2863 ›
1287 2835 1377 2871 inquit
1397 2834 1517 2862 lremeus
1546 2834 1594 2862 lib.
1620 2841 1663 2866 tn,
1689 2842 1744 2870 cap.
1765 2834 1787 2865 ι,

1014 2885 1061 2920 qui
1080 2889 1108 2913 et
1127 2885 1175 2913 lib.
1201 2893 1211 2912 ι
1237 2884 1316 2912 docet
1341 2883 1492 2911 Cerdonem
1514 2890 1563 2910 sua
1591 2889 1606 2908 a
1630 2881 1788 2909 Simonianis

1014 2932 1141 2963 hausisse
1153 2931 1370 2972 ῖὲΔιαδεξάμενος
1380 2929 1408 2957 δὲ
1424 2929 1514 2964 αὑτὸν,
1531 2929 1630 2964 inquit,
1643 2929 1658 2956 ὀ
1674 2927 1788 2959 Ποντικὸς
