1850 3072
43 172 92 202 Sil

429 176 455 204 J.
476 175 661 204 PEARSONII
679 175 841 204 VlNDlCUE
860 174 1072 203 ΙΟΝΑΤΙΑΝᾸΞ.
1088 189 1122 196 --
1139 173 1159 201 Ρ

552 175 661 204 RSONII
679 175 841 204 VINDICUE
860 174 1072 203 ΙΟΝΑΤΙΑΝᾸΞ.
1088 189 1122 196 --
1139 173 1231 201 PARS
1251 172 1282 200 ll.

1628 172 1682 200 ΜΞ

43 236 172 274 Μαρκίων
187 235 295 272 ηὔξησε
314 237 346 263 τὺ
363 237 557 264 διδασκαλεῖον.
580 247 590 264 ι
615 237 769 265 Succedens

950 235 982 263 ba
995 236 1077 263 etiam
1091 233 1232 269 sequentia
1247 231 1320 260 idem
1341 230 1472 258 evincunt
1488 238 1494 257 :
1512 239 1520 256 ι
1536 229 1596 264 Qua
1613 234 1680 257 tem-

44 289 96 310 tem
109 284 134 311 ei
148 283 272 311 Marcion
287 283 427 312 Ponticus
448 285 570 312 scholam
586 284 672 312 auxit.
697 295 706 311 ι
724 285 762 312 [ta
777 284 842 312 Ter-

44 330 192 363 tuiiianus;
210 331 249 357 ita
265 331 380 366 reliqui.
396 331 430 359 Et
441 332 551 367 quidem
565 332 738 360 Valentinum
753 334 842 369 primo

44 376 95 403 sub
110 375 219 412 Hygino
236 376 354 405 Romam
368 378 489 412 venisse,
501 378 564 406 dein
583 379 735 409 Cerdonem
759 380 842 407 tradit

44 421 174 452 irenaaus.
192 422 258 451 inde
282 428 376 452 autem
393 424 461 452 nihil
478 425 545 452 certi
566 424 599 452 de
615 430 738 461 tempore
750 426 842 462 colligi

44 474 142 504 potest.
157 469 256 498 Nullos
268 471 343 498 enim
356 471 530 506 pontificibus
545 470 677 499 Romanis
695 480 783 500 annos
797 481 842 500 as-

44 516 147 551 signat,
171 523 264 551 neque
288 523 338 544 eos
367 524 431 544 cum
465 516 598 544 Romanis
629 517 841 553 imperatoribus

44 564 191 595 comparat
204 561 335 589 lrenaeus.
353 560 488 590 Eusebius
509 563 619 597 quidem
649 564 676 590 in
704 564 841 592 Chronico

44 607 167 641 primum
182 615 287 635 annum
301 607 398 644 Hygini
410 609 530 636 secundo
542 609 673 637 Antonini
683 610 725 638 Pii
735 611 839 643 tribuit,

45 652 202 689 Entycbius
223 658 316 681 autem
329 656 414 684 fsexto
429 654 551 683 Adriani.
571 655 671 684 Tribus
695 657 775 684 annis
797 665 840 685 se—

45 699 120 727 disse
130 700 193 727 vult
206 699 344 736 Hyginum
362 700 497 729 Eusebius
521 711 528 729 :
556 711 565 728 ι
588 702 675 730 Annis
694 702 840 731 duodecim

45 746 192 774 mensibus
207 747 309 780 tribus,
322 747 420 776 diebus
434 756 494 780 sex,
514 758 524 775 ι
545 753 642 777 auctor
659 750 840 779 vetustissimi

46 792 167 828 catalogi
187 793 260 827 apud
277 792 454 822 Bucherium.
480 794 513 822 Et
537 803 601 823 vera
627 797 736 832 quidem
762 797 840 825 initia

47 843 105 865 tum
124 839 246 871 Aniceti,
267 844 325 867 tum
351 839 409 873 Pii,
430 845 487 868 tum
508 840 605 877 llygini
633 842 839 877 pontificatuum

46 890 114 919 puto
124 892 189 928 esse
201 885 337 914 hactenus
354 886 501 922 incognita.
517 886 556 914 Ex
570 888 747 916 successione
758 888 840 924 igitur

47 930 244 959 hereticorum
256 932 290 960 de
301 932 380 960 initio
396 933 530 961 Valentini
545 934 636 968 potius
645 934 840 969 judicandum,

48 977 112 1005 talis
136 983 232 1005 autem
264 986 280 1005 a
305 979 444 1007 veteribus
469 987 565 1007 eorum
594 979 735 1008 successio
761 980 842 1009 nobis

47 1024 149 1051 tradita
176 1029 236 1057 est;
261 1023 348 1052 Cerdo
369 1025 504 1053 successit
523 1025 701 1059 Heracleoni,
725 1026 761 1054 ita
782 1026 842 1061 Epi-

47 1070 169 1105 phanius
187 1079 195 1097 :
211 1070 326 1106 Κέρδων
341 1080 383 1103 τις
399 1073 509 1104 τούτους
522 1073 568 1099 καὶ
593 1073 638 1100 τὸν
669 1072 843 1108 Ἡρακλέωνα

46 1116 200 1152 διαδέχεται
217 1117 251 1143 ὲκ
266 1117 314 1153 τῆς
329 1117 419 1144 αὐτῶν
437 1119 533 1154 σχολῆς
548 1118 595 1147 ὢν.
615 1129 624 1145 ι
649 1119 756 1147 Cerdo"
778 1119 841 1155 qui-

46 1163 109 1190 dem
124 1163 170 1191 bis
184 1169 212 1191 et
233 1163 394 1192 Heracleoni
420 1165 550 1199 succedit,
573 1173 606 1194 ex
633 1173 728 1193 eorum
749 1166 842 1194 schola

46 1209 174 1237 existens
190 1219 197 1237 :
213 1219 223 1236 ι
245 1209 395 1238 Heracleo"
411 1211 569 1245 Colarbaso,
591 1212 757 1242 Colarbasus
780 1212 843 1240 Pto-

47 1256 157 1289 lemaeo,
173 1255 339 1285 Ptolemaeus
358 1256 506 1292 Epiphani,
526 1258 682 1294 Epiphanes
706 1258 841 1293 Secundo,

49 1302 198 1330 Secundus
213 1302 360 1331 Valentino
372 1305 516 1332 successit.
532 1304 694 1334 Valentinus
709 1306 801 1341 igitur,
826 1314 842 1334 e

47 1349 129 1384 cujus
149 1349 246 1378 schola
263 1350 361 1386 reliqui
379 1351 547 1386 prodierunt,
565 1360 620 1380 non
645 1353 741 1388 paucis
762 1353 842 1380 annis

48 1395 177 1424 Cerdone
193 1396 321 1431 superior
335 1396 398 1424 fuit.
419 1396 447 1424 Si
464 1403 554 1425 autem
571 1398 723 1426 Cerdonem
739 1403 842 1427 statua—

49 1449 112 1468 mus
127 1442 152 1469 si
168 1449 225 1469 non
238 1447 311 1475 ante,
327 1442 388 1478 ipso
404 1447 496 1471 tamen
518 1444 611 1471 statim
631 1444 710 1471 initio
729 1445 842 1472 Adriani

49 1496 100 1516 sua
115 1488 215 1516 deliria
235 1489 443 1522 disseminasse,
466 1490 538 1525 quod
560 1490 680 1517 maxime
702 1491 843 1525 probabile

50 1535 234 1568 reddidimus,
260 1543 341 1564 nemo
364 1536 474 1571 negabit
497 1536 579 1564 etiam
599 1535 771 1564 Valentinum
792 1545 842 1565 sua

891 286 1032 317 pestateet
1047 279 1209 308 Chochehas
1223 279 1278 306 dux
1302 277 1423 305 Iudaicae
1447 276 1576 304 factionis
1601 275 1683 307 Chri-

891 327 996 354 stianos
1013 326 1096 354 variis
1119 324 1262 360 suppliciis
1288 323 1421 351 enecavit.
1449 332 1459 349 ι
1487 322 1527 349 Ad
1553 321 1680 349 eumdem

891 373 963 400 enim
977 371 1089 399 Adriani
1099 378 1202 398 annum
1217 370 1244 397 in
1255 368 1395 397 Chronico
1407 367 1515 395 Eusebii
1528 367 1585 394 haec
1597 366 1681 394 verba

891 418 1029 454 prioribus
1044 418 1250 452 subjunguntur
1264 425 1271 443 :
1287 425 1296 441 ι
1313 414 1474 442 Chochebas
1489 414 1543 441 dux
1558 412 1680 440 Judaica:

891 464 1019 493 factionis
1042 464 1165 491 nolentes
1185 462 1236 490 sibi
1259 461 1434 489 Christianos
1458 459 1602 487 adversum
1625 457 1681 485 Ro-

891 519 1002 539 manum
1015 510 1126 538 militem
1141 510 1212 537 ferre
1225 509 1378 537 subsidium
1397 507 1563 535 omnimodis
1573 505 1680 533 crucia-

890 560 965 587 tibus
978 563 1064 586 necat.
1086 567 1095 584 »
1113 557 1181 585 Eum
1208 557 1290 593 igitur
1315 564 1430 589 annum,
1457 564 1537 591 quem
1557 555 1681 591 .Dallazus

890 614 940 642 pro
954 614 1003 634 sua
1018 605 1152 633 sententia
1171 603 1298 639 arripuit,
1314 611 1363 639 pro
1378 608 1479 631 nostra).
1500 602 1679 630 fundamento

889 660 980 688 pono;
994 657 1021 680 et
1030 651 1176 679 Basilidem
1189 658 1263 677 anno
1277 650 1310 677 l7
1327 649 1452 684 Adriani,
1473 653 1534 684 post
1551 647 1580 676 S.
1601 648 1680 684 Igna-

890 699 921 727 tii
944 699 1105 735 martyrium
1129 698 1240 725 circiter
1257 697 1292 725 27
1320 702 1460 724 mortuum
1486 704 1548 724 esse
1576 699 1678 723 statuo.

890 744 960 772 Dum
984 749 1074 772 autem
1093 743 1208 772 schedas
1223 742 1355 770 Notarum
1378 741 1494 770 Joannis
1508 741 1634 769 Cotelerii
1652 740 1680 767 in

889 791 1108 820 Constitutiones
1126 790 1291 825 apostolicos
1307 788 1468 816 festinanter
1487 788 1587 821 lustro,
1602 787 1681 814 video

889 847 952 867 eum
968 839 1046 867 aliter
1063 838 1258 874 Hieronymum
1276 835 1437 871 intelligere,
1456 839 1485 863 et
1502 842 1552 870 pro
1581 844 1589 860 ‹
1607 841 1682 861 mor—

892 891 956 913 tuus
971 891 1014 912 est
1030 894 1040 910 r
1058 884 1146 918 legere
1161 892 1171 907 ι
1194 886 1318 910 moratus
1332 886 1383 909 est.
1403 891 1412 906 ι
1431 880 1509 913 Quod
1526 883 1555 906 ut
1567 878 1680 910 faceret,

893 933 943 960 tria
959 932 1048 959 virum
1073 931 1149 958 illum
1169 930 1308 958 eruditum
1325 932 1528 964 permoverunt.
1546 926 1680 958 Primum,

892 979 966 1014 quod
979 979 1057 1005 locus
1071 977 1195 1011 Catalogi
1216 976 1255 1003 illi
1278 975 1349 1011 apud
1372 974 1529 1002 Chronicon
1546 978 1600 1001 tam
1620 976 1682 1007 apte

894 1024 1033 1060 quadret:
1059 1023 1222 1056 secundum,
1247 1021 1321 1057 quod
1345 1021 1372 1048 in
1395 1021 1517 1055 quinque
1540 1019 1682 1048 codicibus

893 1071 1024 1106 scriptum
1040 1070 1197 1105 reperissct,
1216 1078 1225 1095 α
1246 1072 1370 1096 moratus
1386 1071 1443 1099 est;
1465 1076 1474 1092 ι
1494 1066 1603 1094 tertium
1618 1065 1681 1092 Cle-

893 1118 993 1146 mentis
1004 1116 1179 1145 Alexandrini
1193 1115 1284 1143 locum
1297 1118 1411 1149 spectat.
1437 1113 1491 1140 Sed
1512 1113 1571 1140 haec
1595 1119 1683 1147 neque

893 1171 1004 1200 cogunt,
1020 1171 1108 1199 neque
1129 1163 1307 1199 persuadent,
1325 1165 1354 1189 ut
1378 1161 1516 1196 vulgatam
1535 1158 1684 1186 lectionem

892 1211 1064 1243 deseramus,
1080 1214 1127 1237 aut
1140 1208 1287 1237 Basilidem
1304 1211 1367 1243 post
1382 1214 1445 1234 eum
1463 1212 1566 1233 annum
1581 1203 1683 1231 vixisse

893 1257 1048 1284 credamus.
1061 1255 1121 1282 Non
1136 1254 1267 1290 primum,
1283 1253 1347 1288 quia
1370 1252 1466 1279 eodem
1485 1257 1558 1277 anno
1577 1253 1605 1277 et
1623 1256 1683 1275 mo-

893 1303 949 1331 rari
976 1303 1065 1338 potuit
1089 1300 1261 1328 Alexandria
1282 1298 1428 1326 haereticus
1452 1296 1512 1328 ille,
1542 1298 1570 1322 et
1589 1293 1681 1326 mori;

893 1357 978 1378 unum
995 1347 1117 1376 iudicare
1134 1347 1223 1382 potuit
1243 1344 1389 1376 Eusebius,
1407 1343 1524 1371 alterum
1546 1340 1683 1375 Hierony-

894 1403 974 1428 mus;
994 1398 1097 1421 etcum
1113 1393 1147 1420 de
1162 1395 1243 1419 aetate
1266 1391 1392 1426 Agrime
1416 1388 1539 1416 Castoris
1568 1390 1630 1422 agat
1655 1386 1684 1413 in

893 1441 1033 1476 Catalogo,
1044 1439 1136 1474 potius
1147 1438 1181 1466 ad
1196 1441 1311 1465 mortem
1331 1435 1469 1467 Basilidis,
1491 1438 1586 1462 contra
1601 1440 1684 1467 quem

893 1487 1012 1523 Agrippa
1041 1485 1093 1513 sub
1109 1484 1233 1512 Adriano
1255 1482 1376 1517 scripsit,
1395 1481 1531 1515 respicere
1545 1477 1685 1514 putandus

893 1537 945 1566 est,
962 1539 1044 1568 quam
1059 1531 1093 1558 ad
1106 1537 1229 1562 moram;
1244 1533 1271 1557 et
1286 1527 1433 1563 verisimile
1443 1530 1486 1554 est
1499 1533 1562 1553 eum
1578 1526 1613 1551 ita
1630 1523 1686 1550 Eu-

51 1587 182 1616 spargere
195 1581 320 1616 potuisse
335 1569 585 1609 ante—undecimum
600 1590 702 1609 annum
719 1581 849 1620 Trajani;
863 1587 886 1620 ο
902 1577 1007 1606 sebium
1023 1575 1200 1608 intellexisse,
1216 1578 1246 1601 ut
1264 1580 1351 1608 usque
1373 1572 1407 1600 ad
1432 1579 1535 1599 annum
1553 1570 1580 1597 in
1597 1569 1686 1597 Chro-

49 1635 137 1662 eaque
153 1634 238 1654 nemo
257 1635 314 1655 non
329 1627 459 1656 concedet
473 1628 507 1655 ab
533 1628 638 1664 lgnatio
658 1633 721 1656 ante
740 1633 843 1665 marty-

50 1672 122 1699 rium
134 1672 260 1707 potuisse
275 1672 417 1708 cognosci.

85 1718 148 1745 Alio
164 1718 248 1746 etiam
260 1723 422 1754 argumento
437 1719 523 1747 utitur
541 1720 658 1748 Daliteus
681 1730 687 1747 :
713 1730 722 1746 ι
749 1720 845 1749 Satur-

50 1765 124 1793 nilus
151 1771 180 1792 et
199 1764 337 1793 Basilides
363 1766 443 1793 annis
468 1766 591 1800 pluribus
618 1775 700 1802 quam
728 1767 763 1794 ‘20
782 1772 845 1803 post

50 1809 149 1844 lgnatii
169 1811 334 1846 martyrium
355 1819 403 1839 sua
422 1811 516 1840 deliria
540 1820 667 1848 spargere
691 1819 843 1849 cmperunt.

55 1856 217 1885 Valentinus
236 1862 327 1885 autem
343 1863 405 1894 post
427 1859 478 1887 hos
501 1859 571 1887 duos
593 1860 692 1894 erupit.
720 1870 729 1886 ι
752 1859 845 1887 Primo

53 1903 165 1936 quidem
179 1903 269 1931 fateor
281 1903 456 1932 Valentinum
471 1909 535 1940 post
553 1913 601 1933 eos
617 1905 688 1934 duos
709 1907 843 1942 erupisse,

53 1949 100 1976 sed
117 1957 174 1976 non
187 1957 288 1985 magno
304 1950 456 1979 intervallo.
475 1952 601 1980 Secundo
621 1953 702 1980 etiam
725 1961 846 1988 agnosco

55 1994 229 2023 Saturniium
242 1996 320 2031 prius
332 2005 410 2025 suam
426 1998 541 2026 heresin
556 1999 684 2027 docuisse
696 2007 778 2035 quam
792 2000 846 2027 Ba-

54 2040 175 2074 silidem,
195 2041 271 2076 quod
285 2041 382 2070 frivola
404 2044 562 2078 suspicione
585 2045 686 2073 ductus
710 2045 846 2074 Baronius

54 2087 174 2122 negavit.
190 2087 245 2115 Sed
260 2088 370 2116 interim
387 2095 479 2124 aperte
492 2098 561 2125 nego
572 2091 628 2119 ullo
640 2091 723 2119 modo
734 2092 846 2127 probari

55 2139 147 2166 posse,
160 2132 308 2161 Basilidem
329 2138 369 2161 tot
381 2135 461 2163 annis
476 2140 541 2171 post
552 2135 648 2172 lgnatii
664 2141 780 2165 mortem
797 2145 847 2165 sua

56 2177 153 2205 deliria
167 2186 299 2214 spargere
313 2180 439 2215 ccepisse.
456 2181 551 2210 Plures
578 2190 660 2217 quam
685 2183 780 2218 viginti
799 2191 848 2211 an-

57 2231 106 2251 nos
129 2223 185 2252 hoc
206 2224 268 2252 loco
296 2226 430 2259 nominat,
452 2228 541 2262 capite
560 2233 651 2260 autem
675 2229 708 2256 l0
725 2229 759 2257 ad
775 2230 848 2265 quod

895 1625 959 1653 nico
971 1627 1096 1651 notatum
1110 1621 1257 1649 Basilidem
1275 1620 1377 1648 vixisse
1393 1618 1520 1650 voluerit,
1541 1616 1564 1644 si
1591 1623 1686 1643 revera

895 1670 922 1697 in
933 1668 1071 1696 Chronico
1082 1666 1264 1702 Hieronymus
1276 1664 1417 1700 scripserit
1431 1673 1441 1690 ε
1459 1666 1653 1691 commoratur.
1673 1670 1683 1686 ι

894 1713 963 1742 Nam
979 1721 1029 1741 nec
1052 1713 1104 1740 hoc
1121 1716 1227 1740 certum
1249 1716 1306 1745 est;
1325 1711 1456 1746 quoniam
1471 1715 1504 1736 eo
1518 1708 1573 1736 loci
1587 1707 1687 1742 legitur

895 1761 978 1789 etiam
997 1769 1007 1786 ί
1023 1762 1275 1787 commemoratur:
1300 1766 1310 1783 ι
1328 1761 1356 1784 et
1369 1755 1495 1791 quamvis
1507 1753 1646 1781 Pontacus
1659 1752 1687 1778 in

896 1807 1034 1842 aliquibus
1050 1814 1117 1834 mss.
1141 1815 1150 1831 ι
1169 1807 1358 1832 commoratur
1371 1813 1381 1829 ι
1402 1802 1453 1837 legi
1474 1801 1582 1832 doceat,
1603 1800 1645 1832 (ut
1659 1798 1686 1825 in

897 1862 952 1881 uno
967 1851 1186 1887 Cantabrigiensi
1212 1850 1306 1877 codice
1330 1848 1461 1883 scriptum
1483 1847 1565 1874 etiam
1586 1844 1687 1880 reperi)

897 1899 967 1927 idem
980 1902 1070 1925 tamen
1087 1896 1114 1924 in
1131 1896 1256 1931 pluribus
1276 1904 1285 1921 ι
1306 1896 1539 1922 commemoratur
1561 1901 1571 1917 ι
1591 1891 1687 1918 haberi

897 1945 1006 1972 innuit:
1021 1951 1083 1979 quae
1102 1951 1154 1970 vox
1171 1943 1193 1970 si
1215 1942 1374 1977 recipiatur,
1397 1939 1549 1972 similitudo
1563 1938 1688 1965 locorum

896 1991 976 2026 perit.
994 1989 1087 2025 Neque
1111 1988 1263 2016 secundum
1289 1986 1440 2022 quidquam
1459 1985 1550 2018 valet;
1574 1983 1639 2018 quia
1660 1986 1689 2009 et

897 2036 1048 2068 editiones,
1079 2038 1107 2062 et
1130 2033 1185 2061 duo
1215 2032 1286 2068 apud
1313 2035 1424 2059 nostros
1448 2029 1689 2065 Cantabrigienses

898 2089 966 2110 mss.
981 2081 1101 2112 codices,
1121 2087 1200 2115 quos,
1220 2078 1285 2106 dum
1306 2077 1409 2109 scribo,
1439 2076 1574 2111 inspicere
1600 2074 1687 2106 licuit.

898 2127 1047 2163 praeferunt
1058 2129 1183 2153 mortuus
1192 2128 1242 2157 est,
1257 2128 1282 2151 et
1298 2123 1392 2151 Graeca
1402 2121 1493 2150 versio
1503 2121 1555 2149 sub
1568 2120 1691 2155 Sophro-

898 2174 937 2201 nii
950 2173 1071 2205 nomine,
1088 2171 1210 2207 quinque
1224 2170 1277 2198 illis
1289 2169 1430 2198 codicibus
1442 2168 1502 2196 sine
1515 2167 1598 2195 dubio
1611 2167 1691 2201 longe

900 2220 1049 2256 antiquior,
1065 2220 1136 2246 hanc
1149 2218 1286 2253 vulgatam
1300 2216 1446 2244 lectionem
1458 2217 1644 2250 repraesentat,
1663 2215 1691 2239 et

57 2277 106 2298 nos
124 2271 252 2305 remittit,
278 2272 410 2308 epocham
431 2259 566 2303 hareseos
587 2259 760 2303 Basilidianae

959 2275 999 2295 ur.
1015 2265 1199 2297 Τελευτῶντος
1213 2263 1368 2291 Βασιλειδου
1382 2261 1531 2289 Γνωστικοὶ
1549 2261 1578 2287 ἐν
1603 2259 1689 2292 Ἀλεξ-

58 2323 146 2344 annos
155 2316 192 2343 ‘27
207 2322 270 2352 post
282 2317 378 2354 lgnatii
396 2320 557 2356 martyrium
573 2325 710 2354 numerat,
727 2326 753 2350 et
765 2322 848 2350 verba

59 2360 169 2390 Eusebii
186 2363 214 2389 in
227 2363 364 2392 Chronico
382 2365 416 2393 ad
430 2373 531 2393 annum
550 2366 664 2394 Adriani
684 2366 717 2394 Π
740 2366 849 2395 Domini

59 2414 122 2435 vero
143 2407 196 2435 154
216 2409 295 2443 quasi
320 2409 435 2438 fundum
463 2412 606 2439 sententiae
631 2412 735 2441 laudat.
761 2412 849 2441 Verba

60 2452 169 2481 Eusebii
187 2458 253 2482 sunt
271 2465 278 2482 z
298 2464 308 2481 ι
329 2455 463 2484 Basilides
477 2457 672 2485 baeresiarches
688 2458 715 2485 in
733 2457 851 2486 Alexan-

60 2498 119 2527 dria
135 2505 335 2535 commoratur,
353 2509 368 2528 a
383 2510 438 2537 quo
454 2502 586 2531 Gnostici.
604 2513 614 2530 ›
629 2503 681 2530 Sed
692 2511 775 2539 quam
790 2511 852 2538 pcr-

61 2551 153 2578 peram
169 2546 229 2574 haec
243 2546 279 2574 ad
300 2547 409 2575 initium
435 2548 570 2577 haereseos
595 2549 760 2583 trahuntur;
790 2557 852 2586 quae

62 2591 151 2625 potius
166 2591 271 2620 exitum
293 2592 413 2621 haeretici
438 2593 580 2622 indicant?
598 2594 638 2623 Eo
654 2595 765 2630 quidem
779 2603 853 2622 anno

61 2636 233 2665 Alexandriae
248 2637 338 2666 adhuc
349 2639 516 2666 commorari
531 2639 641 2673 dicitur,
653 2640 699 2674 qui
712 2644 775 2675 post
789 2647 852 2667 eum

63 2689 163 2711 annum
179 2690 317 2720 nusquam
331 2686 495 2720 comparuit.
509 2685 547 2713 lta
558 2686 705 2714 Eusebium
721 2687 855 2721 interpre-

63 2734 134 2758 tatus
147 2735 201 2764 est,
230 2732 278 2767 qui
292 2740 325 2760 ea
348 2733 432 2760 verba
451 2740 466 2760 e
487 2732 581 2761 Graeco
596 2733 745 2767 transtulit,
758 2732 855 2762 Hiero-

65 2784 172 2812 nymus.
190 2779 220 2805 lu
243 2777 377 2814 Catalogo
403 2779 488 2813 enim,
505 2787 574 2807 voce
591 2789 601 2805 ‹
620 2780 751 2815 Agrippa,
769 2789 778 2806 ι
796 2780 855 2808 haec

65 2821 144 2850 habet
157 2832 165 2850 :
181 2832 191 2850 ι
212 2822 341 2851 Mortuus
354 2827 400 2851 est
416 2827 507 2851 autem
521 2822 666 2857 Basilides,
680 2831 696 2850 a
709 2831 765 2858 quo
782 2823 856 2851 Gno-

65 2869 133 2902 stici,
156 2869 185 2896 in
211 2869 382 2898 Alexandria
405 2869 577 2904 temporibus
598 2868 722 2896 Adriani.
748 2878 758 2894 r
789 2868 856 2902 Quis

65 2917 152 2941 autem
167 2921 224 2943 non
239 2914 316 2943 videt
332 2920 397 2943 eum
414 2913 448 2942 ad
463 2913 619 2944 Eusebiana
630 2914 690 2951 alia
704 2913 856 2951 respicere?

899 2313 1008 2350 ανδρείᾳ
1042 2312 1195 2348 ἐκλήθησαν
1229 2311 1259 2337 ὲν
1299 2311 1355 2342 τοῖς
1396 2309 1501 2345 χρόνοις
1539 2305 1689 2343 Ἀδριανοῦ.

902 2369 912 2385 ι
937 2359 1045 2386 Mortuo
1065 2357 1183 2385 Basilide
1207 2355 1330 2384 Gnostici
1356 2355 1384 2382 in
1411 2353 1577 2382 Alexandria
1599 2353 1690 2380 vocati

900 2410 966 2435 sunt
981 2404 1152 2438 temporibus
1167 2402 1290 2431 Adriani.
1309 2412 1318 2428 ι
1337 2401 1375 2429 De
1388 2401 1470 2429 tertio
1485 2400 1618 2427 adversus
1629 2398 1693 2426 Dal»

901 2454 981 2481 laeum
997 2452 1113 2488 agimus.
1132 2450 1185 2478 Sed
1202 2449 1319 2477 Dallaeus
1333 2447 1421 2476 nescit
1435 2447 1488 2475 hoc
1498 2454 1580 2482 quam
1595 2453 1693 2473 verum

902 2500 953 2533 sit;
970 2508 979 2525 ‹
1000 2503 1074 2526 certe
1091 2504 1146 2525 n0n
1160 2496 1267 2524 videtur
1283 2495 1430 2526 coharere,
1454 2492 1554 2527 inquit,
1572 2499 1635 2519 cum
1657 2491 1693 2518 iis

902 2553 963 2581 quae
972 2544 1097 2572 Clemens
1112 2542 1232 2575 tradidit,
1247 2541 1362 2573 scilicet,
1376 2538 1521 2567 Basilidem
1535 2537 1694 2573 pervertisse

903 2592 936 2619 ad
951 2590 1083 2618 Antonini
1100 2589 1141 2617 Pii
1153 2596 1250 2617 aevum.
1271 2598 1285 2614 »μ
1301 2586 1354 2615 Sed
1373 2593 1424 2613 nec
1444 2586 1498 2612 hoc
1512 2584 1614 2612 diserte
1627 2583 1694 2611 dicit

903 2637 1029 2666 Clemens
1043 2635 1070 2662 in
1082 2635 1143 2663 loco
1156 2635 1202 2662 illo
1213 2634 1341 2664 obscuro,
1360 2639 1440 2667 quem
1456 2638 1520 2658 mox
1534 2629 1694 2658 considera-

903 2684 1013 2717 bimus;
1030 2689 1081 2710 nee
1099 2681 1124 2710 si
1141 2681 1168 2709 id
1182 2680 1306 2712 dixisset,
1325 2678 1441 2706 multum
1453 2684 1543 2705 causae
1562 2676 1694 2703 adversa-

904 2730 1010 2758 riorum
1033 2727 1187 2761 accederet;
1206 2733 1257 2754 nec
1279 2726 1352 2753 enim
1377 2723 1441 2751 inde
1464 2722 1574 2759 probari
1588 2725 1693 2757 posset,

905 2776 977 2802 ultra
998 2772 1216 2810 quinquennium
1234 2775 1298 2806 post
1324 2777 1387 2797 eum
1415 2775 1518 2796 annum
1545 2766 1693 2794 Basilidem

904 2821 1017 2850 vixisse.
1049 2819 1115 2847 Inde
1135 2818 1219 2845 etiam
1242 2815 1340 2849 infero,
1368 2814 1480 2850 probari
1507 2813 1585 2841 nullo
1611 2812 1695 2839 modo

905 2874 997 2903 posse.
1012 2870 1074 2901 post
1088 2864 1183 2901 lgnatii
1193 2867 1308 2891 mortem
1316 2861 1433 2890 haeresin
1444 2867 1521 2888 suam
1534 2859 1561 2886 in
1576 2857 1694 2893 [Egypto

907 2920 970 2942 eum
986 2912 1129 2948 sparsisse.
1144 2909 1232 2945 Quam
1249 2908 1413 2939 sententiam
1429 2915 1464 2936 ex
1484 2905 1613 2935 Veterum
1635 2911 1694 2932 mor
