1850 3072
171 182 224 209 545

691 181 720 210 S.
738 180 914 210 lGNATIUS.
940 196 972 201 —-
987 178 1257 208 PltOLEGOMENA.

1765 175 1827 204 3H

171 240 312 273 numentis
325 239 364 268 sic
375 239 518 268 conﬁrmo.
527 240 584 268 Sub
594 240 709 275 imperio
723 240 834 268 Adriani
845 240 962 276 Agrippa
977 241 1001 270 Α
1015 239 1134 267 fatentur
1148 237 1312 273 discipulum
1329 236 1414 265 fuisse
1425 235 1546 264 Simonis
1556 234 1644 271 Magi;
1657 239 1736 263 certe
1751 242 1825 262 eum

170 284 271 312 Castor
299 284 427 314 Basilidis
456 286 621 314 luculentam
652 285 868 314 confutationem
894 286 963 314 scri-

171 331 236 366 psit,
255 331 282 359 in
296 340 350 367 qua
365 337 391 359 et
407 333 574 360 mentionem
593 331 658 360 fecit
671 331 706 359 24
724 332 858 359 librorum
877 331 912 359 ab
927 338 961 359 eo

170 377 197 404 in
219 376 398 412 Evangelium
427 379 603 413 scriptorum,
628 382 699 406 teste
729 377 858 410 Eusebio,
887 376 960 404 Hist.

169 422 217 449 lib.
234 430 271 456 iv,
289 431 348 458 cap.
367 423 392 456 7,
408 431 498 458 neque
518 427 624 451 tantum
647 424 780 451 adversus
801 422 960 456 Basilidem,

168 468 215 496 sed
226 474 253 496 et
270 469 354 496 lilium
368 470 428 505 ejus
449 478 481 497 ac
497 470 661 505 discipulum
680 469 815 498 lsidorum
839 468 960 503 scripsit,

168 518 237 542 teste
248 513 431 542 Theodoreto.
450 514 502 549 Qui
525 516 578 543 sub
600 515 721 543 Adriano
736 519 777 542 tot
795 515 881 542 libros
902 514 961 542 edi-

168 560 255 594 derat,
272 561 415 596 liliumque
432 569 464 589 ac
481 561 648 597 discipulum
672 566 768 588 notum
788 560 870 588 etiam
892 559 962 587 scri-

166 611 272 642 ptorem
284 612 350 635 tunc
366 607 472 642 habuit,
489 615 551 635 eum
567 607 619 636 sub
638 607 758 642 Trajano
772 615 822 635 sua
834 607 962 634 docuisse

166 659 216 687 par
243 656 286 679 est
311 653 433 680 credere.
458 651 543 680 Joclis
565 653 649 688 igitur
680 651 962 688 chronograpbuslde

166 697 289 733 Trajano
303 699 468 734 imperatore
482 707 576 735 agens,
597 699 655 726 haec
670 699 751 726 habet
764 707 772 726 :
792 699 850 733 Ἐφ’
865 695 896 724 οὐ
915 697 961 725 καὶ

165 743 278 778 Συμεὼν
293 744 308 770 ὁ
322 744 368 770 τοῦ
382 744 501 771 Κλεωπᾶ
515 745 561 771 καὶ
584 743 713 779 Ἰγνάτιος
728 744 743 770 ό
758 743 901 779 Θεοφόρος,
913 742 961 769 καὶ

165 786 335 823 Βασιλείδης,
345 788 392 815 καὶ
401 789 545 821 Νικόλαος,
561 789 608 816 καὶ
626 789 782 820 Ἐδιωναῖος
791 789 962 824 οἱαίρεσιάρ-

164 841 211 867 χαι
226 833 273 860 καὶ
288 833 380 870 ἐχθροὶ
391 834 440 870 τῆς
454 833 582 870 ἀληθείας
595 834 780 870 ἐγνωρίζοντο.
795 843 805 860 ι
828 833 885 860 Sub
906 842 961 868 quo

165 884 192 906 et
204 878 314 906 Simeon
326 880 433 916 Cleopat
447 880 531 914 ﬁlius,
547 885 574 908 et
585 879 706 915 lguatius
721 878 822 912 Deifer,
831 885 858 907 et
866 878 961 906 Basili-

1015 285 1138 321 μαθητὴν
1174 284 1221 312 τοῦ
1253 284 1375 319 Σίμωνος
1410 287 1491 310 vocat
1529 281 1656 310 Justinus
1692 286 1823 316 martyr.

1013 330 1167 366 Utrumque
1185 330 1285 365 igitur;
1300 329 1373 364 quod
1389 329 1423 356 ad
1442 327 1573 362 temporis
1589 327 1730 354 rationem
1749 334 1827 362 spe-

1012 383 1079 411 ctat,
1093 377 1189 406 audire
1202 375 1291 412 potuit
1301 379 1329 402 et
1340 374 1481 402 Glauciam
1499 378 1527 401 et
1542 373 1741 404 Menandrum,
1760 372 1824 399 nisi

1012 427 1196 460 praematurus
1210 421 1286 450 illius
1301 420 1422 449 Glaucia:
1434 419 1526 447 obitus
1545 418 1627 446 alicui
1641 418 1699 453 jam
1728 423 1825 445 notus

1012 469 1058 496 sit.
1068 467 1193 495 Mortuus
1204 471 1245 495 est
1258 466 1353 494 Simon
1368 466 1420 494 sub
1433 464 1557 498 Nerone;
1574 465 1625 492 sub
1635 463 1825 499 Vespasiano

1013 515 1096 549 igitur
1115 513 1208 542 ﬂoruit
1223 512 1382 546 Menander,
1403 512 1455 539 sub
1470 511 1627 538 Domitiano
1643 511 1733 546 igitur
1753 518 1824 538 cre-

1011 561 1094 588 dibile
1109 565 1151 588 est
1171 567 1235 588 eum
1255 559 1394 587 audivisse
1411 558 1582 585 Saturnilum
1599 561 1629 584 et
1645 556 1821 588 Basilidem,

1012 607 1064 635 sub
1075 606 1196 642 Trajano
1214 613 1280 634 suas
1303 605 1422 633 haereses
1443 603 1605 632 eﬂormasse
1618 607 1702 638 atque
1713 603 1823 638 prodi—

1011 653 1096 686 disse,
1125 652 1235 680 scholas
1261 652 1345 680 etiam
1369 659 1419 679 seu
1445 650 1577 678 ecclesias
1607 650 1660 677 sub
1683 648 1822 676 Adriano

1011 699 1178 728 condidisse.
1197 698 1236 727 De
1250 699 1350 734 quibus
1369 698 1504 726 Eusebius
1521 707 1527 725 :
1553 694 1604 724 Ὧν
1629 697 1643 723 ὁ
1668 697 1720 733 μὲν
1741 696 1819 731 μετὰ

1013 746 1138 781 Συρίανὸ
1157 745 1186 772 δὶ
1208 746 1269 772 κατ’
1291 744 1428 779 Αἴγυπτον
1450 744 1648 780 συνεστήσαντο
1672 742 1819 776 θεομισῶν

1011 793 1143 828 αἱρέσεων
1149 791 1331 820 διδασκαλεῖα.
1340 800 1350 817 ι
1365 790 1487 824 Quorum
1499 789 1544 817 ille
1553 790 1663 825 quidem
1673 789 1700 816 in
1715 788 1816 824 Syria.

1012 838 1058 866 hic
1068 845 1133 866 vero
1148 838 1219 873 apud
1234 837 1382 873 Egyptum
1400 836 1546 871 impiarum
1567 835 1710 863 haereseon
1727 834 1818 861 scho-

1012 885 1052 912 las
1066 885 1197 912 condidit.
1214 893 1224 910 ι
1248 883 1327 911 Unde
1347 883 1444 919 probat
1462 883 1590 911 Clemens
1600 881 1817 909 Alexandrinus

164 925 224 960 des,
234 931 260 954 et
270 925 412 959 Nicolaus,
424 932 452 955 et
466 927 612 956 Ebiomeus
628 927 817 956 haeresiarchas
828 931 855 954 et
863 934 894 954 re

1084 930 1259 967 ιγενεστέρας
1280 930 1330 965 τῆς
1347 929 1492 965 καθολικῆς
1518 928 1683 964 Ἐκκλησίας
1694 928 1750 960 τὰς
1764 928 1814 954 ἀν-

165 974 201 1002 tis
223 973 318 1002 hostes
339 974 425 1010 agniti
451 979 525 1002 sunt.
558 984 568 1001 ι
600 974 637 1002 De
665 975 761 1002 eodem
792 974 959 1008 imperatore

164 1027 250 1056 agens
265 1019 442 1048 Abull'araius
463 1030 470 1048 :
491 1029 500 1046 ι
520 1020 578 1048 Hoc
598 1025 723 1056 tempore
741 1019 840 1054 prodiit
863 1017 961 1045 Antio-

164 1067 235 1094 chiae
249 1067 360 1102 quidam
384 1067 497 1095 nomine
520 1066 680 1100 Soterinus,
706 1066 764 1094 sive
783 1063 959 1091 Saturninus.

163 1111 270 1139 Prodiit
282 1112 364 1139 etiam
379 1111 524 1140 Basilides.
548 1122 558 1139 ι
573 1111 668 1146 Neque
678 1111 778 1138 mirum
792 1111 843 1138 hos
860 1115 958 1136 recen-

163 1158 250 1186 tiores
263 1159 321 1186 haec
340 1159 505 1194 prodidisse,
530 1167 592 1186 cum
610 1158 722 1186 Veteres
743 1157 821 1192 paria
846 1154 961 1183 tradide-

162 1204 229 1232 rint.
254 1204 424 1240 Epiphanius
450 1205 548 1233 hteresi
577 1205 609 1233 3t
628 1214 635 1232 :
655 1203 834 1234 Οὐαλεντῖνος
849 1201 898 1237 μὲν
914 1197 960 1227 οὖν

162 1247 241 1282 οὗτος
257 1250 296 1286 τῷ
308 1251 397 1286 χρόνῳ
411 1250 564 1286 διαδέχεται
578 1251 641 1282 τοὺς
653 1249 707 1285 πρὸ
721 1248 804 1276 αὐτοῦ
829 1255 961 1284 προτετα-

162 1297 291 1332 γμένους,
306 1297 464 1334 Βασιλείδην
483 1307 513 1325 τε
529 1299 576 1326 καὶ
595 1297 766 1334 Σατορνῖλον,
797 1295 913 1323 Ἐϐίωνά
931 1303 960 1321 τε

163 1343 210 1370 καὶ
225 1345 362 1380 Κήρινθον
382 1345 428 1372 καὶ
447 1345 597 1381 Μήρινθον,
615 1345 663 1372 καὶ
686 1346 749 1376 τοὺς
769 1342 838 1379 ἀμφ’
851 1341 959 1372 αὐτούς·

161 1386 244 1416 Οὗτοι
259 1390 315 1426 γὰρ
330 1391 431 1422 πάντες
445 1392 474 1417 ὲν
489 1391 529 1418 ἑνὶ
544 1390 631 1426 καιρῷ
644 1390 683 1426 τῷ
700 1389 750 1426 βίῳ
771 1387 863 1419 κακῶς
877 1386 962 1422 ἐφύη-

162 1445 224 1467 σαν,
243 1436 326 1472 ὀλίγῳ
341 1436 370 1463 δὲ
386 1436 504 1471 πρόσθεν
519 1436 619 1473 μᾶλλον
633 1437 658 1464 οι
673 1435 736 1472 περὶ
751 1434 898 1471 Κήρινθον,
913 1432 960 1459 καὶ

160 1481 315 1518 Μήρινθον,
331 1482 379 1509 καὶ
399 1482 524 1510 Ἐὸίωνα.
544 1491 553 1508 ι
572 1481 735 1510 Valentinus
750 1481 802 1508 iste
823 1478 961 1514 prioribus

161 1528 218 1556 illis
234 1537 249 1556 a
274 1535 319 1555 me
339 1532 420 1556 antea
437 1528 660 1556 commemoratis
675 1532 799 1562 tempore
812 1529 854 1553 est
869 1528 960 1560 poste-

161 1574 230 1607 rior,
247 1573 376 1607 Basilide.
394 1575 536 1607 nimirum,
558 1582 591 1602 ac
604 1573 754 1605 Saturnilo,
770 1571 884 1602 Ebione,
903 1569 957 1597 Cev

161 1622 256 1651 rintho
289 1630 322 1650 ac
347 1621 485 1650 Merintho
509 1628 662 1656 eorumque
691 1620 786 1648 sociis.
814 1617 957 1653 Siquidem

162 1676 260 1696 omnes
296 1676 353 1696 uno
392 1673 520 1703 tempore
546 1668 579 1695 ad
620 1667 734 1694 humani
762 1665 869 1700 generis
903 1663 963 1691 exi-

161 1715 232 1742 tium
254 1714 360 1750 profusi
392 1719 457 1742 sunt
497 1723 505 1742 :
539 1720 697 1748 quanquam
729 1711 894 1744 Cerinthus,
926 1716 958 1737 ac

161 1759 315 1787 Merinthus
340 1765 367 1788 et
391 1760 478 1788 Ebion
505 1759 648 1796 paululum
676 1757 827 1792 antegressi
854 1760 928 1784 sunt.
945 1764 955 1781 ι

161 1803 222 1831 Non
238 1805 354 1832 multum
374 1805 505 1840 temporis
529 1805 612 1840 igitur
633 1803 790 1831 intercessit
815 1802 887 1829 inter
907 1801 958 1828 Ce-

162 1851 286 1878 rinthuiu
311 1851 469 1878 haereticum
497 1850 525 1877 in
551 1849 617 1877 Asia
643 1849 783 1885 agnitum,
810 1851 956 1882 antequam

164 1896 194 1924 S.
221 1896 341 1925 Joannes
361 1895 538 1932 Evangelium
559 1895 718 1931 scripserat,
745 1899 774 1922 et
798 1893 956 1926 Basilidem,

162 1947 234 1971 teste
245 1942 410 1978 Epiphanio.
427 1942 583 1976 Quinetiam
598 1942 656 1978 ipse
677 1940 860 1976 Hieronymus
880 1940 957 1967 Basi-

163 1991 247 2018 lidem
264 1991 334 2018 inter
350 1989 495 2018 haereticos
512 1988 725 2024 apostolicorum
739 1991 890 2022 temporum
906 1994 958 2013 nu-

163 2036 416 2071 merat,disputans
430 2035 564 2063 adversus
574 2034 763 2062 Luciferianos
776 2043 783 2060 :
801 2042 810 2058 ι
824 2032 877 2060 Sed
891 2031 957 2067 quid

163 2083 198 2110 de
213 2082 414 2118 posterioribus
428 2081 518 2109 adhuc
537 2080 654 2116 loquor?
672 2078 812 2115 Apostolis
825 2078 915 2106 adhuc
929 2077 956 2104 in

163 2128 266 2156 sarculo
281 2127 487 2163 superstitibus,
497 2127 568 2162 apud
578 2126 700 2154 Judmam
709 2125 811 2153 Christi
824 2123 958 2159 sanguine

163 2172 267 2200 recenti
283 2172 445 2206 phantasma
461 2172 570 2199 Domini
584 2179 685 2207 corpus
701 2170 886 2198 asserebalur.
901 2168 956 2196 Ga-

162 2220 234 2245 latas
259 2218 292 2245 ad
318 2217 537 2245 observationem
564 2217 632 2252 legis
653 2216 793 2243 traductos
810 2214 956 2249 Apostolus

163 2265 264 2292 iterum
279 2264 405 2300 parturit.
434 2263 592 2291 Corinthios
614 2263 842 2290 resurrectionem
864 2260 956 2288 carnis

163 2318 219 2338 non
236 2311 379 2338 credentes
398 2309 524 2344 pluribus
547 2308 715 2343 argumentis
731 2307 765 2334 ad
786 2314 881 2334 verum
904 2306 956 2333 iter

164 2357 274 2384 trahere
287 2360 414 2383 conatur.
432 2355 511 2382 Tunc
530 2353 625 2381 Simon
644 2353 739 2388 Magus
753 2357 781 2381 et
808 2352 956 2380 Menander

163 2402 318 2436 discipulus
333 2401 393 2435 ejus
410 2399 457 2427 Dei
471 2407 500 2426 se
515 2406 658 2427 asseruere
674 2398 805 2431 virtutes;
821 2402 887 2425 tunc
901 2397 955 2424 Ba-

164 2448 260 2476 silides
273 2454 411 2474 summum
424 2445 511 2472 Deum
524 2445 649 2472 Abraxas
659 2452 721 2471 cum
733 2443 862 2471 trecentis
877 2451 956 2470 sexa-

164 2493 240 2527 ginta
260 2492 384 2526 quinque
397 2490 532 2518 monibus
548 2493 751 2517 commentatus
765 2494 816 2516 est.
833 2498 843 2515 ι
861 2489 890 2516 Si
908 2488 957 2515 Ba-

165 2537 302 2565 silidianis
320 2537 387 2571 ipsis
404 2535 561 2568 credamus,
586 2534 683 2561 habuit
708 2534 840 2562 Basilides
870 2534 957 2568 magir

165 2589 256 2611 strum
276 2583 429 2612 Glauciam.
449 2581 554 2616 fuitque
569 2581 614 2608 ille
638 2581 764 2608 Glaucias
779 2581 808 2608 δ.
825 2581 899 2609 Petri
914 2581 957 2608 in-

167 2635 284 2664 terpres.
299 2629 426 2656 Clemens
448 2627 659 2661 Alexandrinus,
680 2627 809 2655 Stromat.
829 2628 876 2655 lib.
893 2636 931 2655 vn
947 2636 955 2655 :

166 2675 303 2711 Καθάπερ
317 2675 331 2702 6
348 2667 514 2709 Βασιλείδηςξ
539 2674 590 2701 κᾶν
613 2674 747 2701 Γλαυκίαν
771 2675 957 2710 ἐπιγράφηται

167 2722 337 2754 διδάσκαλον,
353 2721 391 2753 ὡς
407 2721 533 2756 αὐχοῦσιν
548 2721 635 2753 αὐτοὶ,
647 2721 692 2748 τὸν
708 2721 810 2758 Πέτρου
825 2721 956 2757 ἑρμηνέα.

169 2768 224 2795 Nec
245 2768 297 2796 hoc
320 2768 411 2796 statim
426 2767 634 2802 repudiandum,
649 2768 721 2802 quod
745 2775 761 2794 a
783 2767 957 2795 Basilidianis

169 2814 273 2840 dictum
287 2814 332 2846 sit,
347 2813 421 2848 quod
440 2813 464 2840 ei
482 2814 557 2840 aetati
575 2813 690 2840 minime
709 2817 854 2848 repugnat,
873 2821 957 2847 quam

170 2859 257 2886 nostri
268 2860 350 2887 etiam
363 2863 525 2894 agnoscunt.
543 2858 573 2886 Si
596 2858 725 2886 Glaucias
744 2863 803 2886 erat
826 2859 958 2894 interpres

170 2903 200 2933 3.
220 2904 305 2940 Petri,
322 2906 494 2943 synchronus
519 2905 572 2934 fuit
589 2904 749 2940 Menandro,
769 2912 851 2940 quem
862 2911 958 2934 omnes

1010 977 1149 1012 θρωπίνας
1176 976 1344 1011 συνηλύσεις,
1376 984 1386 1002 ι
1415 979 1567 1004 conventus
1590 975 1643 1002 hos
1668 974 1814 1002 humanos

1010 1021 1144 1049 catholica
1158 1020 1280 1049 Ecclesia
1298 1022 1474 1056 posteriores.
1493 1029 1502 1046 ι

1047 1066 1179 1100 ρυθιηιίς
1192 1067 1251 1095 haec
1263 1076 1279 1095 a
1292 1068 1372 1096 nobis
1383 1072 1438 1095 tam
1449 1067 1595 1102 perspicue
1609 1066 1727 1102 probata
1743 1066 1812 1100 sint,

1010 1114 1092 1141 habet
1104 1118 1195 1141 tamen
1214 1114 1331 1142 Dallzeus
1347 1119 1484 1147 auctores,
1499 1118 1529 1140 ut
1542 1118 1630 1148 putat,
1645 1113 1694 1148 qui
1709 1112 1813 1140 Basili-

1009 1161 1071 1188 dem
1082 1161 1167 1194 hunc,
1182 1160 1324 1189 Menandri
1340 1162 1519 1197 discipulum,
1539 1161 1637 1189 lsidori
1660 1166 1772 1196 patrem
1784 1166 1812 1188 et

1010 1206 1184 1242 magistrum,
1197 1207 1250 1235 sub
1264 1208 1386 1236 Adriano
1399 1208 1518 1243 primum
1539 1207 1676 1243 erupisse,
1699 1212 1730 1235 et
1753 1207 1811 1235 ba-

1010 1253 1083 1281 resin
1099 1260 1178 1281 suam
1191 1253 1290 1281 docere
1301 1253 1419 1288 coepisse
1434 1254 1555 1281 tradunt.
1568 1253 1608 1280 Ac
1624 1253 1715 1288 primo
1727 1254 1810 1281 nobis

1011 1299 1136 1327 nominat
1157 1299 1325 1328 Clementem
1352 1299 1580 1333 Alexandrinum,
1602 1300 1685 1333 cujus
1713 1300 1808 1327 locum

1011 1346 1090 1379 mire,
1115 1349 1146 1374 ut
1167 1346 1277 1382 opinor,
1305 1350 1464 1382 corruptum
1481 1351 1530 1374 aut
1546 1347 1617 1374 male
1635 1347 1807 1374 intellectum

1012 1391 1092 1419 toties
1107 1391 1252 1419 advocant.
1275 1390 1345 1418 Eum
1362 1391 1446 1426 igitur
1461 1399 1510 1426 per
1525 1397 1618 1426 partes
1633 1392 1809 1419 examinabi-

1011 1444 1083 1464 mus.
1105 1437 1137 1463 Ἡ
1154 1437 1204 1472 μὲν
1217 1437 1272 1472 γὰρ
1293 1436 1341 1463 τοῦ
1358 1436 1462 1472 Κυρίου
1485 1437 1558 1464 κατὰ
1575 1437 1626 1472 τὴν
1651 1438 1808 1473 παρουσίαν

1010 1482 1169 1510 διδασκαλία
1191 1483 1246 1510 ἀπὸ
1269 1483 1422 1518 Αὐγούστου
1441 1484 1488 1510 καὶ
1513 1483 1639 1519 Τιϐερίου
1664 1484 1808 1520 Καίσαρος

1011 1529 1162 1566 ἀρξαμένη,
1193 1529 1348 1565 μεσούντων
1373 1529 1420 1557 τοῦ
1451 1529 1607 1564 Αὐγούστου
1635 1530 1743 1565 χρόνων
1764 1538 1807 1556 τε-

1011 1574 1140 1602 λειοῦται.
1158 1574 1210 1603 Ubi
1228 1583 1281 1603 vox
1295 1575 1450 1610 Αὐγούστου
1466 1575 1619 1610 posteriore
1644 1576 1708 1604 loco
1733 1581 1805 1603 recte

971 1601 992 1632 ο
1009 1601 1074 1654 poni
1097 1601 1151 1647 ιῇοὶτ
1166 1601 1280 1655 ροισεῆ
1296 1601 1479 1655 satiatis":
1489 1601 1805 1656 ﬁgitﬁgit—{pssuli

1007 1666 1092 1702 telligi
1118 1667 1229 1701 poterit,
1254 1670 1317 1702 post
1338 1666 1418 1701 cujus
1440 1666 1549 1701 imperii
1567 1666 1659 1693 media
1679 1670 1803 1701 tempora

1008 1712 1135 1740 Christus
1149 1717 1246 1746 natus;
1262 1719 1352 1747 neque
1368 1712 1479 1740 Tiberio
1493 1720 1525 1740 ea
1539 1719 1593 1740 vox
1609 1713 1742 1740 convenit
1758 1713 1802 1740 ubi

1008 1764 1124 1793 uterque
1148 1758 1232 1786 simul
1256 1758 1425 1786 nominatur.
1448 1757 1577 1786 Mendum
1595 1759 1722 1794 agnoscit
1744 1757 1802 1794 Syl-

1007 1804 1122 1840 burgius
1136 1809 1164 1831 et
1177 1812 1227 1840 pro
1241 1804 1398 1839 Αὐγούστου
1415 1805 1481 1840 legit
1498 1812 1562 1832 cum
1587 1805 1737 1841 interprete
1757 1806 1802 1832 Τι-

1008 1850 1111 1887 ὁερίου.
1136 1849 1169 1877 Ει
1191 1850 1303 1885 quidem
1319 1850 1388 1878 satis
1413 1850 1508 1877 Grmce
1524 1849 1626 1878 dicitur
1647 1851 1801 1886 μεσούντων

1007 1896 1062 1923 τῶν
1085 1895 1210 1932 Τιϐερίου
1239 1895 1352 1931 χρόνων,
1378 1905 1388 1921 ι
1411 1896 1502 1924 medio
1517 1895 1621 1923 Tiberii
1637 1902 1770 1931 tempore,
1788 1905 1798 1922 ι

1008 1942 1055 1970 sed
1071 1942 1169 1969 dubito
1181 1950 1215 1969 an
1233 1942 1270 1969 ita
1293 1942 1452 1977 loqueretur
1464 1942 1602 1975 Clemens,
1621 1943 1670 1978 qui
1686 1943 1721 1970 15
1738 1943 1800 1978 qui-

1007 1988 1070 2016 dem
1089 1987 1192 2015 Tiberii
1209 1988 1378 2023 baptizatum
1394 1996 1456 2017 esse
1471 1989 1613 2017 Christum
1631 1990 1755 2023 agnovit,
1774 1994 1799 2015 et

1007 2039 1072 2070 post
1085 2042 1171 2062 unum
1191 2042 1295 2062 annum
1311 2043 1424 2070 passum
1448 2035 1532 2062 etiam
1555 2035 1672 2070 putavit,
1699 2036 1747 2062 sed
1766 2035 1799 2062 εἰ

1008 2085 1115 2108 tantum
1132 2088 1221 2108 annos
1238 2080 1350 2108 Tiberio
1372 2081 1533 2116 assignavit.
1561 2081 1632 2109 Cum
1655 2081 1740 2115 igitur
1760 2082 1798 2108 le-

1007 2128 1068 2155 vior
1082 2127 1197 2155 mutatio
1213 2126 1336 2155 suiﬁeere
1358 2135 1440 2162 posse
1464 2127 1599 2162 videatur,
1620 2127 1692 2155 forte
1708 2127 1798 2163 legen-

1007 2173 1073 2200 dum
1088 2172 1244 2208 μεσούντων
1267 2172 1321 2200 τῶν
1338 2172 1501 2207 Αὐγούστων
1512 2173 1619 2209 χρόνον,
1639 2182 1650 2199 t
1669 2173 1798 2208 Augustis

1008 2218 1062 2246 illis
1077 2223 1186 2252 tempus
1201 2218 1421 2251 dimidiantibus,
1442 2227 1452 2244 ι
1470 2218 1522 2251 Vel,
1546 2224 1666 2253 utroque
1684 2218 1799 2253 tmpera-

971 2273 994 2302 ι)
1008 2269 1067 2291 tore
1080 2263 1224 2291 dimidium
1243 2264 1374 2299 temporis
1393 2264 1445 2291 sibi
1464 2268 1600 2291 sumente.
1626 2263 1663 2291 Ut
1677 2264 1736 2299 ipse
1758 2265 1797 2291 lo—

1007 2309 1112 2344 quitur,
1133 2309 1181 2336 lib.
1205 2317 1214 2336 ι
1239 2317 1246 2336 :
1274 2308 1512 2344 Πεντεκαιδεκάτῳ
1523 2306 1570 2335 οὖν
1585 2307 1641 2334 ἑτει
1663 2308 1796 2344 Τιϐερίου,

1007 2354 1054 2381 καὶ
1072 2353 1306 2389 πεντεκαιδεκάτῳ
1323 2353 1478 2387 Αὐγούστου
1493 2353 1565 2380 οὕτω
1586 2353 1754 2389 πληροῦνται
1765 2354 1795 2381 τὰ

1007 2400 1153 2436 τριάκοντα
1169 2399 1217 2434 ἔτη
1228 2399 1281 2431 ἓως
1297 2397 1327 2426 οὐ
1340 2399 1449 2426 ἔπαθεν.
1470 2408 1480 2425 ‹
1504 2399 1720 2432 Quintodecimo
1735 2407 1796 2436 ergo

1008 2453 1081 2473 anno
1091 2445 1193 2473 Tiberii
1206 2450 1234 2473 et
1243 2445 1447 2480 quintodeeimo
1457 2445 1573 2481 Augusti
1592 2445 1635 2473 sic
1654 2446 1795 2481 implentur

1008 2491 1119 2527 triginta
1135 2491 1199 2518 anni
1212 2498 1298 2526 usque
1311 2491 1346 2518 ad
1364 2495 1472 2526 tempus
1482 2494 1651 2526 quo‘passus
1661 2496 1704 2519 est
1721 2491 1794 2519 Chri-

1008 2545 1077 2567 stus.
1098 2549 1108 2565 ι
1125 2539 1176 2567 Sed
1190 2539 1293 2574 optima
1312 2541 1448 2566 correctio
1464 2547 1479 2566 ιι
1499 2539 1609 2566 meliori
1632 2539 1729 2567 codice
1751 2547 1794 2566 ex-

1007 2584 1153 2620 spectanda
1169 2591 1219 2612 est.
1232 2583 1288 2619 Ego
1307 2588 1412 2611 tantum
1425 2585 1516 2612 locum
1531 2592 1595 2611 eum
1611 2589 1643 2612 ut
1656 2592 1728 2612 nunc
1739 2584 1792 2612 edi-

1008 2635 1052 2658 tus
1063 2636 1115 2663 est,
1131 2631 1158 2658 in
1178 2630 1276 2657 mendo
1300 2630 1401 2657 cubare
1423 2630 1549 2657 observo.
1571 2629 1604 2656 Ἦ
1619 2630 1650 2656 δὲ
1667 2630 1720 2656 τῶν
1731 2630 1793 2657 ἁπο-

1008 2676 1109 2703 στόλων
1126 2675 1208 2704 αὐτοῦ
1230 2676 1310 2711 μέχρι
1328 2684 1360 2710 γε
1377 2676 1425 2710 τῆς
1439 2675 1547 2702 Παύλου
1563 2675 1736 2712 λειτουργίας
1752 2675 1792 2702 ἐπὶ

1008 2720 1134 2756 Νέρωνος
1148 2719 1308 2748 τελειοῦται.
1324 2729 1333 2745 ι
1351 2720 1546 2754 Apostolorum
1567 2725 1661 2748 autem
1674 2721 1732 2755 ejus
1749 2721 1792 2747 do-

1008 2768 1106 2800 ctrina,
1117 2775 1203 2802 usque
1214 2767 1247 2794 ad
1258 2766 1334 2793 Pauli
1350 2766 1545 2799 ministerium,
1554 2767 1608 2794 sub
1618 2765 1727 2794 Nerone
1737 2774 1791 2794 corr

1009 2818 1174 2842 summatur.
1184 2812 1300 2841 )Hmcde
1311 2811 1472 2847 antiquitate
1480 2811 1614 2839 doctrinas
1625 2812 1789 2843 Christianae;

1008 2860 1043 2887 de
1057 2859 1177 2887 novitate
1196 2859 1337 2887 haereseon
1355 2858 1392 2886 ita
1417 2858 1539 2892 loquitur
1557 2867 1564 2884 :
1583 2857 1671 2885 Κάτω
1682 2857 1719 2889 δὲ,
1736 2856 1788 2892 περὶ

1009 2906 1070 2937 τοὺς
1093 2905 1230 2942 Ἀδριανοῦ
1251 2904 1300 2932 τοῦ
1316 2904 1446 2939 βασιλέως
1457 2904 1569 2940 χρόνους
1581 2904 1607 2931 οι
1621 2904 1673 2936 τὰς
1685 2904 1783 2940 αἱρέσει-
