1850 3072
77 200 130 228 555

78 261 274 296 ἐπινοήσαντες
287 258 427 293 γεγόνασι,
439 266 448 282 r
467 254 584 282 Inferius
598 257 700 283 autem,
713 250 786 278 circa
806 253 875 276 tem-

78 315 143 343 pora
164 295 286 334 Adriani
307 302 493 338 imperatoris,
512 300 623 328 fuerunt
639 298 677 325 illi
698 296 743 332 qui
759 295 877 322 hatreses

79 352 287 387 excogitarunt.
313 359 323 376 ›
344 348 404 376 Non
432 351 512 382 negat
533 351 700 380 quemquam
719 340 876 370 luereticum

81 404 142 426 ante
161 397 279 425 Adriani
294 401 417 430 tempora
431 393 534 424 fuisse;
557 392 609 418 hoc
629 391 701 417 enim
717 387 809 423 negari
824 393 877 413 non

80 443 178 479 potuit.
185 441 248 468 Non
258 441 392 472 diciteos,
401 439 433 466 de
443 438 542 473 quibus
560 435 690 470 loquitur,
700 434 751 461 sub
757 431 878 459 Adriano

83 490 200 524 primum
222 495 274 515 sua
288 486 385 514 deliria
397 485 533 516 docuisse,
548 482 621 518 quod
637 478 786 508 adversarii
803 484 880 504 asse-

83 539 157 568 ruat,
165 542 218 561 nos
225 540 367 568 negamus.
382 530 548 557 Hoctantum
560 528 690 560 dicit,cos
701 525 747 560 qui
761 525 879 551 haereses

83 581 296 616 excogitatum,
311 579 383 606 circa
400 582 521 611 tempora
540 573 653 601 Adriani
674 571 820 599 exstitisse.
835 568 876 596 lta

83 632 192 655 veteres
213 625 267 661 ipsi
293 624 462 652 Clementem
487 620 700 648 intellexerunt:
727 617 784 644 haec
806 615 880 642 enim

84 660 230 700 Cedrenus
252 678 285 697 ex
307 669 361 696 illis
383 668 484 695 habet:
507 666 549 697 Ὧς
563 664 618 700 γὰρ
637 663 704 698 φησι
727 661 844 696 Κλήμης
865 660 880 685 ὁ

85 716 277 753 Στρωματεῦς
289 715 334 741 ἐπὶ
352 711 491 749 Ἀδριανοῦ
505 711 628 746 ὑπῆρχον
644 707 812 744 Σατορνῖλος,
826 706 881 731 Βα-

87 763 220 798 σιλείδης,
240 761 287 787 καὶ
302 758 516 796 Καρποκράτης.
535 766 543 782 ι
558 755 594 783 Ut
608 754 680 782 enim
701 754 739 781 ait
755 752 882 780 Clemens

88 809 267 836 Stromateon
286 810 399 838 auctor,
421 804 471 831 sub
492 802 613 830 Adriano
629 801 741 828 fuerunt
756 797 883 826 Saturni-

88 855 143 887 lus,
160 853 310 884 Basilides,
326 856 355 878 et
369 850 559 884 Carpocratt-s.
578 855 587 873 ι
606 846 690 874 Addit
715 849 806 872 autent
821 842 882 870 Cle-

89 908 187 928 mens:
202 898 263 925 Ka‘t
285 897 365 933 μέχρι
380 905 411 930 γε
425 895 475 930 τῆς
492 893 649 920 Ἀντωνίνου
669 891 716 918 τοῦ
733 888 883 925 πρεσϐυτέ-

91 955 139 982 ρου
156 945 290 972 διέτειναν
316 942 441 979 ἡλικίας,
463 940 589 975 καθάπερ
608 940 623 965 ὁ
644 936 812 972 Βασιλείδης.
829 945 837 961 ι
852 934 886 962 Et

90 994 281 1028 pervenerunt
299 995 388 1023 usque
406 988 438 1015 ad
456 991 562 1014 aetatem
578 983 708 1012 Antonini
731 983 857 1014 senioris,
873 990 883 1007 ι

89 1027 144 1070 Ῥὶἰ,
160 1037 280 1068 scilicet,
291 1035 339 1070 qui
355 1033 477 1061 Adriano
489 1032 632 1060 successit.
650 1029 670 1056 Ε
684 1029 785 1064 quibus
797 1027 886 1055 verbis

90 1089 180 1120 patet,
201 1083 236 1110 ad
258 1086 397 1117 postrema
418 1081 515 1107 horum
539 1077 731 1105 haereticorum
752 1079 885 1109 tempora,

91 1139 148 1158 non
167 1130 259 1164 priora
280 1127 432 1162 respexisse
440 1125 635 1160 ,Clementem;
666 1130 698 1150 ac
717 1121 739 1149 si
754 1121 886 1148 dixisset:

91 1174 291 1210 Haeresiarchge
306 1173 364 1204 illi,
381 1177 498 1206 quorum
520 1167 647 1203 discipuli
671 1167 821 1194 etiamnum
841 1173 888 1192 ex-

93 1226 186 1254 stant,
203 1219 349 1247 inferiores
369 1225 418 1245 seu
445 1216 571 1252 juniores
591 1218 670 1242 erant
686 1213 731 1245 iis,
746 1212 793 1247 qui
806 1211 888 1239 Clni-

94 1270 215 1298 stianam
244 1268 324 1295 iidem
350 1266 440 1301 primo
467 1262 675 1299 przedicabant;
703 1259 887 1295 apostolorum

94 1317 171 1344 enim
187 1314 314 1342 doctrina
332 1312 384 1340 sub
396 1311 503 1339 Nerone
519 1311 710 1337 consummata
725 1310 778 1339 est,
795 1305 820 1332 hi
840 1312 889 1332 au-

100 1366 155 1389 tem
170 1361 224 1388 sub
236 1359 358 1386 Adriano
377 1357 515 1389 vixerunt,
534 1359 561 1382 et
574 1361 662 1388 usque
675 1353 709 1379 ad
720 1350 889 1378 Antoninum

95 1407 177 1435 Pium
194 1406 384 1436 duraverunt;
405 1401 538 1438 apostolis
553 1400 636 1434 igitur
651 1396 815 1433 posteriores
831 1394 890 1422 fuer-

97 1456 173 1480 runt.
190 1451 231 1478 Ex
245 1451 288 1478 nis
302 1456 358 1477 tres
380 1447 514 1478 nominat,
534 1444 693 1474 Basilidem,
704 1441 889 1472 Valentinum,

98 1503 125 1526 et
141 1500 165 1526 si
185 1498 255 1525 forte
279 1496 462 1527 Marcionem;
479 1493 502 1520 si
524 1491 604 1523 forte,
627 1491 749 1524 inquam,
764 1494 827 1514 nam
845 1486 890 1512 illa

98 1546 183 1581 verba
196 1554 203 1571 :
219 1543 352 1579 Μαρκίων
365 1541 429 1577 γὰρ,
438 1539 509 1567 κατὰ
522 1538 571 1574 τὴν
587 1536 670 1572 αὐτὴν
681 1535 772 1566 αὺτοῖς
784 1532 892 1569 ἡλικίαν

98 1579 249 1626 γένόμενος
287 1589 325 1620 ὡς
361 1585 517 1623 πρεσϐύτης
546 1583 688 1619 νεωτέροις
726 1579 890 1614 συνεγένετο.

103 1647 112 1664 ε
129 1637 254 1664 Marcion
278 1635 352 1662 enim
387 1633 439 1661 sub
463 1631 559 1659 eadem
581 1634 660 1658 aetate
683 1627 844 1655 versabatur
862 1628 892 1651 ut

101 1690 187 1712 senex
202 1689 265 1710 cum
278 1680 448 1716 junioribus,
465 1688 475 1704 ι
493 1682 521 1705 ut
532 1677 613 1712 vulgo
627 1678 811 1710 exponuntur,
826 1679 893 1699 sana

100 1736 163 1756 esse
178 1735 234 1754 non
247 1715 374 1762 possunt.
391 1728 422 1752 ut
443 1731 493 1751 nec
504 1730 566 1757 qua:
585 1724 760 1755 sequuntur:
782 1716 850 1744 Μεθ’
864 1715 894 1743 ὃν

101 1775 195 1810 Σίμων
223 1773 266 1799 ἐπ’
289 1771 378 1806 ὀλίγον
402 1769 586 1806 κηρύσσοντος
614 1766 662 1793 τοῦ
693 1765 798 1801 Πέτρου
824 1763 894 1797 ὑπή-

102 1809 198 1851 κουσε,
216 1827 225 1844 t
240 1821 303 1852 post
316 1824 397 1852 quem
423 1816 519 1842 Simon
536 1813 648 1841 Petrum
663 1811 740 1839 audit
754 1809 895 1845 paululum

103 1865 314 1901 praedicantem,
332 1874 341 1889 ι
360 1868 390 1889 ιιι
411 1861 492 1889 hodie
518 1860 646 1895 leguntur
659 1862 686 1885 et
709 1859 894 1892 exponuntur.

105 1912 176 1944 Quis
190 1910 266 1938 enim
282 1910 309 1936 in
322 1907 439 1936 historia
451 1905 637 1934 ecclesiastica
652 1903 724 1930 ferre
738 1906 836 1937 potest,
850 1903 898 1927 aut

105 1957 277 1984 Marcionem
296 1962 389 1982 senem
406 1952 503 1984 fuisse,
521 1958 583 1978 cum
606 1948 739 1976 Basilides
753 1951 782 1974 et
796 1946 896 1973 Valen-

105 2003 309 2037 tinusjuvenes
322 2004 425 2031 essent,
449 2002 496 2025 aut
513 1996 653 2024 Simonem
667 1994 714 2029 qui
739 1992 768 2020 S.
786 1992 898 2019 Petrum

105 2047 226 2078 audivit,
245 2050 311 2080 post
334 2044 501 2071 Marcionem
526 2039 685 2068 exstitisse?
700 2038 737 2066 De
761 2037 900 2064 Marcione

106 2094 188 2121 aliter
214 2091 301 2119 sensit
328 2089 520 2125 Epiphanius,
552 2092 582 2115 ut
602 2086 794 2115 ostendimus:
821 2083 900 2110 aliter

107 2140 191 2168 etiam
206 2143 313 2166 veteres
337 2136 420 2164 locuti
438 2141 512 2163 sunt.
525 2134 649 2161 Justinus
665 2135 767 2166 martyr
780 2129 901 2156 Valenti-

108 2187 255 2214 nianorum
270 2189 297 2212 et
313 2183 542 2211 Basilidianorum
558 2177 841 2211 metninit,dictosque
853 2182 901 2202 eos

108 2242 125 2261 a
140 2231 302 2260 nominibus
314 2229 560 2257 haeresiarcharum
572 2227 651 2254 docet
662 2234 668 2257 ;
682 2225 737 2252 imo
748 2231 830 2251 vero:
846 2221 901 2248 Καί

453 194 480 223 J.
503 190 689 221 PEABSONII
707 187 869 217 VlNDlClE
889 182 1100 214 IGNATIANAE.
1116 195 1149 200 ——
1166 177 1256 206 PARS
1274 175 1305 203 ll.

889 251 912 278 A
926 251 1000 278 sunt,
1021 252 1035 271 a
1056 242 1197 270 Clemente
1218 233 1354 273 proﬁcisci
1377 240 1432 260 non
1454 233 1612 266 potuerunt.
1625 227 1715 260 Quare

1661 166 1714 195 διδ

930 291 1040 320 lsaacus
1056 287 1171 315 Vossius
1193 284 1257 311 huic
1282 282 1343 308 loco
1364 284 1494 313 tanquam
1517 274 1628 302 minime
1647 280 1715 300 sano

929 318 1064 364 medelam
1089 329 1226 361 adhibuit,
1246 332 1273 354 et
1299 334 1348 361 pro
1365 324 1418 350 illis
1431 330 1492 357 qua:
1505 320 1642 349 dedimus,
1659 318 1717 344 haec

929 363 992 419 legit
1008 392 1014 409 :
1034 379 1168 414 Μαρκίων
1181 375 1235 410 γὰρ
1251 372 1321 400 κατὰ
1339 371 1388 406 τὴν
1408 369 1492 403 αὐτὴν
1508 367 1596 397 αὐτοῖς
1611 363 1716 400 ἡλικίαν

928 409 1072 464 γεῖσμενος
1086 409 1126 456 ib;
1141 409 1308 459 πρέσϐύταις
1322 416 1453 451 νεώτερος
1472 412 1642 446 συνεγένετο,
1658 409 1717 445 μεθ’

928 456 966 502 ὧν
978 456 1078 509 έίμων.
1090 470 1157 504 Qua:
1165 456 1194 496 isi
1207 471 1279 494 recte
1293 463 1371 498 rapio
1381 463 1433 489 hoc
1443 463 1542 488 sonant
1555 467 1561 485 :
1577 467 1586 483 ε
1596 456 1717 484 Marcion

930 522 1002 549 enim
1020 519 1072 547 sub
1087 516 1182 544 eadem
1197 518 1277 540 aetate
1292 517 1355 538 cum
1375 508 1430 535 illis
1445 511 1575 540 tanquam
1591 510 1654 530 cum
1675 509 1718 529 se—

931 567 1012 594 nibus
1025 563 1119 600 junior
1130 564 1256 588 versatus
1269 560 1322 590 est,
1334 562 1396 583 cum
1408 553 1508 588 quibus
1525 549 1630 582 Simon,
1643 557 1652 574 ι
1663 553 1716 575 etc.

931 610 969 638 Ita
984 595 1039 642 ille',
1055 610 1134 635 acute
1161 603 1289 639 quidem,
1318 605 1346 627 ut
1373 599 1453 626 solet.
1469 595 1602 623 Henricus
1626 598 1717 620 autem

932 656 1058 684 Valesius
1076 652 1144 680 nihil
1159 649 1320 678 mutandum
1336 646 1457 682 putavit,
1472 643 1518 671 sed
1535 642 1593 678 μεθ’
1607 641 1647 673 ὃν,
1663 641 1720 668 sive

935 713 944 730 ‹
957 706 1019 738 post
1029 707 1122 735 quem,
1135 708 1144 724 ι
1164 698 1234 724 idem
1250 694 1342 722 valere
1357 693 1404 724 ait,
1421 690 1494 726 quod
1510 699 1518 714 ι
1530 693 1592 716 ante
1604 694 1695 721 quem,
1707 695 1717 711 ι

933 732 965 777 ει.
977 732 1167 782 hoc-probare
1182 742 1279 771 nititur
1293 741 1322 767 in
1343 735 1573 766 Adnotationibus
1589 734 1621 761 ad
1636 732 1721 760 Euse-

933 795 1019 823 bium.
1035 779 1101 825 (ius:
1115 788 1252 824 expositio
1267 793 1302 813 an
1316 784 1381 811 ferri
1400 782 1498 817 possit,
1516 779 1639 815 judicent
1657 785 1721 805 eru-

933 841 994 868 diti.
1010 824 1066 874 Ego
1081 844 1135 864 non
1153 834 1247 862 dubito
1258 832 1324 868 quin
1345 828 1514 859 Blondellus,
1530 825 1577 861 qui
1594 824 1722 851 Clemen-

935 891 989 914 tem
1004 868 1056 912 hove
1075 883 1136 910 loco
1148 879 1321 907 Valentinum
1342 879 1404 911 post
1430 872 1594 900 Marcionem
1621 868 1723 896 referre

936 932 1050 963 asserit,
1076 929 1134 957 sola
1162 926 1260 954 Latina
1285 923 1411 951 versione
1435 920 1565 953 deceptus
1593 916 1645 949 sit;
1662 921 1724 950 quae

936 983 1030 1006 tamen
1045 960 1103 1011 ipsa
1120 974 1147 1001 id
1161 977 1253 1008 aperte
1267 977 1321 997 non
1335 967 1402 996 dicit
1412 965 1485 1001 quod
1503 965 1548 991 ille
1559 962 1653 990 voluit.
1667 960 1724 996 Ego

936 1028 1055 1052 mentem
1070 1019 1219 1049 Clementis
1233 1018 1269 1044 ita
1290 1019 1363 1043 recte
1387 1012 1503 1048 exprimi
1523 1017 1604 1046 posse
1617 1008 1723 1036 sentio:

940 1069 1032 1103 «Quod
1046 1067 1079 1095 ad
1095 1065 1262 1094 Marcioncm
1283 1061 1356 1090 enim
1371 1060 1477 1090 attinet,
1491 1057 1535 1084 ille
1550 1055 1660 1090 quidem
1674 1053 1726 1081 sub

937 1099 1031 1142 eodem
1045 1112 1162 1148 imperio
1175 1108 1286 1137 Adriani
1301 1106 1385 1139 vixit,
1406 1104 1458 1132 sub
1478 1109 1533 1138 quo
1551 1099 1683 1128 Basilides
1699 1101 1727 1125 et

938 1161 1109 1192 Valentinus,
1121 1157 1168 1186 sed
1181 1164 1243 1185 cum
1265 1161 1348 1183 senex
1364 1155 1447 1184 esset,
1465 1156 1527 1177 cum
1541 1148 1596 1175 illis
1610 1145 1657 1181 qui
1683 1144 1727 1171 his

936 1209 1076 1244 juniores,
1093 1204 1261 1234 recentiores
1273 1209 1321 1229 seu
1335 1198 1502 1235 posteriores
1514 1198 1594 1226 sunt,
1609 1198 1725 1220 conver-

939 1237 1016 1283 satus
1030 1257 1072 1281 est
1089 1250 1234 1280 haereticis.
1251 1258 1260 1274 ι
1279 1246 1337 1275 Vox
1352 1245 1426 1273 enim
1442 1241 1584 1277 νεωτέροις
1600 1246 1661 1266 cum
1675 1237 1727 1263 αὺ-

939 1303 994 1333 τοῖς
1009 1298 1138 1335 conjungi
1164 1304 1220 1324 non
1242 1294 1341 1327 debet,
1356 1291 1435 1328 quasi
1452 1291 1512 1324 ipso
1535 1286 1673 1314 Marcione
1688 1283 1728 1310 illi

937 1348 1061 1384 juniores
1072 1349 1120 1372 aut
1130 1342 1296 1379 posteriores
1304 1339 1422 1370 fuerint;
1440 1342 1538 1364 sensus
1552 1331 1642 1360 omnis
1653 1330 1729 1357 vocis

940 1375 1033 1423 αὐτοῖς
1046 1375 1164 1418 refertirr
1185 1387 1220 1415 ad
1235 1385 1320 1420 αὐτήν
1333 1388 1360 1411 et
1380 1384 1408 1410 in
1431 1389 1497 1408 voce
1511 1378 1654 1414 γενόμενος
1668 1375 1729 1402 lini-

940 1444 1002 1471 tur;
1023 1421 1169 1470 νεωτέροις
1191 1440 1253 1460 cum
1282 1429 1440 1464 συνεγένετο
1455 1430 1530 1454 arcte
1554 1421 1730 1457 coujuogitur

941 1466 1043 1519 eosque
1057 1466 1186 1512 denotat,
1207 1485 1270 1506 cum
1285 1476 1385 1512 quibus
1403 1472 1524 1500 Marcion
1543 1475 1674 1504 tanquam
1689 1466 1731 1494 di-

942 1529 1065 1564 scipulus
1087 1528 1266 1555 conversatus
1282 1526 1341 1555 est,
1361 1529 1377 1548 a
1390 1520 1491 1555 quibus
1516 1524 1574 1545 suae
1595 1516 1731 1542 haereseos

943 1559 1078 1612 principia
1099 1571 1224 1609 quaedam
1247 1572 1389 1597 mutuatus
1405 1570 1464 1598 est,
1482 1564 1529 1600 qui
1545 1562 1655 1598 quidem
1679 1559 1731 1594 ipsi

942 1608 1071 1650 Basilidis
1084 1608 1115 1648 et
1135 1617 1270 1646 Valentini
1289 1613 1418 1648 discipuli
1440 1611 1562 1639 luerunt.
1581 1608 1620 1635 Ita
1635 1613 1731 1634 vocem

942 1676 1002 1696 eam
1016 1667 1081 1695 alibi
1095 1669 1211 1699 usurpat
1221 1663 1349 1690 Clemens
1364 1663 1394 1687 ut
1407 1659 1455 1686 lib.
1467 1666 1474 1684 ι
1485 1666 1492 1685 z
1505 1655 1595 1690 Θάλης
1607 1654 1635 1680 δὲ
1644 1650 1734 1684 Φοῖνιξ

943 1715 980 1742 ὢν
994 1715 1025 1742 τὺ
1044 1713 1122 1748 γένος
1139 1697 1187 1738 καὶ
1203 1711 1259 1741 τοῖς
1275 1705 1431 1742 Αἰγυπτίων
1453 1704 1605 1739 προφήταις
1630 1697 1733 1734 συμϐε-

945 1745 1075 1797 6ληκέναι
1089 1759 1196 1794 εἴρηται
1207 1765 1213 1772 ·
1233 1755 1357 1789 καθάπερ
1372 1753 1419 1779 καὶ
1435 1752 1449 1778 ὁ
1467 1748 1629 1783 Πυθαγόρας
1642 1745 1734 1776 αὐτοῖς

945 1815 977 1841 γε
991 1791 1122 1835 lto-310m,-
1144 1791 1286 1829 Χαλδαίων
1300 1807 1330 1825 τε
1354 1798 1402 1824 xal.
1427 1796 1522 1832 μάγων
1543 1794 1598 1825 τοῖς
1614 1791 1735 1827 ἀρίσταις

947 1838 1113 1886 συνεγένετο.
1126 1848 1179 1876 Ubi
1191 1844 1406 1882 συμϐεὸληκὲναι
1421 1846 1448 1870 et
1462 1839 1639 1875 συγγενέσθαι
1650 1838 1731 1864 idem.

947 1897 987 1925 Ita
1000 1882 1103 1932 optime
1119 1893 1253 1922 Clementi
1267 1899 1331 1919 cum
1350 1888 1487 1917 veteribus
1502 1885 1639 1914 convenit.
1655 1882 1736 1909 Nullo

949 1929 1031 1970 modo
1050 1941 1134 1976 igitur
1147 1947 1180 1966 ex
1196 1939 1248 1966 hoc
1263 1937 1325 1964 loco
1336 1934 1484 1969 Colligitur,
1501 1935 1549 1959 aut
1562 1929 1737 1957 Valentinum

949 1993 1012 2024 post
1034 1975 1201 2014 Marcionem
1217 1984 1320 2011 vixisse
1331 2003 1338 2016 ,
1362 1981 1434 2016 quod
1449 1979 1535 2007 voluit
1559 1975 1716 2004 Blontlellus
1731 1982 1738 1990 ·

949 2040 997 2064 aut
1007 2034 1153 2062 Basilidem
1163 2039 1213 2060 sua
1225 2036 1366 2065 nunquam
1378 2026 1508 2055 docuisse
1520 2028 1583 2051 ante
1593 2021 1738 2057 imperium

950 2081 1076 2114 Adriani,
1090 2079 1164 2115 quod
1180 2078 1245 2105 hinc
1255 2077 1355 2104 elicere
1365 2074 1491 2109 cupiebat
1505 2071 1633 2098 Dallmus.

986 2127 1080 2162 Neque
1099 2132 1164 2153 vero
1190 2122 1287 2158 reliqui
1307 2122 1353 2157 qui
1370 2121 1404 2148 de
1427 2118 1549 2146 Adriano
1570 2116 1721 2150 loquuntur

953 2160 1104 2210 quidquam
1124 2171 1197 2199 aliud
1214 2173 1356 2201 statuunt,
1372 2173 1454 2202 quam
1476 2164 1550 2200 quod
1574 2170 1624 2189 nos
1638 2160 1719 2188 etiam
1732 2179 1740 2191 ,

954 2206 1102 2248 Basilidem
1129 2218 1181 2246 sub
1201 2217 1261 2252 ejus
1286 2214 1401 2249 imperio
1425 2212 1529 2244 fuisse,
1553 2209 1595 2236 vel
1618 2206 1742 2235 scholam

109 2281 180 2307 εἰσιν
195 2279 241 2313 ὑφ’
259 2277 353 2314 ἡμῶν,
374 2277 477 2311 inquit,
495 2274 549 2301 ἀπὶ)
565 2253 757 2309 προσωνυμίας
777 2269 832 2296 τῶν

1011 2268 1093 2294 uisse.
1117 2264 1305 2292 Theodoretus
1330 2261 1364 2288 de
1390 2257 1529 2286 Satnrnilo
1553 2261 1580 2283 et
1602 2253 1719 2281 Basilidc
1733 2261 1741 2279 :

1084 2313 1101 2314 ⁷⁷
1137 2313 1141 2314 ⁷
1169 2311 1174 2314 ⁵
1201 2311 1221 2314 ⁵·
1233 2310 1244 2314 ⁸
1324 2307 1337 2313 ⁴¹’
1399 2306 1411 2311 ⁵
1440 2306 1460 2314 ν
1488 2305 1579 2314 1κηλ.-
1608 2300 1731 2314 ληιιελη-ιι

109 2325 182 2361 ερῶν
205 2324 235 2356 ἐξ
260 2321 345 2358 οὗπερ
369 2322 470 2356 ἑκάστη
488 2319 580 2355 διδαχὴ
601 2319 648 2346 καὶ
667 2316 764 2352 γνώμη
790 2315 901 2352 ἡρξατο.

114 2381 124 2398 ‹
139 2371 172 2398 Et
193 2376 259 2398 sunt
282 2370 353 2404 apud
368 2377 420 2396 nos
433 2368 480 2403 qui
498 2375 513 2394 a
532 2366 644 2393 nomine
661 2371 756 2392 eorum
769 2363 902 2392 virorum,

112 2425 146 2445 ex
165 2424 222 2452 quo
247 2416 373 2443 doctrina
397 2419 423 2441 et
443 2413 575 2441 sententia
596 2410 723 2446 quaelibet
746 2409 847 2444 incepit
861 2428 868 2441 ,
891 2417 901 2434 ι

113 2462 285 2491 denominati
298 2465 373 2493 sunt,
391 2460 480 2488 solum
495 2458 661 2486 Marcionem
676 2461 812 2484 memorat
826 2454 905 2490 quasi

114 2510 206 2537 adhuc
231 2508 260 2535 in
285 2507 356 2534 vivis
377 2513 440 2533 cum
461 2505 519 2539 ipse
539 2504 682 2536 scriberet,
706 2507 735 2530 et
759 2506 905 2536 postquam

114 2560 213 2583 contra
226 2560 326 2581 onmes
341 2552 459 2578 haereses
470 2550 636 2584 scripsisset.
652 2549 693 2575 An
707 2556 770 2575 eum
786 2551 907 2574 tanturn-

115 2601 198 2628 modo
212 2600 240 2627 in
256 2599 327 2626 vivis
342 2602 408 2625 tunc
419 2597 504 2624 fuisse
517 2596 679 2628 monuisset,
693 2594 716 2622 si
729 2593 825 2622 eodem
837 2597 907 2620 tem-

115 2655 183 2682 pore
198 2645 334 2673 Basilides
349 2649 378 2671 et
391 2643 563 2676 Valentinus,
577 2649 632 2669 non
644 2645 751 2668 tantum
763 2640 906 2673 vixissent,

116 2694 163 2722 sed
179 2694 263 2721 etiam
280 2692 398 2728 juvenes
413 2690 480 2717 etin
500 2689 605 2717 ﬂorenti
630 2688 720 2715 adhuc
735 2691 814 2714 aetate
838 2686 908 2713 fuis—

117 2739 199 2767 sent?
234 2738 371 2766 Observat
404 2735 522 2763 lrenaaus
550 2735 586 2761 de
612 2739 692 2763 aetate
718 2734 908 2760 haereticorum

115 2793 199 2821 agens
211 2784 390 2812 Valentinum
403 2783 455 2810 sub
465 2781 572 2817 Hygino
583 2780 698 2808 Romam
708 2780 827 2811 venisse,
839 2778 910 2806 Mar-

115 2839 223 2860 ctonem
241 2830 295 2859 sub
316 2829 433 2856 Anieeto
453 2834 546 2863 postea
563 2827 726 2860 invaluisse;
750 2833 785 2853 an
801 2825 847 2852 ille
858 2833 910 2859 pu-

116 2879 183 2907 tavit
197 2876 376 2904 Valentinum
387 2874 525 2910 juniorem
537 2873 634 2906 fuisse,
648 2880 711 2901 cum
723 2872 843 2899 Marcion
854 2872 910 2906 jam

116 2932 200 2955 senex
221 2922 316 2952 esset?
334 2920 398 2950 Haec
413 2921 512 2957 igitur,
528 2920 626 2949 saltem
643 2924 672 2948 ut
688 2919 723 2947 ab
739 2919 772 2947 iis
789 2917 912 2954 exposita

957 2316 1057 2350 ’Ἄμφω
1081 2313 1110 2340 δὲ
1135 2311 1182 2338 ἐπὶ
1201 2307 1340 2344 Ἀδριανοῦ
1366 2306 1413 2334 τοῦ
1440 2305 1579 2339 Καίσαρος
1608 2300 1740 2335 ἐγένοντο.

958 2371 967 2388 ι
983 2347 1071 2388 Ambo
1087 2363 1180 2386 autem
1195 2356 1308 2384 Adriani
1326 2355 1442 2382 Cameris
1459 2356 1582 2385 tempore
1595 2347 1714 2375 fuerunt.
1730 2354 1741 2372 ι

956 2407 1092 2435 Eusebius
1116 2404 1226 2440 quidem
1249 2403 1322 2430 circa
1337 2398 1449 2427 Adriani
1467 2402 1590 2431 tempora
1606 2392 1744 2420 narratio~

956 2455 1017 2480 ne‘m
1033 2452 1066 2480 de
1079 2435 1182 2479 scit-olis
1193 2448 1326 2477 Saturnili
1341 2451 1368 2473 et
1380 2443 1507 2472 Basilidis
1520 2439 1640 2469 instituit
1652 2449 1658 2465 :
1670 2435 1720 2464 ’Ὧν
1730 2438 1747 2464 ὁ

959 2499 1009 2535 μὲν
1024 2497 1096 2525 κατὰ
1111 2496 1222 2532 Συρίαν,
1237 2496 1252 2522 ὁ
1274 2494 1302 2520 δὲ
1317 2493 1378 2520 κατ’
1390 2490 1528 2524 Αἴγυπτον
1547 2485 1748 2520 συνεστήσαντο

958 2530 1095 2580 δεομισῶν
1112 2530 1245 2579 αἱρέσεων
1257 2538 1439 2568 διδασκαλεῖα.
1456 2545 1465 2562 ‹
1479 2535 1603 2569 Quorum
1620 2531 1666 2559 ille
1684 2530 1747 2565 qui-

958 2577 1019 2619 dem
1040 2591 1066 2617 in
1081 2577 1174 2625 Syria,
1189 2588 1234 2615 hic
1249 2594 1312 2614 vero
1333 2584 1404 2620 apud
1426 2582 1574 2618 Egyptum
1589 2579 1679 2613 impia
1697 2577 1748 2604 do-

958 2639 1055 2665 ctrina:
1070 2636 1181 2664 scholas
1196 2631 1413 2662 condidit.iNon
1430 2635 1486 2657 tum
1498 2629 1617 2664 primum
1629 2624 1747 2652 hazresin

959 2684 1088 2712 doeuisse
1101 2682 1149 2715 ait,
1166 2681 1214 2709 sed
1233 2682 1306 2714 quod
1324 2677 1492 2706 contrarium
1508 2680 1620 2710 prorsus
1636 2670 1749 2704 evincit,

962 2739 977 2758 a
992 2729 1142 2756 Menandro
1159 2726 1280 2754 Simonis
1293 2731 1454 2753 successore
1470 2722 1586 2750 hatresin
1608 2719 1749 2754 accepisse

961 2778 1055 2810 docet;
1071 2776 1123 2803 sub
1133 2775 1228 2802 eodem
1241 2773 1405 2808 imperatore
1424 2770 1531 2805 aliquos
1545 2766 1750 2796 ecclesiasticos

962 2824 1037 2851 viros
1057 2823 1189 2850 adversus
1203 2828 1252 2848 eos
1273 2818 1384 2853 scriptis
1400 2822 1550 2852 pugnasse,
1565 2822 1598 2841 ac
1613 2812 1750 2848 pra’cipue

963 2869 1109 2906 Agrippam
1126 2868 1269 2896 Castorem
1290 2870 1386 2893 contra
1401 2863 1437 2891 24
1456 2861 1595 2890 volumina
1622 2858 1753 2886 Basilidis

965 2917 1125 2952 scripsisse,
1146 2921 1173 2944 et
1198 2913 1343 2943 Basilidem
1366 2912 1457 2948 ipsum
1469 2929 1477 2944 ,
1494 2910 1642 2944 interprete
1656 2905 1752 2934 Hiero-
