1850 3072
129 149 182 178 3ιῖ

640 149 671 178 S.
689 149 867 179 IGNATIUS.
886 167 920 172 —
935 150 1202 180 PROLEGOMENA.

1703 152 1753 181 558

130 215 224 244 uymo,
250 208 302 236 sub
323 208 418 236 eodem
435 207 598 242 imperatore
613 208 726 236 obiisse.
746 209 845 236 Fateor
863 209 917 237 Va-
931 211 955 240 Α
967 211 1088 246 exsculpi
1104 215 1203 246 potest.
1231 210 1283 239 Sed
1307 203 1426 240 lrenreus
1440 211 1588 240 Clementis
1604 212 1641 239 ad
1655 210 1754 239 Corin-

130 254 229 282 lesium
245 255 279 282 ad
292 262 354 282 eum
368 255 458 282 locum
470 255 527 282 haac
541 259 652 282 notare:
668 264 678 281 ι
691 255 773 283 Recte
783 255 918 284 Eusebius

131 301 258 330 Basilidis
270 301 384 329 heresin
395 301 549 336 principatu
561 301 672 329 Adriani
686 302 810 338 erupisse
821 302 915 330 dicit.»

132 347 184 375 Sed
201 355 283 383 quam
298 353 371 374 recte
384 347 420 374 ita
431 347 576 381 judicavit.
589 355 621 375 ex
639 348 745 376 ratione
755 356 836 383 quam
851 347 918 375 sub-

128 393 229 428 jungit,
249 394 371 428 patebit:
394 403 403 419 ι
418 393 495 421 Tune
517 394 591 421 enim
608 395 727 429 primum
747 394 868 421 lneretici
884 401 917 421 ex

130 437 241 466 latebris
264 438 372 473 prodire
387 443 414 466 et
440 442 522 473 caput
537 439 660 466 attollere
681 443 839 474 cceperunt,
855 447 917 466 cum

130 485 262 519 apostolis
277 484 405 511 omnibus
419 484 476 520 jam
492 485 645 518 exstinctis,
665 489 849 520 opportunum
865 485 918 512 sibi

131 530 227 558 adesse
248 535 356 565 tempus
377 531 410 558 ad
426 531 578 566 evulganda
593 539 719 559 errorum
743 539 857 559 suorum
870 531 919 560 do-

131 581 220 612 gmata
241 576 441 604 existimarent.
457 586 466 602 ι
483 577 558 604 Licet
576 578 653 605 multi
673 577 795 605 haeretici
817 577 920 605 fuerint

131 622 182 650 sub
203 622 372 657 temporibus
391 623 567 658 apostolicis,
584 627 614 650 ut
633 628 739 651 veteres
759 623 911 658 saapissime

131 672 295 701 memorant,
303 672 330 696 et
350 669 383 696 de
399 668 432 696 iis
447 677 517 704 sape
539 669 697 704 disputant;
719 674 835 704 tantum,
849 670 917 698 sub-

131 715 201 743 latis;
214 715 343 743 omnibus
363 715 522 750 apostolicis
534 735 541 748 ,
564 716 649 743 multo
665 716 779 745 liberius
801 724 852 744 sua
866 717 917 744 do-

132 765 223 796 gmata
239 761 460 797 promolgabant.
479 761 533 789 Sed
556 769 590 790 an
607 769 704 790 omnes
726 763 842 798 apostoli
857 767 921 791 ante

131 807 245 834 Adriani
277 807 422 843 imperium
448 808 548 836 sublati
572 816 627 836 nou
654 809 738 837 sunt?
762 817 796 837 an
823 817 919 838 eorum

131 853 276 888 quisquam
290 858 350 888 post
366 853 394 880 S.
404 852 537 881 Joannem
550 854 696 890 superfuit.
711 855 759 890 qui
773 855 825 883 sub
841 855 919 883 initio

968 257 1042 284 thios
1057 257 1199 292 epistolam
1210 257 1326 286 ailirmat
1339 258 1516 289 vetustioncm
1539 266 1599 287 esse
1617 259 1756 286 haereticis

968 302 1084 330 alterum
1097 301 1182 330 Deum
1194 311 1275 338 super
1283 301 1377 331 Demiu
1383 311 1458 338 rgum
1470 303 1754 336 comminiscentibus,

969 347 995 374 id
1006 351 1059 381 est,
1075 351 1105 375 ut
1121 347 1216 383 liquet,
1233 347 1381 377 Gnosticis.
1399 348 1473 382 Inde,
1499 349 1614 382 scilicet,
1631 355 1755 384 apparet,

968 392 1114 420 Basilidem
1127 401 1177 422 sua
1192 393 1319 428 dogmata
1343 399 1407 421 ante
1427 394 1539 422 Adriani
1556 399 1681 430 tempora
1703 394 1756 421 mi-

968 438 1042 466 nime
1057 438 1225 473 propalasse.
1240 437 1309 466 Nam
1321 447 1353 466 ea
1367 440 1482 474 epistola
1494 448 1504 465 ι
1516 447 1570 467 non
1584 439 1681 467 multis
1695 445 1757 467 ante

968 483 1066 519 lgnatii
1092 484 1254 519 martyrium
1268 485 1348 513 annis
1371 485 1472 520 scripta
1489 490 1560 513 est.»
1573 485 1612 512 Ita
1627 485 1693 518 ille;
1710 485 1758 513 sed

969 529 1125 557 Blondellus
1142 530 1200 564 ipse
1227 530 1319 558 datam
1341 538 1402 558 eam
1421 530 1564 565 epistolam
1582 531 1654 558 inter
1672 538 1700 559 a.
1725 529 1755 557 ι).

969 575 1003 603 68
1026 580 1054 603 et
1074 576 1107 602 76
1131 576 1247 610 fatetur;
1265 577 1388 611 pluribus
1406 577 1488 612 igitur
1514 585 1595 612 quam
1619 576 1656 604 30
1679 577 1757 604 annis

970 625 1033 647 ante
1059 620 1157 656 lgnatii
1171 622 1332 658 martyrium
1356 622 1456 657 scripta
1471 626 1523 650 est.
1540 621 1578 650 De
1596 622 1651 650 hac
1663 621 1757 650 Irenaai

968 666 1051 693 verba
1068 671 1151 694 sunt:
1171 676 1180 693 ι
1195 666 1264 695 Cum
1279 668 1314 695 sit
1325 669 1457 696 vetustior
1472 668 1516 696 his
1531 669 1578 703 qui
1595 676 1673 696 nunc
1689 667 1758 695 falso

969 712 1080 745 docent,
1092 717 1119 740 et
1129 713 1246 740 alterum
1271 713 1356 740 Deum
1377 722 1460 749 super
1476 714 1656 750 Demiurgum
1672 719 1700 742 et
1717 713 1757 741 fa-

970 763 1073 786 ctorem
1090 758 1189 786 horum
1204 760 1327 788 omnium
1342 769 1403 796 qum
1415 766 1480 790 sunt
1495 761 1753 791 commentiuntur.»

971 804 1087 833 Dallaeus
1106 813 1137 832 ea
1153 806 1246 840 verba,
1271 815 1281 832 ι
1293 807 1340 842 qui
1351 815 1424 835 nunc
1445 807 1515 836 falso
1531 808 1642 841 docent,
1656 817 1666 833 ›
1680 807 1757 843 plane

971 851 1082 886 omisit,
1100 857 1130 880 ut
1144 859 1337 888 argumentum
1363 854 1483 889 aliquam
1499 854 1631 889 ponderis
1641 854 1756 889 speciem

132 898 243 934 Traiani
267 904 393 928 mortuus
413 901 475 928 est?
490 909 525 927 an
546 901 647 928 nullam
671 902 802 936 temporis
817 910 917 937 oppor-
935 898 958 928 Β
973 897 1086 925 habere!
1100 907 1107 932 ἱ
1127 899 1202 934 (ἰυοά
1216 907 1290 927 nunc
1304 899 1427 935 epist-0118
1447 899 1628 928 Clemenliltw
1638 899 1756 934 antiqui-

133 946 278 973 tunitatem
295 947 417 980 arripere
429 952 576 981 potuerunt
599 947 651 975 sub
667 952 724 975 toto
736 947 846 983 Traiani
868 949 917 975 im.

131 992 218 1026 perio,
235 999 290 1026 qua
305 1000 353 1019 sua
369 993 497 1028 dogmata
512 993 563 1021 viri
575 992 673 1021 fervidi
685 998 711 1021 et
725 994 798 1022 docti
810 998 837 1022 et
855 1002 919 1029 per-

132 1037 280 1065 secutionis
304 1042 400 1066 atstum
424 1039 537 1067 minime
559 1044 710 1068 metuentes
734 1040 921 1075 exponerent?

131 1081 231 1111 Procul
263 1084 348 1112 dubio
371 1092 419 1119 per
448 1085 516 1112 illud
537 1093 625 1113 aevum
657 1086 799 1114 doctrinas
831 1094 846 1113 a
865 1086 921 1113 Me-

132 1129 239 1156 nandro
255 1135 382 1165 acceptas
401 1131 603 1166 perpoliebant,
617 1132 727 1166 scriptis
742 1132 920 1166 mandabant,

131 1175 282 1210 discipulos
296 1177 514 1212 cougregabant,
530 1185 563 1205 ac
586 1178 696 1205 demum
717 1178 768 1205 sub
784 1178 920 1212 Adriano,

132 1229 197 1250 suas
213 1222 386 1258 συνηλύσεις,
401 1228 431 1250 ιιι
446 1224 568 1259 loquitur
583 1224 919 1258 Clemens;8t6aex:dsia,

131 1271 163 1294 ut
187 1266 338 1301 Eusebius;
356 1269 501 1302 ecclesias,
527 1273 557 1296 ut
581 1268 785 1304 Tcrtullianus,
813 1270 921 1305 publice

131 1314 227 1342 multis
251 1315 279 1342 in
305 1315 374 1343 locis
404 1315 534 1344 habuere.
553 1315 631 1344 Tunc
645 1317 728 1352 igitur
751 1317 803 1344 viri
831 1317 921 1345 eccle-

131 1360 236 1388 siastici
251 1361 448 1396 quamplurimi
463 1362 497 1390 iis
524 1363 684 1390 restiterunt
697 1371 705 1396 ;
721 1368 787 1391 tunc
800 1363 920 1398 primum

132 1407 258 1434 nonnulli
283 1408 415 1436 adversus
441 1416 537 1436 eorunt
554 1409 671 1436 hmresin
694 1409 784 1444 palam
812 1414 840 1437 et
868 1409 922 1437 late

132 1457 317 1489 grassantem,
330 1459 358 1481 et
376 1454 462 1482 libros
476 1455 577 1490 ubique
595 1455 741 1483 volitantes
753 1455 828 1490 justa
843 1455 921 1483 volu-

129 1498 207 1527 mina
224 1501 456 1536 conscripserunt.
478 1500 551 1529 Nihil
567 1501 642 1529 aliud
657 1502 801 1530 voluerunt
816 1506 921 1530 veteres

131 1547 177 1582 qui
191 1547 225 1574 de
241 1552 320 1575 aetate
336 1547 448 1575 Adriani
460 1548 543 1576 locuti
561 1553 635 1577 sunt.

166 1592 219 1626 Qui
235 1601 300 1621 vero
320 1594 475 1629 generalius
490 1595 642 1630 loquuntur
662 1594 697 1622 de
721 1598 799 1622 relate
812 1594 920 1621 batreti-
933 1581 955 1610 (ί

130 1648 226 1668 eorum
246 1641 416 1676 temporibus
438 1641 626 1677 apostolorum
652 1641 814 1677 posteriori,
834 1641 920 1668 multo
953 1665 955 1667 .

131 1686 224 1714 minus
256 1688 386 1714 evincunt
412 1687 559 1715 Basilidem
594 1687 710 1714 haeresin
743 1694 822 1714 suam
857 1691 921 1714 ante

131 1733 244 1759 Adriani
261 1737 384 1768 tempora
404 1733 517 1761 minitne
534 1733 673 1761 docuisse.
690 1732 843 1760 Firmiliani
859 1733 921 1767 qui-

131 1778 193 1806 dem
206 1779 288 1806 verba
303 1783 368 1806 sunt
387 1779 414 1806 in
438 1779 559 1814 Epistola
574 1781 607 1807 ad
633 1779 817 1816 Cyprianum:
838 1788 849 1806 ι
866 1778 920 1807 Sed

130 1829 158 1851 et
174 1823 309 1863 Valeptini
333 1830 360 1852 et
383 1825 512 1853 Basilidis
535 1830 641 1860 tempus
667 1825 844 1853 manifestum
859 1829 919 1859 est,

131 1870 205 1905 quod
221 1875 249 1898 et
263 1870 314 1906 ipsi
331 1875 393 1906 post
405 1871 557 1906 apostolos,
572 1876 599 1899 et
613 1876 674 1906 post
688 1871 796 1907 longam
811 1876 919 1899 aetatem

130 1917 264 1944 adversus
283 1915 433 1944 Ecclesium
451 1917 497 1944 Dei
520 1917 660 1945 sceleratis
685 1917 835 1945 mendaciis
860 1918 919 1945 suis

131 1962 342 1996 rebellaverint;
358 1972 367 1989 ι
387 1971 420 1990 ex
434 1963 535 1998 quibus
549 1964 668 1999 primum
683 1963 799 1991 observo
818 1963 920 1990 Firmi-

131 2007 234 2035 lianum
263 2014 374 2043 putasse
403 2014 460 2036 tum
486 2009 631 2037 Basilidem
658 2014 715 2037 tum
743 2009 919 2037 Valentinum

131 2052 272 2081 Marcione
297 2055 481 2089 antiquiorem
505 2054 608 2089 fuisse,
635 2055 766 2083 adversus
787 2054 919 2082 Blondelli

130 2100 306 2132 sententiam,
324 2105 353 2128 ut
367 2101 482 2128 cuilibet
493 2101 582 2128 locum
609 2101 744 2136 integrum
763 2101 919 2136 inspicienli

131 2146 247 2180 patebit.
275 2146 369 2182 Neque
402 2147 554 2182 quidquam
586 2147 740 2175 Firmiliani
771 2147 920 2182 disputatio

129 2196 224 2219 contra
241 2197 362 2219 nostram
378 2193 542 2220 sententiam
562 2192 596 2221 de
615 2193 693 2221 initio
710 2194 846 2221 haereseos
868 2193 920 2221 Ba-

129 2237 262 2265 silidiana:
276 2237 351 2266 facit.
369 2238 406 2266 Dc
419 2239 567 2267 rebellione
584 2240 643 2275 ejus
656 2244 753 2268 contra
768 2239 918 2268 Ecclesiam

129 2283 185 2318 agit
196 2283 251 2317 ille,
268 2292 351 2319 quam
368 2285 450 2313 istius
469 2286 519 2314 aevi
538 2286 658 2314 haeretici
680 2286 800 2321 quandiu
823 2290 920 2321 potue-

128 2334 194 2357 runt
208 2337 316 2365 semper
335 2331 491 2366 evitabant,
508 2336 537 2359 ut
557 2340 629 2367 saepe
653 2333 780 2368 legimus.
800 2331 836 2360 De
852 2339 919 2366 apo-

128 2377 206 2404 stolis
226 2376 349 2412 loquitur
367 2377 464 2405 eodcm
482 2378 565 2405 modo
579 2386 635 2413 qno
655 2378 783 2407 Clemens
799 2378 918 2405 Alexan-

127 2421 225 2450 drinus
233 2423 267 2450 de
279 2431 307 2450 re
318 2423 413 2451 eadem
426 2423 565 2456 scribens;
579 2428 608 2451 ut
623 2424 694 2451 enim
708 2424 753 2452 ille
763 2424 917 2452 doctrinam

128 2469 308 2503 apostolicam
323 2477 370 2504 per
385 2469 414 2496 S.
424 2469 540 2496 Paulum
554 2469 605 2497 sub
619 2469 727 2498 Nerone
741 2478 918 2498 consumma-

128 2518 184 2541 tam
197 2522 258 2542 esse
276 2515 353 2548 dicit,
370 2515 406 2542 ita
418 2523 466 2550 per
480 2515 620 2550 apostolos
633 2514 743 2543 Petrum
760 2521 787 2543 et
801 2515 916 2543 Paulum

128 2559 258 2595 intelligit
271 2560 416 2594 disputans
435 2565 531 2588 contra
547 2560 722 2588 traditionem
739 2562 916 2596 apostolicam

127 2612 143 2632 a
161 2604 302 2640 Stephano
314 2606 442 2640 pontiﬁce
457 2606 582 2634 Romano
600 2607 680 2640 falso,
701 2613 729 2635 ut
751 2609 799 2641 ait,
815 2608 917 2643 produ-

127 2657 211 2680 ctam.
229 2651 269 2679 lta
285 2660 314 2680 se
330 2653 419 2688 ipsum
440 2653 567 2688 explicat,
579 2654 644 2684 dum
661 2654 817 2689 Stephanus
832 2664 916 2691 rapu-

127 2700 183 2733 lat,
200 2709 210 2726 ι
224 2700 304 2735 quasi
321 2699 458 2728 infamans
485 2700 597 2729 Petrum
621 2706 648 2729 et
670 2701 785 2730 Paulum
796 2724 804 2735 ,
822 2703 916 2731 beatos

128 2747 283 2782 apostolos,
307 2747 386 2782 quasi
405 2746 458 2775 hoc
476 2747 527 2783 ipsi
554 2747 726 2776 tradiderint.
738 2758 747 2775 ι
766 2748 816 2776 Din
833 2749 916 2784 igitur

126 2798 190 2828 post
214 2792 324 2821 Petrum
344 2799 372 2822 et
385 2793 500 2821 Paulum
522 2793 657 2823 Basilides
671 2795 806 2823 adversus
821 2795 917 2824 Eccle-

127 2841 197 2868 siam
221 2841 361 2869 rebellavit
387 2849 420 2869 ex
446 2841 583 2870 sententia
599 2841 772 2875 Firmiliani;
797 2843 875 2877 quod
889 2847 916 2870 et

126 2895 178 2915 nos
194 2886 329 2922 fatemur;
351 2896 437 2924 neque
455 2888 527 2917 aliud
543 2888 684 2924 quidpiam
702 2896 736 2917 ex
748 2896 780 2917 ea
799 2889 914 2924 epistola

935 2256 960 2286 D

972 947 1024 976 tas,
1041 947 1068 971 et
1080 943 1175 972 irentei
1189 945 1276 980 ipsius
1291 946 1372 973 verba
1388 946 1456 973 nihil
1469 946 1583 974 omnino
1594 953 1658 974 esse
1669 950 1756 980 aperte

970 990 1129 1018 ostendunt.
1150 990 1203 1018 Sed
1230 999 1326 1019 rursus
1347 992 1443 1020 scribit
1464 992 1547 1025 alibi,
1572 1000 1671 1020 omnes
1693 992 1756 1019 istos

971 1035 1115 1064 lnereticos
1136 1037 1215 1065 valde
1237 1038 1405 1072 posteriores
1427 1047 1582 1075 essequam
1604 1039 1754 1074 episcOpos,

971 1082 1072 1116 quibus
1090 1083 1207 1118 apostoli
1225 1085 1397 1113 tradiderunt
1414 1085 1562 1119 Ecclesias,
1578 1095 1588 1112 ι
1601 1086 1722 1120 adeoque
1731 1089 1755 1111 et

972 1127 1077 1162 lgnatio
1102 1129 1150 1164 qui
1175 1129 1274 1158 horum
1295 1131 1486 1166 episcoporum
1510 1140 1582 1160 unus
1604 1131 1666 1159 fuit.
1682 1141 1691 1157 ι
1710 1131 1754 1158 llic

971 1175 1052 1202 etiam
1069 1176 1162 1204 omisit
1181 1177 1264 1204 verba
1279 1185 1341 1213 qua:
1355 1183 1518 1214 sequuntur,
1533 1187 1542 1204 ι
1561 1182 1587 1206 et
1600 1179 1654 1206 hoc
1665 1178 1691 1205 in
1706 1183 1754 1204 ter-

970 1219 1010 1247 tio
1035 1220 1106 1248 libro
1130 1229 1193 1249 cum
1218 1222 1293 1250 omni
1314 1222 1454 1259 diligentia
1482 1223 1751 1250 manifestavimus.»

971 1265 1044 1294 Nihil
1057 1267 1140 1302 igitur
1155 1268 1206 1296 hoc
1218 1269 1278 1296 loco
1294 1269 1371 1303 dicit,
1385 1268 1458 1305 quod
1475 1277 1529 1297 non
1549 1274 1631 1296 antea
1644 1268 1752 1296 dixerat.

971 1312 1007 1340 At
1028 1321 1090 1340 cum
1112 1314 1188 1341 omni
1210 1315 1352 1351 diligentia
1377 1320 1517 1349 uteretur,
1542 1315 1612 1343 nihil
1629 1316 1661 1343 de
1683 1319 1753 1343 aetate

971 1357 1099 1386 Basilidis
1113 1358 1192 1392 dixit,
1215 1361 1249 1388 dc
1266 1369 1320 1396 qua
1338 1369 1411 1389 nunc
1437 1362 1604 1397 disputatur.
1625 1359 1752 1388 Valentini

970 1405 1080 1439 quidem
1093 1406 1217 1433 meminit
1232 1407 1303 1434 inter
1315 1407 1475 1441 haereticos;
1490 1407 1553 1434 Lini
1563 1427 1571 1440 ,
1586 1406 1707 1435 Anacleti
1729 1410 1752 1432 et

971 1450 1122 1479 Clementis
1139 1453 1209 1480 inter
1221 1453 1366 1488 episcopos
1378 1463 1385 1481 :
1403 1454 1504 1488 quibus
1518 1454 1649 1481 omnibus
1665 1457 1691 1481 et
1705 1452 1752 1480 Va-

971 1498 1105 1526 lentinum
1129 1503 1156 1527 et
1176 1499 1323 1528 Basilidem
1346 1501 1425 1528 valde
1440 1501 1607 1536 posteriores
1633 1500 1750 1536 agnosci-

972 1551 1045 1572 mus.
1068 1543 1194 1573 Nondum
1223 1546 1306 1581 igitur
1330 1546 1483 1582 probarunt
1508 1547 1560 1573 viri
1588 1546 1750 1578 doctissimi,

973 1597 1062 1625 neque
1087 1591 1266 1625 probaturum
1294 1600 1460 1627 quemquam
1485 1597 1566 1628 puto,
1584 1592 1750 1620 Valentinum

972 1635 1041 1663 adeo
1058 1644 1119 1664 sero
1135 1638 1250 1671 vixisse,
1270 1642 1318 1665 aut
1338 1638 1366 1664 in
1382 1638 1500 1666 baaresin
1518 1638 1662 1673 delapsum
1686 1644 1750 1669 esse,

972 1686 1002 1709 ut
1026 1682 1086 1717 ejus
1103 1690 1211 1710 errores
1237 1683 1394 1711 necessario
1418 1684 1521 1712 fuerint
1548 1685 1576 1712 S.
1602 1684 1703 1721 lgnatio
1721 1684 1749 1712 ad

972 1728 1135 1764 martyrium
1153 1728 1293 1756 festinanti
1312 1729 1420 1764 penitus
1439 1730 1582 1766 incogniti.

1007 1772 1129 1801 Tandem
1139 1794 1147 1807 ,
1162 1774 1201 1801 uti
1217 1782 1296 1809 spero
1306 1795 1314 1807 ,
1330 1779 1493 1809 argumento
1507 1783 1522 1803 a
1539 1774 1674 1803 Valentini
1695 1774 1749 1810 Sigc

970 1819 1088 1849 deducto
1111 1820 1220 1848 abunde
1236 1828 1398 1856 responsum
1421 1825 1473 1850 est.
1490 1821 1614 1855 Quatuor
1629 1822 1697 1850 enim
1711 1828 1749 1847 as-

971 1865 1105 1894 sertiones
1121 1865 1211 1897 attuli,
1237 1873 1342 1898 omnes,
1360 1870 1390 1893 ut
1416 1866 1483 1893 mihi
1498 1867 1616 1900 videtur,
1639 1871 1713 1894 certae
1726 1868 1749 1891 el

970 1909 1120 1944 explorata:
1133 1910 1268 1938 veritatis.
1291 1908 1329 1937 lta
1345 1914 1436 1937 tamen
1454 1916 1621 1946 comparata!
1635 1916 1710 1945 sunt,
1723 1914 1748 1936 ut

970 1957 994 1984 si
1008 1956 1050 1983 vel
1065 1964 1119 1983 una
1130 1963 1225 1983 earum
1237 1963 1316 1984 versa
1338 1956 1383 1989 sit,
1401 1964 1433 1983 ea
1457 1958 1537 1985 unica
1552 1965 1661 1986 omnem
1675 1965 1747 1992 argu-

970 2002 1054 2031 menti
1074 2002 1293 2030 adversariorum
1311 2002 1366 2029 vim
1385 2002 1477 2030 elidat.

1259 2048 1373 2076 CAPUT
1403 2048 1469 2076 Vlll.

971 2095 1012 2123 Ad
1033 2099 1148 2130 quatuor
1166 2095 1262 2122 ultima
1287 2103 1335 2130 pro
1364 2095 1506 2122 violatione
1526 2096 1650 2129 temporis
1675 2103 1745 2130 argu-

1006 2135 1093 2157 menta
1119 2131 1299 2165 respondetur.
1316 2130 1416 2157 Auctor
1441 2130 1613 2165 epistolam»:
1635 2131 1665 2157 de
1684 2129 1746 2157 Cott-

1005 2167 1117 2193 stantim’
1139 2165 1345 2193 Christianirmo
1367 2165 1434 2192 nihil
1452 2166 1613 2199 suspicatus.
1627 2165 1747 2199 Leopardi

1006 2208 1055 2228 vox
1077 2201 1261 2236 antiquitatem
1282 2201 1400 2236 epistolw
1415 2201 1449 2227 ad
1465 2200 1596 2228 Romanos
1617 2201 1687 2228 haud
1701 2201 1745 2226 im-

1008 2237 1114 2263 minuit.
1124 2235 1262 2271 Figmento
1272 2235 1369 2263 Dallwi
1380 2236 1411 2262 de
1425 2237 1488 2262 certi
1506 2236 1645 2270 cujusdam
1657 2236 1745 2263 ordinis

1007 2272 1122 2298 militum
1143 2271 1330 2306 appellatione.
1350 2271 1480 2306 Leopardi
1504 2280 1590 2298 vocem
1606 2277 1666 2298 ante
1683 2271 1745 2298 Con-

1005 2308 1118 2333 stantini
1140 2315 1224 2334 avum
1239 2307 1267 2334 in
1284 2315 1334 2333 usu
1356 2307 1438 2341 fuisse
1454 2307 1580 2334 adversus
1595 2306 1744 2333 Bac/tortum

1005 2342 1164 2369 Ostenditur.
1182 2342 1303 2376 Receptio
1315 2342 1496 2376 paenitentiam
1507 2343 1651 2368 nouitatem
1661 2342 1745 2376 episto-

1005 2377 1093 2403 larum
1108 2385 1157 2403 non
1173 2377 1277 2410 probat.
1293 2376 1331 2404 De
1343 2377 1505 2411 Albaspinwi
1520 2378 1651 2404 sententia
1661 2377 1743 2410 dispu-

1006 2417 1088 2440 tatur.
1105 2413 1268 2441 Onesimum.
1280 2420 1356 2447 quem
1372 2411 1493 2446 Ignatius
1507 2411 1609 2447 Epheso
1618 2413 1744 2474 Masinissa

1006 2449 1052 2474 ait.
1071 2453 1204 2474 mortuum
1225 2447 1306 2474 fuisse
1326 2447 1372 2474 sub
1390 2453 1503 2474 tempore
1528 2449 1652 2474 mortarii
1685 2455 1742 2474 (rua-

1003 2449 1052 2476 ait.
1071 2453 1204 2474 mortuum
1224 2447 1306 2481 fuisse
1326 2447 1372 2474 sub
1390 2453 1503 2480 tempore
1528 2449 1652 2482 martyrii
1670 2447 1742 2482 lgna-

1004 2483 1070 2509 tiani
1094 2490 1230 2517 perperam
1260 2484 1398 2510 asseritur.
1428 2482 1513 2509 Varia:
1531 2481 1701 2518 quorumdam
1717 2481 1744 2507 de

1005 2517 1128 2545 Onesime
1144 2518 1279 2545 sententia:
1294 2518 1320 2544 id
1332 2526 1385 2545 non
1398 2519 1530 2545 evincunt.

1001 2562 1140 2592 Hactenus
1157 2565 1190 2592 de
1210 2564 1344 2592 haereticis
1362 2569 1389 2592 et
1413 2564 1563 2592 haeresibus
1588 2564 1739 2592 observata:

967 2611 1015 2639 sed
1032 2611 1120 2646 capite
1133 2611 1240 2639 decimo
1255 2612 1336 2639 tertio
1351 2611 1436 2638 multa
1451 2611 1504 2638 alia
1521 2616 1674 2643 coacervat,
1690 2615 1741 2644 qut!

966 2663 1064 2692 prieter
1080 2663 1233 2693 temporum
1254 2658 1333 2686 tidem
1352 2659 1414 2685 ticta
1436 2665 1497 2686 esse
1518 2662 1612 2693 putat;
1636 2662 1739 2693 quorum

966 2704 1084 2738 plurima
1110 2703 1150 2731 vel
1174 2703 1296 2731 lictorem
1314 2703 1356 2731 vel
1383 2703 1607 2738 interpolatorem
1633 2702 1738 2733 feriunt;

966 2751 1059 2785 qualia
1076 2755 1141 2779 sunt
1158 2758 1219 2786 quae
1230 2750 1264 2778 de
1280 2750 1423 2783 Anacleto,
1437 2751 1471 2778 de
1480 2749 1633 2783 Nicolaitis,
1644 2750 1676 2777 de
1688 2748 1737 2776 Crt-

967 2803 1040 2829 sare,
1048 2796 1082 2824 de
1095 2796 1238 2824 ordinibus
1252 2795 1458 2828 ecclesiasticis,
1473 2795 1507 2824 de
1517 2795 1653 2831 virginum
1668 2793 1740 2822 colle-

966 2842 1030 2878 giis,
1045 2842 1079 2870 de
1097 2841 1312 2878 Quadragesima
1322 2862 1330 2875 ,
1346 2842 1380 2869 de
1396 2841 1425 2869 S.
1436 2840 1542 2869 Joanne
1556 2841 1661 2869 scribit.
1672 2839 1738 2873 Qua-

967 2893 1030 2918 tuor
1044 2894 1136 2918 tamen
1150 2896 1211 2919 esse
1226 2889 1316 2923 video,
1333 2895 1394 2925 qua:
1408 2892 1548 2917 auctorem
1564 2888 1652 2924 ipsum
1667 2884 1738 2914 teriri
