1850 3072
84 139 143 170 549

483 143 508 171 1.
527 143 709 172 PEARSONII
728 143 890 173 VINDICUE
910 145 1122 175 lGNATlANE.
1141 161 1176 167 —
1192 145 1284 174 PARS
1302 145 1324 173 lt

87 201 258 235 videantur,
279 201 316 230 de
334 202 525 240 principibus,
548 205 582 233 de
596 205 747 241 leopardis,
763 206 797 235 de
809 207 899 242 pmni-
913 215 936 242 Α
951 213 1011 236 sent
1030 207 1068 235 illi
1081 206 1203 243 leopardi
1220 215 1236 234 a
1259 206 1360 242 quibus
1373 206 1487 240 ligatum
1501 213 1532 234 se
1555 205 1619 234 duci
1631 206 1739 240 scribit,

89 249 225 277 tantibus
248 253 333 285 atque
349 250 386 278 de
404 249 546 278 Onesimo.

126 294 246 331 Primo,
267 296 382 331 scripsit
404 301 502 324 auctor
518 297 641 332 epistolae
661 298 694 325 ad
722 297 898 334 Smyrnzeos:

93 341 148 369 «Et
164 349 256 377 super
278 342 421 375 caelestia,
436 347 464 370 et
485 343 572 379 gloria
595 344 767 379 angelorum,
782 349 810 372 et
825 344 900 379 prin—

90 388 177 422 cipes
196 389 325 417 visibiles
338 394 366 417 et
377 389 530 417 invisibiles
554 389 578 417 si
595 398 650 417 non
665 390 778 418 credant
793 391 820 417 in
836 398 900 418 san-

92 435 215 470 guinem
229 434 347 467 Christi,
362 440 390 463 et
410 435 464 463 illis
476 435 610 470 judicium
628 436 691 463 erit.
707 445 717 462 ι
731 435 824 464 Obiter
835 435 900 471 qui-

92 481 162 508 dem
180 481 261 508 hunc
284 481 376 508 locum
404 481 491 517 tangit
506 482 548 509 vir
569 481 756 514 doctissimus,
769 486 796 510 et
816 482 899 510 verba

93 528 172 556 satis
191 528 264 555 mira
279 535 341 556 esse
357 533 453 564 putat;
470 529 544 564 quod
569 529 603 557 ad
623 529 761 564 principes
777 529 899 557 visibiles

93 574 214 607 attinet,
234 574 295 602 vult
314 575 387 602 hunc
403 575 564 610 scriptorem
590 575 652 603 ideo
676 574 795 603 fortasse
810 583 841 603 ea
857 575 898 602 di-

92 622 190 654 xisse,
219 631 228 647 ι
246 621 321 657 quod
350 621 410 657 ejus
425 629 483 649 aevo
513 622 605 657 aliqua
617 622 674 657 jam
690 626 750 649 erat
767 622 801 650 de
823 621 898 649 Con-

94 668 200 695 stantii
220 668 265 696 vel
284 668 458 696 Constantini
474 668 535 704 ejus
552 668 600 696 filii
624 669 666 696 vel
686 668 899 696 Christianismo

93 714 142 741 vel
163 714 199 741 ad
217 714 462 742 Christianismum
476 715 659 750 propensione
674 723 767 750 sparsa
784 715 867 742 fama.
885 724 895 741 ι

95 760 194 793 Quam
212 760 331 787 obscura
345 761 402 788 hac
416 761 584 796 conjectura,
602 769 685 796 quam
705 761 800 794 dubia,
815 769 897 796 quam

96 806 229 834 incerta!
250 805 300 834 Vel
314 806 417 841 aliquid
431 806 534 834 audivit
549 806 583 834 de
596 806 749 834 Constantii
761 806 897 834 Christia-

96 853 215 884 nismo,
236 851 278 879 vel
304 851 497 884 Constantini,
524 853 565 880 vel
583 853 678 880 saltem
703 853 895 888 propensione.

97 899 286 927 Constantius
309 907 365 926 non
382 903 424 927 est
449 904 580 934 angustus
604 899 694 928 factus
711 904 776 927 ante
792 907 895 927 annum

97 941 172 975 504,
195 947 224 970 et
252 942 362 977 quidem
384 943 410 970 in
425 942 530 977 Gallia;
556 943 758 972 Constantinus
784 952 838 972 non
854 950 896 973 est

97 988 197 1016 Caesar
210 993 322 1017 creatus
344 994 407 1017 ante
424 997 526 1017 annum
541 990 604 1023 506,
616 996 642 1018 et
664 991 775 1026 quidem
791 992 818 1018 in
835 991 895 1018 Bri-

96 1034 207 1062 tannia.
222 1034 336 1063 Graecus
363 1035 457 1071 itaque
483 1036 526 1064 hic
550 1037 676 1072 scriptor,
700 1037 723 1065 si
749 1037 782 1065 ad
798 1045 894 1066 eorum

99 1080 225 1115 aliquem
256 1085 388 1115 tanquam
414 1082 564 1116 principem
593 1082 737 1117 respexit,
759 1087 822 1110 ante
837 1083 896 1112 haec

99 1131 230 1161 tempora
246 1126 369 1154 scribere
385 1135 438 1154 non
450 1127 549 1162 potuit.
566 1128 601 1155 At
613 1128 671 1164 ipse
690 1128 806 1156 Dallazus
825 1128 895 1157 forte

101 1172 222 1206 scriptas
249 1172 300 1199 has
319 1172 450 1204 epistolas
479 1172 517 1199 ait
540 1173 649 1201 labente
672 1174 753 1201 tertio
773 1175 892 1208 saeculo,

101 1217 263 1244 Blondellus
276 1217 399 1250 ineunte,
413 1217 565 1246 Salmasius
576 1223 603 1247 et
611 1219 769 1248 Albertinus
783 1221 894 1249 secundi

100 1264 205 1291 medio.
223 1261 305 1292 Nullo
321 1265 361 1292 illi
384 1266 420 1293 de
442 1266 564 1301 principe
584 1267 740 1295 Christiano
756 1273 894 1296 auctorem

100 1311 283 1346 epistolarum
308 1312 463 1340 somniasse
485 1313 675 1348 crediderunt;
697 1315 783 1342 multo
802 1315 895 1343 minus

101 1365 151 1386 nos
163 1358 268 1386 Dallzeo
286 1359 490 1394 credimus,qui
502 1365 542 1388 tot
552 1361 707 1389 testimonia
722 1369 772 1397 pro
787 1362 828 1389 his
838 1362 896 1397 epi-

101 1403 177 1431 stolis
190 1409 256 1431 ante
271 1409 400 1439 quartum
420 1406 550 1435 sreculum
569 1407 744 1442 protulimus.
759 1407 812 1435 Sed
825 1407 894 1435 nihil

101 1449 219 1484 scriptor
251 1455 365 1484 noster,
388 1451 513 1486 quisquis
541 1456 604 1486 est,
625 1452 659 1480 de
685 1452 895 1488 imperatoribus

100 1496 269 1524 Christianis
295 1497 406 1532 proprie
422 1498 512 1532 dixit;
533 1499 668 1535 ἄρχοντας
681 1504 786 1527 tantum
804 1500 895 1527 nomi—

101 1543 192 1575 navit,
218 1543 266 1578 qui
293 1548 358 1571 sunt
372 1544 487 1578 quilibet
509 1545 707 1581 magistratus;
733 1547 839 1574 monuit
861 1555 895 1575 ne

100 1596 181 1623 quem
209 1589 307 1623 locus,
332 1589 390 1618 sive
413 1590 531 1625 dignitas
554 1591 629 1619 inﬂet
651 1591 734 1628 (nam
752 1597 778 1620 et
798 1593 895 1629 ἄρχον-

100 1643 146 1667 es;
160 1635 302 1668 vocabant
319 1636 522 1664 ecclesiasticos
538 1638 701 1673 prapositos
712 1639 893 1667 vetustissimi

102 1681 261 1716 scriptores,
285 1692 294 1708 ι
309 1682 440 1717 ἄρχοντες
459 1683 589 1711 dicuntur
606 1684 743 1719 principes
764 1690 791 1712 et
806 1686 893 1721 magi-

102 1733 217 1762 stratus,
235 1738 244 1755 ι
266 1728 357 1764 inquit
370 1728 578 1764 Tertullianus),
596 1737 658 1758 cum
673 1738 723 1758 nec
738 1731 827 1767 angeli
844 1739 894 1759 nec

101 1774 227 1803 homines
245 1775 405 1810 superiores
428 1775 488 1803 sine
512 1776 564 1804 fide
579 1776 605 1804 in
621 1776 760 1804 Christum
777 1778 891 1805 salutem

101 1821 230 1856 consequi
259 1821 376 1856 possint.
407 1820 472 1854 Quae
499 1821 624 1849 doctrina
661 1822 749 1850 cuivis
773 1823 889 1858 tempori

101 1874 176 1901 atque
192 1867 332 1898 convenit,
356 1866 414 1894 sive
429 1866 565 1901 principes
579 1866 728 1894 Christiani
745 1867 799 1894 sint
811 1889 819 1901 ,
835 1867 892 1896 sive

103 1920 174 1946 non;
203 1912 274 1940 nihil
292 1919 358 1948 ergo
384 1912 430 1940 hic
459 1916 612 1948 temporum
630 1913 710 1941 fidem
738 1914 839 1949 pulsat,
864 1918 892 1941 et

102 1959 220 1986 suaviter
238 1958 360 1986 riderent
377 1958 541 1993 Salmasius,
554 1960 713 1988 Blondellus
730 1966 757 1989 et
773 1962 891 1989 Alberti-

102 2013 162 2036 nus,
170 2005 194 2033 si
205 2005 263 2033 haec
275 2005 394 2040 cuipiam
405 2005 688 2041 negotiumfacessere
698 2007 888 2043 intelligerent.

136 2051 273 2083 Secundo,
300 2056 397 2079 auctor
414 2052 537 2086 epistola:
550 2052 584 2080 ad
604 2052 744 2081 Romanos
769 2061 832 2081 cum
861 2062 890 2082 se

103 2097 213 2125 dixisset
227 2097 368 2133 alligatum
393 2098 486 2125 decem
509 2098 659 2133 leopardis,
673 2099 818 2135 diligenter
840 2101 890 2128 do—

103 2148 143 2172 cet
161 2144 226 2180 quid
244 2145 297 2172 hoc
311 2145 357 2172 sit.
380 2155 390 2170 ι
402 2145 527 2179 Vinctus,
554 2146 653 2181 inquit,
671 2146 764 2174 decem
779 2147 888 2182 leopar-

103 2191 154 2222 dis,
169 2191 243 2225 quod
258 2195 300 2219 est
317 2191 444 2219 militaris
467 2191 544 2219 ordo.
562 2201 571 2218 ι
589 2191 647 2220 Hoc
671 2197 773 2226 autem,
796 2193 888 2229 judice

951 260 1005 280 non
1015 253 1216 288 intelligerent:
1231 251 1304 286 quod
1317 251 1438 286 lgnatius
1451 258 1505 278 non
1519 255 1593 279 esset
1607 251 1719 278 veritus.
1728 260 1738 277 ι

950 297 1041 331 Quare
1061 303 1152 326 autem
1179 297 1302 333 lgnatius
1317 297 1404 325 vereri
1431 306 1485 325 non
1506 297 1606 332 potuit,
1632 298 1655 325 si
1670 298 1740 325 alius

949 345 1096 380 quisquam
1111 344 1253 380 potuerit?
1267 343 1359 377 Quare
1372 352 1426 372 non
1444 344 1488 371 ille
1495 344 1646 371 cavendum
1661 349 1741 379 puta-

949 395 1001 422 ret,
1014 398 1048 418 ne
1061 398 1110 419 sua
1134 390 1215 418 verba
1229 398 1244 418 a
1258 389 1392 418 Romanis
1407 391 1481 418 haud
1506 395 1580 418 recte
1604 390 1740 425 intellige-

948 437 1063 465 rentur?
1075 436 1200 472 Ligatum
1216 445 1246 464 se
1259 437 1354 464 decem
1372 437 1509 472 leopardis
1521 437 1636 470 dixerat;
1648 437 1673 464 id
1687 445 1740 463 au-

949 485 1003 508 tem
1018 481 1125 509 solebat
1141 489 1213 516 saepe
1228 481 1286 509 fieri
1302 489 1364 509 cum
1380 481 1502 509 bestiarii
1515 481 1630 516 jamjam
1653 482 1739 509 mori-

948 527 1004 554 turi
1017 531 1120 558 essent.
1137 527 1177 554 uti
1191 526 1329 554 Saturnus
1341 528 1368 554 in
1385 534 1480 554 ursum
1500 527 1667 554 substrictus
1685 532 1738 559 est,

948 579 976 603 et
987 581 1054 609 apro
1067 573 1228 609 subligatus,
1241 579 1271 601 ut
1281 575 1308 601 in
1329 573 1359 602 S.
1372 573 1513 609 Perpetua;
1522 573 1655 602 Passione
1672 574 1739 609 legi-

948 627 1020 648 mus.
1035 619 1104 647 Cum
1131 620 1215 656 igitur
1230 620 1385 655 scripsisset
1407 619 1437 647 S.
1452 619 1573 656 lgnatius
1589 628 1619 648 se
1644 621 1738 648 decem

948 666 1086 702 leopardis
1107 666 1164 701 jam
1187 666 1320 702 illigatum
1338 675 1410 698 esse,
1424 667 1522 702 (pardi
1543 672 1634 694 autem
1659 671 1740 694 erant

948 713 1019 740 inter
1030 712 1116 749 θῆρας
1132 712 1297 749 αἱμοὸόρους
1319 717 1347 740 et
1367 713 1592 750 ἀνθρωποὸόρους
1604 734 1612 746 ,
1637 713 1739 748 quibus

948 758 1071 786 bestiarii
1083 759 1165 794 objici
1179 759 1305 787 solebant
1317 780 1325 793 ,
1345 764 1375 786 ut
1389 759 1462 794 apud
1475 764 1582 787 veteres
1598 760 1716 795 legimus
1728 761 1737 795 )

948 812 1002 832 non
1015 805 1188 832 incommode
1197 812 1309 832 monere
1322 806 1421 840 potuit,
1433 813 1482 833 eos
1498 813 1553 833 non
1567 813 1628 833 esse
1636 805 1738 832 bestias

949 851 1039 886 ipsum
1061 851 1153 878 statim
1169 850 1360 884 devoraturas,
1387 851 1435 878 sed
1459 851 1559 879 milites
1585 850 1620 879 ad
1642 851 1738 878 urbem

912 890 934 918 Β
949 895 1064 924 Romam
1088 897 1231 924 ducturos.
1256 896 1357 924 Verum
1382 897 1456 924 aliud
1475 905 1538 924 eum
1566 897 1737 932 suspicatum

945 950 1007 970 esse
1029 942 1108 970 novit
1131 942 1260 970 Dallaaus.
1285 941 1353 970 Nam
1374 953 1384 970 ε
1402 943 1496 979 lgnatii
1522 951 1581 972 aevo
1596 944 1736 976 omnibus,

944 988 1096 1024 praesertim
1108 989 1215 1016 civibus
1228 988 1372 1022 Romanis,
1389 994 1452 1017 nota
1474 995 1534 1017 erat
1551 994 1578 1017 et
1593 990 1737 1017 familiaris

945 1035 991 1063 illa
1006 1035 1122 1063 militum
1139 1037 1208 1064 certi
1221 1036 1364 1071 cujusdam
1377 1037 1482 1064 ordinis
1494 1037 1639 1072 appellatio
1676 1037 1737 1063 vul-

945 1081 1029 1116 garis.
1046 1091 1055 1107 δ
1083 1081 1156 1110 Itane
1180 1083 1264 1110 vero?
1277 1091 1311 1110 an
1335 1083 1482 1118 leopardus
1500 1088 1542 1111 est
1554 1083 1650 1111 militis
1668 1083 1736 1111 certi

945 1127 1089 1162 cujusdam
1104 1129 1211 1156 ordinis
1226 1129 1393 1164 appellatio?
1404 1137 1438 1156 an
1448 1137 1479 1156 ea
1494 1129 1623 1157 omnibus
1636 1129 1735 1165 lgnatii

944 1181 1002 1202 aevo
1013 1178 1078 1202 nota
1098 1179 1125 1202 et
1136 1174 1358 1204 familiarisfuit?
1368 1175 1495 1203 Profecto
1509 1176 1567 1203 haec
1580 1176 1737 1204 observatio

944 1223 992 1246 aut
1007 1227 1040 1247 ex
1057 1221 1189 1255 praeclara
1208 1222 1383 1257 antiquitatis
1407 1222 1564 1257 cognitione
1584 1222 1737 1257 proficisci-

945 1269 1001 1299 tur,
1017 1270 1064 1293 aut
1075 1267 1214 1302 egregium
1229 1273 1415 1296 commentum
1432 1272 1484 1296 est.
1500 1267 1587 1301 Unde,
1609 1275 1665 1303 quo
1685 1277 1735 1296 au-

945 1316 1029 1344 ctore,
1048 1312 1105 1340 haec
1122 1320 1173 1340 nos
1188 1313 1286 1341 docet?
1299 1313 1440 1342 Neminem
1457 1314 1564 1348 laudat;
1581 1315 1682 1342 nullius
1695 1319 1735 1342 te-

945 1357 1107 1386 stimonium
1123 1359 1237 1394 profert.
1255 1360 1312 1395 Ego
1327 1365 1402 1388 certe
1418 1369 1478 1388 eam
1493 1361 1615 1396 leopardi
1628 1361 1735 1396 signiti-

945 1403 1081 1430 cationem
1103 1404 1226 1432 nondum
1244 1405 1366 1433 invenio.
1385 1405 1442 1433 Sub
1456 1406 1576 1441 Trajano
1600 1407 1736 1441 scripsere

946 1448 1069 1484 Tacitus,
1085 1449 1192 1479 Plinius
1208 1452 1357 1485 secundus,
1374 1452 1487 1486 Florus;
1507 1453 1559 1480 sub
1574 1452 1694 1488 Trajano
1709 1457 1737 1481 et

946 1496 1068 1523 Adriano
1081 1496 1149 1524 vixit
1170 1496 1328 1526 Suetonius.
1345 1499 1444 1527 Iisdem
1456 1500 1624 1535 temporibus
1641 1499 1736 1527 Graece

947 1541 1117 1577 scripserunt
1129 1543 1304 1577 Plutarchus,
1317 1544 1462 1579 Arrianus,
1478 1545 1605 1574 {Elianus
1615 1567 1622 1579 ,
1638 1554 1734 1574 omnes

946 1597 1037 1617 rerum
1048 1588 1232 1617 Romanarum
1245 1590 1311 1618 satis
1320 1591 1411 1625 periti,
1420 1591 1458 1619 rei
1468 1591 1595 1619 militaris
1604 1593 1732 1619 maxime.

919 1647 924 1651 ν
945 1636 986 1662 Αη
997 1643 1028 1663 ex
1045 1636 1100 1664 illis
1112 1636 1259 1672 quisquam
1284 1636 1406 1671 prodidit
1431 1637 1502 1664 hanc
1528 1637 1644 1664 militum
1666 1637 1733 1664 certi

944 1681 1087 1716 cuiusdam
1104 1682 1211 1710 ordinis
1224 1683 1433 1718 appellationem
1452 1682 1538 1710 fuisse
1550 1691 1601 1711 suo
1614 1691 1673 1710 aevo
1694 1683 1734 1710 fa-

944 1727 1098 1755 miliarem?
1111 1736 1166 1756 non
1178 1728 1271 1756 credo.
1287 1728 1339 1756 Sed
1359 1739 1368 1755 σ
1381 1737 1425 1756 res
1435 1733 1462 1757 et
1474 1729 1512 1756 rei
1527 1737 1625 1756 nomen
1641 1729 1668 1756 in
1680 1736 1733 1756 ustt

943 1781 1003 1801 esse
1019 1773 1100 1801 desiit
1113 1780 1176 1802 ante
1190 1774 1407 1802 ducentesimum
1423 1780 1485 1810 post
1500 1775 1594 1811 lgnatii
1615 1781 1731 1802 mortem

942 1820 1063 1846 artuum!
1081 1829 1090 1846 ι
1109 1819 1169 1847 Jam
1182 1819 1266 1856 igitur
1277 1827 1368 1848 certus
1382 1821 1427 1849 ille
1445 1821 1562 1848 militum
1576 1821 1646 1851 ordo
1668 1828 1733 1848 evac

942 1869 1049 1898 nuerat,
1067 1869 1166 1893 etcum
1179 1866 1238 1901 ipso
1254 1866 1352 1894 ordine
1361 1874 1459 1894 nomen
1471 1867 1553 1895 etiam
1566 1868 1731 1896 exstinctum

942 1911 1013 1938 fuit?
1025 1911 1093 1945 Quis
1104 1912 1160 1939 haec
1172 1912 1254 1940 nobis
1266 1912 1398 1940 tradidit?
1410 1914 1473 1948 quis
1487 1913 1589 1941 militiae
1601 1913 1732 1942 Romana:

941 1956 1105 1985 reformator
1118 1957 1187 1985 fuit?
1210 1959 1273 1993 quis
1287 1959 1410 1986 ordinem
1432 1960 1602 1995 exstirpavit,
1631 1967 1731 1987 nomen

941 2003 1128 2031 oblitteravit?
1142 2003 1287 2037 Quomodo
1302 2005 1369 2032 illud
1391 2005 1418 2032 in
1434 2013 1484 2033 usu
1505 2006 1628 2038 desierit,
1656 2006 1731 2041 quod

940 2051 968 2077 in
984 2058 1035 2078 usu
1048 2059 1188 2086 nunquam
1210 2051 1273 2085 fuit,
1294 2052 1416 2080 nondum
1431 2053 1521 2081 video.
1539 2053 1591 2081 Sed
1603 2055 1661 2082 haec
1671 2062 1732 2082 cer-

941 2095 1049 2123 tissima
1081 2101 1165 2130 sunt,
1187 2105 1277 2132 neque
1300 2105 1316 2125 a
1339 2099 1468 2134 quopiam
1497 2100 1636 2135 neganda:
1666 2108 1730 2127 nam

942 2151 952 2167 c
967 2141 1064 2177 lgnatii
1076 2142 1221 2170 simulator
1237 2142 1444 2178 Leopardorum
1459 2146 1570 2180 quidem
1585 2154 1683 2174 nomen
1696 2147 1730 2174 ad

939 2188 1112 2223 antiquitatis
1125 2189 1243 2224 speciem
1257 2190 1382 2224 retinuit,
1400 2191 1447 2218 sed
1467 2199 1500 2219 ne
1520 2192 1555 2219 ob
1575 2193 1731 2220 obscurita-

103 2236 208 2270 Dallato,
233 2237 268 2264 ab
281 2236 379 2273 lgnatii
405 2246 462 2266 πνο
479 2238 598 2266 alienum
614 2239 886 2274 interpretamentum
905 2249 926 2276 ο
939 2238 994 2261 tem
1010 2235 1126 2263 lectores
1140 2235 1274 2269 turbaret,
1294 2237 1377 2264 etiam
1395 2238 1629 2272 interpretandum
1651 2245 1729 2274 puta-

104 2287 150 2311 est.
165 2283 217 2311 Sed
227 2292 242 2311 a
259 2285 348 2319 cujus,
361 2292 464 2319 quaeso,
473 2290 552 2313 aetate
563 2285 680 2313 alienum
692 2289 745 2318 est,
757 2293 786 2313 se
795 2286 883 2320 ipsum

104 2333 130 2357 et
141 2329 219 2357 verba
237 2337 286 2357 sua
301 2330 495 2365 interpretari?
516 2339 607 2359 nonne
623 2332 745 2367 quolibet
765 2336 888 2367 tetnpore

104 2376 152 2404 hoc
161 2384 237 2412 atque
255 2377 355 2405 liceat?
370 2377 440 2405 Dicit
457 2379 649 2406 sanctissimus
667 2383 778 2415 martyr,
794 2386 887 2406 exem-

105 2424 144 2458 plo
156 2422 182 2450 S.
195 2422 285 2456 Pauli,
296 2431 326 2451 se
340 2431 402 2451 cum
419 2424 513 2452 bestiis
532 2432 665 2460 pugnare,
681 2433 728 2453 eas
744 2425 780 2452 ob
790 2424 886 2452 ferita-

107 2469 308 2504 temleopardos
323 2473 421 2503 vocat;
445 2471 566 2506 seipsum
581 2470 644 2498 dein
670 2471 884 2506 interpretatur;

104 2523 155 2548 eos,
165 2515 279 2549 scilicet,
297 2523 369 2551 quos
386 2516 498 2550 bestias,
517 2525 588 2552 quos
601 2517 743 2552 leopardos
757 2518 884 2553 appellat,

105 2559 194 2587 milites
215 2567 278 2587 csse
299 2559 363 2592 ait,
390 2567 507 2593 quorum
532 2561 664 2589 custodia:
687 2562 805 2590 traditus
831 2567 883 2590 est.

106 2604 193 2638 Quidni
205 2606 251 2633 hic
275 2605 350 2633 idem
378 2604 491 2639 faceret,
510 2609 583 2642 quod
611 2615 681 2643 saepe
710 2608 774 2635 alibi
801 2607 885 2636 facit?

106 2650 172 2679 lubet
183 2651 332 2679 Trallesios
344 2651 488 2688 ἀλλοτρίας
504 2652 618 2689 βοτάνης
634 2653 795 2689 ἀπέχεσθαι,
808 2654 884 2681 addit

106 2697 310 2732 explicationem,
325 2697 343 2732 ἦ
362 2706 404 2729 τις
421 2698 495 2724 ἐστὶν
512 2698 628 2733 αἵρεσις.
661 2698 699 2726 De
717 2700 825 2727 Docetis
844 2700 883 2728 lo-

108 2747 182 2776 cutus,
194 2743 246 2770 ειδ⁴
264 2742 364 2779 ὥσπερ
381 2744 453 2776 τινὲς
463 2743 537 2770 ἄθεοι
546 2744 632 2777 ὅντες,
642 2744 792 2780 subjungit,
806 2754 884 2772 τουτ-

107 2786 164 2815 έστιν
186 2790 308 2816 ἄπιστοι.
333 2788 434 2822 Quidni
456 2789 592 2824 quispiam
615 2794 670 2818 tam
693 2791 746 2819 sub
766 2791 881 2827 imperio

107 2830 211 2869 Traiani,
229 2841 315 2870 quam
329 2834 429 2869 quavis
459 2835 513 2862 alia
543 2840 631 2868 aetate,
649 2836 686 2864 ita
704 2837 883 2872 loqueretur?

106 2876 199 2915 Nempe,
219 2889 229 2906 ι
244 2880 351 2907 veritus
364 2882 406 2907 est
428 2879 557 2916 scriptor,
579 2888 613 2909 ne
630 2879 747 2911 Romani
759 2883 824 2918 quid
839 2890 882 2912 es-

938 2281 987 2314 vit,
997 2288 1029 2308 ac
1040 2288 1069 2308 se
1086 2281 1124 2308 ita
1140 2281 1224 2308 nimia
1240 2281 1381 2316 diligentia
1398 2283 1457 2318 ipse
1476 2284 1604 2319 prodidit.
1618 2294 1627 2310 ι
1655 2284 1728 2312 Proh

938 2327 1048 2355 stultam
1060 2327 1228 2355 simulatoris
1241 2328 1431 2356 calliditatem!
1449 2330 1517 2364 proh
1533 2330 1635 2357 fatuam
1651 2337 1728 2358 astu-

938 2375 1018 2402 tiam!
1032 2375 1079 2410 qui
1089 2383 1139 2402 suo
1148 2375 1249 2403 indicio
1263 2376 1343 2410 quasi
1358 2384 1440 2404 sorex
1452 2377 1535 2404 hodie
1548 2377 1639 2412 periit,
1654 2378 1728 2412 quod

937 2427 1051 2447 acumen
1062 2419 1192 2447 Dallaeani
1201 2421 1303 2457 ingenii
1312 2421 1461 2456 prmvidere
1470 2429 1524 2449 non
1533 2423 1662 2456 potuerit:
1673 2423 1728 2449 imo

936 2474 1001 2494 vero
1010 2466 1141 2494 Censoris
1149 2472 1334 2494 commentum
1343 2467 1475 2502 lepidum,
1484 2473 1511 2495 et
1518 2469 1625 2496 inanem
1634 2469 1728 2504 conje-

935 2517 980 2541 ctu
986 2520 1054 2544 ram,
1061 2514 1108 2548 qui
1116 2518 1145 2540 ut
1152 2518 1298 2549 martyrem
1307 2513 1409 2542 faceret
1421 2514 1609 2549 impostorem,
1619 2521 1680 2551 post
1688 2520 1728 2543 tot

935 2559 1035 2587 saecula
1044 2564 1084 2586 tot
1091 2559 1264 2595 antiquitatis
1275 2560 1364 2587 larvas
1372 2560 1535 2595 et_ligmenta
1544 2561 1722 2597 excogitavit.

971 2603 1040 2631 Illud
1053 2612 1119 2631 vero
1132 2604 1314 2632 admiratione
1330 2605 1442 2641 dignum
1459 2609 1513 2638 est,
1533 2606 1652 2633 edidisse
1669 2606 1727 2634 hac

936 2650 1066 2678 Dallaeum
1082 2651 1202 2678 triennio
1218 2655 1363 2686 postquam
1374 2651 1509 2680 Samuelis
1519 2652 1647 2680 Bocharti
1663 2652 1726 2680 Hie-

934 2696 1062 2724 rozoicon
1075 2696 1186 2731 prodiit,
1201 2697 1274 2731 quod
1290 2697 1348 2732 ipse
1364 2697 1391 2724 in
1410 2697 1532 2733 Epistola
1557 2698 1726 2726 dedieatoria

937 2752 947 2769 ‹
959 2743 1080 2777 doctum,
1094 2741 1165 2770 Deus
1183 2742 1264 2774 bone,
1277 2747 1304 2770 et
1314 2743 1483 2771 laboriosum
1495 2751 1564 2779 opus
1576 2753 1586 2770 ι
1596 2745 1724 2779 appellat.

933 2788 981 2818 llle
995 2790 1079 2823 enim,
1093 2794 1123 2817 ut
1138 2789 1315 2825 impostorem
1328 2795 1427 2825 quarto
1454 2790 1554 2818 steculo
1581 2790 1725 2825 St‘t‘ipsisse

933 2836 1077 2872 probaret,
1089 2840 1116 2863 et
1132 2835 1242 2871 quidem
1263 2843 1296 2864 ex
1314 2836 1368 2864 hoc
1387 2837 1448 2872 ipso
1471 2836 1543 2870 loco,
1562 2836 1622 2864 .alio
1645 2837 1726 2871 plane

933 2889 1015 2920 atque
1036 2884 1177 2913 contrario
1200 2892 1268 2914 usus
1296 2889 1343 2914 est
1360 2890 1541 2922 argumento,
1568 2883 1724 2914 Hierozoici
