  <div class='ocr_page' id='page_1' title='image "/cluster/home/n/w/nwhite01/storage/ocr_20150623/5/njp.32101077772372/213.png"; bbox 0 0 1850 3072; ppageno 0'>
   <div class='ocr_carea' id='block_1_1' title="bbox 121 141 173 170">
    <p class='ocr_par' dir='ltr' id='par_1_1' title="bbox 121 141 173 170">
     <span class='ocr_line' id='line_1_1' title="bbox 121 141 173 170; baseline -0.038 0"><span class='ocrx_word' id='word_1_1' title='bbox 121 141 173 170; x_wconf 71' lang='lat'><strong>35!</strong></span> 
     </span>
    </p>
   </div>
   <div class='ocr_carea' id='block_1_2' title="bbox 635 136 1200 166">
    <p class='ocr_par' dir='ltr' id='par_1_2' title="bbox 635 136 1200 166">
     <span class='ocr_line' id='line_1_2' title="bbox 635 136 1200 166; baseline -0.002 -1"><span class='ocrx_word' id='word_1_2' title='bbox 635 139 664 166; x_wconf 71' lang='grc' dir='ltr'><strong>ὃ.</strong></span> <span class='ocrx_word' id='word_1_3' title='bbox 685 137 859 166; x_wconf 83' lang='lat' dir='ltr'><strong>ICNATIUS.</strong></span> <span class='ocrx_word' id='word_1_4' title='bbox 879 151 913 157; x_wconf 94' lang='lat'><strong>——</strong></span> <span class='ocrx_word' id='word_1_5' title='bbox 934 136 1200 166; x_wconf 81' lang='lat' dir='ltr'><strong>PROLEGOMENA.</strong></span> 
     </span>
    </p>
   </div>
   <div class='ocr_carea' id='block_1_3' title="bbox 1705 137 1766 166">
    <p class='ocr_par' dir='ltr' id='par_1_3' title="bbox 1705 137 1766 166">
     <span class='ocr_line' id='line_1_3' title="bbox 1705 137 1766 166; baseline -0.033 0"><span class='ocrx_word' id='word_1_6' title='bbox 1705 137 1766 166; x_wconf 67' lang='lat'><strong>552</strong></span> 
     </span>
    </p>
   </div>
   <div class='ocr_carea' id='block_1_4' title="bbox 124 193 1768 235">
    <p class='ocr_par' dir='ltr' id='par_1_4' title="bbox 124 193 1768 235">
     <span class='ocr_line' id='line_1_4' title="bbox 124 193 1768 235; baseline -0.002 -9"><span class='ocrx_word' id='word_1_7' title='bbox 124 203 201 235; x_wconf 87' lang='lat' dir='ltr'><strong>parte</strong></span> <span class='ocrx_word' id='word_1_8' title='bbox 215 205 234 230; x_wconf 87' lang='grc' dir='ltr'>ι,</span> <span class='ocrx_word' id='word_1_9' title='bbox 249 197 297 225; x_wconf 86' lang='lat' dir='ltr'><strong>lib.</strong></span> <span class='ocrx_word' id='word_1_10' title='bbox 311 205 352 230; x_wconf 84' lang='lat' dir='ltr'><strong>tu,</strong></span> <span class='ocrx_word' id='word_1_11' title='bbox 368 205 428 232; x_wconf 90' lang='lat' dir='ltr'><strong>cap.</strong></span> <span class='ocrx_word' id='word_1_12' title='bbox 445 196 478 224; x_wconf 87' lang='lat'><strong>8:</strong></span> <span class='ocrx_word' id='word_1_13' title='bbox 499 206 508 223; x_wconf 75' lang='grc' dir='ltr'><strong><em>ι</em></strong></span> <span class='ocrx_word' id='word_1_14' title='bbox 521 196 654 231; x_wconf 78' lang='lat' dir='ltr'><strong>Leopardi</strong></span> <span class='ocrx_word' id='word_1_15' title='bbox 670 204 735 230; x_wconf 99' lang='lat' dir='ltr'><strong>vox,</strong></span> <span class='ocrx_word' id='word_1_16' title='bbox 753 195 854 230; x_wconf 85' lang='lat' dir='ltr'><strong>inquit,</strong></span> <span class='ocrx_word' id='word_1_17' title='bbox 867 202 910 223; x_wconf 88' lang='lat' dir='ltr'><strong>se-</strong></span> <span class='ocrx_word' id='word_1_18' title='bbox 925 197 949 226; x_wconf 76' lang='grc' dir='ltr'><strong>Α</strong></span> <span class='ocrx_word' id='word_1_19' title='bbox 963 193 1096 230; x_wconf 87' lang='lat' dir='ltr'><strong>Leopardi</strong></span> <span class='ocrx_word' id='word_1_20' title='bbox 1109 202 1204 223; x_wconf 84' lang='lat' dir='ltr'><strong>vocem</strong></span> <span class='ocrx_word' id='word_1_21' title='bbox 1221 200 1366 230; x_wconf 80' lang='lat' dir='ltr'><strong>memorat,</strong></span> <span class='ocrx_word' id='word_1_22' title='bbox 1382 200 1413 224; x_wconf 91' lang='lat' dir='ltr'><strong>ut</strong></span> <span class='ocrx_word' id='word_1_23' title='bbox 1428 195 1508 232; x_wconf 83' lang='lat' dir='ltr'><strong>longe</strong></span> <span class='ocrx_word' id='word_1_24' title='bbox 1530 195 1589 224; x_wconf 83' lang='lat' dir='ltr'><strong>suis</strong></span> <span class='ocrx_word' id='word_1_25' title='bbox 1615 200 1768 232; x_wconf 78' lang='lat' dir='ltr'><strong>tempori-</strong></span> 
     </span>
    </p>
   </div>
   <div class='ocr_carea' id='block_1_5' title="bbox 123 240 909 278">
    <p class='ocr_par' dir='ltr' id='par_1_5' title="bbox 123 240 909 278">
     <span class='ocr_line' id='line_1_5' title="bbox 123 240 909 278; baseline -0.005 -7"><span class='ocrx_word' id='word_1_26' title='bbox 123 245 183 272; x_wconf 88' lang='lat' dir='ltr'><strong>rius</strong></span> <span class='ocrx_word' id='word_1_27' title='bbox 195 244 321 278; x_wconf 84' lang='lat' dir='ltr'><strong>usurpari</strong></span> <span class='ocrx_word' id='word_1_28' title='bbox 337 243 430 278; x_wconf 56' lang='lat' dir='ltr'><strong>erepit,</strong></span> <span class='ocrx_word' id='word_1_29' title='bbox 446 250 543 277; x_wconf 86' lang='lat' dir='ltr'><strong>nempe</strong></span> <span class='ocrx_word' id='word_1_30' title='bbox 558 242 732 270; x_wconf 93' lang='lat' dir='ltr'><strong>Constantini</strong></span> <span class='ocrx_word' id='word_1_31' title='bbox 750 249 818 269; x_wconf 64' lang='lat' dir='ltr'><strong>aevo.</strong></span> <span class='ocrx_word' id='word_1_32' title='bbox 841 240 909 268; x_wconf 88' lang='lat' dir='ltr'><strong>Pro-</strong></span> 
     </span>
    </p>
   </div>
   <div class='ocr_carea' id='block_1_6' title="bbox 120 285 911 324">
    <p class='ocr_par' dir='ltr' id='par_1_6' title="bbox 120 285 911 324">
     <span class='ocr_line' id='line_1_6' title="bbox 120 285 911 324; baseline -0.005 -7"><span class='ocrx_word' id='word_1_33' title='bbox 120 289 184 318; x_wconf 84' lang='lat' dir='ltr'><strong>inde</strong></span> <span class='ocrx_word' id='word_1_34' title='bbox 198 289 293 324; x_wconf 84' lang='lat' dir='ltr'><strong>lgnatii</strong></span> <span class='ocrx_word' id='word_1_35' title='bbox 309 289 341 316; x_wconf 87' lang='lat' dir='ltr'><strong>ad</strong></span> <span class='ocrx_word' id='word_1_36' title='bbox 354 287 493 316; x_wconf 81' lang='lat' dir='ltr'><strong>Romanos</strong></span> <span class='ocrx_word' id='word_1_37' title='bbox 510 288 625 323; x_wconf 86' lang='lat' dir='ltr'><strong>epistola</strong></span> <span class='ocrx_word' id='word_1_38' title='bbox 655 295 738 323; x_wconf 84' lang='lat' dir='ltr'><strong>quam</strong></span> <span class='ocrx_word' id='word_1_39' title='bbox 761 285 911 315; x_wconf 77' lang='lat' dir='ltr'><strong>circumfe-</strong></span> 
     </span>
    </p>
   </div>
   <div class='ocr_carea' id='block_1_7' title="bbox 120 332 912 368">
    <p class='ocr_par' dir='ltr' id='par_1_7' title="bbox 120 332 912 368">
     <span class='ocr_line' id='line_1_7' title="bbox 120 332 912 368; baseline -0.001 -7"><span class='ocrx_word' id='word_1_40' title='bbox 120 339 195 367; x_wconf 90' lang='lat' dir='ltr'><strong>runt,</strong></span> <span class='ocrx_word' id='word_1_41' title='bbox 208 342 241 362; x_wconf 89' lang='lat' dir='ltr'><strong>eo</strong></span> <span class='ocrx_word' id='word_1_42' title='bbox 251 335 361 361; x_wconf 90' lang='lat' dir='ltr'><strong>demum</strong></span> <span class='ocrx_word' id='word_1_43' title='bbox 384 334 485 362; x_wconf 64' lang='lat' dir='ltr'><strong>saeculo</strong></span> <span class='ocrx_word' id='word_1_44' title='bbox 496 333 582 361; x_wconf 81' lang='lat' dir='ltr'><strong>fuisse</strong></span> <span class='ocrx_word' id='word_1_45' title='bbox 598 334 727 368; x_wconf 73' lang='lat' dir='ltr'><strong>scriptam</strong></span> <span class='ocrx_word' id='word_1_46' title='bbox 744 332 790 360; x_wconf 82' lang='lat' dir='ltr'><strong>vel</strong></span> <span class='ocrx_word' id='word_1_47' title='bbox 801 341 834 360; x_wconf 80' lang='lat' dir='ltr'><strong>ex</strong></span> <span class='ocrx_word' id='word_1_48' title='bbox 858 333 912 361; x_wconf 90' lang='lat' dir='ltr'><strong>hoc</strong></span> 
     </span>
    </p>
   </div>
   <div class='ocr_carea' id='block_1_8' title="bbox 122 380 910 416">
    <p class='ocr_par' dir='ltr' id='par_1_8' title="bbox 122 380 910 416">
     <span class='ocr_line' id='line_1_8' title="bbox 122 380 910 416; baseline -0.001 -8"><span class='ocrx_word' id='word_1_49' title='bbox 122 384 285 416; x_wconf 86' lang='lat' dir='ltr'><strong>argumento</strong></span> <span class='ocrx_word' id='word_1_50' title='bbox 299 380 430 415; x_wconf 80' lang='lat' dir='ltr'><strong>colligas,</strong></span> <span class='ocrx_word' id='word_1_51' title='bbox 445 381 518 415; x_wconf 87' lang='lat' dir='ltr'><strong>quod</strong></span> <span class='ocrx_word' id='word_1_52' title='bbox 530 380 722 415; x_wconf 87' lang='lat' dir='ltr'><strong>leopardorum</strong></span> <span class='ocrx_word' id='word_1_53' title='bbox 740 380 841 407; x_wconf 79' lang='lat' dir='ltr'><strong>diserte</strong></span> <span class='ocrx_word' id='word_1_54' title='bbox 852 387 910 407; x_wconf 93' lang='lat' dir='ltr'><strong>me-</strong></span> 
     </span>
    </p>
   </div>
   <div class='ocr_carea' id='block_1_9' title="bbox 123 424 911 461">
    <p class='ocr_par' dir='ltr' id='par_1_9' title="bbox 123 424 911 461">
     <span class='ocr_line' id='line_1_9' title="bbox 123 424 911 461; baseline -0.001 -8"><span class='ocrx_word' id='word_1_55' title='bbox 123 426 212 453; x_wconf 81' lang='lat' dir='ltr'><strong>minit.</strong></span> <span class='ocrx_word' id='word_1_56' title='bbox 227 435 236 451; x_wconf 78' lang='grc' dir='ltr'>ι</span> <span class='ocrx_word' id='word_1_57' title='bbox 259 425 420 460; x_wconf 82' lang='lat' dir='ltr'><strong>Argumenti</strong></span> <span class='ocrx_word' id='word_1_58' title='bbox 437 426 632 461; x_wconf 82' lang='lat' dir='ltr'><strong>consequentia</strong></span> <span class='ocrx_word' id='word_1_59' title='bbox 648 425 794 453; x_wconf 79' lang='lat' dir='ltr'><strong>manifesta</strong></span> <span class='ocrx_word' id='word_1_60' title='bbox 806 430 858 453; x_wconf 88' lang='lat' dir='ltr'><strong>est.</strong></span> <span class='ocrx_word' id='word_1_61' title='bbox 880 424 911 452; x_wconf 89' lang='lat' dir='ltr'><strong>Si</strong></span> 
     </span>
    </p>
   </div>
   <div class='ocr_carea' id='block_1_10' title="bbox 123 470 911 507">
    <p class='ocr_par' dir='ltr' id='par_1_10' title="bbox 123 470 911 507">
     <span class='ocr_line' id='line_1_10' title="bbox 123 470 911 507; baseline -0.005 -8"><span class='ocrx_word' id='word_1_62' title='bbox 123 471 195 499; x_wconf 88' lang='lat' dir='ltr'><strong>enim</strong></span> <span class='ocrx_word' id='word_1_63' title='bbox 211 472 331 507; x_wconf 87' lang='lat' dir='ltr'><strong>leopardi</strong></span> <span class='ocrx_word' id='word_1_64' title='bbox 349 479 402 499; x_wconf 88' lang='lat' dir='ltr'><strong>vox</strong></span> <span class='ocrx_word' id='word_1_65' title='bbox 415 472 468 499; x_wconf 85' lang='lat' dir='ltr'><strong>sub</strong></span> <span class='ocrx_word' id='word_1_66' title='bbox 480 472 662 499; x_wconf 87' lang='lat' dir='ltr'><strong>Constantino</strong></span> <span class='ocrx_word' id='word_1_67' title='bbox 679 471 807 506; x_wconf 89' lang='lat' dir='ltr'><strong>usurpari</strong></span> <span class='ocrx_word' id='word_1_68' title='bbox 817 470 911 505; x_wconf 64' lang='lat' dir='ltr'><strong>etrapit,</strong></span> 
     </span>
    </p>
   </div>
   <div class='ocr_carea' id='block_1_11' title="bbox 124 517 913 554">
    <p class='ocr_par' dir='ltr' id='par_1_11' title="bbox 124 517 913 554">
     <span class='ocr_line' id='line_1_11' title="bbox 124 517 913 554; baseline -0.004 -8"><span class='ocrx_word' id='word_1_69' title='bbox 124 519 246 553; x_wconf 80' lang='lat' dir='ltr'><strong>adeoque</strong></span> <span class='ocrx_word' id='word_1_70' title='bbox 258 523 320 546; x_wconf 83' lang='lat' dir='ltr'><strong>ante</strong></span> <span class='ocrx_word' id='word_1_71' title='bbox 333 518 542 546; x_wconf 85' lang='lat' dir='ltr'><strong>Constantinum</strong></span> <span class='ocrx_word' id='word_1_72' title='bbox 555 523 686 554; x_wconf 84' lang='lat' dir='ltr'><strong>usurpata</strong></span> <span class='ocrx_word' id='word_1_73' title='bbox 706 526 759 546; x_wconf 89' lang='lat' dir='ltr'><strong>non</strong></span> <span class='ocrx_word' id='word_1_74' title='bbox 780 523 837 551; x_wconf 88' lang='lat' dir='ltr'><strong>est;</strong></span> <span class='ocrx_word' id='word_1_75' title='bbox 851 517 913 552; x_wconf 89' lang='lat' dir='ltr'><strong>qui-</strong></span> 
     </span>
    </p>
   </div>
   <div class='ocr_carea' id='block_1_12' title="bbox 123 565 911 601">
    <p class='ocr_par' dir='ltr' id='par_1_12' title="bbox 123 565 911 601">
     <span class='ocr_line' id='line_1_12' title="bbox 123 565 911 601; baseline -0.003 -7"><span class='ocrx_word' id='word_1_76' title='bbox 123 573 232 600; x_wconf 77' lang='lat' dir='ltr'><strong>cunque</strong></span> <span class='ocrx_word' id='word_1_77' title='bbox 245 573 306 592; x_wconf 87' lang='lat' dir='ltr'><strong>eam</strong></span> <span class='ocrx_word' id='word_1_78' title='bbox 318 573 411 593; x_wconf 83' lang='lat' dir='ltr'><strong>vocem</strong></span> <span class='ocrx_word' id='word_1_79' title='bbox 426 566 579 601; x_wconf 85' lang='lat' dir='ltr'><strong>usurpavit,</strong></span> <span class='ocrx_word' id='word_1_80' title='bbox 597 566 639 593; x_wconf 88' lang='lat' dir='ltr'><strong>vel</strong></span> <span class='ocrx_word' id='word_1_81' title='bbox 652 566 704 593; x_wconf 91' lang='lat' dir='ltr'><strong>sub</strong></span> <span class='ocrx_word' id='word_1_82' title='bbox 718 565 911 600; x_wconf 88' lang='lat' dir='ltr'><strong>Constantino,</strong></span> 
     </span>
    </p>
   </div>
   <div class='ocr_carea' id='block_1_13' title="bbox 122 611 914 647">
    <p class='ocr_par' dir='ltr' id='par_1_13' title="bbox 122 611 914 647">
     <span class='ocr_line' id='line_1_13' title="bbox 122 611 914 647; baseline 0 -9"><span class='ocrx_word' id='word_1_83' title='bbox 122 612 163 639; x_wconf 94' lang='lat' dir='ltr'><strong>vel</strong></span> <span class='ocrx_word' id='word_1_84' title='bbox 176 616 237 646; x_wconf 91' lang='lat' dir='ltr'><strong>post</strong></span> <span class='ocrx_word' id='word_1_85' title='bbox 256 619 318 640; x_wconf 91' lang='lat' dir='ltr'><strong>eum</strong></span> <span class='ocrx_word' id='word_1_86' title='bbox 333 612 454 647; x_wconf 89' lang='lat' dir='ltr'><strong>scripsit.</strong></span> <span class='ocrx_word' id='word_1_87' title='bbox 478 611 544 640; x_wconf 83' lang='lat' dir='ltr'><strong>Post</strong></span> <span class='ocrx_word' id='word_1_88' title='bbox 567 612 777 639; x_wconf 87' lang='lat' dir='ltr'><strong>Constantinum</strong></span> <span class='ocrx_word' id='word_1_89' title='bbox 794 611 914 639; x_wconf 82' lang='lat' dir='ltr'><strong>scribere</strong></span> 
     </span>
    </p>
   </div>
   <div class='ocr_carea' id='block_1_14' title="bbox 122 657 913 693">
    <p class='ocr_par' dir='ltr' id='par_1_14' title="bbox 122 657 913 693">
     <span class='ocr_line' id='line_1_14' title="bbox 122 657 913 693; baseline -0.001 -8"><span class='ocrx_word' id='word_1_90' title='bbox 122 666 178 685; x_wconf 89' lang='lat' dir='ltr'><strong>non</strong></span> <span class='ocrx_word' id='word_1_91' title='bbox 196 657 284 693; x_wconf 90' lang='lat' dir='ltr'><strong>potuit</strong></span> <span class='ocrx_word' id='word_1_92' title='bbox 299 662 395 685; x_wconf 84' lang='lat' dir='ltr'><strong>auctor</strong></span> <span class='ocrx_word' id='word_1_93' title='bbox 410 658 534 693; x_wconf 65' lang='lat' dir='ltr'><strong>epistolae</strong></span> <span class='ocrx_word' id='word_1_94' title='bbox 550 658 584 685; x_wconf 90' lang='lat' dir='ltr'><strong>ad</strong></span> <span class='ocrx_word' id='word_1_95' title='bbox 600 657 757 685; x_wconf 82' lang='lat' dir='ltr'><strong>Romanos:</strong></span> <span class='ocrx_word' id='word_1_96' title='bbox 785 662 913 693; x_wconf 73' lang='lat' dir='ltr'><strong>excerpta</strong></span> 
     </span>
    </p>
   </div>
   <div class='ocr_carea' id='block_1_15' title="bbox 123 704 915 739">
    <p class='ocr_par' dir='ltr' id='par_1_15' title="bbox 123 704 915 739">
     <span class='ocr_line' id='line_1_15' title="bbox 123 704 915 739; baseline 0 -9"><span class='ocrx_word' id='word_1_97' title='bbox 123 705 197 731; x_wconf 90' lang='lat' dir='ltr'><strong>enim</strong></span> <span class='ocrx_word' id='word_1_98' title='bbox 211 704 272 738; x_wconf 84' lang='lat' dir='ltr'><strong>ejus</strong></span> <span class='ocrx_word' id='word_1_99' title='bbox 285 704 417 739; x_wconf 73' lang='lat' dir='ltr'><strong>epistolze,</strong></span> <span class='ocrx_word' id='word_1_100' title='bbox 431 704 458 731; x_wconf 92' lang='lat' dir='ltr'><strong>in</strong></span> <span class='ocrx_word' id='word_1_101' title='bbox 473 704 573 739; x_wconf 90' lang='lat' dir='ltr'><strong>quibus</strong></span> <span class='ocrx_word' id='word_1_102' title='bbox 596 704 730 739; x_wconf 86' lang='lat' dir='ltr'><strong>Leopardi</strong></span> <span class='ocrx_word' id='word_1_103' title='bbox 745 712 800 732; x_wconf 91' lang='lat' dir='ltr'><strong>vox</strong></span> <span class='ocrx_word' id='word_1_104' title='bbox 830 704 915 731; x_wconf 89' lang='lat' dir='ltr'><strong>habe-</strong></span> 
     </span>
    </p>
   </div>
   <div class='ocr_carea' id='block_1_16' title="bbox 124 750 915 787">
    <p class='ocr_par' dir='ltr' id='par_1_16' title="bbox 124 750 915 787">
     <span class='ocr_line' id='line_1_16' title="bbox 124 750 915 787; baseline 0.001 -8"><span class='ocrx_word' id='word_1_105' title='bbox 124 757 180 785; x_wconf 94' lang='lat' dir='ltr'><strong>tur,</strong></span> <span class='ocrx_word' id='word_1_106' title='bbox 193 751 220 778; x_wconf 95' lang='lat' dir='ltr'><strong>in</strong></span> <span class='ocrx_word' id='word_1_107' title='bbox 234 750 425 778; x_wconf 76' lang='lat' dir='ltr'><strong>Ecclesiaslica</strong></span> <span class='ocrx_word' id='word_1_108' title='bbox 442 751 551 780; x_wconf 84' lang='lat' dir='ltr'><strong>Eusebii</strong></span> <span class='ocrx_word' id='word_1_109' title='bbox 565 751 687 778; x_wconf 77' lang='lat' dir='ltr'><strong>Historia</strong></span> <span class='ocrx_word' id='word_1_110' title='bbox 699 756 823 783; x_wconf 82' lang='lat' dir='ltr'><strong>exstant,</strong></span> <span class='ocrx_word' id='word_1_111' title='bbox 854 759 915 787; x_wconf 76' lang='lat' dir='ltr'><strong>quae</strong></span> 
     </span>
    </p>
   </div>
   <div class='ocr_carea' id='block_1_17' title="bbox 124 797 915 834">
    <p class='ocr_par' dir='ltr' id='par_1_17' title="bbox 124 797 915 834">
     <span class='ocr_line' id='line_1_17' title="bbox 124 797 915 834; baseline 0.003 -10"><span class='ocrx_word' id='word_1_112' title='bbox 124 797 178 825; x_wconf 91' lang='lat' dir='ltr'><strong>sub</strong></span> <span class='ocrx_word' id='word_1_113' title='bbox 191 797 375 824; x_wconf 88' lang='lat' dir='ltr'><strong>Constantino</strong></span> <span class='ocrx_word' id='word_1_114' title='bbox 390 798 462 825; x_wconf 89' lang='lat' dir='ltr'><strong>edita</strong></span> <span class='ocrx_word' id='word_1_115' title='bbox 484 802 535 825; x_wconf 90' lang='lat' dir='ltr'><strong>est.</strong></span> <span class='ocrx_word' id='word_1_116' title='bbox 569 797 630 826; x_wconf 87' lang='lat' dir='ltr'><strong>Vult</strong></span> <span class='ocrx_word' id='word_1_117' title='bbox 657 798 739 834; x_wconf 81' lang='lat' dir='ltr'><strong>igitur</strong></span> <span class='ocrx_word' id='word_1_118' title='bbox 762 797 915 826; x_wconf 87' lang='lat' dir='ltr'><strong>Bochartus</strong></span> 
     </span>
    </p>
   </div>
   <div class='ocr_carea' id='block_1_18' title="bbox 125 844 914 879">
    <p class='ocr_par' dir='ltr' id='par_1_18' title="bbox 125 844 914 879">
     <span class='ocr_line' id='line_1_18' title="bbox 125 844 914 879; baseline 0.001 -8"><span class='ocrx_word' id='word_1_119' title='bbox 125 845 178 872; x_wconf 89' lang='lat' dir='ltr'><strong>sub</strong></span> <span class='ocrx_word' id='word_1_120' title='bbox 191 844 376 872; x_wconf 87' lang='lat' dir='ltr'><strong>Constantino</strong></span> <span class='ocrx_word' id='word_1_121' title='bbox 390 845 537 879; x_wconf 89' lang='lat' dir='ltr'><strong>primulum</strong></span> <span class='ocrx_word' id='word_1_122' title='bbox 566 845 704 872; x_wconf 82' lang='lat' dir='ltr'><strong>inventam</strong></span> <span class='ocrx_word' id='word_1_123' title='bbox 729 852 790 872; x_wconf 86' lang='lat' dir='ltr'><strong>esse</strong></span> <span class='ocrx_word' id='word_1_124' title='bbox 819 851 914 872; x_wconf 90' lang='lat' dir='ltr'><strong>vocem</strong></span> 
     </span>
    </p>
   </div>
   <div class='ocr_carea' id='block_1_19' title="bbox 126 889 916 926">
    <p class='ocr_par' dir='ltr' id='par_1_19' title="bbox 126 889 916 926">
     <span class='ocr_line' id='line_1_19' title="bbox 126 889 916 926; baseline 0 -8"><span class='ocrx_word' id='word_1_125' title='bbox 126 889 277 926; x_wconf 86' lang='lat' dir='ltr'><strong>Leopardi;</strong></span> <span class='ocrx_word' id='word_1_126' title='bbox 300 890 441 919; x_wconf 83' lang='lat' dir='ltr'><strong>Romanos</strong></span> <span class='ocrx_word' id='word_1_127' title='bbox 472 892 621 926; x_wconf 90' lang='lat' dir='ltr'><strong>scriptores</strong></span> <span class='ocrx_word' id='word_1_128' title='bbox 643 899 703 919; x_wconf 88' lang='lat' dir='ltr'><strong>eam</strong></span> <span class='ocrx_word' id='word_1_129' title='bbox 729 891 818 926; x_wconf 89' lang='lat' dir='ltr'><strong>primo</strong></span> <span class='ocrx_word' id='word_1_130' title='bbox 833 898 916 918; x_wconf 89' lang='lat' dir='ltr'><strong>usur-</strong></span> 
     </span>
    </p>
   </div>
   <div class='ocr_carea' id='block_1_20' title="bbox 125 937 917 972">
    <p class='ocr_par' dir='ltr' id='par_1_20' title="bbox 125 937 917 972">
     <span class='ocr_line' id='line_1_20' title="bbox 125 937 917 972; baseline -0.001 -7"><span class='ocrx_word' id='word_1_131' title='bbox 125 945 223 972; x_wconf 84' lang='lat' dir='ltr'><strong>passe;</strong></span> <span class='ocrx_word' id='word_1_132' title='bbox 245 937 355 965; x_wconf 68' lang='lat' dir='ltr'><strong>Graecos</strong></span> <span class='ocrx_word' id='word_1_133' title='bbox 370 945 431 965; x_wconf 89' lang='lat' dir='ltr'><strong>eam</strong></span> <span class='ocrx_word' id='word_1_134' title='bbox 445 945 540 965; x_wconf 84' lang='lat' dir='ltr'><strong>vocem</strong></span> <span class='ocrx_word' id='word_1_135' title='bbox 558 945 574 965; x_wconf 88' lang='lat' dir='ltr'><strong>a</strong></span> <span class='ocrx_word' id='word_1_136' title='bbox 586 937 721 965; x_wconf 81' lang='lat' dir='ltr'><strong>Romanis</strong></span> <span class='ocrx_word' id='word_1_137' title='bbox 744 941 839 972; x_wconf 87' lang='lat' dir='ltr'><strong>postea</strong></span> <span class='ocrx_word' id='word_1_138' title='bbox 856 945 917 964; x_wconf 93' lang='lat' dir='ltr'><strong>mu-</strong></span> 
     </span>
    </p>
   </div>
   <div class='ocr_carea' id='block_1_21' title="bbox 125 983 918 1020">
    <p class='ocr_par' dir='ltr' id='par_1_21' title="bbox 125 983 918 1020">
     <span class='ocr_line' id='line_1_21' title="bbox 125 983 918 1020; baseline 0 -10"><span class='ocrx_word' id='word_1_139' title='bbox 125 987 219 1010; x_wconf 80' lang='lat' dir='ltr'><strong>tuatos</strong></span> <span class='ocrx_word' id='word_1_140' title='bbox 232 991 310 1016; x_wconf 84' lang='lat' dir='ltr'><strong>esse;</strong></span> <span class='ocrx_word' id='word_1_141' title='bbox 324 983 515 1011; x_wconf 78' lang='lat' dir='ltr'><strong>simulatorem</strong></span> <span class='ocrx_word' id='word_1_142' title='bbox 529 983 628 1020; x_wconf 88' lang='lat' dir='ltr'><strong>lgnatii</strong></span> <span class='ocrx_word' id='word_1_143' title='bbox 648 984 719 1012; x_wconf 88' lang='lat' dir='ltr'><strong>inter</strong></span> <span class='ocrx_word' id='word_1_144' title='bbox 732 983 841 1012; x_wconf 63' lang='lat' dir='ltr'><strong>Graecos</strong></span> <span class='ocrx_word' id='word_1_145' title='bbox 850 983 918 1012; x_wconf 86' lang='lat' dir='ltr'><strong>scri-</strong></span> 
     </span>
    </p>
   </div>
   <div class='ocr_carea' id='block_1_22' title="bbox 125 1030 919 1067">
    <p class='ocr_par' dir='ltr' id='par_1_22' title="bbox 125 1030 919 1067">
     <span class='ocr_line' id='line_1_22' title="bbox 125 1030 919 1067; baseline 0.003 -11"><span class='ocrx_word' id='word_1_146' title='bbox 125 1034 219 1064; x_wconf 86' lang='lat' dir='ltr'><strong>ptores</strong></span> <span class='ocrx_word' id='word_1_147' title='bbox 231 1034 258 1058; x_wconf 91' lang='lat' dir='ltr'><strong>et</strong></span> <span class='ocrx_word' id='word_1_148' title='bbox 269 1030 388 1065; x_wconf 89' lang='lat' dir='ltr'><strong>primum</strong></span> <span class='ocrx_word' id='word_1_149' title='bbox 412 1035 439 1058; x_wconf 90' lang='lat' dir='ltr'><strong>et</strong></span> <span class='ocrx_word' id='word_1_150' title='bbox 455 1031 543 1059; x_wconf 84' lang='lat' dir='ltr'><strong>solum</strong></span> <span class='ocrx_word' id='word_1_151' title='bbox 565 1032 689 1059; x_wconf 88' lang='lat' dir='ltr'><strong>eamdem</strong></span> <span class='ocrx_word' id='word_1_152' title='bbox 713 1031 873 1067; x_wconf 76' lang='lat' dir='ltr'><strong>arripuisse,</strong></span> <span class='ocrx_word' id='word_1_153' title='bbox 891 1035 919 1059; x_wconf 88' lang='lat' dir='ltr'><strong>et</strong></span> 
     </span>
    </p>
   </div>
   <div class='ocr_carea' id='block_1_23' title="bbox 126 1075 917 1112">
    <p class='ocr_par' dir='ltr' id='par_1_23' title="bbox 126 1075 917 1112">
     <span class='ocr_line' id='line_1_23' title="bbox 126 1075 917 1112; baseline 0.001 -10"><span class='ocrx_word' id='word_1_154' title='bbox 126 1075 232 1111; x_wconf 87' lang='lat' dir='ltr'><strong>lgnatio</strong></span> <span class='ocrx_word' id='word_1_155' title='bbox 245 1076 433 1111; x_wconf 86' lang='lat' dir='ltr'><strong>supposuisse,</strong></span> <span class='ocrx_word' id='word_1_156' title='bbox 445 1081 527 1112; x_wconf 89' lang='lat' dir='ltr'><strong>atque</strong></span> <span class='ocrx_word' id='word_1_157' title='bbox 539 1077 610 1105; x_wconf 91' lang='lat' dir='ltr'><strong>hanc</strong></span> <span class='ocrx_word' id='word_1_158' title='bbox 624 1077 767 1112; x_wconf 81' lang='lat' dir='ltr'><strong>epistolam</strong></span> <span class='ocrx_word' id='word_1_159' title='bbox 781 1077 917 1108; x_wconf 88' lang='lat' dir='ltr'><strong>emisisse,</strong></span> 
     </span>
    </p>
   </div>
   <div class='ocr_carea' id='block_1_24' title="bbox 127 1122 919 1158">
    <p class='ocr_par' dir='ltr' id='par_1_24' title="bbox 127 1122 919 1158">
     <span class='ocr_line' id='line_1_24' title="bbox 127 1122 919 1158; baseline 0 -8"><span class='ocrx_word' id='word_1_160' title='bbox 127 1128 275 1158; x_wconf 87' lang='lat' dir='ltr'><strong>antequam</strong></span> <span class='ocrx_word' id='word_1_161' title='bbox 294 1123 424 1151; x_wconf 68' lang='lat' dir='ltr'><strong>Historia</strong></span> <span class='ocrx_word' id='word_1_162' title='bbox 438 1124 538 1151; x_wconf 89' lang='lat' dir='ltr'><strong>librum</strong></span> <span class='ocrx_word' id='word_1_163' title='bbox 553 1124 665 1151; x_wconf 91' lang='lat' dir='ltr'><strong>tertium</strong></span> <span class='ocrx_word' id='word_1_164' title='bbox 686 1125 816 1152; x_wconf 88' lang='lat' dir='ltr'><strong>conderet</strong></span> <span class='ocrx_word' id='word_1_165' title='bbox 834 1122 919 1150; x_wconf 87' lang='lat' dir='ltr'><strong>Euse-</strong></span> 
     </span>
    </p>
   </div>
   <div class='ocr_carea' id='block_1_25' title="bbox 127 1169 919 1206">
    <p class='ocr_par' dir='ltr' id='par_1_25' title="bbox 127 1169 919 1206">
     <span class='ocr_line' id='line_1_25' title="bbox 127 1169 919 1206; baseline 0 -9"><span class='ocrx_word' id='word_1_166' title='bbox 127 1169 200 1197; x_wconf 86' lang='lat' dir='ltr'><strong>bius.</strong></span> <span class='ocrx_word' id='word_1_167' title='bbox 215 1169 238 1197; x_wconf 92' lang='lat'><strong>0</strong></span> <span class='ocrx_word' id='word_1_168' title='bbox 249 1170 333 1198; x_wconf 87' lang='lat' dir='ltr'><strong>miras</strong></span> <span class='ocrx_word' id='word_1_169' title='bbox 349 1170 481 1205; x_wconf 87' lang='lat' dir='ltr'><strong>temporis</strong></span> <span class='ocrx_word' id='word_1_170' title='bbox 494 1171 646 1205; x_wconf 83' lang='lat' dir='ltr'><strong>angustias,</strong></span> <span class='ocrx_word' id='word_1_171' title='bbox 655 1170 756 1206; x_wconf 88' lang='lat' dir='ltr'><strong>quibus</strong></span> <span class='ocrx_word' id='word_1_172' title='bbox 772 1170 856 1198; x_wconf 87' lang='lat' dir='ltr'><strong>miser</strong></span> <span class='ocrx_word' id='word_1_173' title='bbox 868 1170 919 1197; x_wconf 94' lang='lat' dir='ltr'><strong>im-</strong></span> 
     </span>
    </p>
   </div>
   <div class='ocr_carea' id='block_1_26' title="bbox 127 1216 920 1252">
    <p class='ocr_par' dir='ltr' id='par_1_26' title="bbox 127 1216 920 1252">
     <span class='ocr_line' id='line_1_26' title="bbox 127 1216 920 1252; baseline 0.001 -8"><span class='ocrx_word' id='word_1_174' title='bbox 127 1222 224 1252; x_wconf 83' lang='lat' dir='ltr'><strong>postor</strong></span> <span class='ocrx_word' id='word_1_175' title='bbox 241 1216 408 1244; x_wconf 81' lang='lat' dir='ltr'><strong>includitur!</strong></span> <span class='ocrx_word' id='word_1_176' title='bbox 425 1216 448 1244; x_wconf 85' lang='lat'>0</span> <span class='ocrx_word' id='word_1_177' title='bbox 472 1216 588 1244; x_wconf 86' lang='lat' dir='ltr'><strong>bardum</strong></span> <span class='ocrx_word' id='word_1_178' title='bbox 617 1221 645 1244; x_wconf 88' lang='lat' dir='ltr'><strong>et</strong></span> <span class='ocrx_word' id='word_1_179' title='bbox 668 1216 807 1250; x_wconf 86' lang='lat' dir='ltr'><strong>stupidum</strong></span> <span class='ocrx_word' id='word_1_180' title='bbox 833 1216 920 1245; x_wconf 86' lang='lat' dir='ltr'><strong>Euse-</strong></span> 
     </span>
    </p>
   </div>
   <div class='ocr_carea' id='block_1_27' title="bbox 128 1261 919 1298">
    <p class='ocr_par' dir='ltr' id='par_1_27' title="bbox 128 1261 919 1298">
     <span class='ocr_line' id='line_1_27' title="bbox 128 1261 919 1298; baseline 0 -7"><span class='ocrx_word' id='word_1_181' title='bbox 128 1263 216 1297; x_wconf 83' lang='lat' dir='ltr'><strong>bium,</strong></span> <span class='ocrx_word' id='word_1_182' title='bbox 237 1264 283 1298; x_wconf 89' lang='lat' dir='ltr'><strong>qui</strong></span> <span class='ocrx_word' id='word_1_183' title='bbox 297 1270 359 1290; x_wconf 89' lang='lat' dir='ltr'><strong>eum</strong></span> <span class='ocrx_word' id='word_1_184' title='bbox 378 1263 424 1290; x_wconf 90' lang='lat' dir='ltr'><strong>diu</strong></span> <span class='ocrx_word' id='word_1_185' title='bbox 437 1267 500 1290; x_wconf 90' lang='lat' dir='ltr'><strong>ante</strong></span> <span class='ocrx_word' id='word_1_186' title='bbox 514 1261 647 1298; x_wconf 86' lang='lat' dir='ltr'><strong>Leopardi</strong></span> <span class='ocrx_word' id='word_1_187' title='bbox 658 1263 824 1291; x_wconf 84' lang='lat' dir='ltr'><strong>vocabulum</strong></span> <span class='ocrx_word' id='word_1_188' title='bbox 839 1268 919 1291; x_wconf 90' lang='lat' dir='ltr'><strong>natus</strong></span> 
     </span>
    </p>
   </div>
   <div class='ocr_carea' id='block_1_28' title="bbox 128 1308 920 1343">
    <p class='ocr_par' dir='ltr' id='par_1_28' title="bbox 128 1308 920 1343">
     <span class='ocr_line' id='line_1_28' title="bbox 128 1308 920 1343; baseline -0.001 -6"><span class='ocrx_word' id='word_1_189' title='bbox 128 1313 213 1340; x_wconf 88' lang='lat' dir='ltr'><strong>esset,</strong></span> <span class='ocrx_word' id='word_1_190' title='bbox 232 1308 335 1336; x_wconf 80' lang='lat' dir='ltr'><strong>ﬁctitiis</strong></span> <span class='ocrx_word' id='word_1_191' title='bbox 354 1309 507 1336; x_wconf 89' lang='lat' dir='ltr'><strong>litterarum</strong></span> <span class='ocrx_word' id='word_1_192' title='bbox 522 1309 659 1337; x_wconf 87' lang='lat' dir='ltr'><strong>mercibus</strong></span> <span class='ocrx_word' id='word_1_193' title='bbox 680 1313 733 1337; x_wconf 88' lang='lat' dir='ltr'><strong>tam</strong></span> <span class='ocrx_word' id='word_1_194' title='bbox 757 1308 846 1343; x_wconf 79' lang='lat' dir='ltr'><strong>facile,</strong></span> <span class='ocrx_word' id='word_1_195' title='bbox 864 1313 920 1337; x_wconf 88' lang='lat' dir='ltr'><strong>tam</strong></span> 
     </span>
    </p>
   </div>
   <div class='ocr_carea' id='block_1_29' title="bbox 130 1354 413 1390">
    <p class='ocr_par' dir='ltr' id='par_1_29' title="bbox 130 1354 413 1390">
     <span class='ocr_line' id='line_1_29' title="bbox 130 1354 413 1390; baseline 0 -8"><span class='ocrx_word' id='word_1_196' title='bbox 130 1354 201 1382; x_wconf 67' lang='lat' dir='ltr'><strong>foede</strong></span> <span class='ocrx_word' id='word_1_197' title='bbox 215 1355 346 1390; x_wconf 90' lang='lat' dir='ltr'><strong>deceptus</strong></span> <span class='ocrx_word' id='word_1_198' title='bbox 356 1356 413 1382; x_wconf 88' lang='lat' dir='ltr'><strong>est!</strong></span> 
     </span>
    </p>
   </div>
   <div class='ocr_carea' id='block_1_30' title="bbox 167 1401 919 1437">
    <p class='ocr_par' dir='ltr' id='par_1_30' title="bbox 167 1401 919 1437">
     <span class='ocr_line' id='line_1_30' title="bbox 167 1401 919 1437; baseline -0.001 -7"><span class='ocrx_word' id='word_1_199' title='bbox 167 1402 221 1430; x_wconf 91' lang='lat' dir='ltr'><strong>Sed</strong></span> <span class='ocrx_word' id='word_1_200' title='bbox 230 1402 370 1429; x_wconf 85' lang='lat' dir='ltr'><strong>videamus</strong></span> <span class='ocrx_word' id='word_1_201' title='bbox 377 1401 516 1436; x_wconf 91' lang='lat' dir='ltr'><strong>quomodo</strong></span> <span class='ocrx_word' id='word_1_202' title='bbox 526 1402 624 1437; x_wconf 87' lang='lat' dir='ltr'><strong>probet</strong></span> <span class='ocrx_word' id='word_1_203' title='bbox 633 1402 669 1430; x_wconf 89' lang='lat' dir='ltr'><strong>cl.</strong></span> <span class='ocrx_word' id='word_1_204' title='bbox 679 1401 842 1435; x_wconf 84' lang='lat' dir='ltr'><strong>Bochartus,</strong></span> <span class='ocrx_word' id='word_1_205' title='bbox 858 1409 919 1429; x_wconf 89' lang='lat' dir='ltr'><strong>eam</strong></span> 
     </span>
    </p>
   </div>
   <div class='ocr_carea' id='block_1_31' title="bbox 129 1449 918 1484">
    <p class='ocr_par' dir='ltr' id='par_1_31' title="bbox 129 1449 918 1484">
     <span class='ocr_line' id='line_1_31' title="bbox 129 1449 918 1484; baseline 0 -8"><span class='ocrx_word' id='word_1_206' title='bbox 129 1456 224 1476; x_wconf 82' lang='lat' dir='ltr'><strong>vocem</strong></span> <span class='ocrx_word' id='word_1_207' title='bbox 245 1449 420 1476; x_wconf 85' lang='lat' dir='ltr'><strong>Constantini</strong></span> <span class='ocrx_word' id='word_1_208' title='bbox 447 1456 504 1476; x_wconf 75' lang='lat' dir='ltr'><strong>aevo</strong></span> <span class='ocrx_word' id='word_1_209' title='bbox 526 1449 644 1484; x_wconf 62' lang='lat' dir='ltr'><strong>coepisse</strong></span> <span class='ocrx_word' id='word_1_210' title='bbox 667 1450 805 1484; x_wconf 88' lang='lat' dir='ltr'><strong>usurpari.</strong></span> <span class='ocrx_word' id='word_1_211' title='bbox 822 1458 832 1475; x_wconf 84' lang='grc'><strong><em>‹</em></strong></span> <span class='ocrx_word' id='word_1_212' title='bbox 850 1449 918 1476; x_wconf 89' lang='lat' dir='ltr'><strong>Cum</strong></span> 
     </span>
    </p>
   </div>
   <div class='ocr_carea' id='block_1_32' title="bbox 130 1495 920 1530">
    <p class='ocr_par' dir='ltr' id='par_1_32' title="bbox 130 1495 920 1530">
     <span class='ocr_line' id='line_1_32' title="bbox 130 1495 920 1530; baseline 0 -8"><span class='ocrx_word' id='word_1_213' title='bbox 130 1495 215 1527; x_wconf 90' lang='lat' dir='ltr'><strong>enim,</strong></span> <span class='ocrx_word' id='word_1_214' title='bbox 232 1495 330 1530; x_wconf 86' lang='lat' dir='ltr'><strong>inquit,</strong></span> <span class='ocrx_word' id='word_1_215' title='bbox 345 1496 434 1523; x_wconf 87' lang='lat' dir='ltr'><strong>tribus</strong></span> <span class='ocrx_word' id='word_1_216' title='bbox 447 1495 555 1523; x_wconf 58' lang='lat' dir='ltr'><strong>saeculis</strong></span> <span class='ocrx_word' id='word_1_217' title='bbox 571 1499 633 1530; x_wconf 88' lang='lat' dir='ltr'><strong>post</strong></span> <span class='ocrx_word' id='word_1_218' title='bbox 656 1496 796 1523; x_wconf 93' lang='lat' dir='ltr'><strong>Christum</strong></span> <span class='ocrx_word' id='word_1_219' title='bbox 825 1500 920 1523; x_wconf 89' lang='lat' dir='ltr'><strong>natum</strong></span> 
     </span>
    </p>
   </div>
   <div class='ocr_carea' id='block_1_33' title="bbox 130 1540 920 1576">
    <p class='ocr_par' dir='ltr' id='par_1_33' title="bbox 130 1540 920 1576">
     <span class='ocr_line' id='line_1_33' title="bbox 130 1540 920 1576; baseline 0 -8"><span class='ocrx_word' id='word_1_220' title='bbox 130 1541 159 1568; x_wconf 86' lang='lat' dir='ltr'><strong>ln</strong></span> <span class='ocrx_word' id='word_1_221' title='bbox 171 1540 303 1568; x_wconf 79' lang='lat' dir='ltr'><strong>Romanis</strong></span> <span class='ocrx_word' id='word_1_222' title='bbox 311 1541 492 1576; x_wconf 81' lang='lat' dir='ltr'><strong>scriptoribus</strong></span> <span class='ocrx_word' id='word_1_223' title='bbox 507 1549 640 1576; x_wconf 81' lang='lat' dir='ltr'><strong>nusquam</strong></span> <span class='ocrx_word' id='word_1_224' title='bbox 651 1541 920 1576; x_wconf 86' lang='lat' dir='ltr'><strong>reperiatur,quarto</strong></span> 
     </span>
    </p>
   </div>
   <div class='ocr_carea' id='block_1_34' title="bbox 129 1585 921 1620">
    <p class='ocr_par' dir='ltr' id='par_1_34' title="bbox 129 1585 921 1620">
     <span class='ocr_line' id='line_1_34' title="bbox 129 1585 921 1620; baseline 0.003 -8"><span class='ocrx_word' id='word_1_225' title='bbox 129 1589 159 1612; x_wconf 75' lang='lat' dir='ltr'><strong>et</strong></span> <span class='ocrx_word' id='word_1_226' title='bbox 173 1585 271 1612; x_wconf 89' lang='lat' dir='ltr'><strong>exinde</strong></span> <span class='ocrx_word' id='word_1_227' title='bbox 296 1586 398 1620; x_wconf 87' lang='lat' dir='ltr'><strong>passim</strong></span> <span class='ocrx_word' id='word_1_228' title='bbox 421 1586 552 1614; x_wconf 84' lang='lat' dir='ltr'><strong>occurrit.</strong></span> <span class='ocrx_word' id='word_1_229' title='bbox 572 1596 582 1612; x_wconf 78' lang='grc' dir='ltr'><strong><em>ι</em></strong></span> <span class='ocrx_word' id='word_1_230' title='bbox 602 1585 664 1614; x_wconf 64' lang='lat' dir='ltr'><strong>llaec</strong></span> <span class='ocrx_word' id='word_1_231' title='bbox 677 1595 710 1614; x_wconf 89' lang='lat' dir='ltr'><strong>ex</strong></span> <span class='ocrx_word' id='word_1_232' title='bbox 728 1587 921 1615; x_wconf 90' lang='lat' dir='ltr'><strong>observatione</strong></span> 
     </span>
    </p>
   </div>
   <div class='ocr_carea' id='block_1_35' title="bbox 133 1631 940 1668">
    <p class='ocr_par' dir='ltr' id='par_1_35' title="bbox 133 1631 940 1668">
     <span class='ocr_line' id='line_1_35' title="bbox 133 1631 940 1668; baseline 0.002 -10"><span class='ocrx_word' id='word_1_233' title='bbox 133 1631 259 1659; x_wconf 88' lang='lat' dir='ltr'><strong>Cesneri.</strong></span> <span class='ocrx_word' id='word_1_234' title='bbox 279 1631 379 1659; x_wconf 78' lang='lat' dir='ltr'><strong>Verum</strong></span> <span class='ocrx_word' id='word_1_235' title='bbox 394 1640 429 1660; x_wconf 87' lang='lat' dir='ltr'><strong>an</strong></span> <span class='ocrx_word' id='word_1_236' title='bbox 443 1636 506 1659; x_wconf 84' lang='lat' dir='ltr'><strong>ante</strong></span> <span class='ocrx_word' id='word_1_237' title='bbox 533 1637 657 1668; x_wconf 88' lang='lat' dir='ltr'><strong>tempora</strong></span> <span class='ocrx_word' id='word_1_238' title='bbox 674 1631 786 1667; x_wconf 85' lang='lat' dir='ltr'><strong>Trajani</strong></span> <span class='ocrx_word' id='word_1_239' title='bbox 810 1632 838 1660; x_wconf 93' lang='lat' dir='ltr'><strong>in</strong></span> <span class='ocrx_word' id='word_1_240' title='bbox 868 1640 921 1660; x_wconf 86' lang='lat' dir='ltr'><strong>usu</strong></span> <span class='ocrx_word' id='word_1_241' title='bbox 936 1648 940 1650; x_wconf 96' lang='lat'><strong>-</strong></span> 
     </span>
    </p>
   </div>
   <div class='ocr_carea' id='block_1_36' title="bbox 133 1677 921 1714">
    <p class='ocr_par' dir='ltr' id='par_1_36' title="bbox 133 1677 921 1714">
     <span class='ocr_line' id='line_1_36' title="bbox 133 1677 921 1714; baseline 0.003 -10"><span class='ocrx_word' id='word_1_242' title='bbox 133 1677 216 1704; x_wconf 81' lang='lat' dir='ltr'><strong>fuerit</strong></span> <span class='ocrx_word' id='word_1_243' title='bbox 227 1685 258 1705; x_wconf 88' lang='lat' dir='ltr'><strong>ea</strong></span> <span class='ocrx_word' id='word_1_244' title='bbox 275 1685 338 1711; x_wconf 92' lang='lat' dir='ltr'><strong>vox,</strong></span> <span class='ocrx_word' id='word_1_245' title='bbox 351 1678 385 1705; x_wconf 86' lang='lat' dir='ltr'><strong>ad</strong></span> <span class='ocrx_word' id='word_1_246' title='bbox 404 1686 455 1706; x_wconf 89' lang='lat' dir='ltr'><strong>nos</strong></span> <span class='ocrx_word' id='word_1_247' title='bbox 474 1685 529 1705; x_wconf 92' lang='lat' dir='ltr'><strong>non</strong></span> <span class='ocrx_word' id='word_1_248' title='bbox 553 1679 684 1714; x_wconf 84' lang='lat' dir='ltr'><strong>pertinet;</strong></span> <span class='ocrx_word' id='word_1_249' title='bbox 698 1678 824 1713; x_wconf 88' lang='lat' dir='ltr'><strong>quamvis</strong></span> <span class='ocrx_word' id='word_1_250' title='bbox 853 1679 921 1706; x_wconf 91' lang='lat' dir='ltr'><strong>mihi</strong></span> 
     </span>
    </p>
   </div>
   <div class='ocr_carea' id='block_1_37' title="bbox 133 1724 923 1760">
    <p class='ocr_par' dir='ltr' id='par_1_37' title="bbox 133 1724 923 1760">
     <span class='ocr_line' id='line_1_37' title="bbox 133 1724 923 1760; baseline 0.001 -9"><span class='ocrx_word' id='word_1_251' title='bbox 133 1724 248 1752; x_wconf 89' lang='lat' dir='ltr'><strong>dubium</strong></span> <span class='ocrx_word' id='word_1_252' title='bbox 263 1732 318 1752; x_wconf 93' lang='lat' dir='ltr'><strong>non</strong></span> <span class='ocrx_word' id='word_1_253' title='bbox 330 1725 365 1752; x_wconf 87' lang='lat' dir='ltr'><strong>sit</strong></span> <span class='ocrx_word' id='word_1_254' title='bbox 375 1725 441 1759; x_wconf 90' lang='lat' dir='ltr'><strong>quin</strong></span> <span class='ocrx_word' id='word_1_255' title='bbox 461 1725 508 1752; x_wconf 93' lang='lat' dir='ltr'><strong>diu</strong></span> <span class='ocrx_word' id='word_1_256' title='bbox 521 1730 584 1753; x_wconf 87' lang='lat' dir='ltr'><strong>ante</strong></span> <span class='ocrx_word' id='word_1_257' title='bbox 597 1730 728 1760; x_wconf 89' lang='lat' dir='ltr'><strong>usurpata</strong></span> <span class='ocrx_word' id='word_1_258' title='bbox 739 1725 786 1758; x_wconf 85' lang='lat' dir='ltr'><strong>sit,</strong></span> <span class='ocrx_word' id='word_1_259' title='bbox 803 1733 858 1753; x_wconf 92' lang='lat' dir='ltr'><strong>non</strong></span> <span class='ocrx_word' id='word_1_260' title='bbox 871 1725 923 1752; x_wconf 90' lang='lat' dir='ltr'><strong>mi-</strong></span> 
     </span>
    </p>
   </div>
   <div class='ocr_carea' id='block_1_38' title="bbox 134 1770 923 1807">
    <p class='ocr_par' dir='ltr' id='par_1_38' title="bbox 134 1770 923 1807">
     <span class='ocr_line' id='line_1_38' title="bbox 134 1770 923 1807; baseline 0.001 -10"><span class='ocrx_word' id='word_1_261' title='bbox 134 1778 187 1798; x_wconf 87' lang='lat' dir='ltr'><strong>nus</strong></span> <span class='ocrx_word' id='word_1_262' title='bbox 196 1779 277 1806; x_wconf 91' lang='lat' dir='ltr'><strong>quam</strong></span> <span class='ocrx_word' id='word_1_263' title='bbox 291 1770 534 1804; x_wconf 85' lang='lat' dir='ltr'><strong>Camelopardalis,</strong></span> <span class='ocrx_word' id='word_1_264' title='bbox 550 1776 598 1798; x_wconf 91' lang='lat' dir='ltr'><strong>aut</strong></span> <span class='ocrx_word' id='word_1_265' title='bbox 611 1771 801 1804; x_wconf 87' lang='lat' dir='ltr'><strong>Leocroeutta,</strong></span> <span class='ocrx_word' id='word_1_266' title='bbox 814 1771 848 1799; x_wconf 90' lang='lat' dir='ltr'><strong>de</strong></span> <span class='ocrx_word' id='word_1_267' title='bbox 862 1771 923 1807; x_wconf 88' lang='lat' dir='ltr'><strong>qui-</strong></span> 
     </span>
    </p>
   </div>
   <div class='ocr_carea' id='block_1_39' title="bbox 134 1815 924 1851">
    <p class='ocr_par' dir='ltr' id='par_1_39' title="bbox 134 1815 924 1851">
     <span class='ocr_line' id='line_1_39' title="bbox 134 1815 924 1851; baseline 0.001 -9"><span class='ocrx_word' id='word_1_268' title='bbox 134 1815 188 1843; x_wconf 86' lang='lat' dir='ltr'><strong>bus</strong></span> <span class='ocrx_word' id='word_1_269' title='bbox 206 1816 262 1851; x_wconf 87' lang='lat' dir='ltr'><strong>agit</strong></span> <span class='ocrx_word' id='word_1_270' title='bbox 277 1815 392 1844; x_wconf 89' lang='lat' dir='ltr'><strong>Plinius.</strong></span> <span class='ocrx_word' id='word_1_271' title='bbox 404 1816 482 1849; x_wconf 86' lang='lat' dir='ltr'><strong>Quod</strong></span> <span class='ocrx_word' id='word_1_272' title='bbox 497 1821 562 1843; x_wconf 91' lang='lat' dir='ltr'><strong>ante</strong></span> <span class='ocrx_word' id='word_1_273' title='bbox 574 1821 702 1851; x_wconf 88' lang='lat' dir='ltr'><strong>quartum</strong></span> <span class='ocrx_word' id='word_1_274' title='bbox 711 1817 842 1844; x_wconf 58' lang='lat' dir='ltr'><strong>sarculum</strong></span> <span class='ocrx_word' id='word_1_275' title='bbox 851 1816 924 1851; x_wconf 85' lang='lat' dir='ltr'><strong>apud</strong></span> 
     </span>
    </p>
   </div>
   <div class='ocr_carea' id='block_1_40' title="bbox 135 1861 925 1897">
    <p class='ocr_par' dir='ltr' id='par_1_40' title="bbox 135 1861 925 1897">
     <span class='ocr_line' id='line_1_40' title="bbox 135 1861 925 1897; baseline 0.001 -9"><span class='ocrx_word' id='word_1_276' title='bbox 135 1861 284 1896; x_wconf 83' lang='lat' dir='ltr'><strong>scriptores</strong></span> <span class='ocrx_word' id='word_1_277' title='bbox 303 1861 456 1895; x_wconf 87' lang='lat' dir='ltr'><strong>Romanos,</strong></span> <span class='ocrx_word' id='word_1_278' title='bbox 472 1870 543 1897; x_wconf 89' lang='lat' dir='ltr'><strong>quos</strong></span> <span class='ocrx_word' id='word_1_279' title='bbox 560 1862 664 1897; x_wconf 78' lang='lat' dir='ltr'><strong>legerat</strong></span> <span class='ocrx_word' id='word_1_280' title='bbox 687 1861 850 1895; x_wconf 85' lang='lat' dir='ltr'><strong>Bochartus,</strong></span> <span class='ocrx_word' id='word_1_281' title='bbox 869 1870 925 1890; x_wconf 89' lang='lat' dir='ltr'><strong>non</strong></span> 
     </span>
    </p>
   </div>
   <div class='ocr_carea' id='block_1_41' title="bbox 135 1909 924 1944">
    <p class='ocr_par' dir='ltr' id='par_1_41' title="bbox 135 1909 924 1944">
     <span class='ocr_line' id='line_1_41' title="bbox 135 1909 924 1944; baseline 0.001 -9"><span class='ocrx_word' id='word_1_282' title='bbox 135 1909 299 1943; x_wconf 87' lang='lat' dir='ltr'><strong>reperiatur,</strong></span> <span class='ocrx_word' id='word_1_283' title='bbox 316 1910 429 1937; x_wconf 89' lang='lat' dir='ltr'><strong>minime</strong></span> <span class='ocrx_word' id='word_1_284' title='bbox 450 1909 547 1944; x_wconf 90' lang='lat' dir='ltr'><strong>probat</strong></span> <span class='ocrx_word' id='word_1_285' title='bbox 561 1910 588 1936; x_wconf 91' lang='lat' dir='ltr'><strong>in</strong></span> <span class='ocrx_word' id='word_1_286' title='bbox 603 1917 653 1937; x_wconf 88' lang='lat' dir='ltr'><strong>usu</strong></span> <span class='ocrx_word' id='word_1_287' title='bbox 672 1917 727 1936; x_wconf 93' lang='lat' dir='ltr'><strong>non</strong></span> <span class='ocrx_word' id='word_1_288' title='bbox 744 1909 842 1942; x_wconf 80' lang='lat' dir='ltr'><strong>fuisse;</strong></span> <span class='ocrx_word' id='word_1_289' title='bbox 861 1909 924 1944; x_wconf 89' lang='lat' dir='ltr'><strong>plu-</strong></span> 
     </span>
    </p>
   </div>
   <div class='ocr_carea' id='block_1_42' title="bbox 136 1957 925 1994">
    <p class='ocr_par' dir='ltr' id='par_1_42' title="bbox 136 1957 925 1994">
     <span class='ocr_line' id='line_1_42' title="bbox 136 1957 925 1994; baseline 0.003 -10"><span class='ocrx_word' id='word_1_290' title='bbox 136 1957 259 1985; x_wconf 86' lang='lat' dir='ltr'><strong>resenim</strong></span> <span class='ocrx_word' id='word_1_291' title='bbox 270 1958 416 1993; x_wconf 88' lang='lat' dir='ltr'><strong>scriptorcs</strong></span> <span class='ocrx_word' id='word_1_292' title='bbox 425 1966 519 1986; x_wconf 90' lang='lat' dir='ltr'><strong>eorum</strong></span> <span class='ocrx_word' id='word_1_293' title='bbox 533 1962 685 1994; x_wconf 85' lang='lat' dir='ltr'><strong>temporum</strong></span> <span class='ocrx_word' id='word_1_294' title='bbox 695 1959 834 1994; x_wconf 88' lang='lat' dir='ltr'><strong>perierunt</strong></span> <span class='ocrx_word' id='word_1_295' title='bbox 842 1967 925 1994; x_wconf 90' lang='lat' dir='ltr'><strong>quam</strong></span> 
     </span>
    </p>
   </div>
   <div class='ocr_carea' id='block_1_43' title="bbox 138 2005 924 2040">
    <p class='ocr_par' dir='ltr' id='par_1_43' title="bbox 138 2005 924 2040">
     <span class='ocr_line' id='line_1_43' title="bbox 138 2005 924 2040; baseline 0.001 -9"><span class='ocrx_word' id='word_1_296' title='bbox 138 2009 286 2038; x_wconf 89' lang='lat' dir='ltr'><strong>supersunt</strong></span> <span class='ocrx_word' id='word_1_297' title='bbox 300 2013 307 2037; x_wconf 88' lang='lat'><strong>;</strong></span> <span class='ocrx_word' id='word_1_298' title='bbox 324 2005 408 2040; x_wconf 88' lang='lat' dir='ltr'><strong>aliqui</strong></span> <span class='ocrx_word' id='word_1_299' title='bbox 423 2005 540 2033; x_wconf 81' lang='lat' dir='ltr'><strong>fortasse</strong></span> <span class='ocrx_word' id='word_1_300' title='bbox 554 2009 674 2038; x_wconf 90' lang='lat' dir='ltr'><strong>exstant,</strong></span> <span class='ocrx_word' id='word_1_301' title='bbox 703 2013 773 2040; x_wconf 90' lang='lat' dir='ltr'><strong>quos</strong></span> <span class='ocrx_word' id='word_1_302' title='bbox 801 2005 848 2033; x_wconf 89' lang='lat' dir='ltr'><strong>ille</strong></span> <span class='ocrx_word' id='word_1_303' title='bbox 869 2013 924 2033; x_wconf 91' lang='lat' dir='ltr'><strong>non</strong></span> 
     </span>
    </p>
   </div>
   <div class='ocr_carea' id='block_1_44' title="bbox 138 2049 926 2086">
    <p class='ocr_par' dir='ltr' id='par_1_44' title="bbox 138 2049 926 2086">
     <span class='ocr_line' id='line_1_44' title="bbox 138 2049 926 2086; baseline 0.003 -10"><span class='ocrx_word' id='word_1_304' title='bbox 138 2049 218 2083; x_wconf 78' lang='lat' dir='ltr'><strong>legit;</strong></span> <span class='ocrx_word' id='word_1_305' title='bbox 236 2050 332 2085; x_wconf 88' lang='lat' dir='ltr'><strong>aliqui,</strong></span> <span class='ocrx_word' id='word_1_306' title='bbox 347 2059 416 2086; x_wconf 88' lang='lat' dir='ltr'><strong>quos</strong></span> <span class='ocrx_word' id='word_1_307' title='bbox 434 2051 548 2079; x_wconf 88' lang='lat' dir='ltr'><strong>credidit</strong></span> <span class='ocrx_word' id='word_1_308' title='bbox 562 2055 624 2086; x_wconf 87' lang='lat' dir='ltr'><strong>post</strong></span> <span class='ocrx_word' id='word_1_309' title='bbox 633 2051 844 2078; x_wconf 87' lang='lat' dir='ltr'><strong>Constantinum</strong></span> <span class='ocrx_word' id='word_1_310' title='bbox 857 2051 926 2078; x_wconf 90' lang='lat' dir='ltr'><strong>scri-</strong></span> 
     </span>
    </p>
   </div>
   <div class='ocr_carea' id='block_1_45' title="bbox 138 2095 927 2132">
    <p class='ocr_par' dir='ltr' id='par_1_45' title="bbox 138 2095 927 2132">
     <span class='ocr_line' id='line_1_45' title="bbox 138 2095 927 2132; baseline 0.003 -10"><span class='ocrx_word' id='word_1_311' title='bbox 138 2096 237 2130; x_wconf 85' lang='lat' dir='ltr'><strong>psisse,</strong></span> <span class='ocrx_word' id='word_1_312' title='bbox 253 2095 323 2123; x_wconf 74' lang='lat' dir='ltr'><strong>forte</strong></span> <span class='ocrx_word' id='word_1_313' title='bbox 335 2101 397 2124; x_wconf 85' lang='lat' dir='ltr'><strong>ante</strong></span> <span class='ocrx_word' id='word_1_314' title='bbox 413 2105 476 2124; x_wconf 86' lang='lat' dir='ltr'><strong>eum</strong></span> <span class='ocrx_word' id='word_1_315' title='bbox 490 2097 674 2132; x_wconf 87' lang='lat' dir='ltr'><strong>scripserunt;</strong></span> <span class='ocrx_word' id='word_1_316' title='bbox 699 2097 783 2132; x_wconf 87' lang='lat' dir='ltr'><strong>aliqui</strong></span> <span class='ocrx_word' id='word_1_317' title='bbox 808 2097 856 2132; x_wconf 88' lang='lat' dir='ltr'><strong>qui</strong></span> <span class='ocrx_word' id='word_1_318' title='bbox 875 2097 927 2124; x_wconf 92' lang='lat' dir='ltr'><strong>sub</strong></span> 
     </span>
    </p>
   </div>
   <div class='ocr_carea' id='block_1_46' title="bbox 139 2141 927 2177">
    <p class='ocr_par' dir='ltr' id='par_1_46' title="bbox 139 2141 927 2177">
     <span class='ocr_line' id='line_1_46' title="bbox 139 2141 927 2177; baseline 0 -9"><span class='ocrx_word' id='word_1_319' title='bbox 139 2148 172 2168; x_wconf 89' lang='lat' dir='ltr'><strong>eo</strong></span> <span class='ocrx_word' id='word_1_320' title='bbox 183 2142 366 2169; x_wconf 87' lang='lat' dir='ltr'><strong>meminerunt</strong></span> <span class='ocrx_word' id='word_1_321' title='bbox 387 2142 463 2169; x_wconf 87' lang='lat' dir='ltr'><strong>vocis</strong></span> <span class='ocrx_word' id='word_1_322' title='bbox 480 2141 627 2177; x_wconf 86' lang='lat' dir='ltr'><strong>Leopardi,</strong></span> <span class='ocrx_word' id='word_1_323' title='bbox 651 2142 806 2177; x_wconf 83' lang='lat' dir='ltr'><strong>signiﬁcare</strong></span> <span class='ocrx_word' id='word_1_324' title='bbox 828 2147 927 2177; x_wconf 90' lang='lat' dir='ltr'><strong>potue-</strong></span> 
     </span>
    </p>
   </div>
   <div class='ocr_carea' id='block_1_47' title="bbox 139 2188 928 2223">
    <p class='ocr_par' dir='ltr' id='par_1_47' title="bbox 139 2188 928 2223">
     <span class='ocr_line' id='line_1_47' title="bbox 139 2188 928 2223; baseline 0 -9"><span class='ocrx_word' id='word_1_325' title='bbox 139 2192 273 2215; x_wconf 83' lang='lat' dir='ltr'><strong>runteam</strong></span> <span class='ocrx_word' id='word_1_326' title='bbox 292 2195 387 2215; x_wconf 87' lang='lat' dir='ltr'><strong>vocem</strong></span> <span class='ocrx_word' id='word_1_327' title='bbox 401 2188 522 2223; x_wconf 89' lang='lat' dir='ltr'><strong>ipsorum</strong></span> <span class='ocrx_word' id='word_1_328' title='bbox 547 2192 625 2216; x_wconf 70' lang='lat' dir='ltr'><strong>aetate</strong></span> <span class='ocrx_word' id='word_1_329' title='bbox 651 2188 730 2223; x_wconf 87' lang='lat' dir='ltr'><strong>longe</strong></span> <span class='ocrx_word' id='word_1_330' title='bbox 745 2188 928 2223; x_wconf 87' lang='lat' dir='ltr'><strong>antiquiorem</strong></span> 
     </span>
    </p>
   </div>
   <div class='ocr_carea' id='block_1_48' title="bbox 961 239 1769 276">
    <p class='ocr_par' dir='ltr' id='par_1_48' title="bbox 961 239 1769 276">
     <span class='ocr_line' id='line_1_48' title="bbox 961 239 1769 276; baseline 0.002 -10"><span class='ocrx_word' id='word_1_331' title='bbox 961 239 1013 267; x_wconf 89' lang='lat' dir='ltr'><strong>bus</strong></span> <span class='ocrx_word' id='word_1_332' title='bbox 1026 240 1207 275; x_wconf 90' lang='lat' dir='ltr'><strong>antiquiorem</strong></span> <span class='ocrx_word' id='word_1_333' title='bbox 1229 248 1291 268; x_wconf 84' lang='lat' dir='ltr'><strong>eam</strong></span> <span class='ocrx_word' id='word_1_334' title='bbox 1319 241 1404 268; x_wconf 83' lang='lat' dir='ltr'><strong>fuisse</strong></span> <span class='ocrx_word' id='word_1_335' title='bbox 1420 245 1561 276; x_wconf 78' lang='lat' dir='ltr'><strong>agnoscat.</strong></span> <span class='ocrx_word' id='word_1_336' title='bbox 1590 240 1655 268; x_wconf 67' lang='lat' dir='ltr'><strong>Haec</strong></span> <span class='ocrx_word' id='word_1_337' title='bbox 1680 241 1769 268; x_wconf 85' lang='lat' dir='ltr'><strong>enim</strong></span> 
     </span>
    </p>
   </div>
   <div class='ocr_carea' id='block_1_49' title="bbox 961 285 1770 314">
    <p class='ocr_par' dir='ltr' id='par_1_49' title="bbox 961 285 1770 314">
     <span class='ocr_line' id='line_1_49' title="bbox 961 285 1770 314; baseline 0.001 -1"><span class='ocrx_word' id='word_1_338' title='bbox 961 285 1044 313; x_wconf 89' lang='lat' dir='ltr'><strong>habet</strong></span> <span class='ocrx_word' id='word_1_339' title='bbox 1065 286 1094 313; x_wconf 92' lang='lat' dir='ltr'><strong>in</strong></span> <span class='ocrx_word' id='word_1_340' title='bbox 1107 285 1169 314; x_wconf 86' lang='lat' dir='ltr'><strong>Vita</strong></span> <span class='ocrx_word' id='word_1_341' title='bbox 1183 287 1314 314; x_wconf 84' lang='lat' dir='ltr'><strong>Antonini</strong></span> <span class='ocrx_word' id='word_1_342' title='bbox 1335 287 1423 314; x_wconf 73' lang='lat' dir='ltr'><strong>Getae:</strong></span> <span class='ocrx_word' id='word_1_343' title='bbox 1445 296 1454 313; x_wconf 80' lang='grc' dir='ltr'>ι</span> <span class='ocrx_word' id='word_1_344' title='bbox 1471 287 1617 314; x_wconf 86' lang='lat' dir='ltr'><strong>Familiare</strong></span> <span class='ocrx_word' id='word_1_345' title='bbox 1637 287 1679 314; x_wconf 80' lang='lat' dir='ltr'><strong>illi</strong></span> <span class='ocrx_word' id='word_1_346' title='bbox 1710 286 1770 314; x_wconf 82' lang='lat' dir='ltr'><strong>fuit</strong></span> 
     </span>
    </p>
   </div>
   <div class='ocr_carea' id='block_1_50' title="bbox 962 332 1769 368">
    <p class='ocr_par' dir='ltr' id='par_1_50' title="bbox 962 332 1769 368">
     <span class='ocr_line' id='line_1_50' title="bbox 962 332 1769 368; baseline 0 -9"><span class='ocrx_word' id='word_1_347' title='bbox 962 332 1012 360; x_wconf 89' lang='lat' dir='ltr'><strong>has</strong></span> <span class='ocrx_word' id='word_1_348' title='bbox 1027 333 1194 368; x_wconf 60' lang='lat' dir='ltr'><strong>quwstiones</strong></span> <span class='ocrx_word' id='word_1_349' title='bbox 1204 333 1389 368; x_wconf 79' lang='lat' dir='ltr'><strong>grammaticis</strong></span> <span class='ocrx_word' id='word_1_350' title='bbox 1402 341 1560 368; x_wconf 87' lang='lat' dir='ltr'><strong>proponere,</strong></span> <span class='ocrx_word' id='word_1_351' title='bbox 1574 339 1604 361; x_wconf 94' lang='lat' dir='ltr'><strong>ut</strong></span> <span class='ocrx_word' id='word_1_352' title='bbox 1617 334 1769 365; x_wconf 89' lang='lat' dir='ltr'><strong>dicerent,</strong></span> 
     </span>
    </p>
   </div>
   <div class='ocr_carea' id='block_1_51' title="bbox 962 379 1770 415">
    <p class='ocr_par' dir='ltr' id='par_1_51' title="bbox 962 379 1770 415">
     <span class='ocr_line' id='line_1_51' title="bbox 962 379 1770 415; baseline -0.001 -9"><span class='ocrx_word' id='word_1_353' title='bbox 962 379 1069 414; x_wconf 82' lang='lat' dir='ltr'><strong>singula</strong></span> <span class='ocrx_word' id='word_1_354' title='bbox 1083 379 1211 407; x_wconf 88' lang='lat' dir='ltr'><strong>animalia</strong></span> <span class='ocrx_word' id='word_1_355' title='bbox 1226 380 1365 415; x_wconf 88' lang='lat' dir='ltr'><strong>quomodo</strong></span> <span class='ocrx_word' id='word_1_356' title='bbox 1376 388 1469 408; x_wconf 92' lang='lat' dir='ltr'><strong>vocem</strong></span> <span class='ocrx_word' id='word_1_357' title='bbox 1480 380 1648 412; x_wconf 86' lang='lat' dir='ltr'><strong>emitterent,</strong></span> <span class='ocrx_word' id='word_1_358' title='bbox 1668 380 1770 412; x_wconf 81' lang='lat' dir='ltr'><strong>velut,</strong></span> 
     </span>
    </p>
   </div>
   <div class='ocr_carea' id='block_1_52' title="bbox 962 426 1771 462">
    <p class='ocr_par' dir='ltr' id='par_1_52' title="bbox 962 426 1771 462">
     <span class='ocr_line' id='line_1_52' title="bbox 962 426 1771 462; baseline 0 -9"><span class='ocrx_word' id='word_1_359' title='bbox 962 426 1024 462; x_wconf 83' lang='lat' dir='ltr'><strong>agni</strong></span> <span class='ocrx_word' id='word_1_360' title='bbox 1048 426 1162 459; x_wconf 84' lang='lat' dir='ltr'><strong>balant,</strong></span> <span class='ocrx_word' id='word_1_361' title='bbox 1182 426 1293 462; x_wconf 88' lang='lat' dir='ltr'><strong>porcelli</strong></span> <span class='ocrx_word' id='word_1_362' title='bbox 1319 427 1461 461; x_wconf 82' lang='lat' dir='ltr'><strong>gruniunt,</strong></span> <span class='ocrx_word' id='word_1_363' title='bbox 1479 427 1621 461; x_wconf 88' lang='lat' dir='ltr'><strong>palumbes</strong></span> <span class='ocrx_word' id='word_1_364' title='bbox 1644 426 1771 454; x_wconf 89' lang='lat' dir='ltr'><strong>minur-</strong></span> 
     </span>
    </p>
   </div>
   <div class='ocr_carea' id='block_1_53' title="bbox 963 472 1770 508">
    <p class='ocr_par' dir='ltr' id='par_1_53' title="bbox 963 472 1770 508">
     <span class='ocr_line' id='line_1_53' title="bbox 963 472 1770 508; baseline -0.002 -8"><span class='ocrx_word' id='word_1_365' title='bbox 963 472 1048 506; x_wconf 89' lang='lat' dir='ltr'><strong>riunt,</strong></span> <span class='ocrx_word' id='word_1_366' title='bbox 1061 473 1116 500; x_wconf 91' lang='lat' dir='ltr'><strong>ursi</strong></span> <span class='ocrx_word' id='word_1_367' title='bbox 1125 473 1251 506; x_wconf 63' lang='lat' dir='ltr'><strong>saeviunt,</strong></span> <span class='ocrx_word' id='word_1_368' title='bbox 1267 473 1361 500; x_wconf 88' lang='lat' dir='ltr'><strong>leones</strong></span> <span class='ocrx_word' id='word_1_369' title='bbox 1373 472 1625 508; x_wconf 87' lang='lat' dir='ltr'><strong>rugiunt,leopardi</strong></span> <span class='ocrx_word' id='word_1_370' title='bbox 1640 473 1770 505; x_wconf 80' lang='lat' dir='ltr'><strong>rictant,</strong></span> 
     </span>
    </p>
   </div>
   <div class='ocr_carea' id='block_1_54' title="bbox 963 520 1770 555">
    <p class='ocr_par' dir='ltr' id='par_1_54' title="bbox 963 520 1770 555">
     <span class='ocr_line' id='line_1_54' title="bbox 963 520 1770 555; baseline -0.001 -8"><span class='ocrx_word' id='word_1_371' title='bbox 963 520 1099 555; x_wconf 85' lang='lat' dir='ltr'><strong>elephanti</strong></span> <span class='ocrx_word' id='word_1_372' title='bbox 1115 520 1250 553; x_wconf 90' lang='lat' dir='ltr'><strong>barriunt,</strong></span> <span class='ocrx_word' id='word_1_373' title='bbox 1279 527 1352 547; x_wconf 58' lang='lat' dir='ltr'><strong>rana).</strong></span> <span class='ocrx_word' id='word_1_374' title='bbox 1380 524 1514 553; x_wconf 85' lang='lat' dir='ltr'><strong>coaxant,</strong></span> <span class='ocrx_word' id='word_1_375' title='bbox 1532 520 1595 555; x_wconf 87' lang='lat' dir='ltr'><strong>equi</strong></span> <span class='ocrx_word' id='word_1_376' title='bbox 1611 520 1770 552; x_wconf 86' lang='lat' dir='ltr'><strong>hinniunt,</strong></span> 
     </span>
    </p>
   </div>
   <div class='ocr_carea' id='block_1_55' title="bbox 964 565 1770 602">
    <p class='ocr_par' dir='ltr' id='par_1_55' title="bbox 964 565 1770 602">
     <span class='ocr_line' id='line_1_55' title="bbox 964 565 1770 602; baseline -0.002 -8"><span class='ocrx_word' id='word_1_377' title='bbox 964 566 1034 594; x_wconf 87' lang='lat' dir='ltr'><strong>asini</strong></span> <span class='ocrx_word' id='word_1_378' title='bbox 1052 566 1164 600; x_wconf 87' lang='lat' dir='ltr'><strong>rodunt,</strong></span> <span class='ocrx_word' id='word_1_379' title='bbox 1185 566 1257 593; x_wconf 88' lang='lat' dir='ltr'><strong>tauri</strong></span> <span class='ocrx_word' id='word_1_380' title='bbox 1279 566 1416 602; x_wconf 75' lang='lat' dir='ltr'><strong>mugiunt,</strong></span> <span class='ocrx_word' id='word_1_381' title='bbox 1444 574 1545 601; x_wconf 85' lang='lat' dir='ltr'><strong>easque</strong></span> <span class='ocrx_word' id='word_1_382' title='bbox 1562 566 1596 593; x_wconf 88' lang='lat' dir='ltr'><strong>de</strong></span> <span class='ocrx_word' id='word_1_383' title='bbox 1614 565 1770 593; x_wconf 83' lang='lat' dir='ltr'><strong>veteribus</strong></span> 
     </span>
    </p>
   </div>
   <div class='ocr_carea' id='block_1_56' title="bbox 964 612 1771 648">
    <p class='ocr_par' dir='ltr' id='par_1_56' title="bbox 964 612 1771 648">
     <span class='ocr_line' id='line_1_56' title="bbox 964 612 1771 648; baseline 0 -9"><span class='ocrx_word' id='word_1_384' title='bbox 964 613 1118 648; x_wconf 83' lang='lat' dir='ltr'><strong>approbare</strong></span> <span class='ocrx_word' id='word_1_385' title='bbox 1130 633 1137 645; x_wconf 90' lang='lat'><strong>,</strong></span> <span class='ocrx_word' id='word_1_386' title='bbox 1155 613 1198 640; x_wconf 89' lang='lat' dir='ltr'><strong>vel</strong></span> <span class='ocrx_word' id='word_1_387' title='bbox 1226 613 1418 648; x_wconf 87' lang='lat' dir='ltr'><strong>approbarent.</strong></span> <span class='ocrx_word' id='word_1_388' title='bbox 1437 622 1446 638; x_wconf 71' lang='grc' dir='ltr'>ι</span> <span class='ocrx_word' id='word_1_389' title='bbox 1477 612 1642 648; x_wconf 85' lang='lat' dir='ltr'><strong>Spartianus</strong></span> <span class='ocrx_word' id='word_1_390' title='bbox 1663 612 1771 647; x_wconf 84' lang='lat' dir='ltr'><strong>itaque</strong></span> 
     </span>
    </p>
   </div>
   <div class='ocr_carea' id='block_1_57' title="bbox 966 658 1771 694">
    <p class='ocr_par' dir='ltr' id='par_1_57' title="bbox 966 658 1771 694">
     <span class='ocr_line' id='line_1_57' title="bbox 966 658 1771 694; baseline -0.001 -7"><span class='ocrx_word' id='word_1_391' title='bbox 966 659 1018 686; x_wconf 80' lang='grc'><strong>100</strong></span> <span class='ocrx_word' id='word_1_392' title='bbox 1034 664 1097 687; x_wconf 88' lang='lat' dir='ltr'><strong>ante</strong></span> <span class='ocrx_word' id='word_1_393' title='bbox 1111 659 1324 687; x_wconf 89' lang='lat' dir='ltr'><strong>Constantinum</strong></span> <span class='ocrx_word' id='word_1_394' title='bbox 1337 659 1417 687; x_wconf 90' lang='lat' dir='ltr'><strong>annis</strong></span> <span class='ocrx_word' id='word_1_395' title='bbox 1429 658 1524 687; x_wconf 88' lang='lat' dir='ltr'><strong>Getam</strong></span> <span class='ocrx_word' id='word_1_396' title='bbox 1539 667 1553 686; x_wconf 90' lang='lat' dir='ltr'><strong>a</strong></span> <span class='ocrx_word' id='word_1_397' title='bbox 1565 659 1771 694; x_wconf 75' lang='lat' dir='ltr'><strong>grammaticis</strong></span> 
     </span>
    </p>
   </div>
   <div class='ocr_carea' id='block_1_58' title="bbox 965 704 1771 740">
    <p class='ocr_par' dir='ltr' id='par_1_58' title="bbox 965 704 1771 740">
     <span class='ocr_line' id='line_1_58' title="bbox 965 704 1771 740; baseline -0.001 -8"><span class='ocrx_word' id='word_1_398' title='bbox 965 705 1128 740; x_wconf 68' lang='lat' dir='ltr'><strong>quaesivisse</strong></span> <span class='ocrx_word' id='word_1_399' title='bbox 1147 705 1289 739; x_wconf 90' lang='lat' dir='ltr'><strong>ostendit,</strong></span> <span class='ocrx_word' id='word_1_400' title='bbox 1312 713 1347 733; x_wconf 83' lang='lat' dir='ltr'><strong>an</strong></span> <span class='ocrx_word' id='word_1_401' title='bbox 1379 705 1516 740; x_wconf 87' lang='lat' dir='ltr'><strong>leopardis</strong></span> <span class='ocrx_word' id='word_1_402' title='bbox 1535 705 1712 732; x_wconf 71' lang='lat' dir='ltr'><strong>conveniret.</strong></span> <span class='ocrx_word' id='word_1_403' title='bbox 1728 704 1771 731; x_wconf 85' lang='lat' dir='ltr'><strong>ri-</strong></span> 
     </span>
    </p>
   </div>
   <div class='ocr_carea' id='block_1_59' title="bbox 965 751 1770 787">
    <p class='ocr_par' dir='ltr' id='par_1_59' title="bbox 965 751 1770 787">
     <span class='ocr_line' id='line_1_59' title="bbox 965 751 1770 787; baseline -0.001 -8"><span class='ocrx_word' id='word_1_404' title='bbox 965 756 1051 784; x_wconf 87' lang='lat' dir='ltr'><strong>ctare,</strong></span> <span class='ocrx_word' id='word_1_405' title='bbox 1066 756 1092 779; x_wconf 91' lang='lat' dir='ltr'><strong>et</strong></span> <span class='ocrx_word' id='word_1_406' title='bbox 1102 752 1215 787; x_wconf 87' lang='lat' dir='ltr'><strong>quinam</strong></span> <span class='ocrx_word' id='word_1_407' title='bbox 1229 760 1262 779; x_wconf 87' lang='lat' dir='ltr'><strong>ex</strong></span> <span class='ocrx_word' id='word_1_408' title='bbox 1281 752 1418 780; x_wconf 88' lang='lat' dir='ltr'><strong>veteribus</strong></span> <span class='ocrx_word' id='word_1_409' title='bbox 1430 759 1491 779; x_wconf 90' lang='lat' dir='ltr'><strong>eam</strong></span> <span class='ocrx_word' id='word_1_410' title='bbox 1507 759 1602 779; x_wconf 89' lang='lat' dir='ltr'><strong>vocem</strong></span> <span class='ocrx_word' id='word_1_411' title='bbox 1617 751 1770 787; x_wconf 88' lang='lat' dir='ltr'><strong>leopardis</strong></span> 
     </span>
    </p>
   </div>
   <div class='ocr_carea' id='block_1_60' title="bbox 966 798 1767 834">
    <p class='ocr_par' dir='ltr' id='par_1_60' title="bbox 966 798 1767 834">
     <span class='ocr_line' id='line_1_60' title="bbox 966 798 1767 834; baseline -0.001 -8"><span class='ocrx_word' id='word_1_412' title='bbox 966 799 1138 827; x_wconf 88' lang='lat' dir='ltr'><strong>tribuissent.</strong></span> <span class='ocrx_word' id='word_1_413' title='bbox 1163 798 1236 827; x_wconf 87' lang='lat' dir='ltr'><strong>Satis</strong></span> <span class='ocrx_word' id='word_1_414' title='bbox 1258 799 1342 834; x_wconf 80' lang='lat' dir='ltr'><strong>igitur</strong></span> <span class='ocrx_word' id='word_1_415' title='bbox 1372 798 1485 833; x_wconf 85' lang='lat' dir='ltr'><strong>antiqua</strong></span> <span class='ocrx_word' id='word_1_416' title='bbox 1514 806 1566 825; x_wconf 87' lang='lat' dir='ltr'><strong>vox</strong></span> <span class='ocrx_word' id='word_1_417' title='bbox 1595 798 1767 833; x_wconf 88' lang='lat' dir='ltr'><strong>leopardus.</strong></span> 
     </span>
    </p>
   </div>
   <div class='ocr_carea' id='block_1_61' title="bbox 966 843 1768 877">
    <p class='ocr_par' dir='ltr' id='par_1_61' title="bbox 966 843 1768 877">
     <span class='ocr_line' id='line_1_61' title="bbox 966 843 1768 877; baseline -0.001 -6"><span class='ocrx_word' id='word_1_418' title='bbox 966 844 1138 872; x_wconf 85' lang='lat' dir='ltr'><strong>Glossarium</strong></span> <span class='ocrx_word' id='word_1_419' title='bbox 1163 848 1250 877; x_wconf 89' lang='lat' dir='ltr'><strong>vetus,</strong></span> <span class='ocrx_word' id='word_1_420' title='bbox 1268 844 1320 871; x_wconf 89' lang='lat' dir='ltr'><strong>sub</strong></span> <span class='ocrx_word' id='word_1_421' title='bbox 1343 843 1483 871; x_wconf 86' lang='lat' dir='ltr'><strong>Benedicti</strong></span> <span class='ocrx_word' id='word_1_422' title='bbox 1511 844 1622 871; x_wconf 90' lang='lat' dir='ltr'><strong>nomine</strong></span> <span class='ocrx_word' id='word_1_423' title='bbox 1640 843 1768 876; x_wconf 87' lang='lat' dir='ltr'><strong>editum,</strong></span> 
     </span>
    </p>
   </div>
   <div class='ocr_carea' id='block_1_62' title="bbox 967 888 1769 924">
    <p class='ocr_par' dir='ltr' id='par_1_62' title="bbox 967 888 1769 924">
     <span class='ocr_line' id='line_1_62' title="bbox 967 888 1769 924; baseline -0.001 -8"><span class='ocrx_word' id='word_1_424' title='bbox 967 890 1080 917; x_wconf 83' lang='lat' dir='ltr'><strong>omnino</strong></span> <span class='ocrx_word' id='word_1_425' title='bbox 1095 890 1202 917; x_wconf 86' lang='lat' dir='ltr'><strong>videtur</strong></span> <span class='ocrx_word' id='word_1_426' title='bbox 1210 889 1384 917; x_wconf 83' lang='lat' dir='ltr'><strong>Constantini</strong></span> <span class='ocrx_word' id='word_1_427' title='bbox 1400 889 1514 924; x_wconf 89' lang='lat' dir='ltr'><strong>imperio</strong></span> <span class='ocrx_word' id='word_1_428' title='bbox 1528 888 1601 916; x_wconf 88' lang='lat' dir='ltr'><strong>haud</strong></span> <span class='ocrx_word' id='word_1_429' title='bbox 1613 888 1702 923; x_wconf 88' lang='lat' dir='ltr'><strong>paulo</strong></span> <span class='ocrx_word' id='word_1_430' title='bbox 1715 896 1769 916; x_wconf 84' lang='lat' dir='ltr'><strong>an-</strong></span> 
     </span>
    </p>
   </div>
   <div class='ocr_carea' id='block_1_63' title="bbox 967 934 1768 972">
    <p class='ocr_par' dir='ltr' id='par_1_63' title="bbox 967 934 1768 972">
     <span class='ocr_line' id='line_1_63' title="bbox 967 934 1768 972; baseline -0.001 -8"><span class='ocrx_word' id='word_1_431' title='bbox 967 936 1082 972; x_wconf 89' lang='lat' dir='ltr'><strong>tiquius,</strong></span> <span class='ocrx_word' id='word_1_432' title='bbox 1095 937 1121 964; x_wconf 92' lang='lat' dir='ltr'><strong>in</strong></span> <span class='ocrx_word' id='word_1_433' title='bbox 1133 945 1188 972; x_wconf 92' lang='lat' dir='ltr'><strong>quo</strong></span> <span class='ocrx_word' id='word_1_434' title='bbox 1198 937 1312 972; x_wconf 81' lang='lat' dir='ltr'><strong>legimus</strong></span> <span class='ocrx_word' id='word_1_435' title='bbox 1323 944 1328 962; x_wconf 95' lang='lat'>:</span> <span class='ocrx_word' id='word_1_436' title='bbox 1339 935 1508 971; x_wconf 87' lang='lat' dir='ltr'><strong>Leopardus,</strong></span> <span class='ocrx_word' id='word_1_437' title='bbox 1519 935 1663 971; x_wconf 74' lang='grc' dir='ltr'>πάρδαλις.</span> <span class='ocrx_word' id='word_1_438' title='bbox 1678 934 1768 963; x_wconf 88' lang='lat' dir='ltr'><strong>Pom-</strong></span> 
     </span>
    </p>
   </div>
   <div class='ocr_carea' id='block_1_64' title="bbox 966 981 1768 1019">
    <p class='ocr_par' dir='ltr' id='par_1_64' title="bbox 966 981 1768 1019">
     <span class='ocr_line' id='line_1_64' title="bbox 966 981 1768 1019; baseline -0.002 -9"><span class='ocrx_word' id='word_1_439' title='bbox 966 983 1046 1019; x_wconf 88' lang='lat' dir='ltr'><strong>peius</strong></span> <span class='ocrx_word' id='word_1_440' title='bbox 1059 982 1168 1016; x_wconf 89' lang='lat' dir='ltr'><strong>Festus,</strong></span> <span class='ocrx_word' id='word_1_441' title='bbox 1186 983 1338 1018; x_wconf 74' lang='lat' dir='ltr'><strong>«Bigenera</strong></span> <span class='ocrx_word' id='word_1_442' title='bbox 1350 983 1480 1010; x_wconf 88' lang='lat' dir='ltr'><strong>dicuntur</strong></span> <span class='ocrx_word' id='word_1_443' title='bbox 1499 982 1630 1010; x_wconf 87' lang='lat' dir='ltr'><strong>animalia</strong></span> <span class='ocrx_word' id='word_1_444' title='bbox 1649 990 1687 1009; x_wconf 88' lang='lat' dir='ltr'><strong>ex</strong></span> <span class='ocrx_word' id='word_1_445' title='bbox 1723 981 1768 1009; x_wconf 90' lang='lat' dir='ltr'><strong>di-</strong></span> 
     </span>
    </p>
   </div>
   <div class='ocr_carea' id='block_1_65' title="bbox 967 1029 1768 1065">
    <p class='ocr_par' dir='ltr' id='par_1_65' title="bbox 967 1029 1768 1065">
     <span class='ocr_line' id='line_1_65' title="bbox 967 1029 1768 1065; baseline -0.004 -7"><span class='ocrx_word' id='word_1_446' title='bbox 967 1038 1048 1058; x_wconf 87' lang='lat' dir='ltr'><strong>verso</strong></span> <span class='ocrx_word' id='word_1_447' title='bbox 1064 1037 1163 1065; x_wconf 81' lang='lat' dir='ltr'><strong>genere</strong></span> <span class='ocrx_word' id='word_1_448' title='bbox 1186 1035 1262 1063; x_wconf 89' lang='lat' dir='ltr'><strong>nata,</strong></span> <span class='ocrx_word' id='word_1_449' title='bbox 1274 1035 1304 1057; x_wconf 92' lang='lat' dir='ltr'><strong>ut</strong></span> <span class='ocrx_word' id='word_1_450' title='bbox 1315 1029 1463 1065; x_wconf 86' lang='lat' dir='ltr'><strong>leopardus</strong></span> <span class='ocrx_word' id='word_1_451' title='bbox 1480 1037 1514 1056; x_wconf 88' lang='lat' dir='ltr'><strong>ex</strong></span> <span class='ocrx_word' id='word_1_452' title='bbox 1529 1029 1608 1056; x_wconf 88' lang='lat' dir='ltr'><strong>leone</strong></span> <span class='ocrx_word' id='word_1_453' title='bbox 1637 1033 1665 1056; x_wconf 93' lang='lat' dir='ltr'><strong>et</strong></span> <span class='ocrx_word' id='word_1_454' title='bbox 1695 1036 1768 1064; x_wconf 87' lang='lat' dir='ltr'><strong>pan-</strong></span> 
     </span>
    </p>
   </div>
   <div class='ocr_carea' id='block_1_66' title="bbox 968 1074 1768 1111">
    <p class='ocr_par' dir='ltr' id='par_1_66' title="bbox 968 1074 1768 1111">
     <span class='ocr_line' id='line_1_66' title="bbox 968 1074 1768 1111; baseline -0.004 -7"><span class='ocrx_word' id='word_1_455' title='bbox 968 1076 1056 1104; x_wconf 87' lang='lat' dir='ltr'><strong>thera.</strong></span> <span class='ocrx_word' id='word_1_456' title='bbox 1076 1086 1086 1102; x_wconf 68' lang='lat'><em>»</em></span> <span class='ocrx_word' id='word_1_457' title='bbox 1101 1075 1160 1111; x_wconf 83' lang='lat' dir='ltr'><strong>Ipse</strong></span> <span class='ocrx_word' id='word_1_458' title='bbox 1172 1080 1263 1103; x_wconf 91' lang='lat' dir='ltr'><strong>autem</strong></span> <span class='ocrx_word' id='word_1_459' title='bbox 1276 1075 1386 1110; x_wconf 88' lang='lat' dir='ltr'><strong>Festus,</strong></span> <span class='ocrx_word' id='word_1_460' title='bbox 1407 1083 1422 1103; x_wconf 93' lang='lat' dir='ltr'><strong>a</strong></span> <span class='ocrx_word' id='word_1_461' title='bbox 1439 1074 1565 1102; x_wconf 87' lang='lat' dir='ltr'><strong>Charisio</strong></span> <span class='ocrx_word' id='word_1_462' title='bbox 1578 1079 1605 1102; x_wconf 88' lang='lat' dir='ltr'><strong>et</strong></span> <span class='ocrx_word' id='word_1_463' title='bbox 1618 1074 1768 1102; x_wconf 82' lang='lat' dir='ltr'><strong>Macrobio</strong></span> 
     </span>
    </p>
   </div>
   <div class='ocr_carea' id='block_1_67' title="bbox 969 1119 1767 1155">
    <p class='ocr_par' dir='ltr' id='par_1_67' title="bbox 969 1119 1767 1155">
     <span class='ocr_line' id='line_1_67' title="bbox 969 1119 1767 1155; baseline -0.001 -7"><span class='ocrx_word' id='word_1_464' title='bbox 969 1120 1108 1154; x_wconf 88' lang='lat' dir='ltr'><strong>laudatus,</strong></span> <span class='ocrx_word' id='word_1_465' title='bbox 1122 1121 1145 1148; x_wconf 91' lang='lat' dir='ltr'><strong>si</strong></span> <span class='ocrx_word' id='word_1_466' title='bbox 1161 1120 1229 1148; x_wconf 85' lang='lat' dir='ltr'><strong>satis</strong></span> <span class='ocrx_word' id='word_1_467' title='bbox 1246 1121 1377 1155; x_wconf 88' lang='lat' dir='ltr'><strong>antiquus</strong></span> <span class='ocrx_word' id='word_1_468' title='bbox 1394 1128 1449 1148; x_wconf 93' lang='lat' dir='ltr'><strong>non</strong></span> <span class='ocrx_word' id='word_1_469' title='bbox 1474 1120 1525 1153; x_wconf 89' lang='lat' dir='ltr'><strong>sit;</strong></span> <span class='ocrx_word' id='word_1_470' title='bbox 1549 1124 1624 1147; x_wconf 86' lang='lat' dir='ltr'><strong>certe</strong></span> <span class='ocrx_word' id='word_1_471' title='bbox 1645 1119 1767 1147; x_wconf 85' lang='lat' dir='ltr'><strong>Verrius</strong></span> 
     </span>
    </p>
   </div>
   <div class='ocr_carea' id='block_1_68' title="bbox 969 1165 1766 1201">
    <p class='ocr_par' dir='ltr' id='par_1_68' title="bbox 969 1165 1766 1201">
     <span class='ocr_line' id='line_1_68' title="bbox 969 1165 1766 1201; baseline -0.001 -8"><span class='ocrx_word' id='word_1_472' title='bbox 969 1165 1094 1198; x_wconf 82' lang='lat' dir='ltr'><strong>Flaccus,</strong></span> <span class='ocrx_word' id='word_1_473' title='bbox 1108 1166 1186 1201; x_wconf 89' lang='lat' dir='ltr'><strong>cujus</strong></span> <span class='ocrx_word' id='word_1_474' title='bbox 1202 1165 1334 1194; x_wconf 89' lang='lat' dir='ltr'><strong>librorum</strong></span> <span class='ocrx_word' id='word_1_475' title='bbox 1352 1165 1495 1201; x_wconf 85' lang='lat' dir='ltr'><strong>Epitomen</strong></span> <span class='ocrx_word' id='word_1_476' title='bbox 1517 1165 1640 1200; x_wconf 88' lang='lat' dir='ltr'><strong>scripsit,</strong></span> <span class='ocrx_word' id='word_1_477' title='bbox 1662 1165 1766 1200; x_wconf 77' lang='lat' dir='ltr'><strong>Augu-</strong></span> 
     </span>
    </p>
   </div>
   <div class='ocr_carea' id='block_1_69' title="bbox 971 1210 1767 1247">
    <p class='ocr_par' dir='ltr' id='par_1_69' title="bbox 971 1210 1767 1247">
     <span class='ocr_line' id='line_1_69' title="bbox 971 1210 1767 1247; baseline -0.001 -8"><span class='ocrx_word' id='word_1_478' title='bbox 971 1212 1005 1239; x_wconf 88' lang='lat' dir='ltr'><strong>sti</strong></span> <span class='ocrx_word' id='word_1_479' title='bbox 1018 1216 1097 1239; x_wconf 68' lang='lat' dir='ltr'><strong>aatate</strong></span> <span class='ocrx_word' id='word_1_480' title='bbox 1107 1212 1194 1245; x_wconf 82' lang='lat' dir='ltr'><strong>vixit;</strong></span> <span class='ocrx_word' id='word_1_481' title='bbox 1209 1216 1237 1239; x_wconf 92' lang='lat' dir='ltr'><strong>et</strong></span> <span class='ocrx_word' id='word_1_482' title='bbox 1256 1211 1382 1247; x_wconf 64' lang='lat' dir='ltr'><strong>quiihaac</strong></span> <span class='ocrx_word' id='word_1_483' title='bbox 1394 1211 1468 1239; x_wconf 86' lang='lat' dir='ltr'><strong>illius</strong></span> <span class='ocrx_word' id='word_1_484' title='bbox 1483 1211 1565 1238; x_wconf 88' lang='lat' dir='ltr'><strong>verba</strong></span> <span class='ocrx_word' id='word_1_485' title='bbox 1583 1210 1670 1239; x_wconf 81' lang='lat' dir='ltr'><strong>fuisse</strong></span> <span class='ocrx_word' id='word_1_486' title='bbox 1686 1219 1767 1239; x_wconf 87' lang='lat' dir='ltr'><strong>asse-</strong></span> 
     </span>
    </p>
   </div>
   <div class='ocr_carea' id='block_1_70' title="bbox 971 1256 1765 1292">
    <p class='ocr_par' dir='ltr' id='par_1_70' title="bbox 971 1256 1765 1292">
     <span class='ocr_line' id='line_1_70' title="bbox 971 1256 1765 1292; baseline -0.003 -7"><span class='ocrx_word' id='word_1_487' title='bbox 971 1263 1053 1290; x_wconf 90' lang='lat' dir='ltr'><strong>reret,</strong></span> <span class='ocrx_word' id='word_1_488' title='bbox 1072 1257 1158 1285; x_wconf 78' lang='lat' dir='ltr'><strong>refelli</strong></span> <span class='ocrx_word' id='word_1_489' title='bbox 1175 1265 1229 1285; x_wconf 92' lang='lat' dir='ltr'><strong>non</strong></span> <span class='ocrx_word' id='word_1_490' title='bbox 1243 1261 1346 1292; x_wconf 82' lang='lat' dir='ltr'><strong>posset.</strong></span> <span class='ocrx_word' id='word_1_491' title='bbox 1364 1257 1450 1285; x_wconf 89' lang='lat' dir='ltr'><strong>Caute</strong></span> <span class='ocrx_word' id='word_1_492' title='bbox 1468 1257 1551 1292; x_wconf 83' lang='lat' dir='ltr'><strong>igitur</strong></span> <span class='ocrx_word' id='word_1_493' title='bbox 1566 1256 1642 1284; x_wconf 88' lang='lat' dir='ltr'><strong>hunc</strong></span> <span class='ocrx_word' id='word_1_494' title='bbox 1667 1256 1765 1284; x_wconf 89' lang='lat' dir='ltr'><strong>locum</strong></span> 
     </span>
    </p>
   </div>
   <div class='ocr_carea' id='block_1_71' title="bbox 970 1301 1765 1339">
    <p class='ocr_par' dir='ltr' id='par_1_71' title="bbox 970 1301 1765 1339">
     <span class='ocr_line' id='line_1_71' title="bbox 970 1301 1765 1339; baseline -0.004 -7"><span class='ocrx_word' id='word_1_495' title='bbox 970 1303 1045 1332; x_wconf 83' lang='lat' dir='ltr'><strong>Festi</strong></span> <span class='ocrx_word' id='word_1_496' title='bbox 1074 1303 1250 1339; x_wconf 71' lang='lat' dir='ltr'><strong>praetermisit</strong></span> <span class='ocrx_word' id='word_1_497' title='bbox 1270 1303 1496 1339; x_wconf 77' lang='lat' dir='ltr'><strong>diligentissimus</strong></span> <span class='ocrx_word' id='word_1_498' title='bbox 1517 1301 1683 1336; x_wconf 85' lang='lat' dir='ltr'><strong>Bocbartus,</strong></span> <span class='ocrx_word' id='word_1_499' title='bbox 1717 1302 1765 1329; x_wconf 91' lang='lat' dir='ltr'><strong>ubi</strong></span> 
     </span>
    </p>
   </div>
   <div class='ocr_carea' id='block_1_72' title="bbox 971 1349 1767 1386">
    <p class='ocr_par' dir='ltr' id='par_1_72' title="bbox 971 1349 1767 1386">
     <span class='ocr_line' id='line_1_72' title="bbox 971 1349 1767 1386; baseline -0.004 -8"><span class='ocrx_word' id='word_1_500' title='bbox 971 1351 1032 1386; x_wconf 88' lang='lat' dir='ltr'><strong>ejus</strong></span> <span class='ocrx_word' id='word_1_501' title='bbox 1048 1350 1177 1378; x_wconf 74' lang='lat' dir='ltr'><strong>all‘erendi</strong></span> <span class='ocrx_word' id='word_1_502' title='bbox 1196 1351 1372 1378; x_wconf 87' lang='lat' dir='ltr'><strong>occasionem</strong></span> <span class='ocrx_word' id='word_1_503' title='bbox 1388 1349 1485 1377; x_wconf 84' lang='lat' dir='ltr'><strong>habuit</strong></span> <span class='ocrx_word' id='word_1_504' title='bbox 1496 1349 1615 1377; x_wconf 88' lang='lat' dir='ltr'><strong>maxime</strong></span> <span class='ocrx_word' id='word_1_505' title='bbox 1631 1353 1767 1384; x_wconf 87' lang='lat' dir='ltr'><strong>opportu-</strong></span> 
     </span>
    </p>
   </div>
   <div class='ocr_carea' id='block_1_73' title="bbox 972 1396 1766 1437">
    <p class='ocr_par' dir='ltr' id='par_1_73' title="bbox 972 1396 1766 1437">
     <span class='ocr_line' id='line_1_73' title="bbox 972 1396 1766 1437; baseline -0.003 -13"><span class='ocrx_word' id='word_1_506' title='bbox 972 1404 1046 1424; x_wconf 87' lang='lat' dir='ltr'><strong>nam.</strong></span> <span class='ocrx_word' id='word_1_507' title='bbox 1061 1396 1131 1424; x_wconf 91' lang='lat' dir='ltr'><strong>Cum</strong></span> <span class='ocrx_word' id='word_1_508' title='bbox 1159 1397 1232 1424; x_wconf 88' lang='lat' dir='ltr'><strong>enim</strong></span> <span class='ocrx_word' id='word_1_509' title='bbox 1259 1397 1403 1437; x_wconf 36' lang='lat' dir='ltr'><strong>attulisset.</strong></span> <span class='ocrx_word' id='word_1_510' title='bbox 1419 1403 1481 1431; x_wconf 66' lang='lat' dir='ltr'><strong>quae</strong></span> <span class='ocrx_word' id='word_1_511' title='bbox 1508 1400 1614 1424; x_wconf 88' lang='lat' dir='ltr'><strong>veteres</strong></span> <span class='ocrx_word' id='word_1_512' title='bbox 1631 1396 1766 1423; x_wconf 84' lang='lat' dir='ltr'><strong>dixerunt</strong></span> 
     </span>
    </p>
   </div>
   <div class='ocr_carea' id='block_1_74' title="bbox 975 1441 1765 1478">
    <p class='ocr_par' dir='ltr' id='par_1_74' title="bbox 975 1441 1765 1478">
     <span class='ocr_line' id='line_1_74' title="bbox 975 1441 1765 1478; baseline -0.001 -8"><span class='ocrx_word' id='word_1_513' title='bbox 975 1452 985 1469; x_wconf 74' lang='grc' dir='ltr'>α</span> <span class='ocrx_word' id='word_1_514' title='bbox 998 1443 1031 1471; x_wconf 93' lang='lat' dir='ltr'><strong>de</strong></span> <span class='ocrx_word' id='word_1_515' title='bbox 1043 1443 1190 1470; x_wconf 79' lang='lat' dir='ltr'><strong>leamarum</strong></span> <span class='ocrx_word' id='word_1_516' title='bbox 1203 1451 1266 1471; x_wconf 91' lang='lat' dir='ltr'><strong>cum</strong></span> <span class='ocrx_word' id='word_1_517' title='bbox 1284 1443 1369 1478; x_wconf 89' lang='lat' dir='ltr'><strong>pardo</strong></span> <span class='ocrx_word' id='word_1_518' title='bbox 1381 1442 1528 1470; x_wconf 92' lang='lat' dir='ltr'><strong>concubitu</strong></span> <span class='ocrx_word' id='word_1_519' title='bbox 1541 1462 1548 1475; x_wconf 93' lang='lat'><strong>,</strong></span> <span class='ocrx_word' id='word_1_520' title='bbox 1561 1441 1634 1469; x_wconf 87' lang='lat' dir='ltr'><strong>unde</strong></span> <span class='ocrx_word' id='word_1_521' title='bbox 1658 1449 1765 1469; x_wconf 87' lang='lat' dir='ltr'><strong>novum</strong></span> 
     </span>
    </p>
   </div>
   <div class='ocr_carea' id='block_1_75' title="bbox 973 1489 1765 1524">
    <p class='ocr_par' dir='ltr' id='par_1_75' title="bbox 973 1489 1765 1524">
     <span class='ocr_line' id='line_1_75' title="bbox 973 1489 1765 1524; baseline -0.001 -7"><span class='ocrx_word' id='word_1_522' title='bbox 973 1493 1126 1518; x_wconf 84' lang='lat' dir='ltr'><strong>monstrum</strong></span> <span class='ocrx_word' id='word_1_523' title='bbox 1142 1490 1242 1522; x_wconf 90' lang='lat' dir='ltr'><strong>editur,</strong></span> <span class='ocrx_word' id='word_1_524' title='bbox 1259 1489 1333 1523; x_wconf 91' lang='lat' dir='ltr'><strong>huic,</strong></span> <span class='ocrx_word' id='word_1_525' title='bbox 1352 1489 1451 1524; x_wconf 91' lang='lat' dir='ltr'><strong>inquit,</strong></span> <span class='ocrx_word' id='word_1_526' title='bbox 1465 1489 1635 1524; x_wconf 79' lang='lat' dir='ltr'><strong>designanda</strong></span> <span class='ocrx_word' id='word_1_527' title='bbox 1646 1489 1765 1516; x_wconf 78' lang='lat' dir='ltr'><strong>conﬁcta</strong></span> 
     </span>
    </p>
   </div>
   <div class='ocr_carea' id='block_1_76' title="bbox 973 1535 1764 1570">
    <p class='ocr_par' dir='ltr' id='par_1_76' title="bbox 973 1535 1764 1570">
     <span class='ocr_line' id='line_1_76' title="bbox 973 1535 1764 1570; baseline -0.001 -7"><span class='ocrx_word' id='word_1_528' title='bbox 973 1536 1080 1563; x_wconf 86' lang='lat' dir='ltr'><strong>videtur</strong></span> <span class='ocrx_word' id='word_1_529' title='bbox 1103 1535 1223 1570; x_wconf 90' lang='lat' dir='ltr'><strong>leopardi</strong></span> <span class='ocrx_word' id='word_1_530' title='bbox 1243 1543 1311 1569; x_wconf 87' lang='lat' dir='ltr'><strong>vox;</strong></span> <span class='ocrx_word' id='word_1_531' title='bbox 1329 1545 1339 1562; x_wconf 72' lang='grc' dir='ltr'><strong><em>ι</em></strong></span> <span class='ocrx_word' id='word_1_532' title='bbox 1360 1535 1409 1562; x_wconf 91' lang='lat' dir='ltr'><strong>sed</strong></span> <span class='ocrx_word' id='word_1_533' title='bbox 1425 1535 1502 1563; x_wconf 91' lang='lat' dir='ltr'><strong>nullo</strong></span> <span class='ocrx_word' id='word_1_534' title='bbox 1518 1535 1678 1563; x_wconf 87' lang='lat' dir='ltr'><strong>testimonio</strong></span> <span class='ocrx_word' id='word_1_535' title='bbox 1703 1543 1764 1563; x_wconf 87' lang='lat' dir='ltr'><strong>eam</strong></span> 
     </span>
    </p>
   </div>
   <div class='ocr_carea' id='block_1_77' title="bbox 973 1580 1766 1617">
    <p class='ocr_par' dir='ltr' id='par_1_77' title="bbox 973 1580 1766 1617">
     <span class='ocr_line' id='line_1_77' title="bbox 973 1580 1766 1617; baseline -0.001 -8"><span class='ocrx_word' id='word_1_536' title='bbox 973 1581 1160 1617; x_wconf 82' lang='lat' dir='ltr'><strong>conjecturam</strong></span> <span class='ocrx_word' id='word_1_537' title='bbox 1179 1581 1282 1614; x_wconf 84' lang='lat' dir='ltr'><strong>ﬁrmat,</strong></span> <span class='ocrx_word' id='word_1_538' title='bbox 1298 1589 1360 1609; x_wconf 90' lang='lat' dir='ltr'><strong>cum</strong></span> <span class='ocrx_word' id='word_1_539' title='bbox 1369 1580 1402 1608; x_wconf 86' lang='lat' dir='ltr'><strong>ad</strong></span> <span class='ocrx_word' id='word_1_540' title='bbox 1419 1588 1531 1608; x_wconf 88' lang='lat' dir='ltr'><strong>manum</strong></span> <span class='ocrx_word' id='word_1_541' title='bbox 1542 1584 1615 1608; x_wconf 86' lang='lat' dir='ltr'><strong>esset</strong></span> <span class='ocrx_word' id='word_1_542' title='bbox 1631 1581 1677 1608; x_wconf 85' lang='lat' dir='ltr'><strong>hic</strong></span> <span class='ocrx_word' id='word_1_543' title='bbox 1691 1580 1766 1608; x_wconf 83' lang='lat' dir='ltr'><strong>Festi</strong></span> 
     </span>
    </p>
   </div>
   <div class='ocr_carea' id='block_1_78' title="bbox 972 1626 1765 1660">
    <p class='ocr_par' dir='ltr' id='par_1_78' title="bbox 972 1626 1765 1660">
     <span class='ocr_line' id='line_1_78' title="bbox 972 1626 1765 1660; baseline -0.001 -6"><span class='ocrx_word' id='word_1_544' title='bbox 972 1627 1049 1655; x_wconf 84' lang='lat' dir='ltr'><strong>locus</strong></span> <span class='ocrx_word' id='word_1_545' title='bbox 1061 1627 1094 1655; x_wconf 89' lang='lat' dir='ltr'><strong>ad</strong></span> <span class='ocrx_word' id='word_1_546' title='bbox 1108 1635 1168 1654; x_wconf 90' lang='lat' dir='ltr'><strong>eam</strong></span> <span class='ocrx_word' id='word_1_547' title='bbox 1180 1635 1237 1654; x_wconf 87' lang='lat' dir='ltr'><strong>rem</strong></span> <span class='ocrx_word' id='word_1_548' title='bbox 1249 1626 1727 1660; x_wconf 87' lang='lat' dir='ltr'><strong>accommodatissimus.Quinetiam</strong></span> <span class='ocrx_word' id='word_1_549' title='bbox 1743 1627 1765 1654; x_wconf 92' lang='lat' dir='ltr'><strong>si</strong></span> 
     </span>
    </p>
   </div>
   <div class='ocr_carea' id='block_1_79' title="bbox 972 1672 1766 1709">
    <p class='ocr_par' dir='ltr' id='par_1_79' title="bbox 972 1672 1766 1709">
     <span class='ocr_line' id='line_1_79' title="bbox 972 1672 1766 1709; baseline -0.001 -8"><span class='ocrx_word' id='word_1_550' title='bbox 972 1682 1024 1702; x_wconf 92' lang='lat' dir='ltr'><strong>vox</strong></span> <span class='ocrx_word' id='word_1_551' title='bbox 1040 1674 1161 1709; x_wconf 87' lang='lat' dir='ltr'><strong>leopardi</strong></span> <span class='ocrx_word' id='word_1_552' title='bbox 1174 1673 1291 1702; x_wconf 84' lang='lat' dir='ltr'><strong>conlicta</strong></span> <span class='ocrx_word' id='word_1_553' title='bbox 1305 1673 1423 1709; x_wconf 92' lang='lat' dir='ltr'><strong>primum</strong></span> <span class='ocrx_word' id='word_1_554' title='bbox 1442 1673 1479 1701; x_wconf 86' lang='lat' dir='ltr'><strong>sit</strong></span> <span class='ocrx_word' id='word_1_555' title='bbox 1496 1672 1536 1700; x_wconf 90' lang='lat' dir='ltr'><strong>illi</strong></span> <span class='ocrx_word' id='word_1_556' title='bbox 1550 1678 1676 1701; x_wconf 86' lang='lat' dir='ltr'><strong>monstro</strong></span> <span class='ocrx_word' id='word_1_557' title='bbox 1693 1674 1766 1701; x_wconf 63' lang='lat' dir='ltr'><strong>desi«</strong></span> 
     </span>
    </p>
   </div>
   <div class='ocr_carea' id='block_1_80' title="bbox 973 1719 1767 1756">
    <p class='ocr_par' dir='ltr' id='par_1_80' title="bbox 973 1719 1767 1756">
     <span class='ocr_line' id='line_1_80' title="bbox 973 1719 1767 1756; baseline -0.004 -8"><span class='ocrx_word' id='word_1_558' title='bbox 973 1720 1093 1756; x_wconf 81' lang='lat' dir='ltr'><strong>gnando,</strong></span> <span class='ocrx_word' id='word_1_559' title='bbox 1111 1720 1185 1756; x_wconf 86' lang='lat' dir='ltr'><strong>quod</strong></span> <span class='ocrx_word' id='word_1_560' title='bbox 1201 1720 1308 1748; x_wconf 89' lang='lat' dir='ltr'><strong>videtur</strong></span> <span class='ocrx_word' id='word_1_561' title='bbox 1324 1719 1459 1748; x_wconf 83' lang='lat' dir='ltr'><strong>Bocharto</strong></span> <span class='ocrx_word' id='word_1_562' title='bbox 1473 1740 1481 1754; x_wconf 91' lang='lat'><strong>,</strong></span> <span class='ocrx_word' id='word_1_563' title='bbox 1493 1720 1569 1747; x_wconf 87' lang='lat' dir='ltr'><strong>‘ante</strong></span> <span class='ocrx_word' id='word_1_564' title='bbox 1588 1719 1767 1747; x_wconf 84' lang='lat' dir='ltr'><strong>Constantini</strong></span> 
     </span>
    </p>
   </div>
   <div class='ocr_carea' id='block_1_81' title="bbox 974 1766 1767 1801">
    <p class='ocr_par' dir='ltr' id='par_1_81' title="bbox 974 1766 1767 1801">
     <span class='ocr_line' id='line_1_81' title="bbox 974 1766 1767 1801; baseline -0.001 -7"><span class='ocrx_word' id='word_1_565' title='bbox 974 1775 1063 1794; x_wconf 60' lang='lat' dir='ltr'><strong>avum</strong></span> <span class='ocrx_word' id='word_1_566' title='bbox 1077 1766 1138 1794; x_wconf 90' lang='lat' dir='ltr'><strong>sine</strong></span> <span class='ocrx_word' id='word_1_567' title='bbox 1149 1767 1234 1794; x_wconf 90' lang='lat' dir='ltr'><strong>dubio</strong></span> <span class='ocrx_word' id='word_1_568' title='bbox 1249 1767 1367 1795; x_wconf 81' lang='lat' dir='ltr'><strong>conﬁcta</strong></span> <span class='ocrx_word' id='word_1_569' title='bbox 1379 1771 1438 1799; x_wconf 89' lang='lat' dir='ltr'><strong>est;</strong></span> <span class='ocrx_word' id='word_1_570' title='bbox 1456 1771 1522 1794; x_wconf 91' lang='lat' dir='ltr'><strong>tunc</strong></span> <span class='ocrx_word' id='word_1_571' title='bbox 1537 1766 1611 1794; x_wconf 89' lang='lat' dir='ltr'><strong>enim</strong></span> <span class='ocrx_word' id='word_1_572' title='bbox 1631 1773 1683 1801; x_wconf 86' lang='lat' dir='ltr'><strong>pro</strong></span> <span class='ocrx_word' id='word_1_573' title='bbox 1697 1774 1767 1801; x_wconf 91' lang='lat' dir='ltr'><strong>quo-</strong></span> 
     </span>
    </p>
   </div>
   <div class='ocr_carea' id='block_1_82' title="bbox 974 1811 1767 1848">
    <p class='ocr_par' dir='ltr' id='par_1_82' title="bbox 974 1811 1767 1848">
     <span class='ocr_line' id='line_1_82' title="bbox 974 1811 1767 1848; baseline -0.003 -8"><span class='ocrx_word' id='word_1_574' title='bbox 974 1813 1040 1840; x_wconf 86' lang='lat' dir='ltr'><strong>libet</strong></span> <span class='ocrx_word' id='word_1_575' title='bbox 1052 1813 1140 1848; x_wconf 89' lang='lat' dir='ltr'><strong>pardo</strong></span> <span class='ocrx_word' id='word_1_576' title='bbox 1154 1817 1286 1847; x_wconf 89' lang='lat' dir='ltr'><strong>usurpata</strong></span> <span class='ocrx_word' id='word_1_577' title='bbox 1300 1818 1352 1846; x_wconf 88' lang='lat' dir='ltr'><strong>est,</strong></span> <span class='ocrx_word' id='word_1_578' title='bbox 1362 1812 1435 1848; x_wconf 90' lang='lat' dir='ltr'><strong>quod</strong></span> <span class='ocrx_word' id='word_1_579' title='bbox 1450 1813 1496 1840; x_wconf 89' lang='lat' dir='ltr'><strong>ille</strong></span> <span class='ocrx_word' id='word_1_580' title='bbox 1508 1811 1602 1839; x_wconf 86' lang='lat' dir='ltr'><strong>multis</strong></span> <span class='ocrx_word' id='word_1_581' title='bbox 1616 1816 1644 1839; x_wconf 90' lang='lat' dir='ltr'><strong>et</strong></span> <span class='ocrx_word' id='word_1_582' title='bbox 1654 1812 1767 1847; x_wconf 86' lang='lat' dir='ltr'><strong>quidem</strong></span> 
     </span>
    </p>
   </div>
   <div class='ocr_carea' id='block_1_83' title="bbox 975 1857 1767 1894">
    <p class='ocr_par' dir='ltr' id='par_1_83' title="bbox 975 1857 1767 1894">
     <span class='ocr_line' id='line_1_83' title="bbox 975 1857 1767 1894; baseline -0.004 -8"><span class='ocrx_word' id='word_1_583' title='bbox 975 1864 1048 1887; x_wconf 87' lang='lat' dir='ltr'><strong>recte</strong></span> <span class='ocrx_word' id='word_1_584' title='bbox 1064 1859 1171 1894; x_wconf 90' lang='lat' dir='ltr'><strong>probat.</strong></span> <span class='ocrx_word' id='word_1_585' title='bbox 1187 1857 1262 1886; x_wconf 87' lang='lat' dir='ltr'><strong>Trita</strong></span> <span class='ocrx_word' id='word_1_586' title='bbox 1279 1859 1362 1894; x_wconf 79' lang='lat' dir='ltr'><strong>igitur</strong></span> <span class='ocrx_word' id='word_1_587' title='bbox 1377 1859 1422 1886; x_wconf 88' lang='lat' dir='ltr'><strong>illa</strong></span> <span class='ocrx_word' id='word_1_588' title='bbox 1439 1858 1486 1886; x_wconf 82' lang='lat' dir='ltr'><strong>sed</strong></span> <span class='ocrx_word' id='word_1_589' title='bbox 1505 1857 1707 1885; x_wconf 85' lang='lat' dir='ltr'><strong>catachreslica</strong></span> <span class='ocrx_word' id='word_1_590' title='bbox 1721 1865 1767 1884; x_wconf 90' lang='lat' dir='ltr'><strong>vo-</strong></span> 
     </span>
    </p>
   </div>
   <div class='ocr_carea' id='block_1_84' title="bbox 975 1903 1768 1940">
    <p class='ocr_par' dir='ltr' id='par_1_84' title="bbox 975 1903 1768 1940">
     <span class='ocr_line' id='line_1_84' title="bbox 975 1903 1768 1940; baseline -0.004 -7"><span class='ocrx_word' id='word_1_591' title='bbox 975 1905 1015 1933; x_wconf 87' lang='lat' dir='ltr'><strong>cis</strong></span> <span class='ocrx_word' id='word_1_592' title='bbox 1030 1906 1174 1940; x_wconf 85' lang='lat' dir='ltr'><strong>usurpatio</strong></span> <span class='ocrx_word' id='word_1_593' title='bbox 1190 1905 1318 1940; x_wconf 65' lang='lat' dir='ltr'><strong>primaeva</strong></span> <span class='ocrx_word' id='word_1_594' title='bbox 1330 1909 1357 1932; x_wconf 89' lang='lat' dir='ltr'><strong>et</strong></span> <span class='ocrx_word' id='word_1_595' title='bbox 1376 1905 1485 1940; x_wconf 89' lang='lat' dir='ltr'><strong>propria</strong></span> <span class='ocrx_word' id='word_1_596' title='bbox 1500 1903 1636 1939; x_wconf 88' lang='lat' dir='ltr'><strong>posterior</strong></span> <span class='ocrx_word' id='word_1_597' title='bbox 1659 1903 1697 1930; x_wconf 91' lang='lat' dir='ltr'><strong>sit</strong></span> <span class='ocrx_word' id='word_1_598' title='bbox 1721 1911 1768 1930; x_wconf 86' lang='lat' dir='ltr'><strong>ne-</strong></span> 
     </span>
    </p>
   </div>
   <div class='ocr_carea' id='block_1_85' title="bbox 975 1950 1767 1987">
    <p class='ocr_par' dir='ltr' id='par_1_85' title="bbox 975 1950 1767 1987">
     <span class='ocr_line' id='line_1_85' title="bbox 975 1950 1767 1987; baseline -0.005 -7"><span class='ocrx_word' id='word_1_599' title='bbox 975 1960 1052 1981; x_wconf 87' lang='lat' dir='ltr'><strong>cesse</strong></span> <span class='ocrx_word' id='word_1_600' title='bbox 1062 1957 1113 1980; x_wconf 77' lang='lat' dir='ltr'><strong>est.</strong></span> <span class='ocrx_word' id='word_1_601' title='bbox 1127 1952 1157 1980; x_wconf 87' lang='lat' dir='ltr'><strong>Si</strong></span> <span class='ocrx_word' id='word_1_602' title='bbox 1173 1952 1256 1987; x_wconf 85' lang='lat' dir='ltr'><strong>igitur</strong></span> <span class='ocrx_word' id='word_1_603' title='bbox 1270 1959 1284 1978; x_wconf 92' lang='lat' dir='ltr'><strong>a</strong></span> <span class='ocrx_word' id='word_1_604' title='bbox 1306 1951 1438 1979; x_wconf 76' lang='lat' dir='ltr'><strong>Romanis</strong></span> <span class='ocrx_word' id='word_1_605' title='bbox 1460 1950 1577 1978; x_wconf 85' lang='lat' dir='ltr'><strong>conﬁcta</strong></span> <span class='ocrx_word' id='word_1_606' title='bbox 1591 1957 1624 1977; x_wconf 87' lang='lat' dir='ltr'><strong>ea</strong></span> <span class='ocrx_word' id='word_1_607' title='bbox 1648 1957 1703 1976; x_wconf 91' lang='lat' dir='ltr'><strong>vox</strong></span> <span class='ocrx_word' id='word_1_608' title='bbox 1721 1950 1767 1982; x_wconf 87' lang='lat' dir='ltr'><strong>sit,</strong></span> 
     </span>
    </p>
   </div>
   <div class='ocr_carea' id='block_1_86' title="bbox 977 1996 1768 2034">
    <p class='ocr_par' dir='ltr' id='par_1_86' title="bbox 977 1996 1768 2034">
     <span class='ocr_line' id='line_1_86' title="bbox 977 1996 1768 2034; baseline -0.003 -9"><span class='ocrx_word' id='word_1_609' title='bbox 977 2004 1042 2026; x_wconf 90' lang='lat' dir='ltr'><strong>tunc</strong></span> <span class='ocrx_word' id='word_1_610' title='bbox 1056 1999 1175 2034; x_wconf 91' lang='lat' dir='ltr'><strong>primum</strong></span> <span class='ocrx_word' id='word_1_611' title='bbox 1193 1998 1321 2032; x_wconf 88' lang='lat' dir='ltr'><strong>imposita</strong></span> <span class='ocrx_word' id='word_1_612' title='bbox 1341 1997 1427 2025; x_wconf 79' lang='lat' dir='ltr'><strong>fuisse</strong></span> <span class='ocrx_word' id='word_1_613' title='bbox 1438 1997 1556 2030; x_wconf 88' lang='lat' dir='ltr'><strong>videtur,</strong></span> <span class='ocrx_word' id='word_1_614' title='bbox 1570 2003 1633 2023; x_wconf 89' lang='lat' dir='ltr'><strong>eum</strong></span> <span class='ocrx_word' id='word_1_615' title='bbox 1647 2003 1693 2023; x_wconf 89' lang='lat' dir='ltr'><strong>res</strong></span> <span class='ocrx_word' id='word_1_616' title='bbox 1710 1996 1768 2030; x_wconf 82' lang='lat' dir='ltr'><strong>ipsa</strong></span> 
     </span>
    </p>
   </div>
   <div class='ocr_carea' id='block_1_87' title="bbox 978 2041 1770 2077">
    <p class='ocr_par' dir='ltr' id='par_1_87' title="bbox 978 2041 1770 2077">
     <span class='ocr_line' id='line_1_87' title="bbox 978 2041 1770 2077; baseline -0.003 -6"><span class='ocrx_word' id='word_1_617' title='bbox 978 2044 1032 2071; x_wconf 90' lang='lat' dir='ltr'><strong>illis</strong></span> <span class='ocrx_word' id='word_1_618' title='bbox 1049 2048 1113 2071; x_wconf 89' lang='lat' dir='ltr'><strong>nota</strong></span> <span class='ocrx_word' id='word_1_619' title='bbox 1129 2044 1189 2071; x_wconf 80' lang='lat' dir='ltr'><strong>fuit.</strong></span> <span class='ocrx_word' id='word_1_620' title='bbox 1202 2043 1238 2071; x_wconf 83' lang='lat' dir='ltr'><strong>Ut</strong></span> <span class='ocrx_word' id='word_1_621' title='bbox 1253 2043 1438 2071; x_wconf 71' lang='lat' dir='ltr'><strong>Tertullianus</strong></span> <span class='ocrx_word' id='word_1_622' title='bbox 1453 2043 1486 2070; x_wconf 89' lang='lat' dir='ltr'><strong>de</strong></span> <span class='ocrx_word' id='word_1_623' title='bbox 1503 2042 1595 2077; x_wconf 92' lang='lat' dir='ltr'><strong>pallio,</strong></span> <span class='ocrx_word' id='word_1_624' title='bbox 1611 2051 1620 2068; x_wconf 76' lang='grc' dir='ltr'>ι</span> <span class='ocrx_word' id='word_1_625' title='bbox 1633 2042 1687 2069; x_wconf 90' lang='lat' dir='ltr'><strong>etsi</strong></span> <span class='ocrx_word' id='word_1_626' title='bbox 1697 2041 1770 2069; x_wconf 69' lang='lat' dir='ltr'><strong>Grae-</strong></span> 
     </span>
    </p>
   </div>
   <div class='ocr_carea' id='block_1_88' title="bbox 977 2088 1769 2125">
    <p class='ocr_par' dir='ltr' id='par_1_88' title="bbox 977 2088 1769 2125">
     <span class='ocr_line' id='line_1_88' title="bbox 977 2088 1769 2125; baseline -0.005 -7"><span class='ocrx_word' id='word_1_627' title='bbox 977 2098 1040 2118; x_wconf 89' lang='lat' dir='ltr'><strong>cum</strong></span> <span class='ocrx_word' id='word_1_628' title='bbox 1051 2090 1149 2125; x_wconf 85' lang='lat' dir='ltr'><strong>magis,</strong></span> <span class='ocrx_word' id='word_1_629' title='bbox 1165 2090 1212 2117; x_wconf 88' lang='lat' dir='ltr'><strong>sed</strong></span> <span class='ocrx_word' id='word_1_630' title='bbox 1228 2090 1323 2125; x_wconf 82' lang='lat' dir='ltr'><strong>lingua</strong></span> <span class='ocrx_word' id='word_1_631' title='bbox 1342 2089 1398 2124; x_wconf 86' lang='lat' dir='ltr'><strong>jam</strong></span> <span class='ocrx_word' id='word_1_632' title='bbox 1415 2096 1499 2124; x_wconf 85' lang='lat' dir='ltr'><strong>penes</strong></span> <span class='ocrx_word' id='word_1_633' title='bbox 1511 2088 1618 2115; x_wconf 86' lang='lat' dir='ltr'><strong>Latium</strong></span> <span class='ocrx_word' id='word_1_634' title='bbox 1629 2093 1688 2121; x_wconf 85' lang='lat' dir='ltr'><strong>est;</strong></span> <span class='ocrx_word' id='word_1_635' title='bbox 1706 2095 1769 2115; x_wconf 86' lang='lat' dir='ltr'><strong>cum</strong></span> 
     </span>
    </p>
   </div>
   <div class='ocr_carea' id='block_1_89' title="bbox 978 2133 1771 2168">
    <p class='ocr_par' dir='ltr' id='par_1_89' title="bbox 978 2133 1771 2168">
     <span class='ocr_line' id='line_1_89' title="bbox 978 2133 1771 2168; baseline -0.005 -5"><span class='ocrx_word' id='word_1_636' title='bbox 978 2143 1046 2163; x_wconf 89' lang='lat' dir='ltr'><strong>voce</strong></span> <span class='ocrx_word' id='word_1_637' title='bbox 1059 2136 1145 2163; x_wconf 86' lang='lat' dir='ltr'><strong>vestis</strong></span> <span class='ocrx_word' id='word_1_638' title='bbox 1158 2135 1279 2163; x_wconf 84' lang='lat' dir='ltr'><strong>intravit.</strong></span> <span class='ocrx_word' id='word_1_639' title='bbox 1299 2144 1309 2160; x_wconf 69' lang='grc' dir='ltr'><em>ι</em></span> <span class='ocrx_word' id='word_1_640' title='bbox 1327 2133 1387 2162; x_wconf 85' lang='grc' dir='ltr'><strong>Νυη</strong></span> <span class='ocrx_word' id='word_1_641' title='bbox 1411 2134 1592 2161; x_wconf 90' lang='lat' dir='ltr'><strong>dubitandum</strong></span> <span class='ocrx_word' id='word_1_642' title='bbox 1618 2138 1662 2161; x_wconf 85' lang='lat' dir='ltr'><strong>est</strong></span> <span class='ocrx_word' id='word_1_643' title='bbox 1687 2133 1771 2168; x_wconf 84' lang='lat' dir='ltr'><strong>igitur</strong></span> 
     </span>
    </p>
   </div>
   <div class='ocr_carea' id='block_1_90' title="bbox 980 2180 1769 2217">
    <p class='ocr_par' dir='ltr' id='par_1_90' title="bbox 980 2180 1769 2217">
     <span class='ocr_line' id='line_1_90' title="bbox 980 2180 1769 2217; baseline -0.004 -8"><span class='ocrx_word' id='word_1_644' title='bbox 980 2182 1047 2217; x_wconf 89' lang='lat' dir='ltr'><strong>quin</strong></span> <span class='ocrx_word' id='word_1_645' title='bbox 1064 2189 1116 2208; x_wconf 85' lang='lat' dir='ltr'><strong>vox</strong></span> <span class='ocrx_word' id='word_1_646' title='bbox 1132 2189 1165 2209; x_wconf 91' lang='lat' dir='ltr'><strong>ex</strong></span> <span class='ocrx_word' id='word_1_647' title='bbox 1179 2181 1267 2216; x_wconf 88' lang='lat' dir='ltr'><strong>prima</strong></span> <span class='ocrx_word' id='word_1_648' title='bbox 1278 2181 1318 2208; x_wconf 89' lang='lat' dir='ltr'><strong>rei</strong></span> <span class='ocrx_word' id='word_1_649' title='bbox 1335 2180 1422 2215; x_wconf 89' lang='lat' dir='ltr'><strong>ipsius</strong></span> <span class='ocrx_word' id='word_1_650' title='bbox 1434 2180 1589 2215; x_wconf 77' lang='lat' dir='ltr'><strong>cognitione</strong></span> <span class='ocrx_word' id='word_1_651' title='bbox 1603 2180 1769 2207; x_wconf 85' lang='lat' dir='ltr'><strong>manaverit.</strong></span> 
     </span>
    </p>
   </div>
   <div class='ocr_carea' id='block_1_91' title="bbox 141 2225 1772 2271">
    <p class='ocr_par' dir='ltr' id='par_1_91' title="bbox 141 2225 1772 2271">
     <span class='ocr_line' id='line_1_91' title="bbox 141 2225 1772 2271; baseline -0.002 -8"><span class='ocrx_word' id='word_1_652' title='bbox 141 2236 237 2264; x_wconf 79' lang='lat' dir='ltr'><strong>fuisse.</strong></span> <span class='ocrx_word' id='word_1_653' title='bbox 251 2235 310 2263; x_wconf 86' lang='lat' dir='ltr'><strong>Non</strong></span> <span class='ocrx_word' id='word_1_654' title='bbox 323 2236 398 2271; x_wconf 80' lang='lat' dir='ltr'><strong>legit,</strong></span> <span class='ocrx_word' id='word_1_655' title='bbox 414 2236 522 2270; x_wconf 90' lang='lat' dir='ltr'><strong>opinor,</strong></span> <span class='ocrx_word' id='word_1_656' title='bbox 535 2235 688 2262; x_wconf 86' lang='lat' dir='ltr'><strong>Bochartus</strong></span> <span class='ocrx_word' id='word_1_657' title='bbox 702 2234 862 2262; x_wconf 89' lang='lat' dir='ltr'><strong>Passionem</strong></span> <span class='ocrx_word' id='word_1_658' title='bbox 876 2233 926 2262; x_wconf 88' lang='lat' dir='ltr'><strong>SS.</strong></span> <span class='ocrx_word' id='word_1_659' title='bbox 945 2241 966 2268; x_wconf 76' lang='grc' dir='ltr'><strong>ι)</strong></span> <span class='ocrx_word' id='word_1_660' title='bbox 982 2225 1097 2253; x_wconf 64' lang='lat' dir='ltr'><strong>Romani</strong></span> <span class='ocrx_word' id='word_1_661' title='bbox 1112 2226 1185 2253; x_wconf 68' lang='lat' dir='ltr'><strong>enim</strong></span> <span class='ocrx_word' id='word_1_662' title='bbox 1200 2225 1242 2253; x_wconf 67' lang='grc' dir='ltr'><strong>νει</strong></span> <span class='ocrx_word' id='word_1_663' title='bbox 1257 2233 1338 2253; x_wconf 66' lang='lat' dir='ltr'><strong>voces</strong></span> <span class='ocrx_word' id='word_1_664' title='bbox 1354 2226 1428 2261; x_wconf 68' lang='lat' dir='ltr'><strong>ipsas</strong></span> <span class='ocrx_word' id='word_1_665' title='bbox 1454 2233 1518 2252; x_wconf 70' lang='lat' dir='ltr'><strong>cum</strong></span> <span class='ocrx_word' id='word_1_666' title='bbox 1530 2225 1623 2271; x_wconf 22' lang='grc' dir='ltr'><strong>νΐεδιξδ</strong></span> <span class='ocrx_word' id='word_1_667' title='bbox 1648 2225 1772 2260; x_wconf 58' lang='lat' dir='ltr'><strong>ac&#39;ﬁPie&#39;</strong></span> 
     </span>
    </p>
   </div>
   <div class='ocr_carea' id='block_1_92' title="bbox 141 2279 929 2318">
    <p class='ocr_par' dir='ltr' id='par_1_92' title="bbox 141 2279 929 2318">
     <span class='ocr_line' id='line_1_92' title="bbox 141 2279 929 2318; baseline -0.004 -8"><span class='ocrx_word' id='word_1_668' title='bbox 141 2283 282 2318; x_wconf 67' lang='lat' dir='ltr'><strong>Perpetua:</strong></span> <span class='ocrx_word' id='word_1_669' title='bbox 299 2287 326 2310; x_wconf 92' lang='lat' dir='ltr'><strong>et</strong></span> <span class='ocrx_word' id='word_1_670' title='bbox 336 2282 484 2310; x_wconf 87' lang='lat' dir='ltr'><strong>Felicitatis</strong></span> <span class='ocrx_word' id='word_1_671' title='bbox 498 2281 622 2316; x_wconf 86' lang='lat' dir='ltr'><strong>primoin</strong></span> <span class='ocrx_word' id='word_1_672' title='bbox 638 2281 726 2308; x_wconf 91' lang='lat' dir='ltr'><strong>lucem</strong></span> <span class='ocrx_word' id='word_1_673' title='bbox 742 2281 776 2307; x_wconf 89' lang='lat' dir='ltr'><strong>ab</strong></span> <span class='ocrx_word' id='word_1_674' title='bbox 789 2279 929 2308; x_wconf 86' lang='lat' dir='ltr'><strong>Holstenio</strong></span> 
     </span>
    </p>
   </div>
   <div class='ocr_carea' id='block_1_93' title="bbox 141 2325 928 2364">
    <p class='ocr_par' dir='ltr' id='par_1_93' title="bbox 141 2325 928 2364">
     <span class='ocr_line' id='line_1_93' title="bbox 141 2325 928 2364; baseline -0.006 -8"><span class='ocrx_word' id='word_1_675' title='bbox 141 2330 315 2364; x_wconf 86' lang='lat' dir='ltr'><strong>productam.</strong></span> <span class='ocrx_word' id='word_1_676' title='bbox 345 2327 373 2354; x_wconf 94' lang='lat' dir='ltr'><strong>In</strong></span> <span class='ocrx_word' id='word_1_677' title='bbox 399 2328 443 2354; x_wconf 90' lang='lat' dir='ltr'><strong>illa</strong></span> <span class='ocrx_word' id='word_1_678' title='bbox 459 2331 550 2354; x_wconf 87' lang='lat' dir='ltr'><strong>autem</strong></span> <span class='ocrx_word' id='word_1_679' title='bbox 573 2325 705 2354; x_wconf 86' lang='lat' dir='ltr'><strong>Passione</strong></span> <span class='ocrx_word' id='word_1_680' title='bbox 721 2333 771 2353; x_wconf 92' lang='lat' dir='ltr'><strong>nos</strong></span> <span class='ocrx_word' id='word_1_681' title='bbox 797 2326 928 2359; x_wconf 82' lang='lat' dir='ltr'><strong>legimus:</strong></span> 
     </span>
    </p>
   </div>
   <div class='ocr_carea' id='block_1_94' title="bbox 145 2372 930 2410">
    <p class='ocr_par' dir='ltr' id='par_1_94' title="bbox 145 2372 930 2410">
     <span class='ocr_line' id='line_1_94' title="bbox 145 2372 930 2410; baseline -0.003 -10"><span class='ocrx_word' id='word_1_682' title='bbox 145 2385 154 2400; x_wconf 70' lang='grc' dir='ltr'><strong><em>ι</em></strong></span> <span class='ocrx_word' id='word_1_683' title='bbox 167 2374 298 2410; x_wconf 80' lang='lat' dir='ltr'><strong>Itaquein</strong></span> <span class='ocrx_word' id='word_1_684' title='bbox 315 2373 512 2402; x_wconf 86' lang='lat' dir='ltr'><strong>commissione</strong></span> <span class='ocrx_word' id='word_1_685' title='bbox 531 2372 680 2407; x_wconf 88' lang='lat' dir='ltr'><strong>spectaculi</strong></span> <span class='ocrx_word' id='word_1_686' title='bbox 704 2376 849 2399; x_wconf 83' lang='lat' dir='ltr'><strong>revocatus</strong></span> <span class='ocrx_word' id='word_1_687' title='bbox 873 2372 930 2399; x_wconf 88' lang='lat' dir='ltr'><strong>leo-</strong></span> 
     </span>
    </p>
   </div>
   <div class='ocr_carea' id='block_1_95' title="bbox 142 2417 931 2456">
    <p class='ocr_par' dir='ltr' id='par_1_95' title="bbox 142 2417 931 2456">
     <span class='ocr_line' id='line_1_95' title="bbox 142 2417 931 2456; baseline -0.005 -9"><span class='ocrx_word' id='word_1_688' title='bbox 142 2421 228 2456; x_wconf 82' lang='lat' dir='ltr'><strong>pardo</strong></span> <span class='ocrx_word' id='word_1_689' title='bbox 244 2424 384 2454; x_wconf 83' lang='lat' dir='ltr'><strong>expertus.</strong></span> <span class='ocrx_word' id='word_1_690' title='bbox 400 2419 484 2446; x_wconf 86' lang='lat' dir='ltr'><strong>etiam</strong></span> <span class='ocrx_word' id='word_1_691' title='bbox 496 2419 548 2445; x_wconf 89' lang='lat' dir='ltr'><strong>sub</strong></span> <span class='ocrx_word' id='word_1_692' title='bbox 563 2418 667 2452; x_wconf 79' lang='lat' dir='ltr'><strong>pulpito</strong></span> <span class='ocrx_word' id='word_1_693' title='bbox 679 2417 713 2444; x_wconf 84' lang='lat' dir='ltr'><strong>ab</strong></span> <span class='ocrx_word' id='word_1_694' title='bbox 726 2424 790 2444; x_wconf 89' lang='lat' dir='ltr'><strong>urso</strong></span> <span class='ocrx_word' id='word_1_695' title='bbox 802 2421 862 2444; x_wconf 87' lang='lat' dir='ltr'><strong>erat</strong></span> <span class='ocrx_word' id='word_1_696' title='bbox 883 2424 931 2444; x_wconf 88' lang='lat' dir='ltr'><strong>ve-</strong></span> 
     </span>
    </p>
   </div>
   <div class='ocr_carea' id='block_1_96' title="bbox 143 2463 933 2498">
    <p class='ocr_par' dir='ltr' id='par_1_96' title="bbox 143 2463 933 2498">
     <span class='ocr_line' id='line_1_96' title="bbox 143 2463 933 2498; baseline -0.006 -4"><span class='ocrx_word' id='word_1_697' title='bbox 143 2471 235 2494; x_wconf 86' lang='lat' dir='ltr'><strong>xatus.</strong></span> <span class='ocrx_word' id='word_1_698' title='bbox 247 2465 364 2493; x_wconf 87' lang='lat' dir='ltr'><strong>Saturus</strong></span> <span class='ocrx_word' id='word_1_699' title='bbox 378 2469 468 2492; x_wconf 88' lang='lat' dir='ltr'><strong>autem</strong></span> <span class='ocrx_word' id='word_1_700' title='bbox 483 2464 550 2491; x_wconf 89' lang='lat' dir='ltr'><strong>nihil</strong></span> <span class='ocrx_word' id='word_1_701' title='bbox 565 2463 652 2498; x_wconf 76' lang='lat' dir='ltr'><strong>magis</strong></span> <span class='ocrx_word' id='word_1_702' title='bbox 666 2470 747 2498; x_wconf 88' lang='lat' dir='ltr'><strong>quam</strong></span> <span class='ocrx_word' id='word_1_703' title='bbox 761 2471 856 2490; x_wconf 93' lang='lat' dir='ltr'><strong>ursum</strong></span> <span class='ocrx_word' id='word_1_704' title='bbox 869 2463 933 2490; x_wconf 89' lang='lat' dir='ltr'><strong>abo-</strong></span> 
     </span>
    </p>
   </div>
   <div class='ocr_carea' id='block_1_97' title="bbox 145 2509 932 2544">
    <p class='ocr_par' dir='ltr' id='par_1_97' title="bbox 145 2509 932 2544">
     <span class='ocr_line' id='line_1_97' title="bbox 145 2509 932 2544; baseline -0.005 -5"><span class='ocrx_word' id='word_1_705' title='bbox 145 2512 310 2544; x_wconf 83' lang='lat' dir='ltr'><strong>minabatur,</strong></span> <span class='ocrx_word' id='word_1_706' title='bbox 325 2511 372 2538; x_wconf 86' lang='lat' dir='ltr'><strong>sed</strong></span> <span class='ocrx_word' id='word_1_707' title='bbox 388 2518 441 2537; x_wconf 91' lang='lat' dir='ltr'><strong>uno</strong></span> <span class='ocrx_word' id='word_1_708' title='bbox 456 2517 550 2537; x_wconf 88' lang='lat' dir='ltr'><strong>morsu</strong></span> <span class='ocrx_word' id='word_1_709' title='bbox 569 2509 690 2544; x_wconf 89' lang='lat' dir='ltr'><strong>leopardi</strong></span> <span class='ocrx_word' id='word_1_710' title='bbox 712 2509 810 2536; x_wconf 80' lang='lat' dir='ltr'><strong>conﬁci</strong></span> <span class='ocrx_word' id='word_1_711' title='bbox 833 2516 862 2536; x_wconf 91' lang='lat' dir='ltr'><strong>se</strong></span> <span class='ocrx_word' id='word_1_712' title='bbox 875 2509 932 2543; x_wconf 87' lang='lat' dir='ltr'><strong>jam</strong></span> 
     </span>
    </p>
   </div>
   <div class='ocr_carea' id='block_1_98' title="bbox 145 2554 934 2594">
    <p class='ocr_par' dir='ltr' id='par_1_98' title="bbox 145 2554 934 2594">
     <span class='ocr_line' id='line_1_98' title="bbox 145 2554 934 2594; baseline -0.006 -9"><span class='ocrx_word' id='word_1_713' title='bbox 145 2558 339 2594; x_wconf 61' lang='lat' dir='ltr'><strong>praesumebat.</strong></span> <span class='ocrx_word' id='word_1_714' title='bbox 357 2566 367 2582; x_wconf 68' lang='grc' dir='ltr'><strong><em>ι</em></strong></span> <span class='ocrx_word' id='word_1_715' title='bbox 382 2556 414 2582; x_wconf 83' lang='grc' dir='ltr'><strong>Ει</strong></span> <span class='ocrx_word' id='word_1_716' title='bbox 422 2561 516 2591; x_wconf 87' lang='lat' dir='ltr'><strong>postea</strong></span> <span class='ocrx_word' id='word_1_717' title='bbox 529 2555 600 2582; x_wconf 89' lang='lat' dir='ltr'><strong>idem</strong></span> <span class='ocrx_word' id='word_1_718' title='bbox 612 2555 729 2582; x_wconf 87' lang='lat' dir='ltr'><strong>Saturus</strong></span> <span class='ocrx_word' id='word_1_719' title='bbox 742 2554 854 2581; x_wconf 89' lang='lat' dir='ltr'><strong>militem</strong></span> <span class='ocrx_word' id='word_1_720' title='bbox 865 2554 934 2581; x_wconf 80' lang='lat' dir='ltr'><strong>allo-</strong></span> 
     </span>
    </p>
   </div>
   <div class='ocr_carea' id='block_1_99' title="bbox 146 2600 934 2638">
    <p class='ocr_par' dir='ltr' id='par_1_99' title="bbox 146 2600 934 2638">
     <span class='ocr_line' id='line_1_99' title="bbox 146 2600 934 2638; baseline -0.004 -9"><span class='ocrx_word' id='word_1_721' title='bbox 146 2603 258 2638; x_wconf 90' lang='lat' dir='ltr'><strong>quitur:</strong></span> <span class='ocrx_word' id='word_1_722' title='bbox 287 2611 295 2627; x_wconf 81' lang='grc' dir='ltr'>ι</span> <span class='ocrx_word' id='word_1_723' title='bbox 308 2601 377 2628; x_wconf 86' lang='lat' dir='ltr'><strong>Ecce</strong></span> <span class='ocrx_word' id='word_1_724' title='bbox 399 2601 500 2636; x_wconf 81' lang='lat' dir='ltr'><strong>prodeo</strong></span> <span class='ocrx_word' id='word_1_725' title='bbox 528 2601 629 2633; x_wconf 83' lang='lat' dir='ltr'><strong>illo,et</strong></span> <span class='ocrx_word' id='word_1_726' title='bbox 647 2600 681 2627; x_wconf 89' lang='lat' dir='ltr'><strong>ad</strong></span> <span class='ocrx_word' id='word_1_727' title='bbox 698 2608 783 2627; x_wconf 92' lang='lat' dir='ltr'><strong>unum</strong></span> <span class='ocrx_word' id='word_1_728' title='bbox 809 2607 934 2627; x_wconf 90' lang='lat' dir='ltr'><strong>morsum</strong></span> 
     </span>
    </p>
   </div>
   <div class='ocr_carea' id='block_1_100' title="bbox 147 2645 936 2683">
    <p class='ocr_par' dir='ltr' id='par_1_100' title="bbox 147 2645 936 2683">
     <span class='ocr_line' id='line_1_100' title="bbox 147 2645 936 2683; baseline -0.006 -7"><span class='ocrx_word' id='word_1_729' title='bbox 147 2648 269 2683; x_wconf 86' lang='lat' dir='ltr'><strong>leopardi</strong></span> <span class='ocrx_word' id='word_1_730' title='bbox 282 2655 440 2675; x_wconf 84' lang='lat' dir='ltr'><strong>consumor.</strong></span> <span class='ocrx_word' id='word_1_731' title='bbox 456 2646 488 2674; x_wconf 85' lang='lat' dir='ltr'><strong>Et</strong></span> <span class='ocrx_word' id='word_1_732' title='bbox 505 2647 596 2674; x_wconf 89' lang='lat' dir='ltr'><strong>statim</strong></span> <span class='ocrx_word' id='word_1_733' title='bbox 610 2646 636 2673; x_wconf 93' lang='lat' dir='ltr'><strong>in</strong></span> <span class='ocrx_word' id='word_1_734' title='bbox 652 2646 705 2673; x_wconf 81' lang='lat' dir='ltr'><strong>ﬁne</strong></span> <span class='ocrx_word' id='word_1_735' title='bbox 718 2645 865 2680; x_wconf 86' lang='lat' dir='ltr'><strong>spectaculi</strong></span> <span class='ocrx_word' id='word_1_736' title='bbox 879 2645 936 2672; x_wconf 89' lang='lat' dir='ltr'><strong>leo-</strong></span> 
     </span>
    </p>
   </div>
   <div class='ocr_carea' id='block_1_101' title="bbox 147 2691 936 2731">
    <p class='ocr_par' dir='ltr' id='par_1_101' title="bbox 147 2691 936 2731">
     <span class='ocr_line' id='line_1_101' title="bbox 147 2691 936 2731; baseline -0.009 -8"><span class='ocrx_word' id='word_1_737' title='bbox 147 2695 234 2731; x_wconf 81' lang='lat' dir='ltr'><strong>pardo</strong></span> <span class='ocrx_word' id='word_1_738' title='bbox 250 2694 348 2729; x_wconf 88' lang='lat' dir='ltr'><strong>ejecto,</strong></span> <span class='ocrx_word' id='word_1_739' title='bbox 360 2693 395 2721; x_wconf 91' lang='lat' dir='ltr'><strong>de</strong></span> <span class='ocrx_word' id='word_1_740' title='bbox 409 2701 464 2720; x_wconf 93' lang='lat' dir='ltr'><strong>uno</strong></span> <span class='ocrx_word' id='word_1_741' title='bbox 481 2697 662 2720; x_wconf 85' lang='lat' dir='ltr'><strong>morsutanto</strong></span> <span class='ocrx_word' id='word_1_742' title='bbox 671 2691 801 2726; x_wconf 76' lang='lat' dir='ltr'><strong>profusus</strong></span> <span class='ocrx_word' id='word_1_743' title='bbox 817 2694 861 2717; x_wconf 87' lang='lat' dir='ltr'><strong>est</strong></span> <span class='ocrx_word' id='word_1_744' title='bbox 875 2697 936 2717; x_wconf 79' lang='lat' dir='ltr'><strong>sau-</strong></span> 
     </span>
    </p>
   </div>
   <div class='ocr_carea' id='block_1_102' title="bbox 148 2735 937 2778">
    <p class='ocr_par' dir='ltr' id='par_1_102' title="bbox 148 2735 937 2778">
     <span class='ocr_line' id='line_1_102' title="bbox 148 2735 937 2778; baseline -0.011 -8"><span class='ocrx_word' id='word_1_745' title='bbox 148 2743 241 2778; x_wconf 78' lang='lat' dir='ltr'><strong>guine,</strong></span> <span class='ocrx_word' id='word_1_746' title='bbox 255 2736 285 2769; x_wconf 85' lang='lat' dir='ltr'><strong>ut</strong></span> <span class='ocrx_word' id='word_1_747' title='bbox 293 2741 410 2776; x_wconf 92' lang='lat' dir='ltr'><strong>populus</strong></span> <span class='ocrx_word' id='word_1_748' title='bbox 423 2739 569 2767; x_wconf 78' lang='lat' dir='ltr'><strong>revertenti</strong></span> <span class='ocrx_word' id='word_1_749' title='bbox 581 2739 619 2765; x_wconf 92' lang='lat' dir='ltr'><strong>illi</strong></span> <span class='ocrx_word' id='word_1_750' title='bbox 632 2737 746 2766; x_wconf 89' lang='lat' dir='ltr'><strong>secundi</strong></span> <span class='ocrx_word' id='word_1_751' title='bbox 761 2735 937 2771; x_wconf 86' lang='lat' dir='ltr'><strong>baptismatis</strong></span> 
     </span>
    </p>
   </div>
   <div class='ocr_carea' id='block_1_103' title="bbox 148 2780 938 2815">
    <p class='ocr_par' dir='ltr' id='par_1_103' title="bbox 148 2780 938 2815">
     <span class='ocr_line' id='line_1_103' title="bbox 148 2780 938 2815; baseline -0.01 0"><span class='ocrx_word' id='word_1_752' title='bbox 148 2787 337 2815; x_wconf 84' lang='lat' dir='ltr'><strong>testimonium</strong></span> <span class='ocrx_word' id='word_1_753' title='bbox 346 2785 547 2812; x_wconf 88' lang='lat' dir='ltr'><strong>reclamaverit.</strong></span> <span class='ocrx_word' id='word_1_754' title='bbox 558 2793 568 2810; x_wconf 65' lang='grc' dir='ltr'><em>θ</em></span> <span class='ocrx_word' id='word_1_755' title='bbox 582 2783 645 2811; x_wconf 63' lang='lat' dir='ltr'><strong>llaec</strong></span> <span class='ocrx_word' id='word_1_756' title='bbox 659 2790 750 2810; x_wconf 81' lang='lat' dir='ltr'><strong>autem</strong></span> <span class='ocrx_word' id='word_1_757' title='bbox 764 2781 860 2809; x_wconf 88' lang='lat' dir='ltr'><strong>Passio</strong></span> <span class='ocrx_word' id='word_1_758' title='bbox 869 2780 938 2808; x_wconf 86' lang='lat' dir='ltr'><strong>scri-</strong></span> 
     </span>
    </p>
   </div>
   <div class='ocr_carea' id='block_1_104' title="bbox 149 2827 938 2869">
    <p class='ocr_par' dir='ltr' id='par_1_104' title="bbox 149 2827 938 2869">
     <span class='ocr_line' id='line_1_104' title="bbox 149 2827 938 2869; baseline -0.008 -9"><span class='ocrx_word' id='word_1_759' title='bbox 149 2838 197 2869; x_wconf 87' lang='lat' dir='ltr'><strong>pta</strong></span> <span class='ocrx_word' id='word_1_760' title='bbox 211 2837 252 2860; x_wconf 90' lang='lat' dir='ltr'><strong>est</strong></span> <span class='ocrx_word' id='word_1_761' title='bbox 267 2833 347 2860; x_wconf 88' lang='lat' dir='ltr'><strong>annis</strong></span> <span class='ocrx_word' id='word_1_762' title='bbox 358 2832 409 2859; x_wconf 80' lang='grc'><strong>100</strong></span> <span class='ocrx_word' id='word_1_763' title='bbox 423 2837 486 2860; x_wconf 88' lang='lat' dir='ltr'><strong>ante</strong></span> <span class='ocrx_word' id='word_1_764' title='bbox 497 2831 641 2867; x_wconf 88' lang='lat' dir='ltr'><strong>imperium</strong></span> <span class='ocrx_word' id='word_1_765' title='bbox 650 2829 834 2858; x_wconf 87' lang='lat' dir='ltr'><strong>Constantini.</strong></span> <span class='ocrx_word' id='word_1_766' title='bbox 847 2827 938 2855; x_wconf 62' lang='lat' dir='ltr'><strong>Elius</strong></span> 
     </span>
    </p>
   </div>
   <div class='ocr_carea' id='block_1_105' title="bbox 152 2875 938 2915">
    <p class='ocr_par' dir='ltr' id='par_1_105' title="bbox 152 2875 938 2915">
     <span class='ocr_line' id='line_1_105' title="bbox 152 2875 938 2915; baseline -0.006 -8"><span class='ocrx_word' id='word_1_767' title='bbox 152 2879 315 2915; x_wconf 74' lang='lat' dir='ltr'><strong>Spartianus</strong></span> <span class='ocrx_word' id='word_1_768' title='bbox 326 2878 435 2914; x_wconf 88' lang='lat' dir='ltr'><strong>quidem</strong></span> <span class='ocrx_word' id='word_1_769' title='bbox 446 2878 498 2907; x_wconf 88' lang='lat' dir='ltr'><strong>sub</strong></span> <span class='ocrx_word' id='word_1_770' title='bbox 509 2877 692 2906; x_wconf 88' lang='lat' dir='ltr'><strong>Constantino</strong></span> <span class='ocrx_word' id='word_1_771' title='bbox 706 2875 827 2911; x_wconf 86' lang='lat' dir='ltr'><strong>scripsit,</strong></span> <span class='ocrx_word' id='word_1_772' title='bbox 838 2875 885 2903; x_wconf 91' lang='lat' dir='ltr'><strong>sed</strong></span> <span class='ocrx_word' id='word_1_773' title='bbox 901 2875 938 2903; x_wconf 86' lang='lat' dir='ltr'><strong>ita</strong></span> 
     </span>
    </p>
   </div>
   <div class='ocr_carea' id='block_1_106' title="bbox 982 2270 1770 2305">
    <p class='ocr_par' dir='ltr' id='par_1_106' title="bbox 982 2270 1770 2305">
     <span class='ocr_line' id='line_1_106' title="bbox 982 2270 1770 2305; baseline -0.004 -6"><span class='ocrx_word' id='word_1_774' title='bbox 982 2271 1057 2304; x_wconf 86' lang='lat' dir='ltr'><strong>bant,</strong></span> <span class='ocrx_word' id='word_1_775' title='bbox 1083 2271 1126 2298; x_wconf 91' lang='lat' dir='ltr'><strong>vcl</strong></span> <span class='ocrx_word' id='word_1_776' title='bbox 1144 2270 1225 2298; x_wconf 88' lang='lat' dir='ltr'><strong>rebus</strong></span> <span class='ocrx_word' id='word_1_777' title='bbox 1242 2271 1362 2305; x_wconf 87' lang='lat' dir='ltr'><strong>acceptis</strong></span> <span class='ocrx_word' id='word_1_778' title='bbox 1390 2277 1439 2298; x_wconf 81' lang='lat' dir='ltr'><strong>sua</strong></span> <span class='ocrx_word' id='word_1_779' title='bbox 1463 2270 1574 2298; x_wconf 87' lang='lat' dir='ltr'><strong>nomina</strong></span> <span class='ocrx_word' id='word_1_780' title='bbox 1598 2270 1770 2297; x_wconf 83' lang='lat' dir='ltr'><strong>indiderunt.</strong></span> 
     </span>
    </p>
   </div>
   <div class='ocr_carea' id='block_1_107' title="bbox 985 2316 1771 2352">
    <p class='ocr_par' dir='ltr' id='par_1_107' title="bbox 985 2316 1771 2352">
     <span class='ocr_line' id='line_1_107' title="bbox 985 2316 1771 2352; baseline 0 -8"><span class='ocrx_word' id='word_1_781' title='bbox 985 2318 1150 2349; x_wconf 67' lang='lat' dir='ltr'><strong>«Camelus,</strong></span> <span class='ocrx_word' id='word_1_782' title='bbox 1168 2318 1258 2352; x_wconf 89' lang='lat' dir='ltr'><strong>inquit</strong></span> <span class='ocrx_word' id='word_1_783' title='bbox 1274 2316 1372 2350; x_wconf 85' lang='lat' dir='ltr'><strong>Varro,</strong></span> <span class='ocrx_word' id='word_1_784' title='bbox 1399 2324 1450 2344; x_wconf 88' lang='lat' dir='ltr'><strong>suo</strong></span> <span class='ocrx_word' id='word_1_785' title='bbox 1479 2317 1590 2344; x_wconf 88' lang='lat' dir='ltr'><strong>nomine</strong></span> <span class='ocrx_word' id='word_1_786' title='bbox 1616 2317 1643 2343; x_wconf 95' lang='lat' dir='ltr'><strong>in</strong></span> <span class='ocrx_word' id='word_1_787' title='bbox 1662 2316 1771 2344; x_wconf 83' lang='lat' dir='ltr'><strong>Latium</strong></span> 
     </span>
    </p>
   </div>
   <div class='ocr_carea' id='block_1_108' title="bbox 982 2362 1771 2398">
    <p class='ocr_par' dir='ltr' id='par_1_108' title="bbox 982 2362 1771 2398">
     <span class='ocr_line' id='line_1_108' title="bbox 982 2362 1771 2398; baseline -0.003 -7"><span class='ocrx_word' id='word_1_788' title='bbox 982 2364 1066 2397; x_wconf 85' lang='lat' dir='ltr'><strong>venit,</strong></span> <span class='ocrx_word' id='word_1_789' title='bbox 1080 2368 1110 2391; x_wconf 88' lang='lat' dir='ltr'><strong>ut</strong></span> <span class='ocrx_word' id='word_1_790' title='bbox 1121 2363 1284 2391; x_wconf 82' lang='lat' dir='ltr'><strong>Alexandria</strong></span> <span class='ocrx_word' id='word_1_791' title='bbox 1299 2362 1526 2398; x_wconf 87' lang='lat' dir='ltr'><strong>camelopardalis</strong></span> <span class='ocrx_word' id='word_1_792' title='bbox 1538 2370 1626 2397; x_wconf 84' lang='lat' dir='ltr'><strong>nuper</strong></span> <span class='ocrx_word' id='word_1_793' title='bbox 1640 2362 1771 2395; x_wconf 86' lang='lat' dir='ltr'><strong>adducta,</strong></span> 
     </span>
    </p>
   </div>
   <div class='ocr_carea' id='block_1_109' title="bbox 982 2408 1770 2446">
    <p class='ocr_par' dir='ltr' id='par_1_109' title="bbox 982 2408 1770 2446">
     <span class='ocr_line' id='line_1_109' title="bbox 982 2408 1770 2446; baseline -0.004 -9"><span class='ocrx_word' id='word_1_794' title='bbox 982 2410 1056 2446; x_wconf 92' lang='lat' dir='ltr'><strong>quod</strong></span> <span class='ocrx_word' id='word_1_795' title='bbox 1071 2414 1131 2437; x_wconf 88' lang='lat' dir='ltr'><strong>erat</strong></span> <span class='ocrx_word' id='word_1_796' title='bbox 1144 2409 1230 2445; x_wconf 81' lang='lat' dir='ltr'><strong>ﬁgura</strong></span> <span class='ocrx_word' id='word_1_797' title='bbox 1244 2413 1274 2436; x_wconf 92' lang='lat' dir='ltr'><strong>ut</strong></span> <span class='ocrx_word' id='word_1_798' title='bbox 1283 2409 1414 2441; x_wconf 86' lang='lat' dir='ltr'><strong>camelos,</strong></span> <span class='ocrx_word' id='word_1_799' title='bbox 1424 2409 1539 2436; x_wconf 88' lang='lat' dir='ltr'><strong>maculis</strong></span> <span class='ocrx_word' id='word_1_800' title='bbox 1554 2412 1584 2435; x_wconf 91' lang='lat' dir='ltr'><strong>ut</strong></span> <span class='ocrx_word' id='word_1_801' title='bbox 1600 2408 1748 2442; x_wconf 87' lang='lat' dir='ltr'><strong>panthera.</strong></span> <span class='ocrx_word' id='word_1_802' title='bbox 1762 2418 1770 2434; x_wconf 82' lang='grc'><strong>›</strong></span> 
     </span>
    </p>
   </div>
   <div class='ocr_carea' id='block_1_110' title="bbox 985 2454 1771 2492">
    <p class='ocr_par' dir='ltr' id='par_1_110' title="bbox 985 2454 1771 2492">
     <span class='ocr_line' id='line_1_110' title="bbox 985 2454 1771 2492; baseline -0.004 -9"><span class='ocrx_word' id='word_1_803' title='bbox 985 2455 1032 2484; x_wconf 86' lang='lat' dir='ltr'><strong>Vel</strong></span> <span class='ocrx_word' id='word_1_804' title='bbox 1044 2456 1126 2492; x_wconf 83' lang='lat' dir='ltr'><strong>igitur</strong></span> <span class='ocrx_word' id='word_1_805' title='bbox 1138 2456 1185 2491; x_wconf 91' lang='lat' dir='ltr'><strong>qui</strong></span> <span class='ocrx_word' id='word_1_806' title='bbox 1199 2456 1319 2491; x_wconf 90' lang='lat' dir='ltr'><strong>primum</strong></span> <span class='ocrx_word' id='word_1_807' title='bbox 1347 2460 1474 2483; x_wconf 85' lang='lat' dir='ltr'><strong>naturam</strong></span> <span class='ocrx_word' id='word_1_808' title='bbox 1498 2454 1573 2482; x_wconf 88' lang='lat' dir='ltr'><strong>illius</strong></span> <span class='ocrx_word' id='word_1_809' title='bbox 1603 2454 1724 2481; x_wconf 86' lang='lat' dir='ltr'><strong>monstri</strong></span> <span class='ocrx_word' id='word_1_810' title='bbox 1741 2462 1771 2481; x_wconf 83' lang='lat' dir='ltr'><strong>ex</strong></span> 
     </span>
    </p>
   </div>
   <div class='ocr_carea' id='block_1_111' title="bbox 984 2499 1774 2536">
    <p class='ocr_par' dir='ltr' id='par_1_111' title="bbox 984 2499 1774 2536">
     <span class='ocr_line' id='line_1_111' title="bbox 984 2499 1774 2536; baseline -0.006 -6"><span class='ocrx_word' id='word_1_811' title='bbox 984 2503 1068 2530; x_wconf 67' lang='lat' dir='ltr'><strong>leaena</strong></span> <span class='ocrx_word' id='word_1_812' title='bbox 1080 2507 1108 2530; x_wconf 91' lang='lat' dir='ltr'><strong>et</strong></span> <span class='ocrx_word' id='word_1_813' title='bbox 1120 2502 1206 2536; x_wconf 86' lang='lat' dir='ltr'><strong>pardo</strong></span> <span class='ocrx_word' id='word_1_814' title='bbox 1218 2501 1302 2536; x_wconf 88' lang='lat' dir='ltr'><strong>geniti</strong></span> <span class='ocrx_word' id='word_1_815' title='bbox 1313 2500 1445 2528; x_wconf 82' lang='lat' dir='ltr'><strong>Romanis</strong></span> <span class='ocrx_word' id='word_1_816' title='bbox 1455 2500 1637 2531; x_wconf 82' lang='lat' dir='ltr'><strong>tradiderunt,</strong></span> <span class='ocrx_word' id='word_1_817' title='bbox 1653 2499 1708 2526; x_wconf 87' lang='lat' dir='ltr'><strong>sub</strong></span> <span class='ocrx_word' id='word_1_818' title='bbox 1726 2507 1774 2526; x_wconf 90' lang='lat' dir='ltr'><strong>no-</strong></span> 
     </span>
    </p>
   </div>
   <div class='ocr_carea' id='block_1_112' title="bbox 985 2545 1773 2583">
    <p class='ocr_par' dir='ltr' id='par_1_112' title="bbox 985 2545 1773 2583">
     <span class='ocr_line' id='line_1_112' title="bbox 985 2545 1773 2583; baseline -0.005 -7"><span class='ocrx_word' id='word_1_819' title='bbox 985 2549 1058 2576; x_wconf 91' lang='lat' dir='ltr'><strong>mine</strong></span> <span class='ocrx_word' id='word_1_820' title='bbox 1075 2547 1195 2583; x_wconf 87' lang='lat' dir='ltr'><strong>leopardi</strong></span> <span class='ocrx_word' id='word_1_821' title='bbox 1219 2547 1286 2575; x_wconf 92' lang='lat' dir='ltr'><strong>illud</strong></span> <span class='ocrx_word' id='word_1_822' title='bbox 1313 2547 1514 2579; x_wconf 89' lang='lat' dir='ltr'><strong>describebant,</strong></span> <span class='ocrx_word' id='word_1_823' title='bbox 1544 2550 1574 2573; x_wconf 89' lang='lat' dir='ltr'><strong>ut</strong></span> <span class='ocrx_word' id='word_1_824' title='bbox 1593 2545 1773 2572; x_wconf 83' lang='lat' dir='ltr'><strong>Alexandrini</strong></span> 
     </span>
    </p>
   </div>
   <div class='ocr_carea' id='block_1_113' title="bbox 985 2591 1773 2632">
    <p class='ocr_par' dir='ltr' id='par_1_113' title="bbox 985 2591 1773 2632">
     <span class='ocr_line' id='line_1_113' title="bbox 985 2591 1773 2632; baseline -0.009 -8"><span class='ocrx_word' id='word_1_825' title='bbox 985 2596 1233 2632; x_wconf 85' lang='lat' dir='ltr'><strong>camelopardalin;</strong></span> <span class='ocrx_word' id='word_1_826' title='bbox 1249 2595 1291 2623; x_wconf 90' lang='lat' dir='ltr'><strong>vel</strong></span> <span class='ocrx_word' id='word_1_827' title='bbox 1305 2602 1339 2622; x_wconf 90' lang='lat' dir='ltr'><strong>ex</strong></span> <span class='ocrx_word' id='word_1_828' title='bbox 1353 2594 1534 2629; x_wconf 88' lang='lat' dir='ltr'><strong>descriptione</strong></span> <span class='ocrx_word' id='word_1_829' title='bbox 1544 2591 1662 2620; x_wconf 81' lang='lat' dir='ltr'><strong>Romani</strong></span> <span class='ocrx_word' id='word_1_830' title='bbox 1674 2598 1773 2618; x_wconf 89' lang='lat' dir='ltr'><strong>nomen</strong></span> 
     </span>
    </p>
   </div>
   <div class='ocr_carea' id='block_1_114' title="bbox 986 2637 1773 2674">
    <p class='ocr_par' dir='ltr' id='par_1_114' title="bbox 986 2637 1773 2674">
     <span class='ocr_line' id='line_1_114' title="bbox 986 2637 1773 2674; baseline -0.009 -4"><span class='ocrx_word' id='word_1_831' title='bbox 986 2642 1053 2670; x_wconf 91' lang='lat' dir='ltr'><strong>illud</strong></span> <span class='ocrx_word' id='word_1_832' title='bbox 1085 2641 1253 2674; x_wconf 88' lang='lat' dir='ltr'><strong>indiderunt,</strong></span> <span class='ocrx_word' id='word_1_833' title='bbox 1280 2645 1311 2667; x_wconf 92' lang='lat' dir='ltr'><strong>ut</strong></span> <span class='ocrx_word' id='word_1_834' title='bbox 1333 2639 1419 2672; x_wconf 90' lang='lat' dir='ltr'><strong>vesti,</strong></span> <span class='ocrx_word' id='word_1_835' title='bbox 1450 2645 1533 2673; x_wconf 86' lang='lat' dir='ltr'><strong>quam</strong></span> <span class='ocrx_word' id='word_1_836' title='bbox 1560 2637 1773 2664; x_wconf 84' lang='lat' dir='ltr'><strong>introduxerunt</strong></span> 
     </span>
    </p>
   </div>
   <div class='ocr_carea' id='block_1_115' title="bbox 987 2686 1772 2725">
    <p class='ocr_par' dir='ltr' id='par_1_115' title="bbox 987 2686 1772 2725">
     <span class='ocr_line' id='line_1_115' title="bbox 987 2686 1772 2725; baseline -0.011 -6"><span class='ocrx_word' id='word_1_837' title='bbox 987 2692 1084 2725; x_wconf 63' lang='lat' dir='ltr'><strong>Graeci,</strong></span> <span class='ocrx_word' id='word_1_838' title='bbox 1100 2698 1201 2718; x_wconf 88' lang='lat' dir='ltr'><strong>nomen</strong></span> <span class='ocrx_word' id='word_1_839' title='bbox 1228 2688 1314 2724; x_wconf 89' lang='lat' dir='ltr'><strong>pallii.</strong></span> <span class='ocrx_word' id='word_1_840' title='bbox 1338 2687 1392 2715; x_wconf 87' lang='lat' dir='ltr'><strong>Res</strong></span> <span class='ocrx_word' id='word_1_841' title='bbox 1408 2691 1498 2714; x_wconf 89' lang='lat' dir='ltr'><strong>autem</strong></span> <span class='ocrx_word' id='word_1_842' title='bbox 1513 2686 1583 2720; x_wconf 89' lang='lat' dir='ltr'><strong>ipsa,</strong></span> <span class='ocrx_word' id='word_1_843' title='bbox 1597 2692 1646 2712; x_wconf 90' lang='lat' dir='ltr'><strong>seu</strong></span> <span class='ocrx_word' id='word_1_844' title='bbox 1675 2690 1772 2711; x_wconf 85' lang='lat' dir='ltr'><strong>natura</strong></span> 
     </span>
    </p>
   </div>
   <div class='ocr_carea' id='block_1_116' title="bbox 988 2729 1773 2767">
    <p class='ocr_par' dir='ltr' id='par_1_116' title="bbox 988 2729 1773 2767">
     <span class='ocr_line' id='line_1_116' title="bbox 988 2729 1773 2767; baseline -0.009 -5"><span class='ocrx_word' id='word_1_845' title='bbox 988 2735 1061 2763; x_wconf 88' lang='lat' dir='ltr'><strong>illius</strong></span> <span class='ocrx_word' id='word_1_846' title='bbox 1075 2734 1192 2762; x_wconf 88' lang='lat' dir='ltr'><strong>monstri</strong></span> <span class='ocrx_word' id='word_1_847' title='bbox 1204 2733 1256 2761; x_wconf 88' lang='lat' dir='ltr'><strong>sub</strong></span> <span class='ocrx_word' id='word_1_848' title='bbox 1272 2732 1326 2760; x_wconf 85' lang='lat' dir='ltr'><strong>Titi</strong></span> <span class='ocrx_word' id='word_1_849' title='bbox 1343 2731 1458 2767; x_wconf 88' lang='lat' dir='ltr'><strong>imperio</strong></span> <span class='ocrx_word' id='word_1_850' title='bbox 1468 2730 1601 2758; x_wconf 80' lang='lat' dir='ltr'><strong>Romanis</strong></span> <span class='ocrx_word' id='word_1_851' title='bbox 1616 2729 1669 2756; x_wconf 78' lang='lat' dir='ltr'><strong>fuit</strong></span> <span class='ocrx_word' id='word_1_852' title='bbox 1689 2729 1773 2764; x_wconf 87' lang='lat' dir='ltr'><strong>probe</strong></span> 
     </span>
    </p>
   </div>
   <div class='ocr_carea' id='block_1_117' title="bbox 988 2775 1772 2816">
    <p class='ocr_par' dir='ltr' id='par_1_117' title="bbox 988 2775 1772 2816">
     <span class='ocr_line' id='line_1_117' title="bbox 988 2775 1772 2816; baseline -0.011 -7"><span class='ocrx_word' id='word_1_853' title='bbox 988 2782 1107 2816; x_wconf 86' lang='lat' dir='ltr'><strong>cognita.</strong></span> <span class='ocrx_word' id='word_1_854' title='bbox 1122 2780 1227 2807; x_wconf 87' lang='lat' dir='ltr'><strong>Plinius</strong></span> <span class='ocrx_word' id='word_1_855' title='bbox 1239 2780 1312 2807; x_wconf 92' lang='lat' dir='ltr'><strong>enim</strong></span> <span class='ocrx_word' id='word_1_856' title='bbox 1328 2786 1389 2805; x_wconf 90' lang='lat' dir='ltr'><strong>eam</strong></span> <span class='ocrx_word' id='word_1_857' title='bbox 1405 2776 1536 2804; x_wconf 89' lang='lat' dir='ltr'><strong>describit</strong></span> <span class='ocrx_word' id='word_1_858' title='bbox 1551 2775 1682 2802; x_wconf 73' lang='lat' dir='ltr'><strong>Natural.</strong></span> <span class='ocrx_word' id='word_1_859' title='bbox 1708 2775 1772 2801; x_wconf 74' lang='lat' dir='ltr'><strong>hist.</strong></span> 
     </span>
    </p>
   </div>
   <div class='ocr_carea' id='block_1_118' title="bbox 988 2819 1772 2861">
    <p class='ocr_par' dir='ltr' id='par_1_118' title="bbox 988 2819 1772 2861">
     <span class='ocr_line' id='line_1_118' title="bbox 988 2819 1772 2861; baseline -0.01 -6"><span class='ocrx_word' id='word_1_860' title='bbox 988 2828 1037 2855; x_wconf 89' lang='lat' dir='ltr'><strong>lib.</strong></span> <span class='ocrx_word' id='word_1_861' title='bbox 1050 2835 1109 2860; x_wconf 81' lang='lat' dir='ltr'><strong>vni,</strong></span> <span class='ocrx_word' id='word_1_862' title='bbox 1127 2834 1188 2861; x_wconf 88' lang='lat' dir='ltr'><strong>cap.</strong></span> <span class='ocrx_word' id='word_1_863' title='bbox 1212 2825 1257 2852; x_wconf 79' lang='grc'><strong>16.</strong></span> <span class='ocrx_word' id='word_1_864' title='bbox 1272 2824 1335 2852; x_wconf 90' lang='lat' dir='ltr'><strong>Sive</strong></span> <span class='ocrx_word' id='word_1_865' title='bbox 1350 2824 1432 2859; x_wconf 84' lang='lat' dir='ltr'><strong>igitur</strong></span> <span class='ocrx_word' id='word_1_866' title='bbox 1461 2822 1588 2854; x_wconf 79' lang='lat' dir='ltr'><strong>Romani,</strong></span> <span class='ocrx_word' id='word_1_867' title='bbox 1608 2821 1668 2848; x_wconf 81' lang='lat' dir='ltr'><strong>sive</strong></span> <span class='ocrx_word' id='word_1_868' title='bbox 1687 2819 1772 2848; x_wconf 60' lang='lat' dir='ltr'><strong>Graeci</strong></span> 
     </span>
    </p>
   </div>
   <div class='ocr_carea' id='block_1_119' title="bbox 990 2868 1773 2910">
    <p class='ocr_par' dir='ltr' id='par_1_119' title="bbox 990 2868 1773 2910">
     <span class='ocr_line' id='line_1_119' title="bbox 990 2868 1773 2910; baseline -0.01 -8"><span class='ocrx_word' id='word_1_869' title='bbox 990 2875 1079 2910; x_wconf 88' lang='lat' dir='ltr'><strong>primo</strong></span> <span class='ocrx_word' id='word_1_870' title='bbox 1094 2873 1159 2902; x_wconf 88' lang='lat' dir='ltr'><strong>illud</strong></span> <span class='ocrx_word' id='word_1_871' title='bbox 1172 2879 1271 2901; x_wconf 88' lang='lat' dir='ltr'><strong>nomen</strong></span> <span class='ocrx_word' id='word_1_872' title='bbox 1285 2871 1486 2907; x_wconf 79' lang='lat' dir='ltr'><strong>excogitarunt,</strong></span> <span class='ocrx_word' id='word_1_873' title='bbox 1510 2868 1623 2897; x_wconf 87' lang='lat' dir='ltr'><strong>dubium</strong></span> <span class='ocrx_word' id='word_1_874' title='bbox 1648 2873 1706 2895; x_wconf 85' lang='lat' dir='ltr'><strong>non</strong></span> <span class='ocrx_word' id='word_1_875' title='bbox 1734 2871 1773 2894; x_wconf 73' lang='lat' dir='ltr'><strong>est</strong></span> 
     </span>
    </p>
   </div>
  </div>
