  <div class='ocr_page' id='page_1' title='image "/cluster/home/n/w/nwhite01/storage/ocr_20150623/5/njp.32101077772372/214.png"; bbox 0 0 1850 3072; ppageno 0'>
   <div class='ocr_carea' id='block_1_1' title="bbox 78 160 129 188">
    <p class='ocr_par' dir='ltr' id='par_1_1' title="bbox 78 160 129 188">
     <span class='ocr_line' id='line_1_1' title="bbox 78 160 129 188; baseline -0.02 0"><span class='ocrx_word' id='word_1_1' title='bbox 78 160 129 188; x_wconf 71' lang='grc'><strong>553</strong></span> 
     </span>
    </p>
   </div>
   <div class='ocr_carea' id='block_1_2' title="bbox 455 156 1311 187">
    <p class='ocr_par' dir='ltr' id='par_1_2' title="bbox 455 156 1311 187">
     <span class='ocr_line' id='line_1_2' title="bbox 455 156 1311 187; baseline -0.001 -2"><span class='ocrx_word' id='word_1_2' title='bbox 455 158 480 185; x_wconf 84' lang='lat' dir='ltr'><strong>J.</strong></span> <span class='ocrx_word' id='word_1_3' title='bbox 500 157 682 186; x_wconf 75' lang='lat' dir='ltr'><strong>PEARSONII</strong></span> <span class='ocrx_word' id='word_1_4' title='bbox 701 158 862 186; x_wconf 61' lang='grc' dir='ltr'><strong>γιΝῡιοιλε</strong></span> <span class='ocrx_word' id='word_1_5' title='bbox 881 156 1093 187; x_wconf 71' lang='grc' dir='ltr'><strong>ΙϐΝᾹΤΙΑΝιΕ.</strong></span> <span class='ocrx_word' id='word_1_6' title='bbox 1114 172 1148 178; x_wconf 88' lang='lat'><strong>—-</strong></span> <span class='ocrx_word' id='word_1_7' title='bbox 1167 157 1258 184; x_wconf 80' lang='lat' dir='ltr'><strong>PARS</strong></span> <span class='ocrx_word' id='word_1_8' title='bbox 1278 157 1311 184; x_wconf 91' lang='lat' dir='ltr'><strong>ll.</strong></span> 
     </span>
    </p>
   </div>
   <div class='ocr_carea' id='block_1_3' title="bbox 1659 159 1712 188">
    <p class='ocr_par' dir='ltr' id='par_1_3' title="bbox 1659 159 1712 188">
     <span class='ocr_line' id='line_1_3' title="bbox 1659 159 1712 188; baseline 0.019 -1"><span class='ocrx_word' id='word_1_9' title='bbox 1659 159 1712 188; x_wconf 63' lang='lat'><strong>854</strong></span> 
     </span>
    </p>
   </div>
   <div class='ocr_carea' id='block_1_4' title="bbox 79 217 1712 255">
    <p class='ocr_par' dir='ltr' id='par_1_4' title="bbox 79 217 1712 255">
     <span class='ocr_line' id='line_1_4' title="bbox 79 217 1712 255; baseline 0.001 -9"><span class='ocrx_word' id='word_1_10' title='bbox 79 220 142 254; x_wconf 88' lang='lat' dir='ltr'><strong>quin</strong></span> <span class='ocrx_word' id='word_1_11' title='bbox 162 225 224 247; x_wconf 99' lang='lat' dir='ltr'><strong>ante</strong></span> <span class='ocrx_word' id='word_1_12' title='bbox 237 219 355 255; x_wconf 74' lang='lat' dir='ltr'><strong>Traiani</strong></span> <span class='ocrx_word' id='word_1_13' title='bbox 370 224 489 254; x_wconf 82' lang='lat' dir='ltr'><strong>tempora</strong></span> <span class='ocrx_word' id='word_1_14' title='bbox 501 219 647 252; x_wconf 82' lang='lat' dir='ltr'><strong>exstiterit,</strong></span> <span class='ocrx_word' id='word_1_15' title='bbox 659 224 689 246; x_wconf 94' lang='lat' dir='ltr'><strong>ut</strong></span> <span class='ocrx_word' id='word_1_16' title='bbox 701 227 734 247; x_wconf 91' lang='lat' dir='ltr'><strong>eo</strong></span> <span class='ocrx_word' id='word_1_17' title='bbox 749 219 779 246; x_wconf 92' lang='lat' dir='ltr'><strong>S.</strong></span> <span class='ocrx_word' id='word_1_18' title='bbox 796 219 872 254; x_wconf 85' lang='lat' dir='ltr'><strong>lgna-</strong></span> <span class='ocrx_word' id='word_1_19' title='bbox 887 224 908 250; x_wconf 81' lang='grc' dir='ltr'>Α</span> <span class='ocrx_word' id='word_1_20' title='bbox 923 219 1032 246; x_wconf 71' lang='lat' dir='ltr'><strong>duritia:</strong></span> <span class='ocrx_word' id='word_1_21' title='bbox 1043 218 1083 245; x_wconf 88' lang='lat' dir='ltr'><strong>vel</strong></span> <span class='ocrx_word' id='word_1_22' title='bbox 1093 226 1217 246; x_wconf 64' lang='lat' dir='ltr'><strong>censura:</strong></span> <span class='ocrx_word' id='word_1_23' title='bbox 1229 226 1286 246; x_wconf 76' lang='lat' dir='ltr'><strong>sine</strong></span> <span class='ocrx_word' id='word_1_24' title='bbox 1303 217 1490 246; x_wconf 71' lang='lat' dir='ltr'><strong>obstinatione</strong></span> <span class='ocrx_word' id='word_1_25' title='bbox 1512 223 1654 253; x_wconf 84' lang='lat' dir='ltr'><strong>ruperunt.</strong></span> <span class='ocrx_word' id='word_1_26' title='bbox 1682 226 1712 248; x_wconf 88' lang='lat' dir='ltr'><strong>ut</strong></span> 
     </span>
    </p>
   </div>
   <div class='ocr_carea' id='block_1_5' title="bbox 79 265 869 301">
    <p class='ocr_par' dir='ltr' id='par_1_5' title="bbox 79 265 869 301">
     <span class='ocr_line' id='line_1_5' title="bbox 79 265 869 301; baseline 0 -8"><span class='ocrx_word' id='word_1_27' title='bbox 79 267 132 293; x_wconf 86' lang='lat' dir='ltr'><strong>tius</strong></span> <span class='ocrx_word' id='word_1_28' title='bbox 148 267 175 293; x_wconf 94' lang='lat' dir='ltr'><strong>in</strong></span> <span class='ocrx_word' id='word_1_29' title='bbox 193 265 276 301; x_wconf 68' lang='lat' dir='ltr'><strong>Syria</strong></span> <span class='ocrx_word' id='word_1_30' title='bbox 301 271 449 297; x_wconf 85' lang='lat' dir='ltr'><strong>versatus,</strong></span> <span class='ocrx_word' id='word_1_31' title='bbox 480 266 552 292; x_wconf 87' lang='lat' dir='ltr'><strong>unde</strong></span> <span class='ocrx_word' id='word_1_32' title='bbox 582 265 701 301; x_wconf 82' lang='lat' dir='ltr'><strong>Vopisco</strong></span> <span class='ocrx_word' id='word_1_33' title='bbox 726 266 869 300; x_wconf 82' lang='lat' dir='ltr'><strong>tleopardi</strong></span> 
     </span>
    </p>
   </div>
   <div class='ocr_carea' id='block_1_6' title="bbox 80 312 869 349">
    <p class='ocr_par' dir='ltr' id='par_1_6' title="bbox 80 312 869 349">
     <span class='ocr_line' id='line_1_6' title="bbox 80 312 869 349; baseline 0 -9"><span class='ocrx_word' id='word_1_34' title='bbox 80 318 185 340; x_wconf 86' lang='lat' dir='ltr'><strong>centum</strong></span> <span class='ocrx_word' id='word_1_35' title='bbox 204 312 326 349; x_wconf 84' lang='lat' dir='ltr'><strong>Syriaci,</strong></span> <span class='ocrx_word' id='word_1_36' title='bbox 344 322 354 338; x_wconf 74' lang='grc' dir='ltr'><strong><em>ι</em></strong></span> <span class='ocrx_word' id='word_1_37' title='bbox 371 313 453 340; x_wconf 88' lang='lat' dir='ltr'><strong>etiam</strong></span> <span class='ocrx_word' id='word_1_38' title='bbox 477 313 510 340; x_wconf 90' lang='lat' dir='ltr'><strong>de</strong></span> <span class='ocrx_word' id='word_1_39' title='bbox 542 313 635 347; x_wconf 86' lang='lat' dir='ltr'><strong>pardis</strong></span> <span class='ocrx_word' id='word_1_40' title='bbox 666 313 705 340; x_wconf 93' lang='lat' dir='ltr'><strong>uti</strong></span> <span class='ocrx_word' id='word_1_41' title='bbox 739 313 869 348; x_wconf 89' lang='lat' dir='ltr'><strong>potuerit.</strong></span> 
     </span>
    </p>
   </div>
   <div class='ocr_carea' id='block_1_7' title="bbox 78 359 871 394">
    <p class='ocr_par' dir='ltr' id='par_1_7' title="bbox 78 359 871 394">
     <span class='ocr_line' id='line_1_7' title="bbox 78 359 871 394; baseline 0 -7"><span class='ocrx_word' id='word_1_42' title='bbox 78 359 169 394; x_wconf 84' lang='lat' dir='ltr'><strong>Neque</strong></span> <span class='ocrx_word' id='word_1_43' title='bbox 182 360 270 388; x_wconf 90' lang='lat' dir='ltr'><strong>etiam</strong></span> <span class='ocrx_word' id='word_1_44' title='bbox 287 367 384 387; x_wconf 91' lang='lat' dir='ltr'><strong>verum</strong></span> <span class='ocrx_word' id='word_1_45' title='bbox 398 363 449 392; x_wconf 89' lang='lat' dir='ltr'><strong>est,</strong></span> <span class='ocrx_word' id='word_1_46' title='bbox 472 359 544 391; x_wconf 84' lang='lat' dir='ltr'><strong>quod</strong></span> <span class='ocrx_word' id='word_1_47' title='bbox 562 359 715 386; x_wconf 87' lang='lat' dir='ltr'><strong>Bochartus</strong></span> <span class='ocrx_word' id='word_1_48' title='bbox 730 363 816 394; x_wconf 86' lang='lat' dir='ltr'><strong>putat,</strong></span> <span class='ocrx_word' id='word_1_49' title='bbox 843 359 871 387; x_wconf 97' lang='lat' dir='ltr'><strong>id</strong></span> 
     </span>
    </p>
   </div>
   <div class='ocr_carea' id='block_1_8' title="bbox 78 405 870 440">
    <p class='ocr_par' dir='ltr' id='par_1_8' title="bbox 78 405 870 440">
     <span class='ocr_line' id='line_1_8' title="bbox 78 405 870 440; baseline 0 -8"><span class='ocrx_word' id='word_1_50' title='bbox 78 406 242 434; x_wconf 72' lang='lat' dir='ltr'><strong>vocabulum</strong></span> <span class='ocrx_word' id='word_1_51' title='bbox 255 406 329 440; x_wconf 87' lang='lat' dir='ltr'><strong>apud</strong></span> <span class='ocrx_word' id='word_1_52' title='bbox 343 405 468 433; x_wconf 75' lang='lat' dir='ltr'><strong>Grzecum</strong></span> <span class='ocrx_word' id='word_1_53' title='bbox 479 406 640 440; x_wconf 83' lang='lat' dir='ltr'><strong>scriptorem</strong></span> <span class='ocrx_word' id='word_1_54' title='bbox 653 413 789 440; x_wconf 93' lang='lat' dir='ltr'><strong>nusquam</strong></span> <span class='ocrx_word' id='word_1_55' title='bbox 805 405 870 432; x_wconf 84' lang='lat' dir='ltr'><strong>alibi</strong></span> 
     </span>
    </p>
   </div>
   <div class='ocr_carea' id='block_1_9' title="bbox 78 451 871 487">
    <p class='ocr_par' dir='ltr' id='par_1_9' title="bbox 78 451 871 487">
     <span class='ocr_line' id='line_1_9' title="bbox 78 451 871 487; baseline -0.001 -8"><span class='ocrx_word' id='word_1_56' title='bbox 78 457 194 480; x_wconf 77' lang='lat' dir='ltr'><strong>exstare.</strong></span> <span class='ocrx_word' id='word_1_57' title='bbox 216 452 295 487; x_wconf 87' lang='lat' dir='ltr'><strong>Apud</strong></span> <span class='ocrx_word' id='word_1_58' title='bbox 308 452 381 479; x_wconf 88' lang='lat' dir='ltr'><strong>enim</strong></span> <span class='ocrx_word' id='word_1_59' title='bbox 397 451 426 479; x_wconf 88' lang='lat' dir='ltr'><strong>S.</strong></span> <span class='ocrx_word' id='word_1_60' title='bbox 447 451 627 479; x_wconf 77' lang='lat' dir='ltr'><strong>Athanasium</strong></span> <span class='ocrx_word' id='word_1_61' title='bbox 648 452 675 478; x_wconf 93' lang='lat' dir='ltr'><strong>in</strong></span> <span class='ocrx_word' id='word_1_62' title='bbox 691 451 752 478; x_wconf 84' lang='lat' dir='ltr'><strong>Vita</strong></span> <span class='ocrx_word' id='word_1_63' title='bbox 769 451 797 478; x_wconf 92' lang='lat' dir='ltr'><strong>S.</strong></span> <span class='ocrx_word' id='word_1_64' title='bbox 815 452 871 478; x_wconf 86' lang='lat' dir='ltr'><strong>An-</strong></span> 
     </span>
    </p>
   </div>
   <div class='ocr_carea' id='block_1_10' title="bbox 77 495 870 534">
    <p class='ocr_par' dir='ltr' id='par_1_10' title="bbox 77 495 870 534">
     <span class='ocr_line' id='line_1_10' title="bbox 77 495 870 534; baseline -0.001 -9"><span class='ocrx_word' id='word_1_65' title='bbox 77 499 143 526; x_wconf 90' lang='lat' dir='ltr'><strong>tonii</strong></span> <span class='ocrx_word' id='word_1_66' title='bbox 158 499 220 526; x_wconf 69' lang='lat' dir='ltr'><strong>haec</strong></span> <span class='ocrx_word' id='word_1_67' title='bbox 233 499 312 533; x_wconf 78' lang='lat' dir='ltr'><strong>lego:</strong></span> <span class='ocrx_word' id='word_1_68' title='bbox 339 499 392 525; x_wconf 75' lang='lat' dir='ltr'><strong>Kal.</strong></span> <span class='ocrx_word' id='word_1_69' title='bbox 408 495 442 533; x_wconf 81' lang='grc' dir='ltr'>ἦν</span> <span class='ocrx_word' id='word_1_70' title='bbox 459 499 473 525; x_wconf 85' lang='grc' dir='ltr'>ὀ</span> <span class='ocrx_word' id='word_1_71' title='bbox 489 498 570 530; x_wconf 80' lang='grc' dir='ltr'>τόπος</span> <span class='ocrx_word' id='word_1_72' title='bbox 588 499 668 530; x_wconf 77' lang='grc' dir='ltr'>εὐθὺς</span> <span class='ocrx_word' id='word_1_73' title='bbox 685 497 870 534; x_wconf 77' lang='grc' dir='ltr'><strong>πεπληρωμέ-</strong></span> 
     </span>
    </p>
   </div>
   <div class='ocr_carea' id='block_1_11' title="bbox 79 545 870 582">
    <p class='ocr_par' dir='ltr' id='par_1_11' title="bbox 79 545 870 582">
     <span class='ocr_line' id='line_1_11' title="bbox 79 545 870 582; baseline 0 -11"><span class='ocrx_word' id='word_1_74' title='bbox 79 555 121 577; x_wconf 84' lang='grc' dir='ltr'>νος</span> <span class='ocrx_word' id='word_1_75' title='bbox 137 546 292 580; x_wconf 69' lang='grc' dir='ltr'><strong>φαντασίας</strong></span> <span class='ocrx_word' id='word_1_76' title='bbox 308 546 433 577; x_wconf 79' lang='grc' dir='ltr'><strong>λεόντων,</strong></span> <span class='ocrx_word' id='word_1_77' title='bbox 443 547 561 582; x_wconf 71' lang='grc' dir='ltr'><strong>ἄρκτων,</strong></span> <span class='ocrx_word' id='word_1_78' title='bbox 572 546 762 582; x_wconf 78' lang='grc' dir='ltr'><strong>λεοπαρδάλων</strong></span> <span class='ocrx_word' id='word_1_79' title='bbox 772 547 791 577; x_wconf 73' lang='grc'><strong>⁸,</strong></span> <span class='ocrx_word' id='word_1_80' title='bbox 802 545 870 572; x_wconf 82' lang='grc' dir='ltr'><strong>ταύ-</strong></span> 
     </span>
    </p>
   </div>
   <div class='ocr_carea' id='block_1_12' title="bbox 78 591 869 628">
    <p class='ocr_par' dir='ltr' id='par_1_12' title="bbox 78 591 869 628">
     <span class='ocr_line' id='line_1_12' title="bbox 78 591 869 628; baseline 0.001 -10"><span class='ocrx_word' id='word_1_81' title='bbox 78 601 131 627; x_wconf 78' lang='grc' dir='ltr'><strong>ρων</strong></span> <span class='ocrx_word' id='word_1_82' title='bbox 148 592 196 619; x_wconf 73' lang='grc' dir='ltr'>καὶ</span> <span class='ocrx_word' id='word_1_83' title='bbox 213 592 314 626; x_wconf 69' lang='grc' dir='ltr'>ὄφεων,</span> <span class='ocrx_word' id='word_1_84' title='bbox 332 592 453 619; x_wconf 74' lang='grc' dir='ltr'>ἀσπίδων</span> <span class='ocrx_word' id='word_1_85' title='bbox 468 592 515 619; x_wconf 71' lang='grc' dir='ltr'><strong>καὶ</strong></span> <span class='ocrx_word' id='word_1_86' title='bbox 533 592 671 628; x_wconf 79' lang='grc' dir='ltr'><strong>σκορπίων</strong></span> <span class='ocrx_word' id='word_1_87' title='bbox 697 591 743 618; x_wconf 80' lang='grc' dir='ltr'><strong>καὶ</strong></span> <span class='ocrx_word' id='word_1_88' title='bbox 770 591 869 619; x_wconf 78' lang='grc' dir='ltr'><strong>λύκων.</strong></span> 
     </span>
    </p>
   </div>
   <div class='ocr_carea' id='block_1_13' title="bbox 79 638 870 674">
    <p class='ocr_par' dir='ltr' id='par_1_13' title="bbox 79 638 870 674">
     <span class='ocr_line' id='line_1_13' title="bbox 79 638 870 674; baseline -0.001 -9"><span class='ocrx_word' id='word_1_89' title='bbox 79 649 89 665; x_wconf 72' lang='grc' dir='ltr'><strong>ι</strong></span> <span class='ocrx_word' id='word_1_90' title='bbox 100 639 222 674; x_wconf 82' lang='lat' dir='ltr'><strong>Eratque</strong></span> <span class='ocrx_word' id='word_1_91' title='bbox 232 639 303 666; x_wconf 90' lang='lat' dir='ltr'><strong>idem</strong></span> <span class='ocrx_word' id='word_1_92' title='bbox 314 639 391 666; x_wconf 87' lang='lat' dir='ltr'><strong>locus</strong></span> <span class='ocrx_word' id='word_1_93' title='bbox 400 639 490 666; x_wconf 89' lang='lat' dir='ltr'><strong>subito</strong></span> <span class='ocrx_word' id='word_1_94' title='bbox 499 638 614 666; x_wconf 87' lang='lat' dir='ltr'><strong>refertus</strong></span> <span class='ocrx_word' id='word_1_95' title='bbox 624 639 740 674; x_wconf 87' lang='lat' dir='ltr'><strong>spectris</strong></span> <span class='ocrx_word' id='word_1_96' title='bbox 748 638 870 671; x_wconf 81' lang='lat' dir='ltr'><strong>leonum,</strong></span> 
     </span>
    </p>
   </div>
   <div class='ocr_carea' id='block_1_14' title="bbox 77 683 870 720">
    <p class='ocr_par' dir='ltr' id='par_1_14' title="bbox 77 683 870 720">
     <span class='ocr_line' id='line_1_14' title="bbox 77 683 870 720; baseline -0.004 -7"><span class='ocrx_word' id='word_1_97' title='bbox 77 693 220 718; x_wconf 86' lang='lat' dir='ltr'><strong>ursarum,</strong></span> <span class='ocrx_word' id='word_1_98' title='bbox 235 685 447 720; x_wconf 85' lang='lat' dir='ltr'><strong>lcopardorum,</strong></span> <span class='ocrx_word' id='word_1_99' title='bbox 471 689 613 712; x_wconf 84' lang='lat' dir='ltr'><strong>taurorum</strong></span> <span class='ocrx_word' id='word_1_100' title='bbox 643 689 670 711; x_wconf 89' lang='lat' dir='ltr'><strong>et</strong></span> <span class='ocrx_word' id='word_1_101' title='bbox 690 683 870 718; x_wconf 84' lang='lat' dir='ltr'><strong>serpentium.</strong></span> 
     </span>
    </p>
   </div>
   <div class='ocr_carea' id='block_1_15' title="bbox 76 730 871 767">
    <p class='ocr_par' dir='ltr' id='par_1_15' title="bbox 76 730 871 767">
     <span class='ocr_line' id='line_1_15' title="bbox 76 730 871 767; baseline 0 -9"><span class='ocrx_word' id='word_1_102' title='bbox 76 731 205 766; x_wconf 89' lang='lat' dir='ltr'><strong>aspidum</strong></span> <span class='ocrx_word' id='word_1_103' title='bbox 228 736 256 758; x_wconf 87' lang='lat' dir='ltr'><strong>et</strong></span> <span class='ocrx_word' id='word_1_104' title='bbox 271 732 449 766; x_wconf 87' lang='lat' dir='ltr'><strong>scorpionum</strong></span> <span class='ocrx_word' id='word_1_105' title='bbox 471 735 498 758; x_wconf 90' lang='lat' dir='ltr'><strong>et</strong></span> <span class='ocrx_word' id='word_1_106' title='bbox 513 731 651 766; x_wconf 90' lang='lat' dir='ltr'><strong>luporum.</strong></span> <span class='ocrx_word' id='word_1_107' title='bbox 670 740 679 756; x_wconf 77' lang='grc' dir='ltr'>ι</span> <span class='ocrx_word' id='word_1_108' title='bbox 698 731 771 758; x_wconf 86' lang='lat' dir='ltr'><strong>Satis</strong></span> <span class='ocrx_word' id='word_1_109' title='bbox 788 730 871 767; x_wconf 78' lang='lat' dir='ltr'><strong>igitur</strong></span> 
     </span>
    </p>
   </div>
   <div class='ocr_carea' id='block_1_16' title="bbox 76 777 870 813">
    <p class='ocr_par' dir='ltr' id='par_1_16' title="bbox 76 777 870 813">
     <span class='ocr_line' id='line_1_16' title="bbox 76 777 870 813; baseline 0 -9"><span class='ocrx_word' id='word_1_110' title='bbox 76 783 155 806; x_wconf 78' lang='lat' dir='ltr'><strong>vetus</strong></span> <span class='ocrx_word' id='word_1_111' title='bbox 168 783 213 806; x_wconf 89' lang='lat' dir='ltr'><strong>est</strong></span> <span class='ocrx_word' id='word_1_112' title='bbox 227 786 282 805; x_wconf 70' lang='lat' dir='ltr'><strong>vox</strong></span> <span class='ocrx_word' id='word_1_113' title='bbox 299 778 433 813; x_wconf 86' lang='lat' dir='ltr'><strong>leopardi.</strong></span> <span class='ocrx_word' id='word_1_114' title='bbox 448 777 557 805; x_wconf 86' lang='lat' dir='ltr'><strong>Interim</strong></span> <span class='ocrx_word' id='word_1_115' title='bbox 581 778 605 805; x_wconf 90' lang='lat' dir='ltr'><strong>si</strong></span> <span class='ocrx_word' id='word_1_116' title='bbox 630 777 766 804; x_wconf 87' lang='lat' dir='ltr'><strong>Bocbarto</strong></span> <span class='ocrx_word' id='word_1_117' title='bbox 780 777 870 813; x_wconf 38' lang='lat' dir='ltr'><strong>credi:</strong></span> 
     </span>
    </p>
   </div>
   <div class='ocr_carea' id='block_1_17' title="bbox 77 821 870 856">
    <p class='ocr_par' dir='ltr' id='par_1_17' title="bbox 77 821 870 856">
     <span class='ocr_line' id='line_1_17' title="bbox 77 821 870 856; baseline 0 -6"><span class='ocrx_word' id='word_1_118' title='bbox 77 831 138 851; x_wconf 90' lang='lat' dir='ltr'><strong>mus</strong></span> <span class='ocrx_word' id='word_1_119' title='bbox 152 843 162 856; x_wconf 82' lang='lat'><strong>,</strong></span> <span class='ocrx_word' id='word_1_120' title='bbox 184 823 288 850; x_wconf 72' lang='lat' dir='ltr'><strong>Dallteo</strong></span> <span class='ocrx_word' id='word_1_121' title='bbox 310 823 476 851; x_wconf 87' lang='lat' dir='ltr'><strong>credendttm</strong></span> <span class='ocrx_word' id='word_1_122' title='bbox 493 830 548 850; x_wconf 91' lang='lat' dir='ltr'><strong>non</strong></span> <span class='ocrx_word' id='word_1_123' title='bbox 559 826 617 856; x_wconf 86' lang='lat' dir='ltr'><strong>est;</strong></span> <span class='ocrx_word' id='word_1_124' title='bbox 631 822 655 850; x_wconf 87' lang='lat' dir='ltr'><strong>si</strong></span> <span class='ocrx_word' id='word_1_125' title='bbox 668 821 769 850; x_wconf 70' lang='lat' dir='ltr'><strong>Dallaeo</strong></span> <span class='ocrx_word' id='word_1_126' title='bbox 790 822 870 850; x_wconf 89' lang='lat' dir='ltr'><strong>ﬁdem</strong></span> 
     </span>
    </p>
   </div>
   <div class='ocr_carea' id='block_1_18' title="bbox 77 868 871 902">
    <p class='ocr_par' dir='ltr' id='par_1_18' title="bbox 77 868 871 902">
     <span class='ocr_line' id='line_1_18' title="bbox 77 868 871 902; baseline -0.001 -6"><span class='ocrx_word' id='word_1_127' title='bbox 77 869 241 902; x_wconf 87' lang='lat' dir='ltr'><strong>habeamus,</strong></span> <span class='ocrx_word' id='word_1_128' title='bbox 261 869 399 896; x_wconf 87' lang='lat' dir='ltr'><strong>Bocharto</strong></span> <span class='ocrx_word' id='word_1_129' title='bbox 414 868 652 902; x_wconf 81' lang='lat' dir='ltr'><strong>renuntiabimus;</strong></span> <span class='ocrx_word' id='word_1_130' title='bbox 666 874 720 895; x_wconf 86' lang='lat' dir='ltr'><strong>tam</strong></span> <span class='ocrx_word' id='word_1_131' title='bbox 745 868 816 896; x_wconf 87' lang='lat' dir='ltr'><strong>male</strong></span> <span class='ocrx_word' id='word_1_132' title='bbox 829 868 871 895; x_wconf 91' lang='lat' dir='ltr'><strong>in-</strong></span> 
     </span>
    </p>
   </div>
   <div class='ocr_carea' id='block_1_19' title="bbox 77 914 870 951">
    <p class='ocr_par' dir='ltr' id='par_1_19' title="bbox 77 914 870 951">
     <span class='ocr_line' id='line_1_19' title="bbox 77 914 870 951; baseline 0.001 -9"><span class='ocrx_word' id='word_1_133' title='bbox 77 920 118 942; x_wconf 79' lang='lat' dir='ltr'><strong>ter</strong></span> <span class='ocrx_word' id='word_1_134' title='bbox 130 916 193 944; x_wconf 88' lang='lat' dir='ltr'><strong>illos</strong></span> <span class='ocrx_word' id='word_1_135' title='bbox 208 916 235 943; x_wconf 90' lang='lat' dir='ltr'><strong>in</strong></span> <span class='ocrx_word' id='word_1_136' title='bbox 252 915 357 951; x_wconf 77' lang='lat' dir='ltr'><strong>lgnatio</strong></span> <span class='ocrx_word' id='word_1_137' title='bbox 368 915 548 950; x_wconf 60' lang='lat' dir='ltr'><strong>expugnando</strong></span> <span class='ocrx_word' id='word_1_138' title='bbox 562 915 701 943; x_wconf 77' lang='lat' dir='ltr'><strong>convenit.</strong></span> <span class='ocrx_word' id='word_1_139' title='bbox 720 914 776 942; x_wconf 86' lang='lat' dir='ltr'><strong>Nos</strong></span> <span class='ocrx_word' id='word_1_140' title='bbox 796 919 870 943; x_wconf 89' lang='lat' dir='ltr'><strong>certe</strong></span> 
     </span>
    </p>
   </div>
   <div class='ocr_carea' id='block_1_20' title="bbox 77 961 870 997">
    <p class='ocr_par' dir='ltr' id='par_1_20' title="bbox 77 961 870 997">
     <span class='ocr_line' id='line_1_20' title="bbox 77 961 870 997; baseline -0.001 -8"><span class='ocrx_word' id='word_1_141' title='bbox 77 962 104 989; x_wconf 94' lang='lat' dir='ltr'><strong>in</strong></span> <span class='ocrx_word' id='word_1_142' title='bbox 117 963 169 989; x_wconf 87' lang='lat' dir='ltr'><strong>hac</strong></span> <span class='ocrx_word' id='word_1_143' title='bbox 189 970 219 989; x_wconf 84' lang='lat' dir='ltr'><strong>re</strong></span> <span class='ocrx_word' id='word_1_144' title='bbox 239 962 305 989; x_wconf 90' lang='lat' dir='ltr'><strong>dum</strong></span> <span class='ocrx_word' id='word_1_145' title='bbox 320 968 418 989; x_wconf 85' lang='lat' dir='ltr'><strong>neuter</strong></span> <span class='ocrx_word' id='word_1_146' title='bbox 437 961 517 988; x_wconf 82' lang='lat' dir='ltr'><strong>alteri</strong></span> <span class='ocrx_word' id='word_1_147' title='bbox 541 961 650 995; x_wconf 90' lang='lat' dir='ltr'><strong>credit,</strong></span> <span class='ocrx_word' id='word_1_148' title='bbox 674 961 738 996; x_wconf 83' lang='lat' dir='ltr'><strong>jure</strong></span> <span class='ocrx_word' id='word_1_149' title='bbox 766 961 870 997; x_wconf 86' lang='lat' dir='ltr'><strong>optimo</strong></span> 
     </span>
    </p>
   </div>
   <div class='ocr_carea' id='block_1_21' title="bbox 76 1008 518 1042">
    <p class='ocr_par' dir='ltr' id='par_1_21' title="bbox 76 1008 518 1042">
     <span class='ocr_line' id='line_1_21' title="bbox 76 1008 518 1042; baseline -0.005 -6"><span class='ocrx_word' id='word_1_150' title='bbox 76 1009 169 1036; x_wconf 79' lang='lat' dir='ltr'><strong>neutri</strong></span> <span class='ocrx_word' id='word_1_151' title='bbox 185 1008 354 1036; x_wconf 87' lang='lat' dir='ltr'><strong>credendum</strong></span> <span class='ocrx_word' id='word_1_152' title='bbox 378 1012 518 1042; x_wconf 87' lang='lat' dir='ltr'><strong>putamus.</strong></span> 
     </span>
    </p>
   </div>
   <div class='ocr_carea' id='block_1_22' title="bbox 110 1052 870 1089">
    <p class='ocr_par' dir='ltr' id='par_1_22' title="bbox 110 1052 870 1089">
     <span class='ocr_line' id='line_1_22' title="bbox 110 1052 870 1089; baseline 0 -8"><span class='ocrx_word' id='word_1_153' title='bbox 110 1054 220 1085; x_wconf 85' lang='lat' dir='ltr'><strong>Tertio,</strong></span> <span class='ocrx_word' id='word_1_154' title='bbox 236 1053 265 1081; x_wconf 91' lang='lat' dir='ltr'><strong>S.</strong></span> <span class='ocrx_word' id='word_1_155' title='bbox 279 1053 399 1089; x_wconf 79' lang='lat' dir='ltr'><strong>lgnatius</strong></span> <span class='ocrx_word' id='word_1_156' title='bbox 414 1054 441 1080; x_wconf 93' lang='lat' dir='ltr'><strong>in</strong></span> <span class='ocrx_word' id='word_1_157' title='bbox 453 1053 566 1088; x_wconf 85' lang='lat' dir='ltr'><strong>cpistola</strong></span> <span class='ocrx_word' id='word_1_158' title='bbox 580 1052 614 1081; x_wconf 85' lang='lat' dir='ltr'><strong>ad</strong></span> <span class='ocrx_word' id='word_1_159' title='bbox 628 1052 870 1088; x_wconf 84' lang='lat' dir='ltr'><strong>Philadelphenses</strong></span> 
     </span>
    </p>
   </div>
   <div class='ocr_carea' id='block_1_23' title="bbox 73 1099 871 1134">
    <p class='ocr_par' dir='ltr' id='par_1_23' title="bbox 73 1099 871 1134">
     <span class='ocr_line' id='line_1_23' title="bbox 73 1099 871 1134; baseline -0.003 -6"><span class='ocrx_word' id='word_1_160' title='bbox 73 1109 123 1129; x_wconf 86' lang='lat' dir='ltr'><strong>eos</strong></span> <span class='ocrx_word' id='word_1_161' title='bbox 139 1101 174 1128; x_wconf 87' lang='lat' dir='ltr'><strong>ad</strong></span> <span class='ocrx_word' id='word_1_162' title='bbox 197 1101 334 1127; x_wconf 89' lang='lat' dir='ltr'><strong>unitatem</strong></span> <span class='ocrx_word' id='word_1_163' title='bbox 350 1099 567 1127; x_wconf 80' lang='lat' dir='ltr'><strong>ecclesiasticam</strong></span> <span class='ocrx_word' id='word_1_164' title='bbox 593 1104 723 1134; x_wconf 83' lang='lat' dir='ltr'><strong>tanquam</strong></span> <span class='ocrx_word' id='word_1_165' title='bbox 740 1107 793 1127; x_wconf 89' lang='lat' dir='ltr'><strong>non</strong></span> <span class='ocrx_word' id='word_1_166' title='bbox 817 1099 871 1127; x_wconf 82' lang='lat' dir='ltr'><strong>sibi</strong></span> 
     </span>
    </p>
   </div>
   <div class='ocr_carea' id='block_1_24' title="bbox 75 1146 867 1182">
    <p class='ocr_par' dir='ltr' id='par_1_24' title="bbox 75 1146 867 1182">
     <span class='ocr_line' id='line_1_24' title="bbox 75 1146 867 1182; baseline -0.003 -6"><span class='ocrx_word' id='word_1_167' title='bbox 75 1154 186 1176; x_wconf 85' lang='lat' dir='ltr'><strong>tantum</strong></span> <span class='ocrx_word' id='word_1_168' title='bbox 202 1148 251 1176; x_wconf 90' lang='lat' dir='ltr'><strong>sed</strong></span> <span class='ocrx_word' id='word_1_169' title='bbox 262 1152 288 1175; x_wconf 90' lang='lat' dir='ltr'><strong>et</strong></span> <span class='ocrx_word' id='word_1_170' title='bbox 300 1147 362 1175; x_wconf 91' lang='lat' dir='ltr'><strong>aliis</strong></span> <span class='ocrx_word' id='word_1_171' title='bbox 370 1147 465 1175; x_wconf 88' lang='lat' dir='ltr'><strong>utilem</strong></span> <span class='ocrx_word' id='word_1_172' title='bbox 478 1151 560 1182; x_wconf 87' lang='lat' dir='ltr'><strong>atque</strong></span> <span class='ocrx_word' id='word_1_173' title='bbox 571 1147 718 1175; x_wconf 80' lang='lat' dir='ltr'><strong>salutarem</strong></span> <span class='ocrx_word' id='word_1_174' title='bbox 733 1146 867 1174; x_wconf 82' lang='lat' dir='ltr'><strong>hortatur.</strong></span> 
     </span>
    </p>
   </div>
   <div class='ocr_carea' id='block_1_25' title="bbox 79 1192 870 1230">
    <p class='ocr_par' dir='ltr' id='par_1_25' title="bbox 79 1192 870 1230">
     <span class='ocr_line' id='line_1_25' title="bbox 79 1192 870 1230; baseline -0.004 -8"><span class='ocrx_word' id='word_1_175' title='bbox 79 1205 88 1221; x_wconf 75' lang='grc' dir='ltr'><strong>ε</strong></span> <span class='ocrx_word' id='word_1_176' title='bbox 101 1195 248 1230; x_wconf 83' lang='lat' dir='ltr'><strong>Quotquot</strong></span> <span class='ocrx_word' id='word_1_177' title='bbox 263 1195 334 1222; x_wconf 91' lang='lat' dir='ltr'><strong>enim</strong></span> <span class='ocrx_word' id='word_1_178' title='bbox 347 1193 405 1226; x_wconf 90' lang='lat' dir='ltr'><strong>Dei,</strong></span> <span class='ocrx_word' id='word_1_179' title='bbox 422 1193 521 1228; x_wconf 89' lang='lat' dir='ltr'><strong>inquit,</strong></span> <span class='ocrx_word' id='word_1_180' title='bbox 534 1198 599 1221; x_wconf 89' lang='lat' dir='ltr'><strong>sunt</strong></span> <span class='ocrx_word' id='word_1_181' title='bbox 622 1198 649 1221; x_wconf 85' lang='lat' dir='ltr'><strong>et</strong></span> <span class='ocrx_word' id='word_1_182' title='bbox 665 1192 732 1220; x_wconf 82' lang='lat' dir='ltr'><strong>Jesu</strong></span> <span class='ocrx_word' id='word_1_183' title='bbox 755 1192 870 1226; x_wconf 83' lang='lat' dir='ltr'><strong>Christi,</strong></span> 
     </span>
    </p>
   </div>
   <div class='ocr_carea' id='block_1_26' title="bbox 78 1240 870 1276">
    <p class='ocr_par' dir='ltr' id='par_1_26' title="bbox 78 1240 870 1276">
     <span class='ocr_line' id='line_1_26' title="bbox 78 1240 870 1276; baseline -0.001 -7"><span class='ocrx_word' id='word_1_184' title='bbox 78 1242 123 1270; x_wconf 87' lang='lat' dir='ltr'><strong>isti</strong></span> <span class='ocrx_word' id='word_1_185' title='bbox 139 1249 204 1269; x_wconf 91' lang='lat' dir='ltr'><strong>cum</strong></span> <span class='ocrx_word' id='word_1_186' title='bbox 220 1241 350 1276; x_wconf 80' lang='lat' dir='ltr'><strong>episcopo</strong></span> <span class='ocrx_word' id='word_1_187' title='bbox 366 1245 444 1272; x_wconf 87' lang='lat' dir='ltr'><strong>sunt;</strong></span> <span class='ocrx_word' id='word_1_188' title='bbox 456 1244 483 1267; x_wconf 90' lang='lat' dir='ltr'><strong>et</strong></span> <span class='ocrx_word' id='word_1_189' title='bbox 503 1244 640 1275; x_wconf 85' lang='lat' dir='ltr'><strong>quotquot</strong></span> <span class='ocrx_word' id='word_1_190' title='bbox 663 1240 758 1274; x_wconf 88' lang='lat' dir='ltr'><strong>utique</strong></span> <span class='ocrx_word' id='word_1_191' title='bbox 781 1240 870 1274; x_wconf 67' lang='lat' dir='ltr'><strong>poeni-</strong></span> 
     </span>
    </p>
   </div>
   <div class='ocr_carea' id='block_1_27' title="bbox 74 1285 870 1318">
    <p class='ocr_par' dir='ltr' id='par_1_27' title="bbox 74 1285 870 1318">
     <span class='ocr_line' id='line_1_27' title="bbox 74 1285 870 1318; baseline -0.003 -2"><span class='ocrx_word' id='word_1_192' title='bbox 74 1293 166 1316; x_wconf 87' lang='lat' dir='ltr'><strong>tentes</strong></span> <span class='ocrx_word' id='word_1_193' title='bbox 182 1288 300 1316; x_wconf 88' lang='lat' dir='ltr'><strong>veniunt</strong></span> <span class='ocrx_word' id='word_1_194' title='bbox 314 1287 341 1314; x_wconf 95' lang='lat' dir='ltr'><strong>in</strong></span> <span class='ocrx_word' id='word_1_195' title='bbox 370 1286 502 1314; x_wconf 85' lang='lat' dir='ltr'><strong>unitatem</strong></span> <span class='ocrx_word' id='word_1_196' title='bbox 529 1285 677 1318; x_wconf 62' lang='lat' dir='ltr'><strong>Ecclesia,</strong></span> <span class='ocrx_word' id='word_1_197' title='bbox 702 1290 730 1313; x_wconf 91' lang='lat' dir='ltr'><strong>et</strong></span> <span class='ocrx_word' id='word_1_198' title='bbox 750 1285 793 1313; x_wconf 82' lang='lat' dir='ltr'><strong>isti</strong></span> <span class='ocrx_word' id='word_1_199' title='bbox 823 1285 870 1314; x_wconf 88' lang='lat' dir='ltr'><strong>Dei</strong></span> 
     </span>
    </p>
   </div>
   <div class='ocr_carea' id='block_1_28' title="bbox 74 1331 871 1368">
    <p class='ocr_par' dir='ltr' id='par_1_28' title="bbox 74 1331 871 1368">
     <span class='ocr_line' id='line_1_28' title="bbox 74 1331 871 1368; baseline -0.005 -5"><span class='ocrx_word' id='word_1_200' title='bbox 74 1339 168 1363; x_wconf 90' lang='lat' dir='ltr'><strong>erunt.</strong></span> <span class='ocrx_word' id='word_1_201' title='bbox 183 1345 193 1361; x_wconf 74' lang='grc' dir='ltr'><strong><em>ι</em></strong></span> <span class='ocrx_word' id='word_1_202' title='bbox 212 1334 252 1362; x_wconf 83' lang='lat' dir='ltr'><strong>Ac</strong></span> <span class='ocrx_word' id='word_1_203' title='bbox 263 1342 362 1362; x_wconf 85' lang='lat' dir='ltr'><strong>rursus</strong></span> <span class='ocrx_word' id='word_1_204' title='bbox 376 1338 438 1368; x_wconf 90' lang='lat' dir='ltr'><strong>post</strong></span> <span class='ocrx_word' id='word_1_205' title='bbox 452 1340 556 1368; x_wconf 89' lang='lat' dir='ltr'><strong>pauca:</strong></span> <span class='ocrx_word' id='word_1_206' title='bbox 577 1343 586 1358; x_wconf 78' lang='grc' dir='ltr'><strong>ε</strong></span> <span class='ocrx_word' id='word_1_207' title='bbox 608 1331 659 1360; x_wconf 86' lang='lat' dir='ltr'><strong>Ubi</strong></span> <span class='ocrx_word' id='word_1_208' title='bbox 672 1333 772 1360; x_wconf 86' lang='lat' dir='ltr'><strong>divisio</strong></span> <span class='ocrx_word' id='word_1_209' title='bbox 784 1336 826 1359; x_wconf 85' lang='lat' dir='ltr'><strong>est</strong></span> <span class='ocrx_word' id='word_1_210' title='bbox 844 1335 871 1359; x_wconf 88' lang='lat' dir='ltr'><strong>et</strong></span> 
     </span>
    </p>
   </div>
   <div class='ocr_carea' id='block_1_29' title="bbox 74 1378 871 1414">
    <p class='ocr_par' dir='ltr' id='par_1_29' title="bbox 74 1378 871 1414">
     <span class='ocr_line' id='line_1_29' title="bbox 74 1378 871 1414; baseline -0.005 -5"><span class='ocrx_word' id='word_1_211' title='bbox 74 1382 127 1413; x_wconf 73' lang='lat' dir='ltr'><strong>ira,</strong></span> <span class='ocrx_word' id='word_1_212' title='bbox 146 1381 220 1408; x_wconf 82' lang='lat' dir='ltr'><strong>Deus</strong></span> <span class='ocrx_word' id='word_1_213' title='bbox 232 1389 288 1408; x_wconf 91' lang='lat' dir='ltr'><strong>non</strong></span> <span class='ocrx_word' id='word_1_214' title='bbox 303 1379 418 1407; x_wconf 84' lang='lat' dir='ltr'><strong>habitat.</strong></span> <span class='ocrx_word' id='word_1_215' title='bbox 429 1378 563 1406; x_wconf 88' lang='lat' dir='ltr'><strong>Omnibus</strong></span> <span class='ocrx_word' id='word_1_216' title='bbox 577 1379 660 1413; x_wconf 81' lang='lat' dir='ltr'><strong>igitur</strong></span> <span class='ocrx_word' id='word_1_217' title='bbox 674 1378 871 1414; x_wconf 71' lang='lat' dir='ltr'><strong>pmnitentibus</strong></span> 
     </span>
    </p>
   </div>
   <div class='ocr_carea' id='block_1_30' title="bbox 74 1424 871 1461">
    <p class='ocr_par' dir='ltr' id='par_1_30' title="bbox 74 1424 871 1461">
     <span class='ocr_line' id='line_1_30' title="bbox 74 1424 871 1461; baseline -0.006 -5"><span class='ocrx_word' id='word_1_218' title='bbox 74 1428 192 1456; x_wconf 84' lang='lat' dir='ltr'><strong>dimittit</strong></span> <span class='ocrx_word' id='word_1_219' title='bbox 207 1427 291 1458; x_wconf 82' lang='lat' dir='ltr'><strong>Deus.</strong></span> <span class='ocrx_word' id='word_1_220' title='bbox 301 1426 323 1454; x_wconf 88' lang='lat' dir='ltr'><strong>si</strong></span> <span class='ocrx_word' id='word_1_221' title='bbox 342 1426 494 1461; x_wconf 73' lang='lat' dir='ltr'><strong>paeniteant</strong></span> <span class='ocrx_word' id='word_1_222' title='bbox 510 1424 538 1451; x_wconf 93' lang='lat' dir='ltr'><strong>in</strong></span> <span class='ocrx_word' id='word_1_223' title='bbox 555 1424 688 1452; x_wconf 88' lang='lat' dir='ltr'><strong>unitatem</strong></span> <span class='ocrx_word' id='word_1_224' title='bbox 705 1424 751 1452; x_wconf 90' lang='lat' dir='ltr'><strong>Dei</strong></span> <span class='ocrx_word' id='word_1_225' title='bbox 766 1430 794 1452; x_wconf 91' lang='lat' dir='ltr'><strong>et</strong></span> <span class='ocrx_word' id='word_1_226' title='bbox 805 1432 871 1452; x_wconf 90' lang='lat' dir='ltr'><strong>con-</strong></span> 
     </span>
    </p>
   </div>
   <div class='ocr_carea' id='block_1_31' title="bbox 74 1463 871 1508">
    <p class='ocr_par' dir='ltr' id='par_1_31' title="bbox 74 1463 871 1508">
     <span class='ocr_line' id='line_1_31' title="bbox 74 1463 871 1508; baseline -0.006 -6"><span class='ocrx_word' id='word_1_227' title='bbox 74 1475 173 1503; x_wconf 87' lang='lat' dir='ltr'><strong>cilium</strong></span> <span class='ocrx_word' id='word_1_228' title='bbox 190 1472 326 1508; x_wconf 86' lang='lat' dir='ltr'><strong>episcopi.</strong></span> <span class='ocrx_word' id='word_1_229' title='bbox 340 1482 350 1498; x_wconf 73' lang='grc' dir='ltr'><strong><em>ι</em></strong></span> <span class='ocrx_word' id='word_1_230' title='bbox 368 1471 440 1505; x_wconf 87' lang='lat' dir='ltr'><strong>Quid</strong></span> <span class='ocrx_word' id='word_1_231' title='bbox 454 1471 496 1499; x_wconf 84' lang='lat' dir='ltr'><strong>bis</strong></span> <span class='ocrx_word' id='word_1_232' title='bbox 507 1471 611 1503; x_wconf 86' lang='lat' dir='ltr'><strong>verius,</strong></span> <span class='ocrx_word' id='word_1_233' title='bbox 629 1463 696 1506; x_wconf 83' lang='lat' dir='ltr'><strong>quid</strong></span> <span class='ocrx_word' id='word_1_234' title='bbox 708 1470 871 1504; x_wconf 87' lang='lat' dir='ltr'><strong>salutarius,</strong></span> 
     </span>
    </p>
   </div>
   <div class='ocr_carea' id='block_1_32' title="bbox 73 1517 871 1558">
    <p class='ocr_par' dir='ltr' id='par_1_32' title="bbox 73 1517 871 1558">
     <span class='ocr_line' id='line_1_32' title="bbox 73 1517 871 1558; baseline -0.004 -10"><span class='ocrx_word' id='word_1_235' title='bbox 73 1521 141 1558; x_wconf 90' lang='lat' dir='ltr'><strong>quid</strong></span> <span class='ocrx_word' id='word_1_236' title='bbox 158 1519 323 1555; x_wconf 82' lang='lat' dir='ltr'><strong>antiquius?</strong></span> <span class='ocrx_word' id='word_1_237' title='bbox 337 1518 389 1546; x_wconf 86' lang='lat' dir='ltr'><strong>Sed</strong></span> <span class='ocrx_word' id='word_1_238' title='bbox 409 1528 418 1544; x_wconf 75' lang='grc' dir='ltr'>ι</span> <span class='ocrx_word' id='word_1_239' title='bbox 433 1518 485 1546; x_wconf 91' lang='lat' dir='ltr'><strong>hoc</strong></span> <span class='ocrx_word' id='word_1_240' title='bbox 497 1518 531 1545; x_wconf 88' lang='lat' dir='ltr'><strong>de</strong></span> <span class='ocrx_word' id='word_1_241' title='bbox 555 1517 738 1552; x_wconf 85' lang='lat' dir='ltr'><strong>suscipiendis</strong></span> <span class='ocrx_word' id='word_1_242' title='bbox 761 1517 794 1544; x_wconf 91' lang='lat' dir='ltr'><strong>ad</strong></span> <span class='ocrx_word' id='word_1_243' title='bbox 811 1525 871 1551; x_wconf 77' lang='lat' dir='ltr'><strong>pte-</strong></span> 
     </span>
    </p>
   </div>
   <div class='ocr_carea' id='block_1_33' title="bbox 75 1562 872 1600">
    <p class='ocr_par' dir='ltr' id='par_1_33' title="bbox 75 1562 872 1600">
     <span class='ocr_line' id='line_1_33' title="bbox 75 1562 872 1600; baseline -0.006 -4"><span class='ocrx_word' id='word_1_244' title='bbox 75 1568 222 1596; x_wconf 88' lang='lat' dir='ltr'><strong>nitentiam</strong></span> <span class='ocrx_word' id='word_1_245' title='bbox 239 1565 325 1600; x_wconf 86' lang='lat' dir='ltr'><strong>lapsis</strong></span> <span class='ocrx_word' id='word_1_246' title='bbox 342 1565 482 1592; x_wconf 87' lang='lat' dir='ltr'><strong>decretum</strong></span> <span class='ocrx_word' id='word_1_247' title='bbox 500 1563 682 1591; x_wconf 82' lang='lat' dir='ltr'><strong>Montanistas</strong></span> <span class='ocrx_word' id='word_1_248' title='bbox 703 1569 730 1591; x_wconf 90' lang='lat' dir='ltr'><strong>et</strong></span> <span class='ocrx_word' id='word_1_249' title='bbox 741 1562 872 1592; x_wconf 86' lang='lat' dir='ltr'><strong>Novatia-</strong></span> 
     </span>
    </p>
   </div>
   <div class='ocr_carea' id='block_1_34' title="bbox 75 1609 869 1648">
    <p class='ocr_par' dir='ltr' id='par_1_34' title="bbox 75 1609 869 1648">
     <span class='ocr_line' id='line_1_34' title="bbox 75 1609 869 1648; baseline -0.009 -6"><span class='ocrx_word' id='word_1_250' title='bbox 75 1622 128 1642; x_wconf 88' lang='lat' dir='ltr'><strong>nos</strong></span> <span class='ocrx_word' id='word_1_251' title='bbox 143 1618 237 1648; x_wconf 86' lang='lat' dir='ltr'><strong>aperte</strong></span> <span class='ocrx_word' id='word_1_252' title='bbox 250 1612 351 1648; x_wconf 85' lang='lat' dir='ltr'><strong>pulsat,</strong></span> <span class='ocrx_word' id='word_1_253' title='bbox 363 1610 409 1638; x_wconf 92' lang='lat' dir='ltr'><strong>diu</strong></span> <span class='ocrx_word' id='word_1_254' title='bbox 422 1615 483 1646; x_wconf 86' lang='lat' dir='ltr'><strong>post</strong></span> <span class='ocrx_word' id='word_1_255' title='bbox 496 1609 630 1645; x_wconf 80' lang='lat' dir='ltr'><strong>lgnatium</strong></span> <span class='ocrx_word' id='word_1_256' title='bbox 647 1613 769 1636; x_wconf 80' lang='lat' dir='ltr'><strong>exertos.</strong></span> <span class='ocrx_word' id='word_1_257' title='bbox 785 1618 795 1634; x_wconf 71' lang='grc' dir='ltr'><strong><em>ι</em></strong></span> <span class='ocrx_word' id='word_1_258' title='bbox 827 1609 869 1635; x_wconf 87' lang='lat' dir='ltr'><strong>An</strong></span> 
     </span>
    </p>
   </div>
   <div class='ocr_carea' id='block_1_35' title="bbox 74 1655 870 1692">
    <p class='ocr_par' dir='ltr' id='par_1_35' title="bbox 74 1655 870 1692">
     <span class='ocr_line' id='line_1_35' title="bbox 74 1655 870 1692; baseline -0.008 -4"><span class='ocrx_word' id='word_1_259' title='bbox 74 1661 129 1688; x_wconf 88' lang='lat' dir='ltr'><strong>hoc</strong></span> <span class='ocrx_word' id='word_1_260' title='bbox 155 1659 240 1687; x_wconf 87' lang='lat' dir='ltr'><strong>scribi</strong></span> <span class='ocrx_word' id='word_1_261' title='bbox 272 1665 327 1685; x_wconf 88' lang='lat' dir='ltr'><strong>non</strong></span> <span class='ocrx_word' id='word_1_262' title='bbox 350 1657 511 1692; x_wconf 89' lang='lat' dir='ltr'><strong>potuitante</strong></span> <span class='ocrx_word' id='word_1_263' title='bbox 529 1655 706 1687; x_wconf 87' lang='lat' dir='ltr'><strong>Novatianos,</strong></span> <span class='ocrx_word' id='word_1_264' title='bbox 721 1659 769 1682; x_wconf 87' lang='lat' dir='ltr'><strong>aut</strong></span> <span class='ocrx_word' id='word_1_265' title='bbox 787 1655 870 1682; x_wconf 85' lang='lat' dir='ltr'><strong>etiam</strong></span> 
     </span>
    </p>
   </div>
   <div class='ocr_carea' id='block_1_36' title="bbox 73 1702 872 1737">
    <p class='ocr_par' dir='ltr' id='par_1_36' title="bbox 73 1702 872 1737">
     <span class='ocr_line' id='line_1_36' title="bbox 73 1702 872 1737; baseline -0.008 -3"><span class='ocrx_word' id='word_1_266' title='bbox 73 1704 281 1734; x_wconf 76' lang='lat' dir='ltr'><strong>Montanistas?</strong></span> <span class='ocrx_word' id='word_1_267' title='bbox 292 1703 333 1730; x_wconf 85' lang='lat' dir='ltr'><strong>An</strong></span> <span class='ocrx_word' id='word_1_268' title='bbox 351 1710 433 1730; x_wconf 88' lang='lat' dir='ltr'><strong>nemo</strong></span> <span class='ocrx_word' id='word_1_269' title='bbox 445 1702 510 1730; x_wconf 91' lang='lat' dir='ltr'><strong>illud</strong></span> <span class='ocrx_word' id='word_1_270' title='bbox 526 1702 600 1737; x_wconf 90' lang='lat' dir='ltr'><strong>quod</strong></span> <span class='ocrx_word' id='word_1_271' title='bbox 613 1708 708 1728; x_wconf 89' lang='lat' dir='ltr'><strong>verum</strong></span> <span class='ocrx_word' id='word_1_272' title='bbox 727 1707 769 1729; x_wconf 88' lang='lat' dir='ltr'><strong>est</strong></span> <span class='ocrx_word' id='word_1_273' title='bbox 783 1709 872 1729; x_wconf 90' lang='lat' dir='ltr'><strong>enun-</strong></span> 
     </span>
    </p>
   </div>
   <div class='ocr_carea' id='block_1_37' title="bbox 75 1747 871 1788">
    <p class='ocr_par' dir='ltr' id='par_1_37' title="bbox 75 1747 871 1788">
     <span class='ocr_line' id='line_1_37' title="bbox 75 1747 871 1788; baseline -0.009 -7"><span class='ocrx_word' id='word_1_274' title='bbox 75 1754 148 1781; x_wconf 87' lang='lat' dir='ltr'><strong>tiare</strong></span> <span class='ocrx_word' id='word_1_275' title='bbox 157 1756 263 1788; x_wconf 83' lang='lat' dir='ltr'><strong>potest.</strong></span> <span class='ocrx_word' id='word_1_276' title='bbox 280 1754 429 1785; x_wconf 81' lang='lat' dir='ltr'><strong>antequam</strong></span> <span class='ocrx_word' id='word_1_277' title='bbox 455 1749 490 1776; x_wconf 90' lang='lat' dir='ltr'><strong>ab</strong></span> <span class='ocrx_word' id='word_1_278' title='bbox 514 1748 568 1776; x_wconf 88' lang='lat' dir='ltr'><strong>alio</strong></span> <span class='ocrx_word' id='word_1_279' title='bbox 592 1748 724 1783; x_wconf 72' lang='lat' dir='ltr'><strong>negetur?</strong></span> <span class='ocrx_word' id='word_1_280' title='bbox 744 1747 871 1775; x_wconf 64' lang='lat' dir='ltr'><strong>Haaretici</strong></span> 
     </span>
    </p>
   </div>
   <div class='ocr_carea' id='block_1_38' title="bbox 75 1793 870 1830">
    <p class='ocr_par' dir='ltr' id='par_1_38' title="bbox 75 1793 870 1830">
     <span class='ocr_line' id='line_1_38' title="bbox 75 1793 870 1830; baseline -0.009 -3"><span class='ocrx_word' id='word_1_281' title='bbox 75 1804 122 1827; x_wconf 87' lang='lat' dir='ltr'><strong>aut</strong></span> <span class='ocrx_word' id='word_1_282' title='bbox 142 1796 316 1826; x_wconf 88' lang='lat' dir='ltr'><strong>schismatici</strong></span> <span class='ocrx_word' id='word_1_283' title='bbox 329 1803 438 1830; x_wconf 87' lang='lat' dir='ltr'><strong>semper</strong></span> <span class='ocrx_word' id='word_1_284' title='bbox 462 1795 514 1822; x_wconf 90' lang='lat' dir='ltr'><strong>hac</strong></span> <span class='ocrx_word' id='word_1_285' title='bbox 527 1794 634 1822; x_wconf 85' lang='lat' dir='ltr'><strong>ratione</strong></span> <span class='ocrx_word' id='word_1_286' title='bbox 656 1793 774 1822; x_wconf 89' lang='lat' dir='ltr'><strong>convicti</strong></span> <span class='ocrx_word' id='word_1_287' title='bbox 795 1797 870 1827; x_wconf 88' lang='lat' dir='ltr'><strong>sunt,</strong></span> 
     </span>
    </p>
   </div>
   <div class='ocr_carea' id='block_1_39' title="bbox 76 1839 873 1881">
    <p class='ocr_par' dir='ltr' id='par_1_39' title="bbox 76 1839 873 1881">
     <span class='ocr_line' id='line_1_39' title="bbox 76 1839 873 1881; baseline -0.009 -8"><span class='ocrx_word' id='word_1_288' title='bbox 76 1845 149 1881; x_wconf 87' lang='lat' dir='ltr'><strong>quod</strong></span> <span class='ocrx_word' id='word_1_289' title='bbox 164 1853 228 1873; x_wconf 85' lang='lat' dir='ltr'><strong>eam</strong></span> <span class='ocrx_word' id='word_1_290' title='bbox 241 1844 386 1872; x_wconf 86' lang='lat' dir='ltr'><strong>veritatem</strong></span> <span class='ocrx_word' id='word_1_291' title='bbox 402 1846 544 1878; x_wconf 82' lang='lat' dir='ltr'><strong>negarent,</strong></span> <span class='ocrx_word' id='word_1_292' title='bbox 560 1849 621 1877; x_wconf 68' lang='lat' dir='ltr'><strong>quae</strong></span> <span class='ocrx_word' id='word_1_293' title='bbox 637 1845 717 1869; x_wconf 84' lang='lat' dir='ltr'><strong>antea</strong></span> <span class='ocrx_word' id='word_1_294' title='bbox 734 1841 762 1868; x_wconf 94' lang='lat' dir='ltr'><strong>in</strong></span> <span class='ocrx_word' id='word_1_295' title='bbox 778 1839 873 1867; x_wconf 81' lang='lat' dir='ltr'><strong>Eccle—</strong></span> 
     </span>
    </p>
   </div>
   <div class='ocr_carea' id='block_1_40' title="bbox 75 1886 873 1927">
    <p class='ocr_par' dir='ltr' id='par_1_40' title="bbox 75 1886 873 1927">
     <span class='ocr_line' id='line_1_40' title="bbox 75 1886 873 1927; baseline -0.008 -8"><span class='ocrx_word' id='word_1_296' title='bbox 75 1893 116 1919; x_wconf 87' lang='lat' dir='ltr'><strong>sia</strong></span> <span class='ocrx_word' id='word_1_297' title='bbox 132 1890 350 1927; x_wconf 71' lang='lat' dir='ltr'><strong>praedicabatur.</strong></span> <span class='ocrx_word' id='word_1_298' title='bbox 368 1888 431 1916; x_wconf 61' lang='lat' dir='ltr'><strong>Haec</strong></span> <span class='ocrx_word' id='word_1_299' title='bbox 456 1896 510 1916; x_wconf 90' lang='lat' dir='ltr'><strong>non</strong></span> <span class='ocrx_word' id='word_1_300' title='bbox 525 1888 618 1916; x_wconf 89' lang='lat' dir='ltr'><strong>minus</strong></span> <span class='ocrx_word' id='word_1_301' title='bbox 635 1887 793 1914; x_wconf 75' lang='lat' dir='ltr'><strong>Donatistae</strong></span> <span class='ocrx_word' id='word_1_302' title='bbox 811 1886 873 1921; x_wconf 91' lang='lat' dir='ltr'><strong>pul-</strong></span> 
     </span>
    </p>
   </div>
   <div class='ocr_carea' id='block_1_41' title="bbox 76 1932 873 1974">
    <p class='ocr_par' dir='ltr' id='par_1_41' title="bbox 76 1932 873 1974">
     <span class='ocr_line' id='line_1_41' title="bbox 76 1932 873 1974; baseline -0.01 -7"><span class='ocrx_word' id='word_1_303' title='bbox 76 1944 139 1967; x_wconf 78' lang='lat' dir='ltr'><strong>sant</strong></span> <span class='ocrx_word' id='word_1_304' title='bbox 166 1946 254 1974; x_wconf 89' lang='lat' dir='ltr'><strong>quam</strong></span> <span class='ocrx_word' id='word_1_305' title='bbox 285 1935 484 1967; x_wconf 84' lang='lat' dir='ltr'><strong>Montanistas;</strong></span> <span class='ocrx_word' id='word_1_306' title='bbox 502 1942 534 1961; x_wconf 89' lang='lat' dir='ltr'><strong>ea</strong></span> <span class='ocrx_word' id='word_1_307' title='bbox 549 1938 640 1961; x_wconf 88' lang='lat' dir='ltr'><strong>autem</strong></span> <span class='ocrx_word' id='word_1_308' title='bbox 665 1933 768 1968; x_wconf 89' lang='lat' dir='ltr'><strong>scripta</strong></span> <span class='ocrx_word' id='word_1_309' title='bbox 786 1932 873 1960; x_wconf 86' lang='lat' dir='ltr'><strong>fuisse</strong></span> 
     </span>
    </p>
   </div>
   <div class='ocr_carea' id='block_1_42' title="bbox 76 1980 873 2016">
    <p class='ocr_par' dir='ltr' id='par_1_42' title="bbox 76 1980 873 2016">
     <span class='ocr_line' id='line_1_42' title="bbox 76 1980 873 2016; baseline -0.013 -1"><span class='ocrx_word' id='word_1_310' title='bbox 76 1986 231 2015; x_wconf 80' lang='lat' dir='ltr'><strong>adversarii</strong></span> <span class='ocrx_word' id='word_1_311' title='bbox 248 1984 369 2012; x_wconf 78' lang='lat' dir='ltr'><strong>fatentur</strong></span> <span class='ocrx_word' id='word_1_312' title='bbox 384 1988 447 2010; x_wconf 84' lang='lat' dir='ltr'><strong>ante</strong></span> <span class='ocrx_word' id='word_1_313' title='bbox 468 1982 614 2014; x_wconf 88' lang='lat' dir='ltr'><strong>Donatum,</strong></span> <span class='ocrx_word' id='word_1_314' title='bbox 637 1980 733 2016; x_wconf 91' lang='lat' dir='ltr'><strong>quidni</strong></span> <span class='ocrx_word' id='word_1_315' title='bbox 759 1983 787 2006; x_wconf 91' lang='lat' dir='ltr'><strong>et</strong></span> <span class='ocrx_word' id='word_1_316' title='bbox 810 1983 873 2006; x_wconf 83' lang='lat' dir='ltr'><strong>ante</strong></span> 
     </span>
    </p>
   </div>
   <div class='ocr_carea' id='block_1_43' title="bbox 77 2025 874 2062">
    <p class='ocr_par' dir='ltr' id='par_1_43' title="bbox 77 2025 874 2062">
     <span class='ocr_line' id='line_1_43' title="bbox 77 2025 874 2062; baseline -0.011 -1"><span class='ocrx_word' id='word_1_317' title='bbox 77 2031 262 2062; x_wconf 78' lang='lat' dir='ltr'><strong>Montanum?</strong></span> <span class='ocrx_word' id='word_1_318' title='bbox 291 2030 332 2057; x_wconf 89' lang='lat' dir='ltr'><strong>Ad</strong></span> <span class='ocrx_word' id='word_1_319' title='bbox 354 2028 518 2056; x_wconf 88' lang='lat' dir='ltr'><strong>ﬁrmandum</strong></span> <span class='ocrx_word' id='word_1_320' title='bbox 542 2030 733 2062; x_wconf 79' lang='lat' dir='ltr'><strong>argumentum</strong></span> <span class='ocrx_word' id='word_1_321' title='bbox 760 2025 874 2053; x_wconf 85' lang='lat' dir='ltr'><strong>adducit</strong></span> 
     </span>
    </p>
   </div>
   <div class='ocr_carea' id='block_1_44' title="bbox 77 2073 872 2111">
    <p class='ocr_par' dir='ltr' id='par_1_44' title="bbox 77 2073 872 2111">
     <span class='ocr_line' id='line_1_44' title="bbox 77 2073 872 2111; baseline -0.014 -3"><span class='ocrx_word' id='word_1_322' title='bbox 77 2079 275 2108; x_wconf 83' lang='lat' dir='ltr'><strong>auctoritatem</strong></span> <span class='ocrx_word' id='word_1_323' title='bbox 291 2075 459 2111; x_wconf 88' lang='lat' dir='ltr'><strong>Albaspinei,</strong></span> <span class='ocrx_word' id='word_1_324' title='bbox 482 2074 528 2109; x_wconf 91' lang='lat' dir='ltr'><strong>qui</strong></span> <span class='ocrx_word' id='word_1_325' title='bbox 545 2074 581 2101; x_wconf 91' lang='lat' dir='ltr'><strong>ob</strong></span> <span class='ocrx_word' id='word_1_326' title='bbox 609 2073 733 2100; x_wconf 89' lang='lat' dir='ltr'><strong>eamdem</strong></span> <span class='ocrx_word' id='word_1_327' title='bbox 762 2079 872 2099; x_wconf 85' lang='lat' dir='ltr'><strong>causam</strong></span> 
     </span>
    </p>
   </div>
   <div class='ocr_carea' id='block_1_45' title="bbox 79 2120 873 2159">
    <p class='ocr_par' dir='ltr' id='par_1_45' title="bbox 79 2120 873 2159">
     <span class='ocr_line' id='line_1_45' title="bbox 79 2120 873 2159; baseline -0.014 -4"><span class='ocrx_word' id='word_1_328' title='bbox 79 2134 216 2155; x_wconf 86' lang='lat' dir='ltr'><strong>canonem</strong></span> <span class='ocrx_word' id='word_1_329' title='bbox 232 2123 379 2159; x_wconf 78' lang='lat' dir='ltr'><strong>quemdam</strong></span> <span class='ocrx_word' id='word_1_330' title='bbox 406 2120 605 2149; x_wconf 89' lang='lat' dir='ltr'><strong>Clementinum</strong></span> <span class='ocrx_word' id='word_1_331' title='bbox 623 2123 704 2153; x_wconf 79' lang='lat' dir='ltr'><strong>negat</strong></span> <span class='ocrx_word' id='word_1_332' title='bbox 720 2126 781 2146; x_wconf 89' lang='lat' dir='ltr'><strong>esse</strong></span> <span class='ocrx_word' id='word_1_333' title='bbox 807 2125 873 2152; x_wconf 86' lang='lat' dir='ltr'><strong>apo-</strong></span> 
     </span>
    </p>
   </div>
   <div class='ocr_carea' id='block_1_46' title="bbox 78 2163 872 2204">
    <p class='ocr_par' dir='ltr' id='par_1_46' title="bbox 78 2163 872 2204">
     <span class='ocr_line' id='line_1_46' title="bbox 78 2163 872 2204; baseline -0.014 -2"><span class='ocrx_word' id='word_1_334' title='bbox 78 2174 220 2204; x_wconf 88' lang='lat' dir='ltr'><strong>stolicum,</strong></span> <span class='ocrx_word' id='word_1_335' title='bbox 238 2176 266 2199; x_wconf 87' lang='lat' dir='ltr'><strong>et</strong></span> <span class='ocrx_word' id='word_1_336' title='bbox 280 2175 343 2198; x_wconf 89' lang='lat' dir='ltr'><strong>ante</strong></span> <span class='ocrx_word' id='word_1_337' title='bbox 357 2168 523 2204; x_wconf 87' lang='lat' dir='ltr'><strong>Cyprianum</strong></span> <span class='ocrx_word' id='word_1_338' title='bbox 548 2167 650 2195; x_wconf 87' lang='lat' dir='ltr'><strong>sanciri</strong></span> <span class='ocrx_word' id='word_1_339' title='bbox 666 2166 798 2201; x_wconf 89' lang='lat' dir='ltr'><strong>potuisse.</strong></span> <span class='ocrx_word' id='word_1_340' title='bbox 819 2163 872 2192; x_wconf 90' lang='lat' dir='ltr'><strong>Sed</strong></span> 
     </span>
    </p>
   </div>
   <div class='ocr_carea' id='block_1_47' title="bbox 78 2211 871 2256">
    <p class='ocr_par' dir='ltr' id='par_1_47' title="bbox 78 2211 871 2256">
     <span class='ocr_line' id='line_1_47' title="bbox 78 2211 871 2256; baseline -0.014 -7"><span class='ocrx_word' id='word_1_341' title='bbox 78 2221 202 2256; x_wconf 88' lang='lat' dir='ltr'><strong>loquitur</strong></span> <span class='ocrx_word' id='word_1_342' title='bbox 215 2217 399 2252; x_wconf 79' lang='lat' dir='ltr'><strong>Albaspineus</strong></span> <span class='ocrx_word' id='word_1_343' title='bbox 410 2215 444 2242; x_wconf 87' lang='lat' dir='ltr'><strong>de</strong></span> <span class='ocrx_word' id='word_1_344' title='bbox 454 2214 658 2250; x_wconf 72' lang='lat' dir='ltr'><strong>ptenitentium,</strong></span> <span class='ocrx_word' id='word_1_345' title='bbox 677 2215 729 2240; x_wconf 89' lang='lat' dir='ltr'><strong>hoc</strong></span> <span class='ocrx_word' id='word_1_346' title='bbox 744 2216 786 2239; x_wconf 89' lang='lat' dir='ltr'><strong>est</strong></span> <span class='ocrx_word' id='word_1_347' title='bbox 810 2211 871 2246; x_wconf 88' lang='lat' dir='ltr'><strong>ipso</strong></span> 
     </span>
    </p>
   </div>
   <div class='ocr_carea' id='block_1_48' title="bbox 78 2264 450 2303">
    <p class='ocr_par' dir='ltr' id='par_1_48' title="bbox 78 2264 450 2303">
     <span class='ocr_line' id='line_1_48' title="bbox 78 2264 450 2303; baseline -0.022 -6"><span class='ocrx_word' id='word_1_348' title='bbox 78 2269 239 2303; x_wconf 84' lang='lat' dir='ltr'><strong>interprete,</strong></span> <span class='ocrx_word' id='word_1_349' title='bbox 252 2264 450 2296; x_wconf 87' lang='lat' dir='ltr'><strong>adulterorum,</strong></span> 
     </span>
    </p>
   </div>
   <div class='ocr_carea' id='block_1_49' title="bbox 77 2304 871 2347">
    <p class='ocr_par' dir='ltr' id='par_1_49' title="bbox 77 2304 871 2347">
     <span class='ocr_line' id='line_1_49' title="bbox 77 2304 871 2347; baseline -0.014 -5"><span class='ocrx_word' id='word_1_350' title='bbox 77 2322 138 2342; x_wconf 84' lang='lat' dir='ltr'><strong>rum</strong></span> <span class='ocrx_word' id='word_1_351' title='bbox 157 2312 327 2347; x_wconf 88' lang='lat' dir='ltr'><strong>receptione,</strong></span> <span class='ocrx_word' id='word_1_352' title='bbox 352 2309 387 2337; x_wconf 86' lang='lat' dir='ltr'><strong>de</strong></span> <span class='ocrx_word' id='word_1_353' title='bbox 402 2316 456 2344; x_wconf 88' lang='lat' dir='ltr'><strong>qua</strong></span> <span class='ocrx_word' id='word_1_354' title='bbox 468 2316 498 2336; x_wconf 88' lang='lat' dir='ltr'><strong>re</strong></span> <span class='ocrx_word' id='word_1_355' title='bbox 519 2308 546 2335; x_wconf 90' lang='lat' dir='ltr'><strong>in</strong></span> <span class='ocrx_word' id='word_1_356' title='bbox 573 2306 657 2334; x_wconf 88' lang='lat' dir='ltr'><strong>veteri</strong></span> <span class='ocrx_word' id='word_1_357' title='bbox 683 2305 803 2333; x_wconf 84' lang='lat' dir='ltr'><strong>Ecclesia</strong></span> <span class='ocrx_word' id='word_1_358' title='bbox 824 2304 871 2332; x_wconf 90' lang='lat' dir='ltr'><strong>diu</strong></span> 
     </span>
    </p>
   </div>
   <div class='ocr_carea' id='block_1_50' title="bbox 79 2350 871 2394">
    <p class='ocr_par' dir='ltr' id='par_1_50' title="bbox 79 2350 871 2394">
     <span class='ocr_line' id='line_1_50' title="bbox 79 2350 871 2394; baseline -0.016 -6"><span class='ocrx_word' id='word_1_359' title='bbox 79 2360 252 2394; x_wconf 82' lang='lat' dir='ltr'><strong>disputatum</strong></span> <span class='ocrx_word' id='word_1_360' title='bbox 268 2360 321 2384; x_wconf 87' lang='lat' dir='ltr'><strong>est.</strong></span> <span class='ocrx_word' id='word_1_361' title='bbox 340 2355 442 2382; x_wconf 78' lang='lat' dir='ltr'><strong>Auctor</strong></span> <span class='ocrx_word' id='word_1_362' title='bbox 454 2361 520 2381; x_wconf 91' lang='lat' dir='ltr'><strong>vero</strong></span> <span class='ocrx_word' id='word_1_363' title='bbox 535 2351 714 2388; x_wconf 88' lang='lat' dir='ltr'><strong>epistolarum</strong></span> <span class='ocrx_word' id='word_1_364' title='bbox 731 2350 765 2378; x_wconf 89' lang='lat' dir='ltr'><strong>de</strong></span> <span class='ocrx_word' id='word_1_365' title='bbox 787 2350 871 2377; x_wconf 83' lang='lat' dir='ltr'><strong>haere-</strong></span> 
     </span>
    </p>
   </div>
   <div class='ocr_carea' id='block_1_51' title="bbox 77 2395 873 2435">
    <p class='ocr_par' dir='ltr' id='par_1_51' title="bbox 77 2395 873 2435">
     <span class='ocr_line' id='line_1_51' title="bbox 77 2395 873 2435; baseline -0.015 -2"><span class='ocrx_word' id='word_1_366' title='bbox 77 2406 140 2433; x_wconf 88' lang='lat' dir='ltr'><strong>ticis</strong></span> <span class='ocrx_word' id='word_1_367' title='bbox 156 2409 184 2432; x_wconf 90' lang='lat' dir='ltr'><strong>et</strong></span> <span class='ocrx_word' id='word_1_368' title='bbox 195 2401 384 2431; x_wconf 84' lang='lat' dir='ltr'><strong>schismaticis</strong></span> <span class='ocrx_word' id='word_1_369' title='bbox 408 2399 531 2435; x_wconf 88' lang='lat' dir='ltr'><strong>loquitur</strong></span> <span class='ocrx_word' id='word_1_370' title='bbox 542 2398 576 2426; x_wconf 89' lang='lat' dir='ltr'><strong>ad</strong></span> <span class='ocrx_word' id='word_1_371' title='bbox 589 2397 722 2425; x_wconf 85' lang='lat' dir='ltr'><strong>unitatem</strong></span> <span class='ocrx_word' id='word_1_372' title='bbox 743 2395 873 2423; x_wconf 62' lang='lat' dir='ltr'><strong>Ecclesiae</strong></span> 
     </span>
    </p>
   </div>
   <div class='ocr_carea' id='block_1_52' title="bbox 79 2442 873 2483">
    <p class='ocr_par' dir='ltr' id='par_1_52' title="bbox 79 2442 873 2483">
     <span class='ocr_line' id='line_1_52' title="bbox 79 2442 873 2483; baseline -0.014 -4"><span class='ocrx_word' id='word_1_373' title='bbox 79 2457 104 2479; x_wconf 86' lang='lat' dir='ltr'><strong>et</strong></span> <span class='ocrx_word' id='word_1_374' title='bbox 121 2450 272 2482; x_wconf 60' lang='lat' dir='ltr'><strong>concilium</strong></span> <span class='ocrx_word' id='word_1_375' title='bbox 289 2447 411 2483; x_wconf 86' lang='lat' dir='ltr'><strong>episcopi</strong></span> <span class='ocrx_word' id='word_1_376' title='bbox 428 2444 616 2475; x_wconf 83' lang='lat' dir='ltr'><strong>redeuntibus,</strong></span> <span class='ocrx_word' id='word_1_377' title='bbox 626 2443 727 2478; x_wconf 89' lang='lat' dir='ltr'><strong>quibus</strong></span> <span class='ocrx_word' id='word_1_378' title='bbox 738 2442 873 2477; x_wconf 61' lang='lat' dir='ltr'><strong>paeniten-</strong></span> 
     </span>
    </p>
   </div>
   <div class='ocr_carea' id='block_1_53' title="bbox 79 2488 872 2530">
    <p class='ocr_par' dir='ltr' id='par_1_53' title="bbox 79 2488 872 2530">
     <span class='ocr_line' id='line_1_53' title="bbox 79 2488 872 2530; baseline -0.014 -5"><span class='ocrx_word' id='word_1_379' title='bbox 79 2499 152 2525; x_wconf 89' lang='lat' dir='ltr'><strong>tibus</strong></span> <span class='ocrx_word' id='word_1_380' title='bbox 169 2495 293 2530; x_wconf 85' lang='lat' dir='ltr'><strong>receptio</strong></span> <span class='ocrx_word' id='word_1_381' title='bbox 308 2497 406 2528; x_wconf 86' lang='lat' dir='ltr'><strong>negata</strong></span> <span class='ocrx_word' id='word_1_382' title='bbox 426 2498 566 2526; x_wconf 90' lang='lat' dir='ltr'><strong>nunquam</strong></span> <span class='ocrx_word' id='word_1_383' title='bbox 594 2489 655 2522; x_wconf 92' lang='lat' dir='ltr'><strong>fuit,</strong></span> <span class='ocrx_word' id='word_1_384' title='bbox 671 2493 703 2516; x_wconf 91' lang='lat' dir='ltr'><strong>ut</strong></span> <span class='ocrx_word' id='word_1_385' title='bbox 731 2489 758 2515; x_wconf 92' lang='lat' dir='ltr'><strong>in</strong></span> <span class='ocrx_word' id='word_1_386' title='bbox 787 2488 872 2523; x_wconf 83' lang='lat' dir='ltr'><strong>priori</strong></span> 
     </span>
    </p>
   </div>
   <div class='ocr_carea' id='block_1_54' title="bbox 79 2533 873 2578">
    <p class='ocr_par' dir='ltr' id='par_1_54' title="bbox 79 2533 873 2578">
     <span class='ocr_line' id='line_1_54' title="bbox 79 2533 873 2578; baseline -0.011 -8"><span class='ocrx_word' id='word_1_387' title='bbox 79 2547 155 2578; x_wconf 88' lang='lat' dir='ltr'><strong>parte</strong></span> <span class='ocrx_word' id='word_1_388' title='bbox 166 2546 312 2569; x_wconf 87' lang='lat' dir='ltr'><strong>ostensum</strong></span> <span class='ocrx_word' id='word_1_389' title='bbox 326 2542 378 2566; x_wconf 88' lang='lat' dir='ltr'><strong>est.</strong></span> <span class='ocrx_word' id='word_1_390' title='bbox 392 2536 446 2564; x_wconf 86' lang='lat' dir='ltr'><strong>Sed</strong></span> <span class='ocrx_word' id='word_1_391' title='bbox 462 2544 513 2564; x_wconf 90' lang='lat' dir='ltr'><strong>nec</strong></span> <span class='ocrx_word' id='word_1_392' title='bbox 528 2535 595 2563; x_wconf 94' lang='lat' dir='ltr'><strong>illud</strong></span> <span class='ocrx_word' id='word_1_393' title='bbox 614 2542 708 2563; x_wconf 93' lang='lat' dir='ltr'><strong>verum</strong></span> <span class='ocrx_word' id='word_1_394' title='bbox 722 2538 774 2567; x_wconf 88' lang='lat' dir='ltr'><strong>est,</strong></span> <span class='ocrx_word' id='word_1_395' title='bbox 800 2533 873 2568; x_wconf 86' lang='lat' dir='ltr'><strong>quod</strong></span> 
     </span>
    </p>
   </div>
   <div class='ocr_carea' id='block_1_55' title="bbox 80 2579 873 2623">
    <p class='ocr_par' dir='ltr' id='par_1_55' title="bbox 80 2579 873 2623">
     <span class='ocr_line' id='line_1_55' title="bbox 80 2579 873 2623; baseline -0.015 -6"><span class='ocrx_word' id='word_1_396' title='bbox 80 2587 262 2623; x_wconf 80' lang='lat' dir='ltr'><strong>Albaspineus</strong></span> <span class='ocrx_word' id='word_1_397' title='bbox 288 2585 427 2612; x_wconf 82' lang='lat' dir='ltr'><strong>observat.</strong></span> <span class='ocrx_word' id='word_1_398' title='bbox 459 2583 529 2609; x_wconf 83' lang='lat' dir='ltr'><strong>Ante</strong></span> <span class='ocrx_word' id='word_1_399' title='bbox 552 2585 659 2608; x_wconf 57' lang='lat' dir='ltr'><strong>aetatem</strong></span> <span class='ocrx_word' id='word_1_400' title='bbox 690 2579 718 2607; x_wconf 88' lang='lat' dir='ltr'><strong>S.</strong></span> <span class='ocrx_word' id='word_1_401' title='bbox 744 2579 873 2615; x_wconf 84' lang='lat' dir='ltr'><strong>Cypriani</strong></span> 
     </span>
    </p>
   </div>
   <div class='ocr_carea' id='block_1_56' title="bbox 80 2624 873 2664">
    <p class='ocr_par' dir='ltr' id='par_1_56' title="bbox 80 2624 873 2664">
     <span class='ocr_line' id='line_1_56' title="bbox 80 2624 873 2664; baseline -0.015 -2"><span class='ocrx_word' id='word_1_402' title='bbox 80 2634 159 2662; x_wconf 81' lang='lat' dir='ltr'><strong>etiam</strong></span> <span class='ocrx_word' id='word_1_403' title='bbox 177 2631 281 2660; x_wconf 70' lang='lat' dir='ltr'><strong>mmchi</strong></span> <span class='ocrx_word' id='word_1_404' title='bbox 306 2629 342 2657; x_wconf 86' lang='lat' dir='ltr'><strong>ad</strong></span> <span class='ocrx_word' id='word_1_405' title='bbox 366 2627 554 2664; x_wconf 64' lang='lat' dir='ltr'><strong>penitentiam</strong></span> <span class='ocrx_word' id='word_1_406' title='bbox 585 2625 808 2653; x_wconf 86' lang='lat' dir='ltr'><strong>admittebantur.</strong></span> <span class='ocrx_word' id='word_1_407' title='bbox 834 2624 873 2651; x_wconf 85' lang='lat' dir='ltr'><strong>lta</strong></span> 
     </span>
    </p>
   </div>
   <div class='ocr_carea' id='block_1_57' title="bbox 81 2669 873 2713">
    <p class='ocr_par' dir='ltr' id='par_1_57' title="bbox 81 2669 873 2713">
     <span class='ocr_line' id='line_1_57' title="bbox 81 2669 873 2713; baseline -0.014 -7"><span class='ocrx_word' id='word_1_408' title='bbox 81 2679 137 2713; x_wconf 83' lang='lat' dir='ltr'><strong>ipse</strong></span> <span class='ocrx_word' id='word_1_409' title='bbox 157 2680 274 2704; x_wconf 80' lang='lat' dir='ltr'><strong>testatur</strong></span> <span class='ocrx_word' id='word_1_410' title='bbox 286 2673 403 2708; x_wconf 86' lang='lat' dir='ltr'><strong>epistola</strong></span> <span class='ocrx_word' id='word_1_411' title='bbox 414 2672 464 2700; x_wconf 72' lang='lat'><strong>52:</strong></span> <span class='ocrx_word' id='word_1_412' title='bbox 484 2681 494 2697; x_wconf 79' lang='grc' dir='ltr'>ι</span> <span class='ocrx_word' id='word_1_413' title='bbox 506 2671 540 2698; x_wconf 88' lang='lat' dir='ltr'><strong>Et</strong></span> <span class='ocrx_word' id='word_1_414' title='bbox 564 2670 675 2706; x_wconf 86' lang='lat' dir='ltr'><strong>quidam</strong></span> <span class='ocrx_word' id='word_1_415' title='bbox 701 2669 773 2704; x_wconf 86' lang='lat' dir='ltr'><strong>apud</strong></span> <span class='ocrx_word' id='word_1_416' title='bbox 797 2674 873 2696; x_wconf 53' lang='lat' dir='ltr'><strong>antea</strong></span> 
     </span>
    </p>
   </div>
   <div class='ocr_carea' id='block_1_58' title="bbox 81 2715 872 2754">
    <p class='ocr_par' dir='ltr' id='par_1_58' title="bbox 81 2715 872 2754">
     <span class='ocr_line' id='line_1_58' title="bbox 81 2715 872 2754; baseline -0.014 -2"><span class='ocrx_word' id='word_1_417' title='bbox 81 2731 202 2752; x_wconf 71' lang='lat' dir='ltr'><strong>cesmres</strong></span> <span class='ocrx_word' id='word_1_418' title='bbox 218 2725 332 2750; x_wconf 85' lang='lat' dir='ltr'><strong>nostros</strong></span> <span class='ocrx_word' id='word_1_419' title='bbox 346 2719 457 2754; x_wconf 76' lang='lat' dir='ltr'><strong>quidem</strong></span> <span class='ocrx_word' id='word_1_420' title='bbox 469 2718 504 2745; x_wconf 86' lang='lat' dir='ltr'><strong>de</strong></span> <span class='ocrx_word' id='word_1_421' title='bbox 519 2716 656 2751; x_wconf 81' lang='lat' dir='ltr'><strong>episcopis</strong></span> <span class='ocrx_word' id='word_1_422' title='bbox 678 2716 706 2743; x_wconf 91' lang='lat' dir='ltr'><strong>in</strong></span> <span class='ocrx_word' id='word_1_423' title='bbox 732 2715 872 2750; x_wconf 88' lang='lat' dir='ltr'><strong>provincia</strong></span> 
     </span>
    </p>
   </div>
   <div class='ocr_carea' id='block_1_59' title="bbox 82 2760 873 2801">
    <p class='ocr_par' dir='ltr' id='par_1_59' title="bbox 82 2760 873 2801">
     <span class='ocr_line' id='line_1_59' title="bbox 82 2760 873 2801; baseline -0.011 -5"><span class='ocrx_word' id='word_1_424' title='bbox 82 2775 171 2798; x_wconf 81' lang='lat' dir='ltr'><strong>nostra</strong></span> <span class='ocrx_word' id='word_1_425' title='bbox 183 2768 307 2796; x_wconf 85' lang='lat' dir='ltr'><strong>dandam</strong></span> <span class='ocrx_word' id='word_1_426' title='bbox 321 2772 415 2801; x_wconf 82' lang='lat' dir='ltr'><strong>pacem</strong></span> <span class='ocrx_word' id='word_1_427' title='bbox 428 2763 544 2792; x_wconf 69' lang='lat' dir='ltr'><strong>mtechis</strong></span> <span class='ocrx_word' id='word_1_428' title='bbox 554 2770 608 2790; x_wconf 90' lang='lat' dir='ltr'><strong>non</strong></span> <span class='ocrx_word' id='word_1_429' title='bbox 617 2765 793 2797; x_wconf 84' lang='lat' dir='ltr'><strong>putaverunt,</strong></span> <span class='ocrx_word' id='word_1_430' title='bbox 805 2765 833 2787; x_wconf 90' lang='lat' dir='ltr'><strong>et</strong></span> <span class='ocrx_word' id='word_1_431' title='bbox 844 2760 873 2788; x_wconf 90' lang='lat' dir='ltr'><strong>in</strong></span> 
     </span>
    </p>
   </div>
   <div class='ocr_carea' id='block_1_60' title="bbox 83 2807 873 2852">
    <p class='ocr_par' dir='ltr' id='par_1_60' title="bbox 83 2807 873 2852">
     <span class='ocr_line' id='line_1_60' title="bbox 83 2807 873 2852; baseline -0.015 -7"><span class='ocrx_word' id='word_1_432' title='bbox 83 2821 164 2845; x_wconf 83' lang='lat' dir='ltr'><strong>totum</strong></span> <span class='ocrx_word' id='word_1_433' title='bbox 175 2813 350 2852; x_wconf 58' lang='lat' dir='ltr'><strong>pauitantia:</strong></span> <span class='ocrx_word' id='word_1_434' title='bbox 371 2812 462 2839; x_wconf 92' lang='lat' dir='ltr'><strong>locum</strong></span> <span class='ocrx_word' id='word_1_435' title='bbox 489 2814 586 2838; x_wconf 87' lang='lat' dir='ltr'><strong>contra</strong></span> <span class='ocrx_word' id='word_1_436' title='bbox 603 2808 738 2837; x_wconf 86' lang='lat' dir='ltr'><strong>adulteria</strong></span> <span class='ocrx_word' id='word_1_437' title='bbox 766 2807 873 2835; x_wconf 86' lang='lat' dir='ltr'><strong>clause-</strong></span> 
     </span>
    </p>
   </div>
   <div class='ocr_carea' id='block_1_61' title="bbox 84 2851 873 2898">
    <p class='ocr_par' dir='ltr' id='par_1_61' title="bbox 84 2851 873 2898">
     <span class='ocr_line' id='line_1_61' title="bbox 84 2851 873 2898; baseline -0.016 -7"><span class='ocrx_word' id='word_1_438' title='bbox 84 2868 156 2898; x_wconf 83' lang='lat' dir='ltr'><strong>runt;</strong></span> <span class='ocrx_word' id='word_1_439' title='bbox 168 2851 225 2891; x_wconf 81' lang='lat' dir='ltr'><strong>non</strong></span> <span class='ocrx_word' id='word_1_440' title='bbox 244 2866 339 2888; x_wconf 88' lang='lat' dir='ltr'><strong>tamen</strong></span> <span class='ocrx_word' id='word_1_441' title='bbox 352 2866 368 2885; x_wconf 90' lang='lat' dir='ltr'><strong>a</strong></span> <span class='ocrx_word' id='word_1_442' title='bbox 383 2857 610 2892; x_wconf 88' lang='lat' dir='ltr'><strong>coepiscoporum</strong></span> <span class='ocrx_word' id='word_1_443' title='bbox 626 2861 739 2882; x_wconf 89' lang='lat' dir='ltr'><strong>suorum</strong></span> <span class='ocrx_word' id='word_1_444' title='bbox 757 2851 873 2887; x_wconf 86' lang='lat' dir='ltr'><strong>collegio</strong></span> 
     </span>
    </p>
   </div>
   <div class='ocr_carea' id='block_1_62' title="bbox 85 2897 874 2940">
    <p class='ocr_par' dir='ltr' id='par_1_62' title="bbox 85 2897 874 2940">
     <span class='ocr_line' id='line_1_62' title="bbox 85 2897 874 2940; baseline -0.015 -4"><span class='ocrx_word' id='word_1_445' title='bbox 85 2912 273 2940; x_wconf 82' lang='lat' dir='ltr'><strong>recesserunt,</strong></span> <span class='ocrx_word' id='word_1_446' title='bbox 298 2909 346 2932; x_wconf 88' lang='lat' dir='ltr'><strong>aut</strong></span> <span class='ocrx_word' id='word_1_447' title='bbox 366 2903 508 2932; x_wconf 77' lang='lat' dir='ltr'><strong>catholica:</strong></span> <span class='ocrx_word' id='word_1_448' title='bbox 526 2899 654 2929; x_wconf 69' lang='lat' dir='ltr'><strong>Ecclesia:</strong></span> <span class='ocrx_word' id='word_1_449' title='bbox 674 2898 816 2934; x_wconf 24' lang='lat' dir='ltr'><strong>unitatem.</strong></span> <span class='ocrx_word' id='word_1_450' title='bbox 832 2897 874 2925; x_wconf 87' lang='lat' dir='ltr'><strong>vel</strong></span> 
     </span>
    </p>
   </div>
   <div class='ocr_carea' id='block_1_63' title="bbox 922 263 1713 299">
    <p class='ocr_par' dir='ltr' id='par_1_63' title="bbox 922 263 1713 299">
     <span class='ocr_line' id='line_1_63' title="bbox 922 263 1713 299; baseline 0.001 -8"><span class='ocrx_word' id='word_1_451' title='bbox 922 265 986 299; x_wconf 85' lang='lat' dir='ltr'><strong>quia</strong></span> <span class='ocrx_word' id='word_1_452' title='bbox 1002 264 1073 299; x_wconf 84' lang='lat' dir='ltr'><strong>apud</strong></span> <span class='ocrx_word' id='word_1_453' title='bbox 1085 264 1154 291; x_wconf 86' lang='lat' dir='ltr'><strong>alios</strong></span> <span class='ocrx_word' id='word_1_454' title='bbox 1169 264 1300 292; x_wconf 84' lang='lat' dir='ltr'><strong>adulteris</strong></span> <span class='ocrx_word' id='word_1_455' title='bbox 1315 272 1365 299; x_wconf 87' lang='lat' dir='ltr'><strong>pax</strong></span> <span class='ocrx_word' id='word_1_456' title='bbox 1377 263 1504 294; x_wconf 83' lang='lat' dir='ltr'><strong>dabatur.</strong></span> <span class='ocrx_word' id='word_1_457' title='bbox 1525 264 1571 299; x_wconf 89' lang='lat' dir='ltr'><strong>qui</strong></span> <span class='ocrx_word' id='word_1_458' title='bbox 1588 272 1642 292; x_wconf 88' lang='lat' dir='ltr'><strong>non</strong></span> <span class='ocrx_word' id='word_1_459' title='bbox 1664 266 1713 292; x_wconf 56' lang='lat' dir='ltr'><strong>dav</strong></span> 
     </span>
    </p>
   </div>
   <div class='ocr_carea' id='block_1_64' title="bbox 923 309 1712 346">
    <p class='ocr_par' dir='ltr' id='par_1_64' title="bbox 923 309 1712 346">
     <span class='ocr_line' id='line_1_64' title="bbox 923 309 1712 346; baseline 0.001 -9"><span class='ocrx_word' id='word_1_460' title='bbox 923 309 1015 337; x_wconf 87' lang='lat' dir='ltr'><strong>batde</strong></span> <span class='ocrx_word' id='word_1_461' title='bbox 1040 309 1160 337; x_wconf 83' lang='lat' dir='ltr'><strong>Ecclesia</strong></span> <span class='ocrx_word' id='word_1_462' title='bbox 1173 315 1356 344; x_wconf 84' lang='lat' dir='ltr'><strong>separaretur.</strong></span> <span class='ocrx_word' id='word_1_463' title='bbox 1377 319 1385 335; x_wconf 86' lang='lat' dir='ltr'><strong>I</strong></span> <span class='ocrx_word' id='word_1_464' title='bbox 1407 309 1449 336; x_wconf 88' lang='lat' dir='ltr'><strong>Ab</strong></span> <span class='ocrx_word' id='word_1_465' title='bbox 1466 309 1603 345; x_wconf 85' lang='lat' dir='ltr'><strong>episcopis</strong></span> <span class='ocrx_word' id='word_1_466' title='bbox 1629 310 1712 346; x_wconf 84' lang='lat' dir='ltr'><strong>igitur</strong></span> 
     </span>
    </p>
   </div>
   <div class='ocr_carea' id='block_1_65' title="bbox 922 355 1713 390">
    <p class='ocr_par' dir='ltr' id='par_1_65' title="bbox 922 355 1713 390">
     <span class='ocr_line' id='line_1_65' title="bbox 922 355 1713 390; baseline 0.003 -8"><span class='ocrx_word' id='word_1_467' title='bbox 922 355 1059 383; x_wconf 77' lang='lat' dir='ltr'><strong>Africanis</strong></span> <span class='ocrx_word' id='word_1_468' title='bbox 1072 363 1120 390; x_wconf 88' lang='lat' dir='ltr'><strong>per</strong></span> <span class='ocrx_word' id='word_1_469' title='bbox 1131 355 1320 390; x_wconf 78' lang='lat' dir='ltr'><strong>pcenitentiam</strong></span> <span class='ocrx_word' id='word_1_470' title='bbox 1338 356 1439 390; x_wconf 84' lang='lat' dir='ltr'><strong>recepti</strong></span> <span class='ocrx_word' id='word_1_471' title='bbox 1455 360 1518 383; x_wconf 91' lang='lat' dir='ltr'><strong>sunt</strong></span> <span class='ocrx_word' id='word_1_472' title='bbox 1534 356 1634 383; x_wconf 64' lang='lat' dir='ltr'><strong>moechi</strong></span> <span class='ocrx_word' id='word_1_473' title='bbox 1649 361 1713 384; x_wconf 85' lang='lat' dir='ltr'><strong>ante</strong></span> 
     </span>
    </p>
   </div>
   <div class='ocr_carea' id='block_1_66' title="bbox 922 402 1712 438">
    <p class='ocr_par' dir='ltr' id='par_1_66' title="bbox 922 402 1712 438">
     <span class='ocr_line' id='line_1_66' title="bbox 922 402 1712 438; baseline 0.001 -9"><span class='ocrx_word' id='word_1_474' title='bbox 922 406 1030 429; x_wconf 74' lang='lat' dir='ltr'><strong>aetatem</strong></span> <span class='ocrx_word' id='word_1_475' title='bbox 1049 402 1188 438; x_wconf 79' lang='lat' dir='ltr'><strong>Cypriani,</strong></span> <span class='ocrx_word' id='word_1_476' title='bbox 1199 403 1322 437; x_wconf 89' lang='lat' dir='ltr'><strong>adeoque</strong></span> <span class='ocrx_word' id='word_1_477' title='bbox 1336 407 1398 430; x_wconf 86' lang='lat' dir='ltr'><strong>ante</strong></span> <span class='ocrx_word' id='word_1_478' title='bbox 1421 402 1598 430; x_wconf 84' lang='lat' dir='ltr'><strong>Novatianos.</strong></span> <span class='ocrx_word' id='word_1_479' title='bbox 1628 402 1712 437; x_wconf 86' lang='lat' dir='ltr'><strong>ldque</strong></span> 
     </span>
    </p>
   </div>
   <div class='ocr_carea' id='block_1_67' title="bbox 922 447 1712 484">
    <p class='ocr_par' dir='ltr' id='par_1_67' title="bbox 922 447 1712 484">
     <span class='ocr_line' id='line_1_67' title="bbox 922 447 1712 484; baseline 0.001 -9"><span class='ocrx_word' id='word_1_480' title='bbox 922 448 956 475; x_wconf 84' lang='lat' dir='ltr'><strong>ab</strong></span> <span class='ocrx_word' id='word_1_481' title='bbox 973 447 1094 476; x_wconf 83' lang='lat' dir='ltr'><strong>Ecclesia</strong></span> <span class='ocrx_word' id='word_1_482' title='bbox 1106 447 1208 476; x_wconf 89' lang='lat' dir='ltr'><strong>factum</strong></span> <span class='ocrx_word' id='word_1_483' title='bbox 1220 454 1312 476; x_wconf 90' lang='lat' dir='ltr'><strong>narrat</strong></span> <span class='ocrx_word' id='word_1_484' title='bbox 1324 448 1496 484; x_wconf 80' lang='lat' dir='ltr'><strong>Cyprianus;</strong></span> <span class='ocrx_word' id='word_1_485' title='bbox 1513 449 1616 476; x_wconf 86' lang='lat' dir='ltr'><strong>nullum</strong></span> <span class='ocrx_word' id='word_1_486' title='bbox 1629 449 1712 484; x_wconf 81' lang='lat' dir='ltr'><strong>igitur</strong></span> 
     </span>
    </p>
   </div>
   <div class='ocr_carea' id='block_1_68' title="bbox 923 493 1710 529">
    <p class='ocr_par' dir='ltr' id='par_1_68' title="bbox 923 493 1710 529">
     <span class='ocr_line' id='line_1_68' title="bbox 923 493 1710 529; baseline 0.001 -8"><span class='ocrx_word' id='word_1_487' title='bbox 923 499 988 522; x_wconf 92' lang='lat' dir='ltr'><strong>tunc</strong></span> <span class='ocrx_word' id='word_1_488' title='bbox 1009 495 1142 529; x_wconf 81' lang='lat' dir='ltr'><strong>temporis</strong></span> <span class='ocrx_word' id='word_1_489' title='bbox 1159 495 1185 522; x_wconf 91' lang='lat' dir='ltr'><strong>in</strong></span> <span class='ocrx_word' id='word_1_490' title='bbox 1200 493 1320 522; x_wconf 84' lang='lat' dir='ltr'><strong>Ecclesia</strong></span> <span class='ocrx_word' id='word_1_491' title='bbox 1331 495 1459 522; x_wconf 84' lang='lat' dir='ltr'><strong>Africana</strong></span> <span class='ocrx_word' id='word_1_492' title='bbox 1471 495 1611 523; x_wconf 82' lang='lat' dir='ltr'><strong>decretum</strong></span> <span class='ocrx_word' id='word_1_493' title='bbox 1623 495 1710 523; x_wconf 70' lang='lat' dir='ltr'><strong>exsti-</strong></span> 
     </span>
    </p>
   </div>
   <div class='ocr_carea' id='block_1_69' title="bbox 923 540 1710 576">
    <p class='ocr_par' dir='ltr' id='par_1_69' title="bbox 923 540 1710 576">
     <span class='ocr_line' id='line_1_69' title="bbox 923 540 1710 576; baseline 0.004 -9"><span class='ocrx_word' id='word_1_494' title='bbox 923 540 954 568; x_wconf 91' lang='lat' dir='ltr'><strong>tit</strong></span> <span class='ocrx_word' id='word_1_495' title='bbox 968 541 1002 568; x_wconf 88' lang='lat' dir='ltr'><strong>dc</strong></span> <span class='ocrx_word' id='word_1_496' title='bbox 1016 541 1149 568; x_wconf 90' lang='lat' dir='ltr'><strong>adulteris</strong></span> <span class='ocrx_word' id='word_1_497' title='bbox 1165 541 1274 576; x_wconf 87' lang='lat' dir='ltr'><strong>penitus</strong></span> <span class='ocrx_word' id='word_1_498' title='bbox 1293 549 1308 568; x_wconf 88' lang='lat' dir='ltr'><strong>a</strong></span> <span class='ocrx_word' id='word_1_499' title='bbox 1337 542 1496 576; x_wconf 67' lang='lat' dir='ltr'><strong>poenitentia</strong></span> <span class='ocrx_word' id='word_1_500' title='bbox 1526 543 1710 571; x_wconf 80' lang='lat' dir='ltr'><strong>removendis.</strong></span> 
     </span>
    </p>
   </div>
   <div class='ocr_carea' id='block_1_70' title="bbox 921 586 1712 624">
    <p class='ocr_par' dir='ltr' id='par_1_70' title="bbox 921 586 1712 624">
     <span class='ocr_line' id='line_1_70' title="bbox 921 586 1712 624; baseline 0.004 -11"><span class='ocrx_word' id='word_1_501' title='bbox 921 586 1015 622; x_wconf 88' lang='lat' dir='ltr'><strong>Neque</strong></span> <span class='ocrx_word' id='word_1_502' title='bbox 1032 587 1134 614; x_wconf 89' lang='lat' dir='ltr'><strong>mirutn</strong></span> <span class='ocrx_word' id='word_1_503' title='bbox 1148 591 1190 614; x_wconf 89' lang='lat' dir='ltr'><strong>est</strong></span> <span class='ocrx_word' id='word_1_504' title='bbox 1204 587 1312 622; x_wconf 88' lang='lat' dir='ltr'><strong>aliquos</strong></span> <span class='ocrx_word' id='word_1_505' title='bbox 1327 591 1393 615; x_wconf 89' lang='lat' dir='ltr'><strong>tunc</strong></span> <span class='ocrx_word' id='word_1_506' title='bbox 1409 588 1540 623; x_wconf 86' lang='lat' dir='ltr'><strong>temporis</strong></span> <span class='ocrx_word' id='word_1_507' title='bbox 1558 588 1641 616; x_wconf 84' lang='lat' dir='ltr'><strong>etiam</strong></span> <span class='ocrx_word' id='word_1_508' title='bbox 1653 589 1712 624; x_wconf 81' lang='lat' dir='ltr'><strong>epi-</strong></span> 
     </span>
    </p>
   </div>
   <div class='ocr_carea' id='block_1_71' title="bbox 921 633 1710 669">
    <p class='ocr_par' dir='ltr' id='par_1_71' title="bbox 921 633 1710 669">
     <span class='ocr_line' id='line_1_71' title="bbox 921 633 1710 669; baseline 0.001 -8"><span class='ocrx_word' id='word_1_509' title='bbox 921 641 1020 669; x_wconf 86' lang='lat' dir='ltr'><strong>scopos</strong></span> <span class='ocrx_word' id='word_1_510' title='bbox 1033 633 1158 661; x_wconf 71' lang='lat' dir='ltr'><strong>mmchos</strong></span> <span class='ocrx_word' id='word_1_511' title='bbox 1171 634 1281 669; x_wconf 87' lang='lat' dir='ltr'><strong>penitus</strong></span> <span class='ocrx_word' id='word_1_512' title='bbox 1294 634 1480 662; x_wconf 73' lang='lat' dir='ltr'><strong>excludendos</strong></span> <span class='ocrx_word' id='word_1_513' title='bbox 1496 639 1618 669; x_wconf 82' lang='lat' dir='ltr'><strong>putasse,</strong></span> <span class='ocrx_word' id='word_1_514' title='bbox 1646 643 1710 663; x_wconf 85' lang='lat' dir='ltr'><strong>cum</strong></span> 
     </span>
    </p>
   </div>
   <div class='ocr_carea' id='block_1_72' title="bbox 921 679 1710 715">
    <p class='ocr_par' dir='ltr' id='par_1_72' title="bbox 921 679 1710 715">
     <span class='ocr_line' id='line_1_72' title="bbox 921 679 1710 715; baseline 0.001 -8"><span class='ocrx_word' id='word_1_515' title='bbox 921 679 1041 708; x_wconf 87' lang='lat' dir='ltr'><strong>sciamus</strong></span> <span class='ocrx_word' id='word_1_516' title='bbox 1048 679 1109 706; x_wconf 84' lang='lat' dir='ltr'><strong>Mon</strong></span> <span class='ocrx_word' id='word_1_517' title='bbox 1115 681 1277 707; x_wconf 75' lang='lat' dir='ltr'><strong>lanistarum</strong></span> <span class='ocrx_word' id='word_1_518' title='bbox 1285 680 1425 707; x_wconf 89' lang='lat' dir='ltr'><strong>erroribus</strong></span> <span class='ocrx_word' id='word_1_519' title='bbox 1433 680 1566 715; x_wconf 88' lang='lat' dir='ltr'><strong>plurimos</strong></span> <span class='ocrx_word' id='word_1_520' title='bbox 1574 681 1599 708; x_wconf 92' lang='lat' dir='ltr'><strong>in</strong></span> <span class='ocrx_word' id='word_1_521' title='bbox 1606 680 1710 713; x_wconf 85' lang='lat' dir='ltr'><strong>Africa.</strong></span> 
     </span>
    </p>
   </div>
   <div class='ocr_carea' id='block_1_73' title="bbox 921 725 1709 761">
    <p class='ocr_par' dir='ltr' id='par_1_73' title="bbox 921 725 1709 761">
     <span class='ocr_line' id='line_1_73' title="bbox 921 725 1709 761; baseline 0.003 -9"><span class='ocrx_word' id='word_1_522' title='bbox 921 725 968 761; x_wconf 89' lang='lat' dir='ltr'><strong>qui</strong></span> <span class='ocrx_word' id='word_1_523' title='bbox 980 732 1069 753; x_wconf 85' lang='lat' dir='ltr'><strong>tamen</strong></span> <span class='ocrx_word' id='word_1_524' title='bbox 1086 726 1114 753; x_wconf 90' lang='lat' dir='ltr'><strong>in</strong></span> <span class='ocrx_word' id='word_1_525' title='bbox 1130 725 1251 753; x_wconf 86' lang='lat' dir='ltr'><strong>Ecclesia</strong></span> <span class='ocrx_word' id='word_1_526' title='bbox 1266 730 1436 760; x_wconf 85' lang='lat' dir='ltr'><strong>perstarent,</strong></span> <span class='ocrx_word' id='word_1_527' title='bbox 1451 726 1598 761; x_wconf 88' lang='lat' dir='ltr'><strong>implicitos</strong></span> <span class='ocrx_word' id='word_1_528' title='bbox 1614 726 1709 755; x_wconf 83' lang='lat' dir='ltr'><strong>fuisse.</strong></span> 
     </span>
    </p>
   </div>
   <div class='ocr_carea' id='block_1_74' title="bbox 923 771 1711 807">
    <p class='ocr_par' dir='ltr' id='par_1_74' title="bbox 923 771 1711 807">
     <span class='ocr_line' id='line_1_74' title="bbox 923 771 1711 807; baseline 0 -8"><span class='ocrx_word' id='word_1_529' title='bbox 923 771 980 799; x_wconf 92' lang='lat' dir='ltr'><strong>Sub</strong></span> <span class='ocrx_word' id='word_1_530' title='bbox 991 771 1146 807; x_wconf 86' lang='lat' dir='ltr'><strong>Zephyriuo</strong></span> <span class='ocrx_word' id='word_1_531' title='bbox 1159 771 1314 798; x_wconf 78' lang='lat' dir='ltr'><strong>concedunt</strong></span> <span class='ocrx_word' id='word_1_532' title='bbox 1327 771 1466 799; x_wconf 87' lang='lat' dir='ltr'><strong>decretum</strong></span> <span class='ocrx_word' id='word_1_533' title='bbox 1482 771 1578 802; x_wconf 79' lang='lat' dir='ltr'><strong>fuisse.</strong></span> <span class='ocrx_word' id='word_1_534' title='bbox 1612 776 1639 799; x_wconf 87' lang='lat' dir='ltr'><strong>ut</strong></span> <span class='ocrx_word' id='word_1_535' title='bbox 1663 772 1711 799; x_wconf 85' lang='lat' dir='ltr'><strong>ad-</strong></span> 
     </span>
    </p>
   </div>
   <div class='ocr_carea' id='block_1_75' title="bbox 923 817 1711 852">
    <p class='ocr_par' dir='ltr' id='par_1_75' title="bbox 923 817 1711 852">
     <span class='ocr_line' id='line_1_75' title="bbox 923 817 1711 852; baseline -0.001 -6"><span class='ocrx_word' id='word_1_536' title='bbox 923 819 1097 846; x_wconf 88' lang='lat' dir='ltr'><strong>mitterentur</strong></span> <span class='ocrx_word' id='word_1_537' title='bbox 1119 817 1153 844; x_wconf 83' lang='lat' dir='ltr'><strong>ad</strong></span> <span class='ocrx_word' id='word_1_538' title='bbox 1171 817 1358 852; x_wconf 76' lang='lat' dir='ltr'><strong>pteuitentiam</strong></span> <span class='ocrx_word' id='word_1_539' title='bbox 1381 817 1498 850; x_wconf 66' lang='lat' dir='ltr'><strong>moechi;</strong></span> <span class='ocrx_word' id='word_1_540' title='bbox 1525 817 1591 845; x_wconf 87' lang='lat' dir='ltr'><strong>illud</strong></span> <span class='ocrx_word' id='word_1_541' title='bbox 1618 822 1711 845; x_wconf 83' lang='lat' dir='ltr'><strong>autem</strong></span> 
     </span>
    </p>
   </div>
   <div class='ocr_carea' id='block_1_76' title="bbox 922 863 1712 901">
    <p class='ocr_par' dir='ltr' id='par_1_76' title="bbox 922 863 1712 901">
     <span class='ocr_line' id='line_1_76' title="bbox 922 863 1712 901; baseline -0.001 -8"><span class='ocrx_word' id='word_1_542' title='bbox 922 870 1053 901; x_wconf 88' lang='lat' dir='ltr'><strong>tanquam</strong></span> <span class='ocrx_word' id='word_1_543' title='bbox 1083 872 1183 892; x_wconf 86' lang='lat' dir='ltr'><strong>novum</strong></span> <span class='ocrx_word' id='word_1_544' title='bbox 1204 869 1231 891; x_wconf 92' lang='lat' dir='ltr'><strong>et</strong></span> <span class='ocrx_word' id='word_1_545' title='bbox 1248 864 1413 896; x_wconf 83' lang='lat' dir='ltr'><strong>inauditum,</strong></span> <span class='ocrx_word' id='word_1_546' title='bbox 1429 868 1456 891; x_wconf 86' lang='lat' dir='ltr'><strong>et</strong></span> <span class='ocrx_word' id='word_1_547' title='bbox 1478 863 1562 898; x_wconf 88' lang='lat' dir='ltr'><strong>priori</strong></span> <span class='ocrx_word' id='word_1_548' title='bbox 1583 863 1712 892; x_wconf 67' lang='lat' dir='ltr'><strong>Ecclesiae</strong></span> 
     </span>
    </p>
   </div>
   <div class='ocr_carea' id='block_1_77' title="bbox 886 904 1710 945">
    <p class='ocr_par' dir='ltr' id='par_1_77' title="bbox 886 904 1710 945">
     <span class='ocr_line' id='line_1_77' title="bbox 886 904 1710 945; baseline -0.004 -6"><span class='ocrx_word' id='word_1_549' title='bbox 886 904 908 932; x_wconf 80' lang='grc' dir='ltr'>Β</span> <span class='ocrx_word' id='word_1_550' title='bbox 922 910 1064 939; x_wconf 75' lang='lat' dir='ltr'><strong>sententiae</strong></span> <span class='ocrx_word' id='word_1_551' title='bbox 1076 910 1244 938; x_wconf 87' lang='lat' dir='ltr'><strong>contrarium</strong></span> <span class='ocrx_word' id='word_1_552' title='bbox 1256 910 1446 945; x_wconf 86' lang='lat' dir='ltr'><strong>pronuntiant.</strong></span> <span class='ocrx_word' id='word_1_553' title='bbox 1476 909 1621 944; x_wconf 84' lang='lat' dir='ltr'><strong>Perperam</strong></span> <span class='ocrx_word' id='word_1_554' title='bbox 1648 918 1710 937; x_wconf 90' lang='lat' dir='ltr'><strong>om-</strong></span> 
     </span>
    </p>
   </div>
   <div class='ocr_carea' id='block_1_78' title="bbox 921 956 1710 992">
    <p class='ocr_par' dir='ltr' id='par_1_78' title="bbox 921 956 1710 992">
     <span class='ocr_line' id='line_1_78' title="bbox 921 956 1710 992; baseline -0.001 -7"><span class='ocrx_word' id='word_1_555' title='bbox 921 958 996 985; x_wconf 87' lang='lat' dir='ltr'><strong>nino.</strong></span> <span class='ocrx_word' id='word_1_556' title='bbox 1016 956 1202 984; x_wconf 86' lang='lat' dir='ltr'><strong>Tertullianus</strong></span> <span class='ocrx_word' id='word_1_557' title='bbox 1227 957 1285 991; x_wconf 86' lang='lat' dir='ltr'><strong>ipse</strong></span> <span class='ocrx_word' id='word_1_558' title='bbox 1300 957 1426 992; x_wconf 77' lang='lat' dir='ltr'><strong>agnoscit</strong></span> <span class='ocrx_word' id='word_1_559' title='bbox 1449 956 1611 984; x_wconf 84' lang='lat' dir='ltr'><strong>sententiam</strong></span> <span class='ocrx_word' id='word_1_560' title='bbox 1636 957 1710 984; x_wconf 91' lang='lat' dir='ltr'><strong>illam</strong></span> 
     </span>
    </p>
   </div>
   <div class='ocr_carea' id='block_1_79' title="bbox 920 1003 1712 1040">
    <p class='ocr_par' dir='ltr' id='par_1_79' title="bbox 920 1003 1712 1040">
     <span class='ocr_line' id='line_1_79' title="bbox 920 1003 1712 1040; baseline -0.003 -8"><span class='ocrx_word' id='word_1_561' title='bbox 920 1004 1058 1040; x_wconf 88' lang='lat' dir='ltr'><strong>pontiﬁcis</strong></span> <span class='ocrx_word' id='word_1_562' title='bbox 1071 1003 1187 1030; x_wconf 81' lang='lat' dir='ltr'><strong>Romani</strong></span> <span class='ocrx_word' id='word_1_563' title='bbox 1207 1003 1289 1038; x_wconf 88' lang='lat' dir='ltr'><strong>paulo</strong></span> <span class='ocrx_word' id='word_1_564' title='bbox 1305 1008 1451 1038; x_wconf 84' lang='lat' dir='ltr'><strong>antequam</strong></span> <span class='ocrx_word' id='word_1_565' title='bbox 1467 1003 1566 1030; x_wconf 86' lang='lat' dir='ltr'><strong>librum</strong></span> <span class='ocrx_word' id='word_1_566' title='bbox 1582 1003 1621 1030; x_wconf 78' lang='lat' dir='ltr'><strong>De</strong></span> <span class='ocrx_word' id='word_1_567' title='bbox 1633 1004 1712 1038; x_wconf 80' lang='lat' dir='ltr'><strong>pudi-</strong></span> 
     </span>
    </p>
   </div>
   <div class='ocr_carea' id='block_1_80' title="bbox 921 1049 1712 1085">
    <p class='ocr_par' dir='ltr' id='par_1_80' title="bbox 921 1049 1712 1085">
     <span class='ocr_line' id='line_1_80' title="bbox 921 1049 1712 1085; baseline -0.001 -8"><span class='ocrx_word' id='word_1_568' title='bbox 921 1050 996 1084; x_wconf 78' lang='lat' dir='ltr'><strong>citia,</strong></span> <span class='ocrx_word' id='word_1_569' title='bbox 1012 1050 1069 1085; x_wconf 87' lang='lat' dir='ltr'><strong>jam</strong></span> <span class='ocrx_word' id='word_1_570' title='bbox 1081 1054 1159 1078; x_wconf 79' lang='lat' dir='ltr'><strong>extra</strong></span> <span class='ocrx_word' id='word_1_571' title='bbox 1172 1049 1323 1077; x_wconf 87' lang='lat' dir='ltr'><strong>Ecclesiam</strong></span> <span class='ocrx_word' id='word_1_572' title='bbox 1338 1050 1454 1084; x_wconf 82' lang='lat' dir='ltr'><strong>positus,</strong></span> <span class='ocrx_word' id='word_1_573' title='bbox 1479 1049 1620 1082; x_wconf 87' lang='lat' dir='ltr'><strong>scriberet,</strong></span> <span class='ocrx_word' id='word_1_574' title='bbox 1633 1049 1712 1077; x_wconf 80' lang='lat' dir='ltr'><strong>evul-</strong></span> 
     </span>
    </p>
   </div>
   <div class='ocr_carea' id='block_1_81' title="bbox 921 1095 1712 1132">
    <p class='ocr_par' dir='ltr' id='par_1_81' title="bbox 921 1095 1712 1132">
     <span class='ocr_line' id='line_1_81' title="bbox 921 1095 1712 1132; baseline 0 -9"><span class='ocrx_word' id='word_1_575' title='bbox 921 1102 1010 1132; x_wconf 81' lang='lat' dir='ltr'><strong>gatam</strong></span> <span class='ocrx_word' id='word_1_576' title='bbox 1024 1096 1120 1124; x_wconf 85' lang='lat' dir='ltr'><strong>fuisse.</strong></span> <span class='ocrx_word' id='word_1_577' title='bbox 1150 1106 1158 1122; x_wconf 79' lang='grc' dir='ltr'>ι</span> <span class='ocrx_word' id='word_1_578' title='bbox 1170 1096 1268 1129; x_wconf 81' lang='lat' dir='ltr'><strong>Audio,</strong></span> <span class='ocrx_word' id='word_1_579' title='bbox 1283 1096 1382 1131; x_wconf 90' lang='lat' dir='ltr'><strong>inquit,</strong></span> <span class='ocrx_word' id='word_1_580' title='bbox 1399 1095 1481 1122; x_wconf 87' lang='lat' dir='ltr'><strong>etiam</strong></span> <span class='ocrx_word' id='word_1_581' title='bbox 1505 1096 1626 1123; x_wconf 85' lang='lat' dir='ltr'><strong>edictum</strong></span> <span class='ocrx_word' id='word_1_582' title='bbox 1649 1102 1712 1123; x_wconf 84' lang='lat' dir='ltr'><strong>esse</strong></span> 
     </span>
    </p>
   </div>
   <div class='ocr_carea' id='block_1_82' title="bbox 920 1140 1709 1178">
    <p class='ocr_par' dir='ltr' id='par_1_82' title="bbox 920 1140 1709 1178">
     <span class='ocr_line' id='line_1_82' title="bbox 920 1140 1709 1178; baseline -0.004 -7"><span class='ocrx_word' id='word_1_583' title='bbox 920 1143 1104 1178; x_wconf 85' lang='lat' dir='ltr'><strong>propositum,</strong></span> <span class='ocrx_word' id='word_1_584' title='bbox 1130 1147 1158 1170; x_wconf 89' lang='lat' dir='ltr'><strong>et</strong></span> <span class='ocrx_word' id='word_1_585' title='bbox 1182 1143 1291 1178; x_wconf 87' lang='lat' dir='ltr'><strong>quidem</strong></span> <span class='ocrx_word' id='word_1_586' title='bbox 1308 1141 1521 1176; x_wconf 87' lang='lat' dir='ltr'><strong>peremptorium</strong></span> <span class='ocrx_word' id='word_1_587' title='bbox 1538 1161 1546 1174; x_wconf 95' lang='lat'><strong>,</strong></span> <span class='ocrx_word' id='word_1_588' title='bbox 1574 1140 1709 1175; x_wconf 77' lang='lat' dir='ltr'><strong>pontifex,</strong></span> 
     </span>
    </p>
   </div>
   <div class='ocr_carea' id='block_1_83' title="bbox 921 1187 1711 1224">
    <p class='ocr_par' dir='ltr' id='par_1_83' title="bbox 921 1187 1711 1224">
     <span class='ocr_line' id='line_1_83' title="bbox 921 1187 1711 1224; baseline -0.005 -7"><span class='ocrx_word' id='word_1_589' title='bbox 921 1189 1038 1222; x_wconf 85' lang='lat' dir='ltr'><strong>scilicet,</strong></span> <span class='ocrx_word' id='word_1_590' title='bbox 1052 1190 1199 1220; x_wconf 82' lang='lat' dir='ltr'><strong>maximus,</strong></span> <span class='ocrx_word' id='word_1_591' title='bbox 1214 1187 1287 1224; x_wconf 90' lang='lat' dir='ltr'><strong>quod</strong></span> <span class='ocrx_word' id='word_1_592' title='bbox 1297 1192 1339 1215; x_wconf 89' lang='lat' dir='ltr'><strong>est</strong></span> <span class='ocrx_word' id='word_1_593' title='bbox 1349 1188 1496 1222; x_wconf 85' lang='lat' dir='ltr'><strong>episcopus</strong></span> <span class='ocrx_word' id='word_1_594' title='bbox 1507 1187 1711 1222; x_wconf 86' lang='lat' dir='ltr'><strong>episcoporum.</strong></span> 
     </span>
    </p>
   </div>
   <div class='ocr_carea' id='block_1_84' title="bbox 921 1233 1714 1273">
    <p class='ocr_par' dir='ltr' id='par_1_84' title="bbox 921 1233 1714 1273">
     <span class='ocr_line' id='line_1_84' title="bbox 921 1233 1714 1273; baseline -0.006 -8"><span class='ocrx_word' id='word_1_595' title='bbox 921 1238 1020 1266; x_wconf 87' lang='lat' dir='ltr'><strong>edicit:</strong></span> <span class='ocrx_word' id='word_1_596' title='bbox 1034 1237 1091 1273; x_wconf 79' lang='lat' dir='ltr'><strong>Ego</strong></span> <span class='ocrx_word' id='word_1_597' title='bbox 1106 1242 1133 1265; x_wconf 88' lang='lat' dir='ltr'><strong>et</strong></span> <span class='ocrx_word' id='word_1_598' title='bbox 1144 1237 1269 1264; x_wconf 70' lang='lat' dir='ltr'><strong>mmchite</strong></span> <span class='ocrx_word' id='word_1_599' title='bbox 1279 1240 1305 1263; x_wconf 91' lang='lat' dir='ltr'><strong>et</strong></span> <span class='ocrx_word' id='word_1_600' title='bbox 1316 1234 1507 1262; x_wconf 83' lang='lat' dir='ltr'><strong>fornicationis</strong></span> <span class='ocrx_word' id='word_1_601' title='bbox 1515 1234 1612 1261; x_wconf 86' lang='lat' dir='ltr'><strong>delicta</strong></span> <span class='ocrx_word' id='word_1_602' title='bbox 1624 1233 1714 1266; x_wconf 68' lang='lat' dir='ltr'><strong>paeni-</strong></span> 
     </span>
    </p>
   </div>
   <div class='ocr_carea' id='block_1_85' title="bbox 921 1279 1714 1312">
    <p class='ocr_par' dir='ltr' id='par_1_85' title="bbox 921 1279 1714 1312">
     <span class='ocr_line' id='line_1_85' title="bbox 921 1279 1714 1312; baseline -0.006 0"><span class='ocrx_word' id='word_1_603' title='bbox 921 1285 1005 1312; x_wconf 85' lang='lat' dir='ltr'><strong>tentia</strong></span> <span class='ocrx_word' id='word_1_604' title='bbox 1017 1284 1119 1312; x_wconf 84' lang='lat' dir='ltr'><strong>functis</strong></span> <span class='ocrx_word' id='word_1_605' title='bbox 1132 1284 1251 1311; x_wconf 88' lang='lat' dir='ltr'><strong>dimitto.</strong></span> <span class='ocrx_word' id='word_1_606' title='bbox 1269 1293 1278 1309; x_wconf 75' lang='grc' dir='ltr'>ι</span> <span class='ocrx_word' id='word_1_607' title='bbox 1296 1282 1348 1309; x_wconf 90' lang='lat' dir='ltr'><strong>Sed</strong></span> <span class='ocrx_word' id='word_1_608' title='bbox 1365 1281 1491 1309; x_wconf 81' lang='lat' dir='ltr'><strong>eamdem</strong></span> <span class='ocrx_word' id='word_1_609' title='bbox 1513 1281 1595 1308; x_wconf 86' lang='lat' dir='ltr'><strong>etiam</strong></span> <span class='ocrx_word' id='word_1_610' title='bbox 1619 1279 1714 1307; x_wconf 86' lang='lat' dir='ltr'><strong>Eccle-</strong></span> 
     </span>
    </p>
   </div>
   <div class='ocr_carea' id='block_1_86' title="bbox 921 1324 1713 1361">
    <p class='ocr_par' dir='ltr' id='par_1_86' title="bbox 921 1324 1713 1361">
     <span class='ocr_line' id='line_1_86' title="bbox 921 1324 1713 1361; baseline -0.009 -3"><span class='ocrx_word' id='word_1_611' title='bbox 921 1331 970 1359; x_wconf 66' lang='lat' dir='ltr'><strong>sia‘.</strong></span> <span class='ocrx_word' id='word_1_612' title='bbox 983 1330 1125 1358; x_wconf 81' lang='lat' dir='ltr'><strong>catholicae</strong></span> <span class='ocrx_word' id='word_1_613' title='bbox 1136 1329 1300 1357; x_wconf 84' lang='lat' dir='ltr'><strong>sententiam</strong></span> <span class='ocrx_word' id='word_1_614' title='bbox 1317 1327 1418 1359; x_wconf 84' lang='lat' dir='ltr'><strong>fuisse,</strong></span> <span class='ocrx_word' id='word_1_615' title='bbox 1441 1331 1587 1361; x_wconf 85' lang='lat' dir='ltr'><strong>antequam</strong></span> <span class='ocrx_word' id='word_1_616' title='bbox 1604 1324 1713 1361; x_wconf 82' lang='lat' dir='ltr'><strong>Zephy-</strong></span> 
     </span>
    </p>
   </div>
   <div class='ocr_carea' id='block_1_87' title="bbox 921 1371 1711 1409">
    <p class='ocr_par' dir='ltr' id='par_1_87' title="bbox 921 1371 1711 1409">
     <span class='ocr_line' id='line_1_87' title="bbox 921 1371 1711 1409; baseline -0.008 -6"><span class='ocrx_word' id='word_1_617' title='bbox 921 1377 974 1404; x_wconf 88' lang='lat' dir='ltr'><strong>rini</strong></span> <span class='ocrx_word' id='word_1_618' title='bbox 1002 1376 1142 1403; x_wconf 86' lang='lat' dir='ltr'><strong>decretum</strong></span> <span class='ocrx_word' id='word_1_619' title='bbox 1167 1374 1277 1409; x_wconf 87' lang='lat' dir='ltr'><strong>prodiit,</strong></span> <span class='ocrx_word' id='word_1_620' title='bbox 1312 1373 1398 1400; x_wconf 87' lang='lat' dir='ltr'><strong>libere</strong></span> <span class='ocrx_word' id='word_1_621' title='bbox 1414 1372 1514 1400; x_wconf 73' lang='lat' dir='ltr'><strong>fatetur</strong></span> <span class='ocrx_word' id='word_1_622' title='bbox 1536 1372 1580 1399; x_wconf 89' lang='lat' dir='ltr'><strong>his</strong></span> <span class='ocrx_word' id='word_1_623' title='bbox 1603 1371 1711 1398; x_wconf 87' lang='lat' dir='ltr'><strong>verbis:</strong></span> 
     </span>
    </p>
   </div>
   <div class='ocr_carea' id='block_1_88' title="bbox 925 1413 1714 1456">
    <p class='ocr_par' dir='ltr' id='par_1_88' title="bbox 925 1413 1714 1456">
     <span class='ocr_line' id='line_1_88' title="bbox 925 1413 1714 1456; baseline -0.009 -8"><span class='ocrx_word' id='word_1_624' title='bbox 925 1431 934 1448; x_wconf 76' lang='grc' dir='ltr'>ι</span> <span class='ocrx_word' id='word_1_625' title='bbox 952 1421 1010 1448; x_wconf 87' lang='lat' dir='ltr'><strong>Erit</strong></span> <span class='ocrx_word' id='word_1_626' title='bbox 1026 1420 1110 1456; x_wconf 79' lang='lat' dir='ltr'><strong>igitur</strong></span> <span class='ocrx_word' id='word_1_627' title='bbox 1124 1424 1151 1447; x_wconf 84' lang='lat' dir='ltr'><strong>et</strong></span> <span class='ocrx_word' id='word_1_628' title='bbox 1166 1419 1209 1447; x_wconf 88' lang='lat' dir='ltr'><strong>hic</strong></span> <span class='ocrx_word' id='word_1_629' title='bbox 1221 1419 1353 1446; x_wconf 85' lang='lat' dir='ltr'><strong>adversus</strong></span> <span class='ocrx_word' id='word_1_630' title='bbox 1367 1417 1515 1452; x_wconf 82' lang='lat' dir='ltr'><strong>Psycbicos</strong></span> <span class='ocrx_word' id='word_1_631' title='bbox 1529 1415 1635 1446; x_wconf 80' lang='lat' dir='ltr'><strong>titulus,</strong></span> <span class='ocrx_word' id='word_1_632' title='bbox 1661 1413 1714 1442; x_wconf 78' lang='lat' dir='ltr'><strong>ad-</strong></span> 
     </span>
    </p>
   </div>
   <div class='ocr_carea' id='block_1_89' title="bbox 921 1461 1715 1501">
    <p class='ocr_par' dir='ltr' id='par_1_89' title="bbox 921 1461 1715 1501">
     <span class='ocr_line' id='line_1_89' title="bbox 921 1461 1715 1501; baseline -0.011 -5"><span class='ocrx_word' id='word_1_633' title='bbox 921 1475 1019 1496; x_wconf 85' lang='lat' dir='ltr'><strong>versus</strong></span> <span class='ocrx_word' id='word_1_634' title='bbox 1036 1474 1104 1494; x_wconf 58' lang='lat' dir='ltr'><strong>mea</strong></span> <span class='ocrx_word' id='word_1_635' title='bbox 1115 1473 1226 1501; x_wconf 90' lang='lat' dir='ltr'><strong>quoque</strong></span> <span class='ocrx_word' id='word_1_636' title='bbox 1242 1465 1385 1492; x_wconf 67' lang='lat' dir='ltr'><strong>sententia:</strong></span> <span class='ocrx_word' id='word_1_637' title='bbox 1408 1467 1481 1491; x_wconf 89' lang='lat' dir='ltr'><strong>retro</strong></span> <span class='ocrx_word' id='word_1_638' title='bbox 1488 1469 1572 1497; x_wconf 87' lang='lat' dir='ltr'><strong>penes</strong></span> <span class='ocrx_word' id='word_1_639' title='bbox 1592 1461 1653 1488; x_wconf 86' lang='lat' dir='ltr'><strong>illos</strong></span> <span class='ocrx_word' id='word_1_640' title='bbox 1669 1467 1715 1488; x_wconf 91' lang='lat' dir='ltr'><strong>so-</strong></span> 
     </span>
    </p>
   </div>
   <div class='ocr_carea' id='block_1_90' title="bbox 922 1504 1714 1547">
    <p class='ocr_par' dir='ltr' id='par_1_90' title="bbox 922 1504 1714 1547">
     <span class='ocr_line' id='line_1_90' title="bbox 922 1504 1714 1547; baseline -0.013 -6"><span class='ocrx_word' id='word_1_641' title='bbox 922 1513 1128 1547; x_wconf 82' lang='lat' dir='ltr'><strong>cietatem,quo</strong></span> <span class='ocrx_word' id='word_1_642' title='bbox 1141 1510 1228 1546; x_wconf 77' lang='lat' dir='ltr'><strong>magis</strong></span> <span class='ocrx_word' id='word_1_643' title='bbox 1247 1510 1301 1537; x_wconf 90' lang='lat' dir='ltr'><strong>hoc</strong></span> <span class='ocrx_word' id='word_1_644' title='bbox 1316 1508 1383 1535; x_wconf 86' lang='lat' dir='ltr'><strong>mihi</strong></span> <span class='ocrx_word' id='word_1_645' title='bbox 1409 1508 1437 1534; x_wconf 92' lang='lat' dir='ltr'><strong>in</strong></span> <span class='ocrx_word' id='word_1_646' title='bbox 1468 1510 1562 1534; x_wconf 89' lang='lat' dir='ltr'><strong>notam</strong></span> <span class='ocrx_word' id='word_1_647' title='bbox 1595 1504 1714 1532; x_wconf 83' lang='lat' dir='ltr'><strong>levitatis</strong></span> 
     </span>
    </p>
   </div>
   <div class='ocr_carea' id='block_1_91' title="bbox 922 1552 1716 1593">
    <p class='ocr_par' dir='ltr' id='par_1_91' title="bbox 922 1552 1716 1593">
     <span class='ocr_line' id='line_1_91' title="bbox 922 1552 1716 1593; baseline -0.013 -6"><span class='ocrx_word' id='word_1_648' title='bbox 922 1559 1070 1593; x_wconf 84' lang='lat' dir='ltr'><strong>objectent.</strong></span> <span class='ocrx_word' id='word_1_649' title='bbox 1089 1567 1097 1584; x_wconf 77' lang='grc' dir='ltr'><strong><em>ι</em></strong></span> <span class='ocrx_word' id='word_1_650' title='bbox 1114 1556 1252 1592; x_wconf 90' lang='lat' dir='ltr'><strong>Psycbici,</strong></span> <span class='ocrx_word' id='word_1_651' title='bbox 1269 1555 1321 1582; x_wconf 87' lang='lat' dir='ltr'><strong>hoc</strong></span> <span class='ocrx_word' id='word_1_652' title='bbox 1333 1559 1376 1582; x_wconf 89' lang='lat' dir='ltr'><strong>est</strong></span> <span class='ocrx_word' id='word_1_653' title='bbox 1392 1552 1530 1585; x_wconf 81' lang='lat' dir='ltr'><strong>catholici,</strong></span> <span class='ocrx_word' id='word_1_654' title='bbox 1545 1556 1573 1579; x_wconf 86' lang='lat' dir='ltr'><strong>et</strong></span> <span class='ocrx_word' id='word_1_655' title='bbox 1593 1559 1654 1579; x_wconf 90' lang='lat' dir='ltr'><strong>cum</strong></span> <span class='ocrx_word' id='word_1_656' title='bbox 1669 1559 1716 1578; x_wconf 88' lang='lat' dir='ltr'><strong>ca-</strong></span> 
     </span>
    </p>
   </div>
   <div class='ocr_carea' id='block_1_92' title="bbox 923 1597 1715 1636">
    <p class='ocr_par' dir='ltr' id='par_1_92' title="bbox 923 1597 1715 1636">
     <span class='ocr_line' id='line_1_92' title="bbox 923 1597 1715 1636; baseline -0.013 -3"><span class='ocrx_word' id='word_1_657' title='bbox 923 1604 1033 1633; x_wconf 87' lang='lat' dir='ltr'><strong>tholicis</strong></span> <span class='ocrx_word' id='word_1_658' title='bbox 1047 1603 1234 1631; x_wconf 87' lang='lat' dir='ltr'><strong>Tertullianus</strong></span> <span class='ocrx_word' id='word_1_659' title='bbox 1251 1602 1320 1636; x_wconf 87' lang='lat' dir='ltr'><strong>ipse,</strong></span> <span class='ocrx_word' id='word_1_660' title='bbox 1333 1605 1397 1628; x_wconf 87' lang='lat' dir='ltr'><strong>ante</strong></span> <span class='ocrx_word' id='word_1_661' title='bbox 1409 1599 1550 1627; x_wconf 88' lang='lat' dir='ltr'><strong>decretum</strong></span> <span class='ocrx_word' id='word_1_662' title='bbox 1567 1597 1715 1632; x_wconf 83' lang='lat' dir='ltr'><strong>Zephyrini</strong></span> 
     </span>
    </p>
   </div>
   <div class='ocr_carea' id='block_1_93' title="bbox 923 1643 1717 1682">
    <p class='ocr_par' dir='ltr' id='par_1_93' title="bbox 923 1643 1717 1682">
     <span class='ocr_line' id='line_1_93' title="bbox 923 1643 1717 1682; baseline -0.013 -3"><span class='ocrx_word' id='word_1_663' title='bbox 923 1652 995 1679; x_wconf 88' lang='lat' dir='ltr'><strong>idem</strong></span> <span class='ocrx_word' id='word_1_664' title='bbox 1011 1650 1173 1678; x_wconf 91' lang='lat' dir='ltr'><strong>docuerunt.</strong></span> <span class='ocrx_word' id='word_1_665' title='bbox 1190 1648 1265 1676; x_wconf 86' lang='lat' dir='ltr'><strong>Nihil</strong></span> <span class='ocrx_word' id='word_1_666' title='bbox 1284 1647 1367 1682; x_wconf 78' lang='lat' dir='ltr'><strong>igitur</strong></span> <span class='ocrx_word' id='word_1_667' title='bbox 1383 1646 1427 1673; x_wconf 90' lang='lat' dir='ltr'><strong>hic</strong></span> <span class='ocrx_word' id='word_1_668' title='bbox 1451 1652 1553 1672; x_wconf 90' lang='lat' dir='ltr'><strong>novum</strong></span> <span class='ocrx_word' id='word_1_669' title='bbox 1572 1648 1619 1671; x_wconf 92' lang='lat' dir='ltr'><strong>aut</strong></span> <span class='ocrx_word' id='word_1_670' title='bbox 1635 1643 1717 1670; x_wconf 84' lang='lat' dir='ltr'><strong>inau-</strong></span> 
     </span>
    </p>
   </div>
   <div class='ocr_carea' id='block_1_94' title="bbox 922 1689 1717 1726">
    <p class='ocr_par' dir='ltr' id='par_1_94' title="bbox 922 1689 1717 1726">
     <span class='ocr_line' id='line_1_94' title="bbox 922 1689 1717 1726; baseline -0.013 -1"><span class='ocrx_word' id='word_1_671' title='bbox 922 1697 1010 1725; x_wconf 90' lang='lat' dir='ltr'><strong>ditum</strong></span> <span class='ocrx_word' id='word_1_672' title='bbox 1024 1697 1052 1724; x_wconf 90' lang='lat' dir='ltr'><strong>in</strong></span> <span class='ocrx_word' id='word_1_673' title='bbox 1072 1695 1224 1723; x_wconf 86' lang='lat' dir='ltr'><strong>Ecclesiam</strong></span> <span class='ocrx_word' id='word_1_674' title='bbox 1244 1694 1381 1722; x_wconf 90' lang='lat' dir='ltr'><strong>invectum</strong></span> <span class='ocrx_word' id='word_1_675' title='bbox 1395 1695 1448 1723; x_wconf 82' lang='lat' dir='ltr'><strong>est,</strong></span> <span class='ocrx_word' id='word_1_676' title='bbox 1463 1694 1577 1726; x_wconf 87' lang='lat' dir='ltr'><strong>utputat</strong></span> <span class='ocrx_word' id='word_1_677' title='bbox 1589 1689 1717 1724; x_wconf 86' lang='lat' dir='ltr'><strong>Albaspi-</strong></span> 
     </span>
    </p>
   </div>
   <div class='ocr_carea' id='block_1_95' title="bbox 922 1735 1716 1776">
    <p class='ocr_par' dir='ltr' id='par_1_95' title="bbox 922 1735 1716 1776">
     <span class='ocr_line' id='line_1_95' title="bbox 922 1735 1716 1776; baseline -0.014 -4"><span class='ocrx_word' id='word_1_678' title='bbox 922 1751 1002 1771; x_wconf 71' lang='lat' dir='ltr'><strong>treus.</strong></span> <span class='ocrx_word' id='word_1_679' title='bbox 1017 1742 1068 1770; x_wconf 91' lang='lat' dir='ltr'><strong>Diu</strong></span> <span class='ocrx_word' id='word_1_680' title='bbox 1083 1746 1147 1769; x_wconf 88' lang='lat' dir='ltr'><strong>ante</strong></span> <span class='ocrx_word' id='word_1_681' title='bbox 1167 1739 1351 1776; x_wconf 85' lang='lat' dir='ltr'><strong>Zephyrinum</strong></span> <span class='ocrx_word' id='word_1_682' title='bbox 1383 1737 1530 1773; x_wconf 82' lang='lat' dir='ltr'><strong>Dionysius</strong></span> <span class='ocrx_word' id='word_1_683' title='bbox 1556 1735 1716 1763; x_wconf 78' lang='lat' dir='ltr'><strong>Corinthio-</strong></span> 
     </span>
    </p>
   </div>
   <div class='ocr_carea' id='block_1_96' title="bbox 923 1783 1716 1822">
    <p class='ocr_par' dir='ltr' id='par_1_96' title="bbox 923 1783 1716 1822">
     <span class='ocr_line' id='line_1_96' title="bbox 923 1783 1716 1822; baseline -0.01 -6"><span class='ocrx_word' id='word_1_684' title='bbox 923 1797 984 1816; x_wconf 92' lang='lat' dir='ltr'><strong>rum</strong></span> <span class='ocrx_word' id='word_1_685' title='bbox 1004 1788 1162 1822; x_wconf 80' lang='lat' dir='ltr'><strong>episcopus,</strong></span> <span class='ocrx_word' id='word_1_686' title='bbox 1174 1785 1264 1814; x_wconf 88' lang='lat' dir='ltr'><strong>Soteri</strong></span> <span class='ocrx_word' id='word_1_687' title='bbox 1280 1784 1406 1813; x_wconf 78' lang='lat' dir='ltr'><strong>Romano</strong></span> <span class='ocrx_word' id='word_1_688' title='bbox 1422 1783 1606 1819; x_wconf 80' lang='lat' dir='ltr'><strong>synchronus,</strong></span> <span class='ocrx_word' id='word_1_689' title='bbox 1618 1788 1716 1808; x_wconf 56' lang='lat' dir='ltr'><strong>omnes</strong></span> 
     </span>
    </p>
   </div>
   <div class='ocr_carea' id='block_1_97' title="bbox 923 1827 1715 1870">
    <p class='ocr_par' dir='ltr' id='par_1_97' title="bbox 923 1827 1715 1870">
     <span class='ocr_line' id='line_1_97' title="bbox 923 1827 1715 1870; baseline -0.011 -7"><span class='ocrx_word' id='word_1_690' title='bbox 923 1843 972 1870; x_wconf 85' lang='lat' dir='ltr'><strong>per</strong></span> <span class='ocrx_word' id='word_1_691' title='bbox 991 1834 1192 1870; x_wconf 65' lang='lat' dir='ltr'><strong>paenitentiam,</strong></span> <span class='ocrx_word' id='word_1_692' title='bbox 1210 1840 1244 1860; x_wconf 89' lang='lat' dir='ltr'><strong>ne</strong></span> <span class='ocrx_word' id='word_1_693' title='bbox 1269 1831 1386 1859; x_wconf 72' lang='lat' dir='ltr'><strong>mmcbis</strong></span> <span class='ocrx_word' id='word_1_694' title='bbox 1410 1829 1520 1865; x_wconf 90' lang='lat' dir='ltr'><strong>quidem</strong></span> <span class='ocrx_word' id='word_1_695' title='bbox 1541 1833 1590 1855; x_wconf 87' lang='lat' dir='ltr'><strong>aut</strong></span> <span class='ocrx_word' id='word_1_696' title='bbox 1615 1827 1715 1862; x_wconf 73' lang='lat' dir='ltr'><strong>quovis</strong></span> 
     </span>
    </p>
   </div>
   <div class='ocr_carea' id='block_1_98' title="bbox 923 1874 1717 1916">
    <p class='ocr_par' dir='ltr' id='par_1_98' title="bbox 923 1874 1717 1916">
     <span class='ocr_line' id='line_1_98' title="bbox 923 1874 1717 1916; baseline -0.011 -8"><span class='ocrx_word' id='word_1_697' title='bbox 923 1881 978 1908; x_wconf 94' lang='lat' dir='ltr'><strong>alio</strong></span> <span class='ocrx_word' id='word_1_698' title='bbox 991 1879 1155 1916; x_wconf 79' lang='lat' dir='ltr'><strong>gravissimo</strong></span> <span class='ocrx_word' id='word_1_699' title='bbox 1173 1877 1290 1906; x_wconf 89' lang='lat' dir='ltr'><strong>crimine</strong></span> <span class='ocrx_word' id='word_1_700' title='bbox 1318 1876 1440 1904; x_wconf 87' lang='lat' dir='ltr'><strong>oneratis</strong></span> <span class='ocrx_word' id='word_1_701' title='bbox 1467 1874 1600 1909; x_wconf 81' lang='lat' dir='ltr'><strong>exceptis,</strong></span> <span class='ocrx_word' id='word_1_702' title='bbox 1628 1874 1717 1901; x_wconf 78' lang='lat' dir='ltr'><strong>susci-</strong></span> 
     </span>
    </p>
   </div>
   <div class='ocr_carea' id='block_1_99' title="bbox 923 1919 1716 1962">
    <p class='ocr_par' dir='ltr' id='par_1_99' title="bbox 923 1919 1716 1962">
     <span class='ocr_line' id='line_1_99' title="bbox 923 1919 1716 1962; baseline -0.011 -7"><span class='ocrx_word' id='word_1_703' title='bbox 923 1927 1038 1962; x_wconf 82' lang='lat' dir='ltr'><strong>piendos</strong></span> <span class='ocrx_word' id='word_1_704' title='bbox 1048 1934 1110 1954; x_wconf 90' lang='lat' dir='ltr'><strong>esse</strong></span> <span class='ocrx_word' id='word_1_705' title='bbox 1119 1925 1223 1953; x_wconf 88' lang='lat' dir='ltr'><strong>docuit.</strong></span> <span class='ocrx_word' id='word_1_706' title='bbox 1238 1923 1306 1951; x_wconf 86' lang='lat' dir='ltr'><strong>Nam</strong></span> <span class='ocrx_word' id='word_1_707' title='bbox 1319 1923 1347 1950; x_wconf 89' lang='lat' dir='ltr'><strong>in</strong></span> <span class='ocrx_word' id='word_1_708' title='bbox 1365 1921 1483 1957; x_wconf 87' lang='lat' dir='ltr'><strong>epistola</strong></span> <span class='ocrx_word' id='word_1_709' title='bbox 1507 1921 1540 1948; x_wconf 86' lang='lat' dir='ltr'><strong>ad</strong></span> <span class='ocrx_word' id='word_1_710' title='bbox 1566 1919 1716 1947; x_wconf 84' lang='lat' dir='ltr'><strong>Amastria-</strong></span> 
     </span>
    </p>
   </div>
   <div class='ocr_carea' id='block_1_100' title="bbox 924 1965 1715 2006">
    <p class='ocr_par' dir='ltr' id='par_1_100' title="bbox 924 1965 1715 2006">
     <span class='ocr_line' id='line_1_100' title="bbox 924 1965 1715 2006; baseline -0.01 -6"><span class='ocrx_word' id='word_1_711' title='bbox 924 1981 984 2006; x_wconf 90' lang='lat' dir='ltr'><strong>nos,</strong></span> <span class='ocrx_word' id='word_1_712' title='bbox 1000 1976 1069 1999; x_wconf 90' lang='lat' dir='ltr'><strong>teste</strong></span> <span class='ocrx_word' id='word_1_713' title='bbox 1080 1971 1180 1999; x_wconf 85' lang='lat' dir='ltr'><strong>Euseb.</strong></span> <span class='ocrx_word' id='word_1_714' title='bbox 1194 1971 1241 1998; x_wconf 89' lang='lat' dir='ltr'><strong>lib.</strong></span> <span class='ocrx_word' id='word_1_715' title='bbox 1266 1978 1309 2002; x_wconf 84' lang='lat' dir='ltr'><strong>tv,</strong></span> <span class='ocrx_word' id='word_1_716' title='bbox 1329 1976 1391 2004; x_wconf 88' lang='lat' dir='ltr'><strong>cap.</strong></span> <span class='ocrx_word' id='word_1_717' title='bbox 1408 1967 1453 1994; x_wconf 74' lang='lat'><strong>23:</strong></span> <span class='ocrx_word' id='word_1_718' title='bbox 1477 1966 1566 1994; x_wconf 81' lang='grc' dir='ltr'><strong>Πολλὰ</strong></span> <span class='ocrx_word' id='word_1_719' title='bbox 1583 1965 1647 2002; x_wconf 80' lang='grc' dir='ltr'>περὶ</span> <span class='ocrx_word' id='word_1_720' title='bbox 1663 1965 1715 2000; x_wconf 86' lang='grc' dir='ltr'><strong>γά-</strong></span> 
     </span>
    </p>
   </div>
   <div class='ocr_carea' id='block_1_101' title="bbox 925 2011 1716 2055">
    <p class='ocr_par' dir='ltr' id='par_1_101' title="bbox 925 2011 1716 2055">
     <span class='ocr_line' id='line_1_101' title="bbox 925 2011 1716 2055; baseline -0.01 -9"><span class='ocrx_word' id='word_1_721' title='bbox 925 2028 976 2055; x_wconf 85' lang='grc' dir='ltr'><strong>μου</strong></span> <span class='ocrx_word' id='word_1_722' title='bbox 994 2019 1041 2046; x_wconf 75' lang='grc' dir='ltr'><strong>καὶ</strong></span> <span class='ocrx_word' id='word_1_723' title='bbox 1057 2017 1167 2053; x_wconf 83' lang='grc' dir='ltr'><strong>ἁγνείας</strong></span> <span class='ocrx_word' id='word_1_724' title='bbox 1184 2018 1240 2049; x_wconf 79' lang='grc' dir='ltr'>τοῖς</span> <span class='ocrx_word' id='word_1_725' title='bbox 1257 2017 1349 2048; x_wconf 81' lang='grc' dir='ltr'><strong>αὐτοῖς</strong></span> <span class='ocrx_word' id='word_1_726' title='bbox 1366 2015 1512 2051; x_wconf 70' lang='grc' dir='ltr'>παραινεί-</span> <span class='ocrx_word' id='word_1_727' title='bbox 1541 2013 1588 2040; x_wconf 85' lang='grc' dir='ltr'><strong>καὶ</strong></span> <span class='ocrx_word' id='word_1_728' title='bbox 1605 2013 1668 2045; x_wconf 84' lang='grc' dir='ltr'><strong>τοὺς</strong></span> <span class='ocrx_word' id='word_1_729' title='bbox 1685 2011 1716 2044; x_wconf 77' lang='grc' dir='ltr'>ἐξ</span> 
     </span>
    </p>
   </div>
   <div class='ocr_carea' id='block_1_102' title="bbox 923 2058 1716 2098">
    <p class='ocr_par' dir='ltr' id='par_1_102' title="bbox 923 2058 1716 2098">
     <span class='ocr_line' id='line_1_102' title="bbox 923 2058 1716 2098; baseline -0.011 -5"><span class='ocrx_word' id='word_1_730' title='bbox 923 2066 981 2098; x_wconf 82' lang='grc' dir='ltr'><strong>οἵας</strong></span> <span class='ocrx_word' id='word_1_731' title='bbox 1001 2066 1022 2092; x_wconf 81' lang='grc' dir='ltr'><strong>δ’</strong></span> <span class='ocrx_word' id='word_1_732' title='bbox 1040 2063 1086 2092; x_wconf 80' lang='grc' dir='ltr'>οὖν</span> <span class='ocrx_word' id='word_1_733' title='bbox 1108 2064 1293 2095; x_wconf 81' lang='grc' dir='ltr'><strong>ἀποπτώσεως</strong></span> <span class='ocrx_word' id='word_1_734' title='bbox 1314 2063 1330 2098; x_wconf 88' lang='grc' dir='ltr'>ἢ</span> <span class='ocrx_word' id='word_1_735' title='bbox 1353 2060 1560 2098; x_wconf 84' lang='grc' dir='ltr'><strong>πλημμελείας,</strong></span> <span class='ocrx_word' id='word_1_736' title='bbox 1583 2059 1638 2086; x_wconf 79' lang='grc' dir='ltr'>εἴτε</span> <span class='ocrx_word' id='word_1_737' title='bbox 1661 2058 1716 2094; x_wconf 82' lang='grc' dir='ltr'><strong>μὴν</strong></span> 
     </span>
    </p>
   </div>
   <div class='ocr_carea' id='block_1_103' title="bbox 924 2105 1716 2148">
    <p class='ocr_par' dir='ltr' id='par_1_103' title="bbox 924 2105 1716 2148">
     <span class='ocr_line' id='line_1_103' title="bbox 924 2105 1716 2148; baseline -0.01 -10"><span class='ocrx_word' id='word_1_738' title='bbox 924 2111 1064 2148; x_wconf 76' lang='grc' dir='ltr'><strong>αἰρετικῆς</strong></span> <span class='ocrx_word' id='word_1_739' title='bbox 1090 2110 1194 2145; x_wconf 81' lang='grc' dir='ltr'>πλάνης</span> <span class='ocrx_word' id='word_1_740' title='bbox 1218 2108 1431 2144; x_wconf 69' lang='grc' dir='ltr'><strong>ἐπιστρέφοντας</strong></span> <span class='ocrx_word' id='word_1_741' title='bbox 1452 2105 1605 2140; x_wconf 77' lang='grc' dir='ltr'><strong>δεξιοῦσθαι</strong></span> <span class='ocrx_word' id='word_1_742' title='bbox 1629 2113 1716 2141; x_wconf 81' lang='grc' dir='ltr'><strong>προσ-</strong></span> 
     </span>
    </p>
   </div>
   <div class='ocr_carea' id='block_1_104' title="bbox 923 2151 1716 2191">
    <p class='ocr_par' dir='ltr' id='par_1_104' title="bbox 923 2151 1716 2191">
     <span class='ocr_line' id='line_1_104' title="bbox 923 2151 1716 2191; baseline -0.011 -6"><span class='ocrx_word' id='word_1_743' title='bbox 923 2158 1025 2185; x_wconf 80' lang='grc' dir='ltr'><strong>τάττει.</strong></span> <span class='ocrx_word' id='word_1_744' title='bbox 1054 2167 1063 2183; x_wconf 76' lang='grc'><strong>(</strong></span> <span class='ocrx_word' id='word_1_745' title='bbox 1077 2157 1160 2183; x_wconf 86' lang='lat' dir='ltr'><strong>Multa</strong></span> <span class='ocrx_word' id='word_1_746' title='bbox 1184 2163 1293 2191; x_wconf 91' lang='lat' dir='ltr'><strong>quoque</strong></span> <span class='ocrx_word' id='word_1_747' title='bbox 1314 2155 1348 2181; x_wconf 88' lang='lat' dir='ltr'><strong>de</strong></span> <span class='ocrx_word' id='word_1_748' title='bbox 1372 2153 1475 2188; x_wconf 89' lang='lat' dir='ltr'><strong>nuptiis</strong></span> <span class='ocrx_word' id='word_1_749' title='bbox 1495 2157 1521 2179; x_wconf 89' lang='lat' dir='ltr'><strong>et</strong></span> <span class='ocrx_word' id='word_1_750' title='bbox 1539 2152 1572 2179; x_wconf 90' lang='lat' dir='ltr'><strong>de</strong></span> <span class='ocrx_word' id='word_1_751' title='bbox 1592 2151 1716 2178; x_wconf 81' lang='lat' dir='ltr'><strong>castitate</strong></span> 
     </span>
    </p>
   </div>
   <div class='ocr_carea' id='block_1_105' title="bbox 923 2196 1716 2239">
    <p class='ocr_par' dir='ltr' id='par_1_105' title="bbox 923 2196 1716 2239">
     <span class='ocr_line' id='line_1_105' title="bbox 923 2196 1716 2239; baseline -0.01 -8"><span class='ocrx_word' id='word_1_752' title='bbox 923 2204 964 2232; x_wconf 85' lang='lat' dir='ltr'><strong>eis</strong></span> <span class='ocrx_word' id='word_1_753' title='bbox 979 2203 1116 2239; x_wconf 70' lang='lat' dir='ltr'><strong>praacipit;</strong></span> <span class='ocrx_word' id='word_1_754' title='bbox 1130 2206 1157 2229; x_wconf 90' lang='lat' dir='ltr'><strong>et</strong></span> <span class='ocrx_word' id='word_1_755' title='bbox 1171 2206 1285 2230; x_wconf 83' lang='lat' dir='ltr'><strong>cunctos</strong></span> <span class='ocrx_word' id='word_1_756' title='bbox 1301 2200 1348 2235; x_wconf 90' lang='lat' dir='ltr'><strong>qui</strong></span> <span class='ocrx_word' id='word_1_757' title='bbox 1365 2207 1380 2226; x_wconf 90' lang='lat' dir='ltr'><strong>a</strong></span> <span class='ocrx_word' id='word_1_758' title='bbox 1392 2199 1490 2235; x_wconf 78' lang='lat' dir='ltr'><strong>quovis</strong></span> <span class='ocrx_word' id='word_1_759' title='bbox 1505 2198 1582 2232; x_wconf 88' lang='lat' dir='ltr'><strong>lapsu</strong></span> <span class='ocrx_word' id='word_1_760' title='bbox 1599 2197 1656 2225; x_wconf 81' lang='lat' dir='ltr'><strong>sive</strong></span> <span class='ocrx_word' id='word_1_761' title='bbox 1666 2196 1716 2224; x_wconf 72' lang='lat' dir='ltr'><strong>deo</strong></span> 
     </span>
    </p>
   </div>
   <div class='ocr_carea' id='block_1_106' title="bbox 475 2246 1714 2290">
    <p class='ocr_par' dir='ltr' id='par_1_106' title="bbox 475 2246 1714 2290">
     <span class='ocr_line' id='line_1_106' title="bbox 475 2246 1714 2290; baseline -0.01 -10"><span class='ocrx_word' id='word_1_762' title='bbox 475 2262 638 2290; x_wconf 65' lang='lat' dir='ltr'><strong>sicariorum</strong></span> <span class='ocrx_word' id='word_1_763' title='bbox 667 2264 695 2288; x_wconf 68' lang='grc' dir='ltr'><strong>ει</strong></span> <span class='ocrx_word' id='word_1_764' title='bbox 712 2259 872 2286; x_wconf 58' lang='lat' dir='ltr'><strong>woman-3.</strong></span> <span class='ocrx_word' id='word_1_765' title='bbox 889 2255 910 2284; x_wconf 74' lang='grc' dir='ltr'><strong>ι)</strong></span> <span class='ocrx_word' id='word_1_766' title='bbox 924 2249 999 2282; x_wconf 90' lang='lat' dir='ltr'><strong>licto,</strong></span> <span class='ocrx_word' id='word_1_767' title='bbox 1015 2249 1073 2276; x_wconf 90' lang='lat' dir='ltr'><strong>sive</strong></span> <span class='ocrx_word' id='word_1_768' title='bbox 1094 2248 1177 2275; x_wconf 89' lang='lat' dir='ltr'><strong>etiam</strong></span> <span class='ocrx_word' id='word_1_769' title='bbox 1203 2247 1238 2274; x_wconf 87' lang='lat' dir='ltr'><strong>ab</strong></span> <span class='ocrx_word' id='word_1_770' title='bbox 1260 2246 1389 2273; x_wconf 65' lang='lat' dir='ltr'><strong>hmretico</strong></span> <span class='ocrx_word' id='word_1_771' title='bbox 1416 2251 1510 2272; x_wconf 89' lang='lat' dir='ltr'><strong>errore</strong></span> <span class='ocrx_word' id='word_1_772' title='bbox 1531 2246 1714 2273; x_wconf 85' lang='lat' dir='ltr'><strong>revertuntur,</strong></span> 
     </span>
    </p>
   </div>
   <div class='ocr_carea' id='block_1_107' title="bbox 923 2289 1715 2330">
    <p class='ocr_par' dir='ltr' id='par_1_107' title="bbox 923 2289 1715 2330">
     <span class='ocr_line' id='line_1_107' title="bbox 923 2289 1715 2330; baseline -0.011 -7"><span class='ocrx_word' id='word_1_773' title='bbox 923 2295 1040 2330; x_wconf 78' lang='lat' dir='ltr'><strong>benigne</strong></span> <span class='ocrx_word' id='word_1_774' title='bbox 1061 2293 1165 2329; x_wconf 89' lang='lat' dir='ltr'><strong>suscipi</strong></span> <span class='ocrx_word' id='word_1_775' title='bbox 1184 2293 1272 2329; x_wconf 87' lang='lat' dir='ltr'><strong>jubet.</strong></span> <span class='ocrx_word' id='word_1_776' title='bbox 1292 2301 1301 2317; x_wconf 82' lang='grc'><strong>›</strong></span> <span class='ocrx_word' id='word_1_777' title='bbox 1317 2290 1357 2318; x_wconf 89' lang='lat' dir='ltr'><strong>En</strong></span> <span class='ocrx_word' id='word_1_778' title='bbox 1373 2295 1451 2318; x_wconf 83' lang='lat' dir='ltr'><strong>vetus</strong></span> <span class='ocrx_word' id='word_1_779' title='bbox 1465 2289 1641 2326; x_wconf 83' lang='grc' dir='ltr'><strong>πρόσταγμα,</strong></span> <span class='ocrx_word' id='word_1_780' title='bbox 1666 2295 1715 2315; x_wconf 81' lang='lat' dir='ltr'><strong>seu</strong></span> 
     </span>
    </p>
   </div>
   <div class='ocr_carea' id='block_1_108' title="bbox 923 2333 1716 2374">
    <p class='ocr_par' dir='ltr' id='par_1_108' title="bbox 923 2333 1716 2374">
     <span class='ocr_line' id='line_1_108' title="bbox 923 2333 1716 2374; baseline -0.013 -6"><span class='ocrx_word' id='word_1_781' title='bbox 923 2341 1084 2368; x_wconf 85' lang='lat' dir='ltr'><strong>mandatum</strong></span> <span class='ocrx_word' id='word_1_782' title='bbox 1099 2337 1264 2374; x_wconf 78' lang='lat' dir='ltr'><strong>episcopale,</strong></span> <span class='ocrx_word' id='word_1_783' title='bbox 1286 2337 1319 2364; x_wconf 92' lang='lat' dir='ltr'><strong>de</strong></span> <span class='ocrx_word' id='word_1_784' title='bbox 1341 2334 1506 2370; x_wconf 86' lang='lat' dir='ltr'><strong>recipiendis</strong></span> <span class='ocrx_word' id='word_1_785' title='bbox 1536 2333 1630 2368; x_wconf 89' lang='lat' dir='ltr'><strong>lapsis,</strong></span> <span class='ocrx_word' id='word_1_786' title='bbox 1647 2340 1716 2359; x_wconf 75' lang='lat' dir='ltr'><strong>mm—</strong></span> 
     </span>
    </p>
   </div>
   <div class='ocr_carea' id='block_1_109' title="bbox 923 2378 1713 2421">
    <p class='ocr_par' dir='ltr' id='par_1_109' title="bbox 923 2378 1713 2421">
     <span class='ocr_line' id='line_1_109' title="bbox 923 2378 1713 2421; baseline -0.011 -7"><span class='ocrx_word' id='word_1_787' title='bbox 923 2387 995 2421; x_wconf 90' lang='lat' dir='ltr'><strong>chis,</strong></span> <span class='ocrx_word' id='word_1_788' title='bbox 1013 2385 1149 2413; x_wconf 72' lang='lat' dir='ltr'><strong>btereticis</strong></span> <span class='ocrx_word' id='word_1_789' title='bbox 1161 2384 1278 2419; x_wconf 89' lang='lat' dir='ltr'><strong>aliisque</strong></span> <span class='ocrx_word' id='word_1_790' title='bbox 1296 2390 1345 2418; x_wconf 89' lang='lat' dir='ltr'><strong>per</strong></span> <span class='ocrx_word' id='word_1_791' title='bbox 1360 2380 1547 2417; x_wconf 63' lang='lat' dir='ltr'><strong>paenitentiam</strong></span> <span class='ocrx_word' id='word_1_792' title='bbox 1561 2378 1713 2407; x_wconf 82' lang='lat' dir='ltr'><strong>conversis.</strong></span> 
     </span>
    </p>
   </div>
   <div class='ocr_carea' id='block_1_110' title="bbox 923 2427 1714 2468">
    <p class='ocr_par' dir='ltr' id='par_1_110' title="bbox 923 2427 1714 2468">
     <span class='ocr_line' id='line_1_110' title="bbox 923 2427 1714 2468; baseline -0.01 -8"><span class='ocrx_word' id='word_1_793' title='bbox 923 2432 1017 2468; x_wconf 88' lang='lat' dir='ltr'><strong>Neque</strong></span> <span class='ocrx_word' id='word_1_794' title='bbox 1034 2439 1101 2459; x_wconf 88' lang='lat' dir='ltr'><strong>vero</strong></span> <span class='ocrx_word' id='word_1_795' title='bbox 1119 2430 1216 2458; x_wconf 89' lang='lat' dir='ltr'><strong>dubito</strong></span> <span class='ocrx_word' id='word_1_796' title='bbox 1244 2429 1310 2464; x_wconf 89' lang='lat' dir='ltr'><strong>quin</strong></span> <span class='ocrx_word' id='word_1_797' title='bbox 1331 2427 1415 2463; x_wconf 85' lang='lat' dir='ltr'><strong>hujus</strong></span> <span class='ocrx_word' id='word_1_798' title='bbox 1438 2427 1546 2464; x_wconf 77' lang='lat' dir='ltr'><strong>generis</strong></span> <span class='ocrx_word' id='word_1_799' title='bbox 1571 2430 1714 2461; x_wconf 89' lang='lat' dir='ltr'><strong>peccatum</strong></span> 
     </span>
    </p>
   </div>
   <div class='ocr_carea' id='block_1_111' title="bbox 923 2472 1715 2510">
    <p class='ocr_par' dir='ltr' id='par_1_111' title="bbox 923 2472 1715 2510">
     <span class='ocr_line' id='line_1_111' title="bbox 923 2472 1715 2510; baseline -0.01 -4"><span class='ocrx_word' id='word_1_800' title='bbox 923 2479 1006 2507; x_wconf 89' lang='lat' dir='ltr'><strong>fuerit</strong></span> <span class='ocrx_word' id='word_1_801' title='bbox 1020 2477 1088 2505; x_wconf 91' lang='lat' dir='ltr'><strong>illud</strong></span> <span class='ocrx_word' id='word_1_802' title='bbox 1103 2476 1234 2508; x_wconf 85' lang='lat' dir='ltr'><strong>Valentis,</strong></span> <span class='ocrx_word' id='word_1_803' title='bbox 1249 2475 1283 2502; x_wconf 88' lang='lat' dir='ltr'><strong>de</strong></span> <span class='ocrx_word' id='word_1_804' title='bbox 1297 2482 1352 2510; x_wconf 89' lang='lat' dir='ltr'><strong>quo</strong></span> <span class='ocrx_word' id='word_1_805' title='bbox 1369 2473 1398 2501; x_wconf 88' lang='lat' dir='ltr'><strong>S.</strong></span> <span class='ocrx_word' id='word_1_806' title='bbox 1418 2472 1587 2508; x_wconf 86' lang='lat' dir='ltr'><strong>Polycarpus</strong></span> <span class='ocrx_word' id='word_1_807' title='bbox 1598 2472 1715 2506; x_wconf 87' lang='lat' dir='ltr'><strong>epistola</strong></span> 
     </span>
    </p>
   </div>
   <div class='ocr_carea' id='block_1_112' title="bbox 923 2516 1716 2559">
    <p class='ocr_par' dir='ltr' id='par_1_112' title="bbox 923 2516 1716 2559">
     <span class='ocr_line' id='line_1_112' title="bbox 923 2516 1716 2559; baseline -0.013 -6"><span class='ocrx_word' id='word_1_808' title='bbox 923 2526 957 2554; x_wconf 91' lang='lat' dir='ltr'><strong>ad</strong></span> <span class='ocrx_word' id='word_1_809' title='bbox 968 2525 1172 2559; x_wconf 86' lang='lat' dir='ltr'><strong>Philippenses:</strong></span> <span class='ocrx_word' id='word_1_810' title='bbox 1189 2532 1198 2547; x_wconf 76' lang='grc' dir='ltr'>ι</span> <span class='ocrx_word' id='word_1_811' title='bbox 1211 2521 1298 2548; x_wconf 90' lang='lat' dir='ltr'><strong>Nimis</strong></span> <span class='ocrx_word' id='word_1_812' title='bbox 1312 2521 1492 2548; x_wconf 88' lang='lat' dir='ltr'><strong>contristatus</strong></span> <span class='ocrx_word' id='word_1_813' title='bbox 1514 2526 1575 2545; x_wconf 89' lang='lat' dir='ltr'><strong>sum</strong></span> <span class='ocrx_word' id='word_1_814' title='bbox 1594 2526 1644 2552; x_wconf 92' lang='lat' dir='ltr'><strong>pro</strong></span> <span class='ocrx_word' id='word_1_815' title='bbox 1664 2516 1716 2544; x_wconf 85' lang='lat' dir='ltr'><strong>Va-</strong></span> 
     </span>
    </p>
   </div>
   <div class='ocr_carea' id='block_1_113' title="bbox 923 2563 1715 2606">
    <p class='ocr_par' dir='ltr' id='par_1_113' title="bbox 923 2563 1715 2606">
     <span class='ocr_line' id='line_1_113' title="bbox 923 2563 1715 2606; baseline -0.011 -6"><span class='ocrx_word' id='word_1_816' title='bbox 923 2573 1007 2606; x_wconf 88' lang='lat' dir='ltr'><strong>lente,</strong></span> <span class='ocrx_word' id='word_1_817' title='bbox 1023 2571 1069 2606; x_wconf 88' lang='lat' dir='ltr'><strong>qui</strong></span> <span class='ocrx_word' id='word_1_818' title='bbox 1081 2569 1224 2606; x_wconf 86' lang='lat' dir='ltr'><strong>presbyter</strong></span> <span class='ocrx_word' id='word_1_819' title='bbox 1237 2568 1326 2595; x_wconf 85' lang='lat' dir='ltr'><strong>factus</strong></span> <span class='ocrx_word' id='word_1_820' title='bbox 1343 2570 1384 2594; x_wconf 87' lang='lat' dir='ltr'><strong>est</strong></span> <span class='ocrx_word' id='word_1_821' title='bbox 1396 2565 1545 2600; x_wconf 83' lang='lat' dir='ltr'><strong>aliquando</strong></span> <span class='ocrx_word' id='word_1_822' title='bbox 1557 2563 1628 2599; x_wconf 82' lang='lat' dir='ltr'><strong>apud</strong></span> <span class='ocrx_word' id='word_1_823' title='bbox 1654 2572 1715 2596; x_wconf 83' lang='lat' dir='ltr'><strong>vos,</strong></span> 
     </span>
    </p>
   </div>
   <div class='ocr_carea' id='block_1_114' title="bbox 924 2610 1716 2655">
    <p class='ocr_par' dir='ltr' id='par_1_114' title="bbox 924 2610 1716 2655">
     <span class='ocr_line' id='line_1_114' title="bbox 924 2610 1716 2655; baseline -0.01 -9"><span class='ocrx_word' id='word_1_824' title='bbox 924 2618 997 2655; x_wconf 89' lang='lat' dir='ltr'><strong>quod</strong></span> <span class='ocrx_word' id='word_1_825' title='bbox 1019 2618 1059 2645; x_wconf 87' lang='lat' dir='ltr'><strong>sic</strong></span> <span class='ocrx_word' id='word_1_826' title='bbox 1069 2617 1176 2652; x_wconf 78' lang='lat' dir='ltr'><strong>ignoret</strong></span> <span class='ocrx_word' id='word_1_827' title='bbox 1189 2615 1213 2642; x_wconf 86' lang='lat' dir='ltr'><strong>is</strong></span> <span class='ocrx_word' id='word_1_828' title='bbox 1228 2614 1320 2641; x_wconf 89' lang='lat' dir='ltr'><strong>locum</strong></span> <span class='ocrx_word' id='word_1_829' title='bbox 1333 2613 1380 2648; x_wconf 90' lang='lat' dir='ltr'><strong>qui</strong></span> <span class='ocrx_word' id='word_1_830' title='bbox 1394 2613 1476 2639; x_wconf 88' lang='lat' dir='ltr'><strong>datus</strong></span> <span class='ocrx_word' id='word_1_831' title='bbox 1491 2615 1533 2639; x_wconf 91' lang='lat' dir='ltr'><strong>est</strong></span> <span class='ocrx_word' id='word_1_832' title='bbox 1556 2611 1592 2638; x_wconf 90' lang='lat' dir='ltr'><strong>ei.</strong></span> <span class='ocrx_word' id='word_1_833' title='bbox 1617 2610 1716 2638; x_wconf 83' lang='lat' dir='ltr'><strong>Moneo</strong></span> 
     </span>
    </p>
   </div>
   <div class='ocr_carea' id='block_1_115' title="bbox 924 2657 1717 2699">
    <p class='ocr_par' dir='ltr' id='par_1_115' title="bbox 924 2657 1717 2699">
     <span class='ocr_line' id='line_1_115' title="bbox 924 2657 1717 2699; baseline -0.011 -7"><span class='ocrx_word' id='word_1_834' title='bbox 924 2665 1016 2699; x_wconf 87' lang='lat' dir='ltr'><strong>itaque</strong></span> <span class='ocrx_word' id='word_1_835' title='bbox 1033 2671 1081 2690; x_wconf 89' lang='lat' dir='ltr'><strong>vos</strong></span> <span class='ocrx_word' id='word_1_836' title='bbox 1096 2660 1298 2689; x_wconf 87' lang='lat' dir='ltr'><strong>utabstineatis</strong></span> <span class='ocrx_word' id='word_1_837' title='bbox 1311 2659 1345 2686; x_wconf 85' lang='lat' dir='ltr'><strong>ab</strong></span> <span class='ocrx_word' id='word_1_838' title='bbox 1359 2658 1433 2686; x_wconf 90' lang='lat' dir='ltr'><strong>omni</strong></span> <span class='ocrx_word' id='word_1_839' title='bbox 1457 2657 1572 2685; x_wconf 90' lang='lat' dir='ltr'><strong>avaritia</strong></span> <span class='ocrx_word' id='word_1_840' title='bbox 1591 2657 1717 2693; x_wconf 81' lang='grc' dir='ltr'><strong>(πλεονε-</strong></span> 
     </span>
    </p>
   </div>
   <div class='ocr_carea' id='block_1_116' title="bbox 924 2704 1716 2745">
    <p class='ocr_par' dir='ltr' id='par_1_116' title="bbox 924 2704 1716 2745">
     <span class='ocr_line' id='line_1_116' title="bbox 924 2704 1716 2745; baseline -0.011 -7"><span class='ocrx_word' id='word_1_841' title='bbox 924 2710 994 2745; x_wconf 78' lang='grc' dir='ltr'>ξίας,</span> <span class='ocrx_word' id='word_1_842' title='bbox 1010 2713 1039 2736; x_wconf 89' lang='lat' dir='ltr'><strong>ut</strong></span> <span class='ocrx_word' id='word_1_843' title='bbox 1064 2711 1138 2736; x_wconf 88' lang='lat' dir='ltr'><strong>recte</strong></span> <span class='ocrx_word' id='word_1_844' title='bbox 1158 2705 1364 2739; x_wconf 84' lang='lat' dir='ltr'><strong>Hammondus)</strong></span> <span class='ocrx_word' id='word_1_845' title='bbox 1388 2709 1415 2732; x_wconf 89' lang='lat' dir='ltr'><strong>et</strong></span> <span class='ocrx_word' id='word_1_846' title='bbox 1434 2704 1495 2731; x_wconf 89' lang='lat' dir='ltr'><strong>sitis</strong></span> <span class='ocrx_word' id='word_1_847' title='bbox 1511 2704 1581 2731; x_wconf 84' lang='lat' dir='ltr'><strong>casti</strong></span> <span class='ocrx_word' id='word_1_848' title='bbox 1596 2708 1623 2730; x_wconf 93' lang='lat' dir='ltr'><strong>et</strong></span> <span class='ocrx_word' id='word_1_849' title='bbox 1636 2711 1716 2730; x_wconf 81' lang='lat' dir='ltr'><strong>vera-</strong></span> 
     </span>
    </p>
   </div>
   <div class='ocr_carea' id='block_1_117' title="bbox 924 2751 1714 2788">
    <p class='ocr_par' dir='ltr' id='par_1_117' title="bbox 924 2751 1714 2788">
     <span class='ocr_line' id='line_1_117' title="bbox 924 2751 1714 2788; baseline -0.01 -3"><span class='ocrx_word' id='word_1_850' title='bbox 924 2765 980 2786; x_wconf 88' lang='lat' dir='ltr'><strong>ces.</strong></span> <span class='ocrx_word' id='word_1_851' title='bbox 1003 2766 1012 2783; x_wconf 85' lang='lat' dir='ltr'><strong>I</strong></span> <span class='ocrx_word' id='word_1_852' title='bbox 1029 2756 1067 2784; x_wconf 86' lang='lat' dir='ltr'><strong>De</strong></span> <span class='ocrx_word' id='word_1_853' title='bbox 1094 2756 1147 2783; x_wconf 86' lang='lat' dir='ltr'><strong>hoc</strong></span> <span class='ocrx_word' id='word_1_854' title='bbox 1168 2759 1260 2782; x_wconf 87' lang='lat' dir='ltr'><strong>autem</strong></span> <span class='ocrx_word' id='word_1_855' title='bbox 1273 2753 1387 2781; x_wconf 79' lang='lat' dir='ltr'><strong>Valente</strong></span> <span class='ocrx_word' id='word_1_856' title='bbox 1397 2753 1436 2781; x_wconf 89' lang='lat' dir='ltr'><strong>ita</strong></span> <span class='ocrx_word' id='word_1_857' title='bbox 1451 2756 1546 2788; x_wconf 88' lang='lat' dir='ltr'><strong>postea</strong></span> <span class='ocrx_word' id='word_1_858' title='bbox 1570 2751 1714 2786; x_wconf 85' lang='lat' dir='ltr'><strong>loquitur:</strong></span> 
     </span>
    </p>
   </div>
   <div class='ocr_carea' id='block_1_118' title="bbox 927 2797 1716 2838">
    <p class='ocr_par' dir='ltr' id='par_1_118' title="bbox 927 2797 1716 2838">
     <span class='ocr_line' id='line_1_118' title="bbox 927 2797 1716 2838; baseline -0.009 -8"><span class='ocrx_word' id='word_1_859' title='bbox 927 2813 937 2829; x_wconf 85' lang='grc'><strong>‹</strong></span> <span class='ocrx_word' id='word_1_860' title='bbox 952 2803 1036 2830; x_wconf 84' lang='lat' dir='ltr'><strong>Valde</strong></span> <span class='ocrx_word' id='word_1_861' title='bbox 1055 2809 1131 2838; x_wconf 83' lang='lat' dir='ltr'><strong>ergo,</strong></span> <span class='ocrx_word' id='word_1_862' title='bbox 1143 2801 1253 2833; x_wconf 88' lang='lat' dir='ltr'><strong>fratres,</strong></span> <span class='ocrx_word' id='word_1_863' title='bbox 1267 2800 1418 2828; x_wconf 82' lang='lat' dir='ltr'><strong>contristor</strong></span> <span class='ocrx_word' id='word_1_864' title='bbox 1430 2806 1479 2834; x_wconf 91' lang='lat' dir='ltr'><strong>pro</strong></span> <span class='ocrx_word' id='word_1_865' title='bbox 1496 2798 1543 2826; x_wconf 90' lang='lat' dir='ltr'><strong>illo</strong></span> <span class='ocrx_word' id='word_1_866' title='bbox 1557 2801 1585 2825; x_wconf 89' lang='lat' dir='ltr'><strong>et</strong></span> <span class='ocrx_word' id='word_1_867' title='bbox 1599 2797 1716 2832; x_wconf 80' lang='lat' dir='ltr'><strong>conjuge</strong></span> 
     </span>
    </p>
   </div>
   <div class='ocr_carea' id='block_1_119' title="bbox 924 2840 1715 2884">
    <p class='ocr_par' dir='ltr' id='par_1_119' title="bbox 924 2840 1715 2884">
     <span class='ocr_line' id='line_1_119' title="bbox 924 2840 1715 2884; baseline -0.013 -7"><span class='ocrx_word' id='word_1_868' title='bbox 924 2850 985 2884; x_wconf 87' lang='lat' dir='ltr'><strong>ejus</strong></span> <span class='ocrx_word' id='word_1_869' title='bbox 998 2858 1005 2876; x_wconf 91' lang='lat'>:</span> <span class='ocrx_word' id='word_1_870' title='bbox 1016 2849 1117 2884; x_wconf 90' lang='lat' dir='ltr'><strong>quibus</strong></span> <span class='ocrx_word' id='word_1_871' title='bbox 1129 2847 1176 2875; x_wconf 90' lang='lat' dir='ltr'><strong>det</strong></span> <span class='ocrx_word' id='word_1_872' title='bbox 1199 2846 1271 2874; x_wconf 89' lang='lat' dir='ltr'><strong>Deus</strong></span> <span class='ocrx_word' id='word_1_873' title='bbox 1287 2845 1475 2881; x_wconf 73' lang='lat' dir='ltr'><strong>ptenitentiam</strong></span> <span class='ocrx_word' id='word_1_874' title='bbox 1487 2849 1591 2870; x_wconf 90' lang='lat' dir='ltr'><strong>veram.</strong></span> <span class='ocrx_word' id='word_1_875' title='bbox 1623 2840 1715 2869; x_wconf 81' lang='lat' dir='ltr'><strong>Sobrii</strong></span> 
     </span>
    </p>
   </div>
   <div class='ocr_carea' id='block_1_120' title="bbox 925 2887 1715 2931">
    <p class='ocr_par' dir='ltr' id='par_1_120' title="bbox 925 2887 1715 2931">
     <span class='ocr_line' id='line_1_120' title="bbox 925 2887 1715 2931; baseline -0.013 -7"><span class='ocrx_word' id='word_1_876' title='bbox 925 2903 989 2931; x_wconf 79' lang='lat' dir='ltr'><strong>ergo</strong></span> <span class='ocrx_word' id='word_1_877' title='bbox 1015 2899 1100 2923; x_wconf 88' lang='lat' dir='ltr'><strong>estote</strong></span> <span class='ocrx_word' id='word_1_878' title='bbox 1128 2899 1156 2923; x_wconf 88' lang='lat' dir='ltr'><strong>et</strong></span> <span class='ocrx_word' id='word_1_879' title='bbox 1173 2901 1222 2922; x_wconf 91' lang='lat' dir='ltr'><strong>vos</strong></span> <span class='ocrx_word' id='word_1_880' title='bbox 1246 2893 1274 2921; x_wconf 89' lang='lat' dir='ltr'><strong>in</strong></span> <span class='ocrx_word' id='word_1_881' title='bbox 1289 2893 1358 2926; x_wconf 81' lang='lat' dir='ltr'><strong>hoc;</strong></span> <span class='ocrx_word' id='word_1_882' title='bbox 1374 2895 1401 2919; x_wconf 86' lang='lat' dir='ltr'><strong>et</strong></span> <span class='ocrx_word' id='word_1_883' title='bbox 1424 2898 1480 2919; x_wconf 90' lang='lat' dir='ltr'><strong>non</strong></span> <span class='ocrx_word' id='word_1_884' title='bbox 1498 2889 1570 2918; x_wconf 88' lang='lat' dir='ltr'><strong>sicut</strong></span> <span class='ocrx_word' id='word_1_885' title='bbox 1587 2887 1715 2917; x_wconf 88' lang='lat' dir='ltr'><strong>inimicos</strong></span> 
     </span>
    </p>
   </div>
  </div>
