1850 3072
146 141 201 172 55$

651 142 679 169 S.
700 140 872 169 lGNATlL'S.
894 156 927 161 ——
941 139 1207 169 PROLEGOMENA.

1727 138 1784 167 358

148 204 216 232 tales
232 203 413 236 existimetis.
438 203 490 231 sed
506 203 579 230 sicut
601 203 742 238 passibilia
763 203 885 230 membra
909 207 936 231 et
951 207 974 235 Α
988 203 1048 230 tiat.
1063 201 1123 235 Qua
1139 201 1256 234 ratione,
1271 200 1362 228 nullus
1372 199 1462 228 video.
1479 199 1522 227 An
1544 199 1609 235 quia
1632 198 1738 227 Menrea
1757 204 1786 226 et

148 251 268 278 errantia
282 258 330 278 eos
345 254 480 282 revocate,
498 254 528 277 ιιι
548 249 671 277 omnium
698 254 819 278 vestrum
834 257 935 285 corpus

149 295 270 323 salvetis.
294 295 351 323 Hoc
367 295 440 322 enim
457 299 579 330 agentes.
591 302 641 322 vos
657 295 732 330 ipsos
757 295 907 323 aedificetis.
923 304 933 322 ι

148 340 235 368 Etiam
249 341 359 376 juvenis
374 341 420 368 ille
435 342 506 376 apud
518 342 685 369 Clementem
707 341 935 376 Alexandrinum,

147 388 175 415 in
189 388 301 415 homilia
331 387 367 415 De
391 388 481 420 divite,
499 388 549 415 sub
566 387 691 423 Origenis
718 389 829 416 nomine
852 388 935 422 edita,

148 435 194 468 qui
208 434 337 467 sicarius,
355 434 411 462 imo
436 435 578 470 μιαιφόνος
597 434 697 468 fuerat,
725 436 869 464 restitutus
895 440 937 464 est

147 479 276 508 Ecclesia
305 488 354 515 per
370 481 560 515 paenitentiam
587 482 621 509 ab
641 482 702 517 ipso
718 481 748 510 S.
769 481 886 510 Joanne.
902 481 936 509 Et

145 525 294 560 Apostolus
310 527 368 561 ipse
382 527 461 555 nobis
477 527 641 555 describitur
653 529 732 564 quasi
759 529 847 560 διδοὺς
865 529 935 564 μέγα

145 572 319 608 παράδειγμα
344 573 487 613 μετανοίας
516 573 664 610 ἀληθινῆς,
686 583 695 599 ι
711 574 780 602 dans
804 583 934 610 magnum

146 619 261 646 sincera:
278 619 445 654 paenitentia:
454 620 620 655 exemplum,
638 630 647 646 ι
670 626 700 648 ιιι
719 621 835 656 legimus
863 623 935 658 apud

145 664 293 693 Eusebium
311 666 357 693 lib.
371 674 415 698 ur,
428 674 488 701 cap.
497 667 541 694 23.
554 667 631 701 Quod
645 669 798 703 exemplum
810 667 936 697 Clemens

145 712 235 740 fusius
249 717 381 745 tractans,
392 718 416 740 el
433 714 542 741 tandem
552 722 685 749 perorans
701 715 755 742 ait:
780 715 808 742 Ὁ
820 715 874 751 γὰρ
890 717 934 743 ὲν-

145 758 233 785 ταῦθα
253 758 298 785 τὸν
314 759 429 793 ἄγγελον
453 760 502 795 τῆς
539 761 684 796 μετανοίας
708 762 885 797 προϊέμενος,
903 763 933 789 οὐ

146 804 308 839 μετανοήσει
324 805 385 831 τότε
403 805 485 841 ἡνίκα
502 806 536 832 ἂν
559 806 695 842 καταλιτιῇ
713 807 743 833 τὸ
760 807 856 842 σῶμα,
874 807 934 834 οὐδὲ

143 849 408 886 καταισχυνθήσεται
431 850 477 877 τὸν
493 852 608 887 Σωτῆρα
629 853 775 888 προσιόντα
799 854 868 889 μετὰ
884 854 933 890 τῆς

143 894 228 921 αὐτοῦ
245 895 324 931 δόξης
341 895 388 922 καὶ
412 897 557 932 στρατείας
575 897 653 930 ἰδὼν,
677 898 707 925 οὐ
728 898 796 925 δέδιε
820 899 850 926 τὸ
866 899 931 936 πῦρ.
948 896 970 924 Β

146 949 158 965 ‹
171 939 238 967 Nam
251 941 298 976 qui
314 942 396 970 modo
410 943 525 978 suscipit
536 944 662 979 angelum
677 944 855 979 poenitentiae,
870 953 932 973 eum

143 991 209 1014 tunc
220 995 274 1014 non
287 989 431 1022 pwnitebit
439 997 500 1016 cum
510 989 543 1017 de
554 997 670 1025 corpore
680 991 796 1024 decedit,
810 999 861 1019 nec
873 990 934 1018 Sal-

143 1037 267 1060 vatorem
277 1034 372 1061 videns
384 1035 575 1062 advenientem
588 1043 650 1063 cum
664 1036 750 1070 gloria
765 1044 813 1064 sua
823 1041 934 1064 etexer-

142 1078 198 1106 citu
210 1075 279 1106 feret
293 1079 577 1116 ignominiam,neque
589 1081 678 1117 ignem
693 1082 824 1109 timebit.)
840 1081 892 1110 Ubi
900 1083 934 1110 ad

143 1123 252 1152 Hermae
263 1124 400 1153 Pastorem
415 1131 508 1161 aperte
522 1127 629 1161 alludit,
645 1133 672 1155 et
684 1129 804 1156 ostendit
815 1128 885 1156 nihil
906 1129 932 1157 in

142 1168 264 1198 Ecclesia
278 1175 345 1199 tunc
355 1173 489 1207 temporis
500 1173 641 1201 definitum
654 1173 741 1202 fuisse
752 1174 786 1202 de
797 1175 934 1210 majorum

141 1216 290 1245 criminum
303 1218 358 1246 reis
374 1225 390 1245 a
403 1219 538 1247 benelicio
552 1219 722 1254 pmnitentiae
740 1220 935 1249 ecclesiastica:

142 1263 253 1297 penitus
265 1264 455 1293 excludendis.
471 1265 552 1294 Certe
563 1266 646 1294 verba
661 1265 769 1301 Ignatii,
783 1266 807 1295 si
820 1275 935 1303 genera-

142 1309 204 1336 liter
220 1310 420 1345 acciperentur,
435 1311 503 1339 satis
518 1312 592 1340 aztati
603 1313 732 1349 martyris
744 1314 932 1348 convenirent;

141 1356 166 1382 si
178 1356 271 1390 potius
283 1356 316 1383 de
324 1357 461 1385 haereticis
473 1357 674 1393 intelligantur,
684 1360 772 1387 cuivis
783 1360 857 1387 aetati
869 1367 934 1388 con-

140 1401 266 1429 veniunt.

177 1459 282 1492 Quarto
294 1481 301 1491 ,
319 1459 441 1495 ignalius
455 1461 573 1496 epistola
589 1462 622 1490 ad
642 1462 777 1498 Ephesios
792 1473 798 1490 :
817 1473 826 1489 ι
843 1463 935 1491 Pluri-

140 1513 217 1533 mum
238 1507 311 1533 enim
338 1507 540 1535 multitudinem
556 1513 675 1536 vestram
697 1509 723 1536 in
754 1511 863 1537 nomine
885 1510 933 1538 Dei

140 1552 249 1587 suscepi
266 1552 292 1579 in
314 1551 462 1586 Onesimo,
486 1554 532 1588 qui
553 1554 580 1581 in
600 1555 731 1583 charitate
756 1556 932 1584 inenarrabili
946 1571 967 1600 ο

140 1602 193 1631 est,
209 1604 300 1626 vester
316 1604 407 1626 autem
438 1600 465 1627 in
487 1608 569 1628 carne
594 1602 749 1636 episcopus.
765 1602 931 1638 Temporum

140 1645 240 1672 seriem
263 1646 370 1676 turbat,
392 1646 481 1681 inquit
500 1647 543 1673 vir
557 1647 745 1682 doctissimus,
771 1653 799 1677 et
814 1649 933 1685 loquitur

140 1690 175 1718 de
190 1690 303 1718 homine
323 1691 396 1719 velut
409 1692 514 1719 vivente
529 1693 575 1727 qui
597 1693 761 1729 jampridem
782 1700 840 1724 erat
857 1704 933 1723 mor-

141 1742 215 1765 tuus.
230 1747 240 1763 ι
259 1736 312 1764 Sed
340 1738 412 1766 unde
434 1744 542 1767 constat
570 1748 632 1767 eum
657 1740 817 1770 Onesimum
849 1743 934 1772 fuisse

140 1787 293 1816 mortuum,
312 1783 346 1811 de
362 1792 417 1819 quo
432 1790 527 1812 auctor
552 1786 674 1821 epistola
687 1793 817 1824 tanquam
840 1790 934 1817 viven-

142 1832 178 1861 te,
188 1832 216 1855 et
229 1827 329 1862 Ephesi
344 1829 473 1864 episcopo
485 1834 549 1858 tunc
561 1839 623 1859 cum
638 1833 777 1867 scriberet,
790 1835 934 1870 loquitur?

140 1873 179 1901 De
200 1873 306 1909 lgnatio
335 1879 431 1902 nostro
462 1875 615 1904 Eusebius:
632 1878 705 1906 Μίαν
722 1879 779 1914 μὲν·
789 1880 933 1916 ἐπιστολὴν

140 1921 172 1956 τῇ
187 1921 258 1948 κατὰ
277 1921 394 1956 Ἔφεσον
414 1921 562 1958 Ἐκκλησία
577 1923 687 1959 γράφει,
705 1925 832 1960 ποιμένος
850 1926 933 1962 αὐτῆς

142 1966 320 2002 μνημονεύων
337 1967 490 2003 Ὀνησίμου.
510 1978 520 1994 ‹
539 1967 627 1996 Unam
653 1970 763 2005 quidem
788 1971 933 2006 epistolam

139 2013 251 2048 scripsit
274 2013 307 2040 ad
330 2013 479 2041 Ecclesium
498 2014 829 2050 Ephesiorum,0nesimi
856 2018 933 2053 ipso-

140 2067 202 2086 rum
216 2059 335 2094 pastoris
358 2059 525 2088 mentionem
550 2061 664 2090 faciens.
684 2073 693 2089 I
712 2063 758 2091 Ille
778 2064 861 2099 igitur
885 2065 932 2099 qui

141 2106 255 2141 antiqua
271 2105 401 2133 Ecclesia
418 2113 595 2136 monumenta
610 2114 664 2137 tam
682 2111 793 2138 assidue
816 2111 932 2138 rimatus

139 2156 192 2182 est,
205 2152 264 2186 qui,
289 2156 330 2179 tot
348 2156 470 2179 veterum
496 2154 687 2190 episcoporum
712 2156 850 2191 catalogos
876 2160 932 2184 tam

139 2197 282 2232 diligenter
299 2197 418 2232 collegit,
434 2197 467 2225 de
492 2203 579 2227 morte
604 2199 725 2229 Onesimi
750 2200 932 2236 Ephesiorum

987 247 1184 284 Metaphrastes
1193 246 1352 274 Onesimum
1363 247 1509 282 quemdam
1521 252 1670 282 martyrem
1680 246 1788 273 deseri-

988 297 1067 329 bunt,
1081 304 1136 324 non
1152 302 1241 325 tamen
1256 297 1351 325 dicunt
1364 303 1426 324 eum
1444 295 1528 323 fuisse
1549 294 1652 329 Ephesi
1669 293 1787 328 episco-

987 351 1052 378 pum
1067 351 1119 370 :an
1135 343 1199 378 quia
1222 342 1455 371 Constitutionum
1471 340 1681 368 eonsarcinator
1698 337 1788 366 refert

987 389 1147 417 Onesimum
1167 389 1266 417 Beraaa:
1285 389 1442 424 episcopum
1469 387 1576 415 fuisse:
1595 393 1629 413 an
1643 385 1711 420 quia
1729 383 1787 412 Do-

986 436 1100 463 rotheus
1122 439 1150 463 et
1176 435 1339 472 Hippolytus
1369 435 1480 462 tradunt
1506 433 1604 461 Gaium
1631 431 1789 458 Timotheo

987 481 1087 516 Ephesi
1103 482 1289 514 successisse;
1306 489 1340 508 an
1358 481 1423 516 quia
1432 479 1603 515 Nicephorus
1613 477 1696 505 docet
1708 477 1789 504 One—

986 529 1086 556 simum
1105 528 1156 556 sub
1173 527 1329 556 Domitiano
1346 527 1463 560 obiisse;
1490 526 1551 553 ideo
1572 525 1665 552 nullus
1679 523 1787 551 Onesi-

987 583 1048 602 mus
1074 575 1184 610 Epheso
1209 582 1326 610 prmesse
1347 574 1435 610 potuit
1460 573 1512 600 sub
1533 572 1680 600 undecimo
1706 577 1787 598 anno

986 621 1115 657 Traiani?
1131 622 1171 649 An
1186 622 1284 649 horum
1299 622 1446 657 quispiam,
1461 624 1508 647 aut
1522 619 1548 647 hi
1564 626 1661 646 omnes
1676 616 1787 652 aliquid

985 668 1096 696 tradunt
1110 668 1181 703 quod
1198 668 1225 695 id
1237 667 1366 696 evincat?
1383 667 1483 694 Demus
1498 665 1659 693 Onesimum
1675 668 1786 699 marty-

986 723 1043 743 rem
1056 715 1155 750 Ephesi
1176 723 1231 742 non
1245 715 1340 748 fuisse,
1359 714 1406 742 sed
1431 713 1544 745 Bencae;
1560 712 1660 739 demus
1679 711 1785 738 Gaium

985 762 1153 789 successisse
1189 760 1358 793 Timotheo;
1390 759 1572 787 concedamus
1615 755 1784 784 Onesimum

985 808 1081 842 istum,
1103 816 1185 844 quem
1216 816 1267 836 nec
1281 808 1339 841 illi;
1356 815 1407 835 nec
1431 805 1602 842 Nicephorus
1616 805 1784 841 episcopum

986 855 1086 891 Ephesi
1100 855 1233 890 nominat,
1249 857 1300 883 sub
1313 855 1468 883 Domitiano
1481 855 1582 882 obiisse
1594 863 1601 881 :
1615 862 1652 881 an
1662 854 1707 882 his
1720 861 1783 881 om—

985 902 1065 930 nibus
1082 902 1233 933 concessis,
1249 910 1344 929 verum
1358 909 1419 929 esse
1436 909 1490 929 non
1511 905 1601 936 potest
1615 900 1785 928 Onesimum

983 947 1129 982 quemdam
1150 946 1209 974 Gaii
1227 954 1416 975 successorem
1431 945 1539 981 Epheso
1556 944 1702 980 praefuisse
1718 951 1783 972 cum

984 991 1103 1029 Ignatius
1116 994 1150 1020 ad
1163 992 1324 1028 martyrium
1343 996 1446 1019 tractus
1458 992 1518 1019 est?
1533 991 1630 1019 Nonne
1645 990 1784 1025 Nicepho-

984 1047 1031 1067 rus
1045 1039 1102 1075 ipse
1114 1039 1271 1067 Onesimum
1283 1038 1427 1074 quemdam
1437 1040 1571 1070 nominat.
1579 1038 1625 1073 qui
1641 1042 1705 1073 post
1719 1045 1785 1064 san-

984 1089 1058 1113 ctum
1070 1084 1218 1118 Andream,
1236 1089 1262 1113 et
1275 1084 1405 1120 Stachyn,
1417 1084 1561 1120 episcopus
1573 1084 1702 1120 Byzantii
1719 1082 1781 1116 fuit,

985 1130 1029 1158 cui
1038 1131 1171 1158 successit
1180 1130 1346 1167 Pplycarpus
1352 1131 1364 1157 ’ἶ
1371 1130 1430 1160 Non
1442 1131 1499 1159 haec
1509 1136 1651 1159 auctorem
1658 1129 1784 1165 epistolae

983 1177 1130 1205 ridiculum
1148 1178 1253 1205 faciunt
1268 1187 1275 1205 :
1292 1187 1372 1214 quem
1393 1179 1506 1207 omnino
1518 1186 1571 1205 non
1584 1182 1719 1213 tangunt;
1735 1175 1782 1204 sed

984 1224 1076 1259 potius
1089 1223 1205 1252 Dallreus
1215 1223 1356 1252 Usserium
1366 1224 1512 1252 ridiculum
1528 1223 1642 1250 reddere
1651 1226 1781 1253 conatur,

984 1269 1049 1297 dum
1058 1270 1219 1297 modestiam
1229 1270 1289 1305 ejus
1301 1270 1405 1303 laudat,
1415 1270 1462 1305 qui
1473 1274 1548 1296 tanta
1560 1275 1623 1296 cum
1635 1266 1781 1303 diligentia

985 1317 1043 1345 ha‘c
1059 1317 1217 1345 testimonia
1234 1317 1417 1350 coacervavit,
1428 1324 1490 1352 qua:
1504 1315 1593 1351 ipsius
1606 1321 1723 1342 causam
1738 1313 1782 1348 ju-

985 1364 1119 1399 gularent.
1146 1363 1199 1391 Sed
1226 1363 1293 1391 satis
1317 1363 1409 1390 adhuc
1430 1371 1445 1390 a
1469 1362 1571 1390 Graecis
1595 1360 1781 1396 scriptoribus

983 1415 1044 1438 tuta
1070 1411 1116 1438 illa
1138 1415 1190 1443 est,
1216 1409 1264 1445 qui
1287 1409 1447 1437 Onesimum
1465 1408 1494 1437 S.
1512 1407 1590 1436 Pauli
1611 1406 1780 1441 discipulum

984 1456 1084 1492 Ephesi
1096 1457 1255 1492 episcopum
1272 1456 1358 1484 fuisse
1375 1463 1429 1483 non
1448 1455 1633 1483 tradiderunt.
1648 1453 1690 1480 Ad
1710 1452 1782 1480 Lati.

985 1511 1036 1531 nos
1060 1503 1144 1538 igitur
1173 1503 1296 1538 confugit
1321 1502 1458 1533 Dallaeus,
1485 1501 1641 1535 asseritque
1666 1499 1780 1531 Bedam,

985 1549 1119 1582 Adonem,
1129 1548 1287 1583 Notkerum,
1296 1549 1418 1584 aliosque
1426 1547 1564 1576 afﬁrmare
1575 1554 1677 1582 magno
1683 1553 1782 1574 omnes

985 1595 1225 1629 consensu,istum
1250 1594 1284 1622 ab
1305 1593 1409 1630 lgnatio
1422 1593 1564 1629 epistolico
1595 1596 1780 1619 memoratum

984 1641 1143 1669 Onesimum
1159 1641 1237 1669 Pauli
1247 1641 1411 1676 discipulum
1426 1640 1521 1668 fuisse.
1535 1639 1591 1675 Ego
1605 1646 1672 1666 vero
1701 1638 1781 1665 talem

984 1695 1150 1715 consensum
1165 1695 1220 1715 non
1235 1687 1352 1722 reperio.
1366 1686 1437 1714 Beda
1453 1686 1521 1713 nihil
1538 1686 1619 1712 habet
1636 1686 1670 1712 de
1684 1683 1781 1720 lgnatii

984 1732 1138 1766 Onesimo,
1168 1733 1236 1760 nihil
1267 1731 1491 1767 Martyrologium
1517 1729 1694 1761 Romanum;
1711 1728 1780 1763 apud

984 1779 1142 1808 Usuardum
1158 1786 1213 1806 non
1228 1779 1355 1806 exstabat
1371 1786 1403 1805 ea
1419 1776 1552 1809 narratio,
1569 1775 1616 1804 sed
1634 1783 1650 1803 a
1673 1774 1780 1802 Joanne

984 1825 1091 1853 Molano
1105 1825 1209 1853 inserta
1224 1829 1276 1857 est,
1294 1824 1349 1852 alio
1364 1824 1523 1851 charactere
1537 1827 1564 1850 et
1578 1822 1726 1857 praemissa
1737 1820 1781 1847 lit-

984 1875 1042 1899 tera
1053 1871 1086 1905 A,
1097 1879 1146 1906 per
1167 1878 1228 1906 qua:
1243 1871 1328 1899 lector
1339 1869 1468 1898 facillime
1479 1868 1604 1896 advertat
1615 1875 1648 1895 ea
1660 1866 1779 1895 Usuardi

986 1926 1040 1946 non
1056 1926 1128 1951 esse,
1142 1918 1190 1945 sed
1202 1916 1354 1950 Adonis,ut
1367 1916 1493 1943 Molanus
1504 1915 1563 1951 ipse
1578 1914 1606 1941 in
1617 1913 1780 1949 praefatione

984 1964 1103 1992 monuit.
1117 1963 1177 1991 Jam
1188 1971 1254 1991 vero
1262 1963 1332 1997 Ado,
1347 1963 1394 1998 qui
1407 1961 1568 1990 Onesimum
1576 1960 1688 1988 S.Pauli
1702 1960 1782 1996 lgna—

984 2011 1088 2038 tianum
1100 2009 1175 2043 facit,
1190 2017 1243 2037 non
1256 2014 1350 2037 narrat
1360 2017 1422 2036 eum
1435 2009 1486 2036 sub
1494 2008 1653 2035 Domitiano
1663 2007 1778 2035 abiisse:

985 2056 1156 2092 Nicephorus
1181 2063 1301 2091 nuperus
1329 2056 1448 2090 scriptor
1458 2076 1466 2088 ,
1481 2052 1645 2081 Onesimum
1660 2054 1715 2081 sub
1729 2053 1781 2080 Do-

983 2103 1097 2130 mitiano
1119 2106 1265 2138 martyrem
1288 2101 1366 2135 facit,
1390 2101 1550 2136 episc0pum
1567 2099 1671 2135 Ephesi
1694 2099 1780 2127 fuisse

983 2156 1038 2176 non
1053 2153 1158 2175 narrat.
1176 2147 1301 2181 Cumque
1314 2155 1377 2175 eum
1390 2147 1466 2175 solus
1483 2147 1528 2174 ille
1546 2146 1649 2174 referat
1664 2153 1698 2173 ea
1713 2150 1780 2173 tem-

983 2199 1087 2230 pestate
1101 2195 1260 2230 martyrium
1279 2194 1407 2227 subiisse,
1427 2193 1632 2221 nonimmerito
1648 2193 1687 2220 illi
1699 2192 1779 2220 fidem

139 2243 259 2278 episcopi
274 2251 309 2270 ne
327 2243 472 2270 minimum
489 2245 598 2279 quidem
613 2247 780 2282 suspicatur.
792 2246 869 2275 Unde
882 2248 933 2284 igi-
946 2250 972 2279 υ
984 2242 1100 2276 denegat
1116 2240 1261 2272 Baronius,
1275 2240 1427 2275 praesertim
1443 2239 1464 2267 si
1482 2239 1516 2266 de
1539 2239 1671 2274 episcopo
1689 2238 1779 2274 Ephe-

139 2293 185 2316 tur
203 2290 277 2317 novit
294 2289 410 2317 Dallaaus
428 2290 587 2319 Onesimum
608 2293 685 2320 illum
700 2314 708 2326 ,
724 2293 804 2329 cujus
827 2294 931 2322 mentio

127 2330 169 2363 'in
186 2336 237 2363 hac
250 2336 365 2371 epistola
378 2337 448 2365 facta
469 2342 522 2371 est,
537 2346 598 2365 cum
617 2338 740 2374 Smyrnae
757 2344 831 2367 esset
850 2339 931 2376 Ignar-

140 2381 216 2415 tius,
232 2381 260 2408 in
285 2381 355 2408 vivis
384 2390 438 2409 non
459 2382 566 2410 fuisse?
586 2382 644 2410 Hoc
664 2384 745 2411 unico
770 2390 931 2420 argumento

141 2426 239 2460 fretus,
254 2431 281 2454 et
295 2427 428 2462 epistolae,
440 2436 523 2462 quam
542 2427 641 2456 fatetur
656 2433 718 2456 ante
726 2434 832 2457 aetatem
846 2430 932 2458 Euse-

139 2472 178 2499 bii
192 2473 372 2508 scriptam,et
382 2472 492 2500 Eusebii
511 2473 598 2508 ipsius
615 2475 805 2502 auctoritatem
820 2476 932 2504 eludere

141 2525 171 2545 se
195 2526 276 2552 posse
303 2523 404 2553 sperat.
424 2517 558 2546 Observat
577 2527 611 2546 ex
630 2518 752 2554 Usserio,
774 2520 931 2549 Grecorum

141 2562 244 2589 Nemea
261 2567 287 2590 et
304 2564 468 2598 Symeonem
490 2563 699 2599 Metaphrastem
715 2573 769 2592 non
784 2574 932 2601 agnoscere

142 2606 304 2634 Onesimum
341 2612 488 2643 martyrem
522 2608 608 2636 fuisse
635 2608 733 2644 Ephesi
760 2611 931 2646 episcopum,

143 2651 370 2680 Comtimlionum
386 2653 592 2687 apostolicamm
619 2655 779 2690 scriptorem
795 2655 933 2685 afﬁrmare

143 2706 206 2726 eum
219 2698 318 2726 Beraeaa
338 2698 496 2733 episcopum
519 2699 603 2728 fuisse
620 2721 627 2733 ,
641 2701 806 2729 Dorotheum
827 2706 855 2730 et
867 2701 933 2738 Hip-

144 2744 266 2779 poiytum
283 2752 407 2772 asserere
434 2743 543 2779 Gaium,
559 2745 695 2774 Timothei
720 2746 748 2774 in
772 2747 932 2783 episcopatu

144 2797 331 2817 successorem
359 2790 454 2817 luisse.
475 2789 657 2826 Nicephorum
683 2792 802 2827 denique
826 2793 933 2820 tradere

142 2834 302 2863 Onesimum
323 2836 375 2864 sub
390 2835 546 2864 Domitiano
562 2837 674 2866 abiisse.
697 2837 738 2864 Ex
757 2838 800 2866 his
814 2839 933 2866 auctori-

143 2883 196 2910 bus
208 2883 288 2919 plane
305 2883 449 2912 ridiculum
464 2884 642 2920 epistolarum
656 2889 798 2913 auctorem
813 2893 933 2921 pronun-

983 2288 1044 2316 sino
1058 2288 1237 2323 intelligatur.
1252 2287 1319 2314 Nam
1331 2286 1354 2315 si
1371 2286 1416 2313 ille
1432 2286 1578 2320 episcopus
1591 2285 1695 2312 Berzeaa
1717 2284 1778 2318 fuit,

982 2341 1037 2362 non
1053 2338 1145 2362 autem
1162 2333 1281 2368 Ephesi,
1299 2337 1330 2360 ut
1353 2333 1399 2360 alii
1422 2331 1579 2367 Nicephoro
1605 2332 1779 2367 antiquiores

982 2381 1102 2413 voluere,
1120 2380 1154 2407 ad
1171 2388 1223 2407 nos
1238 2387 1293 2406 non
1306 2379 1432 2414 pertinet.
1459 2377 1527 2410 Quis
1539 2377 1614 2404 enim
1632 2386 1689 2404 non
1708 2377 1780 2404 videt

981 2426 1111 2455 Oncsimo
1133 2427 1163 2454 S.
1192 2426 1281 2460 Pauli,
1299 2426 1429 2461 episcopo
1462 2424 1562 2452 Heraea:
1575 2445 1583 2458 ,
1605 2425 1779 2459 temporibus

982 2472 1130 2499 Domitiani
1157 2471 1296 2504 defuncto,
1314 2470 1475 2498 Onesimum
1501 2470 1587 2497 alium
1605 2474 1670 2504 post
1686 2469 1778 2496 Timo-

983 2518 1074 2546 theum
1089 2523 1116 2546 et
1128 2518 1225 2545 Gaium
1247 2513 1355 2552 Epheso
1370 2524 1488 2552 praeesse
1509 2516 1637 2551 potuisse
1658 2516 1712 2543 sub
1729 2516 1778 2543 im-

982 2566 1057 2600 perio
1077 2564 1209 2599 Trajani?
1224 2563 1358 2597 Quoniam
1374 2568 1465 2591 autem
1483 2562 1600 2590 Dallazus
1617 2567 1709 2596 notat,
1730 2562 1778 2589 Ba-

983 2610 1092 2637 ronium
1118 2609 1271 2645 Nicephoro
1297 2617 1420 2638 errorem
1450 2609 1592 2642 tribuere,
1610 2618 1619 2635 ι
1639 2617 1696 2636 non
1727 2609 1776 2636 alia

983 2663 1065 2690 quam
1082 2656 1179 2683 harum
1194 2655 1372 2690 epistolarum
1390 2655 1568 2690 auctoritate,
1586 2664 1596 2680 ι
1611 2662 1676 2690 qua
1690 2655 1777 2682 adhuc

983 2701 1011 2728 in
1029 2702 1248 2729 controversiam
1265 2701 1396 2735 veniunt;
1412 2705 1441 2728 et
1463 2705 1556 2729 tamen
1582 2700 1699 2734 fatetur,
1721 2711 1730 2727 ι
1749 2699 1776 2727 Si

984 2745 1081 2782 lgnatii
1099 2754 1163 2774 vere
1179 2751 1309 2782 certoque
1324 2751 1417 2775 essent
1431 2746 1517 2781 (quod
1531 2747 1600 2774 mihi
1622 2748 1737 2783 quidem
1752 2751 1776 2774 et

984 2800 1077 2821 verum
1089 2798 1117 2821 et
1132 2798 1236 2821 certum
1254 2793 1372 2828 videtur)
1386 2802 1482 2822 earum
1493 2794 1586 2829 potius
1599 2802 1687 2829 quam
1702 2793 1777 2822 Nice-

984 2839 1064 2873 phori
1088 2847 1150 2867 esse
1166 2840 1333 2874 sequendam
1356 2839 1455 2872 fidem;
1473 2849 1482 2865 ι
1501 2839 1650 2867 videamus
1672 2839 1700 2873 si
1724 2846 1775 2867 non

985 2885 1094 2915 aliunde
1110 2886 1258 2916 absurdum
1269 2894 1334 2923 esse
1350 2886 1475 2915 videatur
1487 2886 1652 2915 Onesimum
1679 2885 1775 2922 Ephesi
