1850 3072
78 152 121 181 551

79 211 220 245 episcopum
232 209 288 238 sub
305 208 460 237 Domitiam
472 209 631 245 martyrium
644 208 783 236 subiisse?
798 207 849 240 Qui
866 211 890 239 Α

80 254 219 283 Onesimum
229 254 338 290 Ephesi
355 255 508 290 episcopum
517 253 603 282 fuisse
612 254 722 286 docent,
735 260 798 280 eum
810 251 851 280 vel

79 301 143 333 Gaio,
154 301 192 328 vel
208 300 359 328 Timotheo
371 301 536 328 successisse
549 300 644 327 volunt
655 308 661 327 :
676 298 850 326 Timotheum

77 350 139 373 certe
149 345 264 380 primum
282 345 427 380 Ephesinae
445 346 573 373 Ecclesiae
586 346 744 380 episropum
770 351 851 379 agno-

79 392 119 417 scit
131 390 278 423 Eusebius;
298 391 371 418 idem
388 395 521 419 testantur
534 391 600 418 Acta
614 390 722 418 concilii
739 390 852 418 Chalce-

78 436 200 469 donensis,
220 441 247 464 et
268 441 351 464 vetus
374 438 534 473 martyrium
561 436 589 464 S.
614 436 762 469 Timothei,
779 436 851 472 apud

78 483 199 515 Photium,
222 484 287 511 cod.
310 483 364 511 254
381 491 388 510 :
406 484 466 510 Ὀτι
488 483 596 519 πρῶτον
618 482 748 518 Τιμόθεον
766 484 782 519 ἡ
801 491 852 510 πα-

79 529 149 565 ροῦσα.
163 531 310 566 συγγραφή
330 539 410 566 φησιν
434 531 544 565 Ἐφέσου
560 530 754 565 ὲπισκοπῆσαι.
773 538 782 555 t
800 529 853 556 Nn-

78 577 173 603 tandum
188 577 259 612 quod
282 585 403 612 praesens
416 578 548 613 scriptum
562 577 663 604 referat
676 576 850 604 Timotheum

79 622 178 655 primum
191 621 293 656 Ephesi
304 623 465 658 episcopum
478 622 573 651 fuisse.
587 633 596 649 ι
609 622 669 650 Jam
685 630 750 650 vero
762 622 853 650 Timo-

80 666 156 693 theum
167 667 223 702 ipsc
232 666 408 703 Nicephorus
421 669 504 696 tradit
525 668 577 696 sub
595 668 760 704 Vespasiano
775 675 851 695 mar-

79 712 138 746 tyrio
158 717 321 740 coronatum
351 713 436 742 fuisse
456 722 462 740 :
489 714 559 742 idem
587 718 703 741 testatur
728 713 851 749 ejusdem

81 758 221 793 martyrium
237 759 265 786 in
284 758 455 787 Bibliotheca
469 758 569 787 Photii.
588 759 746 788 Pcrsecutio
760 763 851 787 autem

80 803 181 831 secunda
196 804 247 832 sub
264 804 425 833 Domitiano
445 806 576 833 extremis
590 805 663 833 illius
679 805 852 841 imperatoris

78 849 230 884 temporibus
247 851 370 878 excitata
390 856 441 879 est.
473 850 610 879 Eusebius
624 852 658 879 ad
674 859 777 879 annum
792 852 852 887 ejus

80 893 107 919 ll
118 903 124 920 :
137 903 145 919 ι
157 895 299 924 Secundus
311 901 376 932 post
390 895 523 923 Neronem
536 896 707 924 Domitianus
721 897 855 925 Christia-
871 903 893 931 Β

81 946 121 966 nos
133 941 313 975 persequitur.
331 950 342 966 ι
361 940 448 974 Quem
471 941 561 969 locum
586 942 735 977 respiciens
757 941 854 970 Hiero-

81 992 162 1020 nymus
175 986 200 1013 in
212 985 360 1022 Catalogo,
375 987 408 1014 de
422 986 450 1014 S.
464 986 568 1014 Joanne
583 996 589 1014 :
607 997 617 1013 «
629 987 734 1020 Quarto
748 987 854 1016 decimo

81 1032 149 1067 igitur
163 1040 241 1066 anno,
266 1033 370 1068 inquit,
388 1034 537 1061 secundam
554 1038 616 1069 post
630 1033 765 1062 Neronem
789 1042 853 1070 per-

80 1079 241 1112 secutionem,
254 1086 386 1107 movente
397 1079 562 1113 Domitiano,
573 1081 600 1108 in
610 1080 724 1109 Patmon
736 1081 852 1109 insulam

81 1124 198 1160 relegatus
217 1125 332 1161 scripsit
355 1127 546 1162 Apocalypsin.
567 1136 577 1154 ι
599 1126 655 1155 Sub
683 1127 736 1155 hac
760 1134 854 1162 perse-

79 1170 174 1198 cutione
188 1171 393 1200 obdormivisse
415 1172 589 1201 Timotheum
617 1173 783 1201 credendum
801 1178 854 1209 est;

81 1215 157 1244 brevis
170 1223 257 1246 autem
273 1227 307 1246 ea
330 1218 393 1251 fuit,
410 1223 478 1247 teste
491 1219 661 1248 Tertulliano
675 1220 702 1247 in
719 1219 854 1255 Apologe-

80 1262 169 1289 ticozt
185 1262 353 1291 Tentaverat
379 1269 406 1292 et
431 1265 602 1293 Domitianus
627 1266 717 1300 portio
739 1265 855 1294 Neronis

82 1307 109 1335 de
118 1309 267 1338 crudelitate
280 1320 288 1344 ;
302 1311 352 1338 sed
366 1319 420 1346 qua
435 1315 461 1338 et
475 1311 568 1344 homo,
586 1311 665 1340 facile
678 1317 797 1348 coeptum
812 1321 856 1340 re-

82 1356 175 1388 pressit,
191 1356 330 1384 restitutis
351 1357 434 1384 etiam
451 1365 522 1392 quos
545 1358 732 1393 relegaverat;
753 1368 762 1385 ι
782 1359 855 1394 quod

83 1405 104 1427 et
117 1402 179 1436 apud
204 1402 357 1431 Eusebium
375 1402 542 1439 llegesippus
558 1409 684 1433 testatur.
707 1405 767 1432 Jam
792 1406 855 1441 quis

81 1447 160 1475 credet
169 1448 343 1483 Onesimum,
355 1449 402 1484 qui
418 1450 442 1477 si
454 1449 524 1478 forte
536 1451 564 1478 in
575 1450 713 1486 Ephesina
733 1451 855 1479 Ecclesia

83 1494 118 1521 vel
129 1495 174 1530 ipsi
189 1494 350 1530 Timotheo,
366 1497 409 1524 vel
427 1497 487 1532 ejus
498 1497 652 1525 successori
664 1497 732 1525 Gaio
749 1499 856 1534 episco-

82 1547 125 1574 pus
136 1542 258 1571 suﬂectus
272 1548 317 1572 est
327 1565 337 1577 ,
350 1544 401 1572 sub
419 1544 513 1571 eadem
533 1545 722 1579 persecutione
744 1553 854 1581 passum

84 1584 163 1621 fuisse,
175 1593 200 1616 et
212 1597 264 1616 non
279 1589 375 1625 potius
389 1589 423 1617 ad
435 1589 609 1617 undecimum
626 1589 736 1626 Trajani
753 1599 856 1618 annum
870 1582 892 1611 (ἶ

83 1633 249 1665 perdurasse?
266 1635 340 1662 Nam
355 1635 430 1670 quod
452 1635 570 1664 Dallteus
583 1644 617 1663 ex
638 1637 734 1664 ordine
754 1642 858 1673 tempo-

82 1684 133 1705 rum
146 1680 266 1709 evincere
282 1686 414 1715 conatur,
432 1681 512 1709 nihili
523 1686 574 1710 est.
590 1681 649 1710 Non
661 1683 734 1711 enim
750 1683 802 1710 100
812 1688 859 1711 aut

83 1723 110 1750 90
120 1733 244 1755 annorum
259 1735 328 1756 eum
346 1727 440 1761 fuisse,
453 1735 514 1756 cum
535 1734 697 1763 moreretur,
712 1729 775 1757 inde
789 1737 858 1758 con-

82 1770 166 1799 ficitur.
177 1772 254 1801 Putat
268 1774 321 1801 ille
335 1773 450 1801 Paulum
463 1773 495 1801 ad
507 1773 694 1802 Philemonem
717 1775 860 1810 scripsisse

83 1823 143 1844 anno
154 1817 257 1846 Domini
273 1819 324 1847 56.
341 1818 393 1846 Sed
409 1818 438 1847 S.
450 1818 552 1847 Paulus
563 1818 667 1853 Romae,
689 1824 716 1847 et
728 1828 791 1848 cum
801 1821 858 1856 jam

84 1860 122 1887 diu
134 1862 158 1889 in
174 1864 293 1892 vinculis
309 1863 416 1896 fuisset,
439 1864 473 1891 ad
488 1863 675 1892 Philemonem
692 1866 812 1900 scripsit,
831 1870 860 1893 ut

84 1912 111 1933 ex
124 1907 175 1942 ipsa
185 1908 311 1945 Epistola
323 1913 443 1943 constat,
454 1914 481 1937 et
494 1909 676 1946 Hieronymus
691 1916 718 1939 et
734 1911 861 1940 Theodo-

85 1956 147 1982 retus
156 1955 357 1984 demonstrant.
375 1957 411 1984 At
423 1955 538 1984 Romam
554 1962 617 1984 ante
632 1965 734 1985 annum
751 1957 860 1986 Domini

85 1999 205 2035 vulgarem
220 2002 254 2030 64
269 2002 378 2031 vidisse
393 2002 423 2030 S.
437 2002 551 2031 Paulum
566 2011 648 2031 nemo
663 2005 800 2039 probabit.
819 2005 862 2033 Ab

86 2052 146 2073 anno
162 2054 247 2076 autem
262 2049 302 2076 65
315 2049 349 2076 ad
367 2057 470 2077 annum
485 2049 547 2083 107,
563 2057 618 2085 quo
629 2051 772 2086 scripsisse
783 2051 862 2088 Igna—

86 2091 142 2119 tium
152 2094 285 2129 dicimus,
303 2097 367 2123 anni
386 2100 491 2123 tantum
512 2101 576 2124 sunt
592 2097 637 2124 42.
656 2097 794 2126 Ponamus
813 2098 863 2133 igi—

88 2141 123 2165 tur
143 2139 302 2170 Onesimum
319 2141 354 2169 26
376 2149 511 2170 annorum
537 2142 641 2176 fuisse,
657 2150 720 2171 cum
741 2151 804 2171 eum
827 2143 863 2171 ad

88 2185 154 2214 ﬁdem
172 2188 359 2218 Christianam
385 2189 519 2217 convertit
545 2189 573 2217 S.
602 2189 861 2226 Pauluspgnondum

88 2236 298 2269 septuagenarius
321 2234 433 2268 fuisset,
459 2242 521 2263 cum
542 2235 571 2262 S.
595 2235 715 2271 lgnatius
738 2236 861 2273 Smyrna:

89 2277 241 2308 consisteret.
258 2280 326 2308 Sive
347 2280 430 2316 igitur
449 2281 504 2308 duo
527 2280 630 2309 iuerint
646 2282 765 2309 Onesimi
784 2288 862 2311 aetate

90 2320 114 2349 S.
126 2322 223 2359 lguatii,
232 2334 310 2354 unus
323 2325 508 2359 Beraaae,alter
519 2326 619 2362 Ephesi
635 2318 791 2363 episcopus,
805 2330 863 2357 sive

90 2374 149 2397 unus
163 2375 265 2400 tantum
287 2371 366 2407 isque
386 2371 556 2407 Ephesinus,
583 2373 652 2400 nihil
671 2373 803 2402 hactenus
821 2375 863 2402 di—

90 2417 152 2442 ctum
164 2418 288 2453 estquod
300 2418 356 2445 ullo
372 2418 454 2446 modo
465 2419 570 2454 probet,
586 2419 690 2447 nullum
703 2419 862 2448 Onesimum

91 2457 182 2494 Epheso
195 2463 348 2498 praefuisse,
366 2471 430 2491 cum
439 2464 566 2500 lgnatius
577 2464 611 2492 ad
626 2465 789 2501 martyrium
807 2469 864 2493 tra-

91 2504 194 2536 heretur.

119 2551 179 2581 Cum
194 2555 274 2591 igitur
297 2555 392 2583 omnia
415 2555 448 2584 ad
471 2563 586 2584 examen
601 2561 696 2585 vocata
723 2557 787 2591 sint,
803 2565 865 2593 quae

92 2601 225 2635 temporum
241 2603 322 2630 ﬁdem
344 2602 455 2638 pulsare
472 2603 646 2637 videbantur,
662 2603 729 2631 nihll
749 2604 812 2631 novi
836 2605 863 2632 in

93 2643 129 2672 bis
140 2648 253 2682 epistolis
268 2654 407 2684 repertum
423 2653 480 2681 est;
497 2650 589 2677 omnia
611 2649 702 2684 potius
724 2648 865 2685 lgnatiano

94 2697 141 2719 tero
153 2695 266 2730 apprime
280 2702 405 2723 consona
417 2698 559 2729 apparent.

369 2759 484 2789 CAPUT
511 2760 558 2788 IX.

95 2803 175 2844 Aliena
192 2815 207 2844 ᾳ
225 2808 366 2836 virtutibus
378 2807 408 2835 S.
431 2806 531 2841 Ignatii
552 2807 757 2844 dispunguntur.
781 2806 865 2834 Nulla

125 2842 149 2867 in
161 2842 268 2877 epistolis
284 2845 343 2879 ejus
368 2843 475 2871 haeresis
494 2844 634 2878 reperitur.
651 2842 750 2871 ’Nulla
766 2845 860 2871 irreue-

125 2897 154 2915 ⁸³¹
170 2899 232 2929 Luc.
245 2910 263 2937 ι,
277 2903 322 2930 55.

433 148 458 176 ι.
479 146 660 176 PEARSONII
681 143 844 175 VINDICIIE
864 142 1080 172 IGNATIANJE.
1100 157 1134 163 —
1160 140 1251 168 PARS
1272 139 1304 167 li.

1641 138 1693 165 558

939 205 1026 243 rentia
1038 211 1109 243 ergo
1130 201 1181 243 εξ.
1202 201 1331 243 Litteras.
1354 199 1511 243 .lpocruplm
1526 207 1595 243 saepe
1610 208 1633 243 la
1652 208 1695 243 ue-

940 234 1095 267 tustissimis
1107 237 1281 271 scriptoribus
1296 234 1696 271 citanturadntuuboniduplex

940 274 1075 309 responsio
1093 269 1252 309 Att/ferturpet
1278 277 1387 309 utroque
1404 269 1529 309 pluribus
1542 269 1694 309 stultilitur.

942 305 1062 343 Epirtola
1086 305 1124 336 S."
1139 307 1248 343 Ignatii
1258 307 1293 332 ad
1316 306 1447 332 Romano:
1458 305 1490 332 ab
1503 306 1694 343 objectionibus

941 341 1039 372 Dullwi
1051 341 1212 370 vindicatur.
1224 341 1378 372 Fortitudo,
1388 342 1538 368 constantia
1544 345 1569 367 et
1586 348 1696 376 magna-

939 382 1048 408 nimitas
1064 384 1212 413 martyrum
1236 377 1413 413 defenduntur
1426 385 1436 413 ί
1450 376 1624 410 plurimisque
1639 375 1695 402 Pa»

939 421 1008 443 trum
1023 411 1171 445 sententiis,
1188 418 1214 440 et
1238 413 1346 439 heroum
1374 411 1588 439 Christianorum
1612 419 1694 438 exem-

937 452 989 487 plis
1015 450 1203 487 explicantur;
1220 455 1333 483 quorum
1352 447 1431 482 factis
1455 455 1570 474 consona
1593 445 1695 482 Iguutit

938 485 1015 514 t-erbo
1031 485 1214 513 ostenduntur.

937 535 1298 568 Proximaargumcntorum
1316 531 1458 565 congeries
1475 538 1507 558 ex
1525 530 1560 558 iis
1577 529 1695 557 conﬂata

902 586 930 610 et
943 582 1134 609 consarcinata
1159 583 1210 611 est,
1221 586 1282 613 qum
1303 585 1428 613 personae
1443 577 1486 604 cui
1510 576 1632 611 epistolae
1647 575 1698 603 tri-

904 628 1028 656 buuntur
1042 626 1084 653 vel
1100 625 1235 656 moribus.
1249 624 1292 651 vel
1302 623 1444 658 dignitate,
1456 622 1498 650 vel
1518 621 1637 657 ingenio,
1653 621 1696 648 vel

903 674 1003 709 pietate
1012 673 1099 700 aliena
1106 675 1233 704 sunt,aut
1241 671 1330 706 potius
1339 670 1441 704 iniquis
1451 677 1542 696 rerum
1551 669 1698 696 aestimato-

903 720 980 747 ribus
990 719 1124 746 videntur.
1141 717 1193 745 Sed
1205 725 1236 744 ea
1246 717 1405 752 plerumque
1416 715 1595 750 addncitqum
1608 715 1649 742 vel
1662 715 1697 742 ab

904 764 1099 800 interpolatore
1116 764 1315 798 genuinarum,
1334 762 1375 789 vel
1389 769 1403 788 a
1419 762 1511 789 lictore
1528 761 1696 796 reliquarum

903 810 1081 844 epistolarum
1099 809 1200 844 scripta
1220 813 1298 842 sunt;
1317 816 1434 844 quorum
1459 815 1561 839 mores,
1578 807 1697 842 dignita-

903 858 957 882 tem
968 876 975 888 ,
990 855 1150 890 ingenium,
1166 855 1294 889 pietatem
1311 853 1398 881 nostri
1414 861 1468 879 non
1485 851 1645 880 defendunt.
1667 851 1698 879 lu

907 905 964 928 toto
980 901 1067 936 capite
1084 901 1117 927 Η
1132 900 1201 927 nihil
1216 900 1288 928 aliud
1304 907 1337 926 ex
1359 898 1464 934 lgnatio
1486 903 1581 926 nostro
1595 898 1696 928 attulit.

904 948 957 976 nisi
977 948 1044 976 illud
1070 952 1210 976 recoctum
1229 956 1235 974 :
1255 957 1264 973 ‹
1282 946 1348 974 Sine
1365 946 1512 981 episcopo,
1530 945 1698 981 presbyteris

904 998 931 1022 et
956 993 1080 1022 diaconis
1105 993 1255 1021 Ecclesiam
1281 1000 1336 1020 non
1361 991 1471 1024 vocari;
1488 1001 1499 1018 ι
1516 991 1589 1027 quod
1609 999 1699 1026 neque

904 1040 1028 1068 moribus
1038 1060 1046 1073 ,
1060 1047 1149 1075 neque
1163 1039 1287 1075 dignitati
1301 1059 1309 1072 ,
1323 1045 1373 1066 nec
1394 1037 1504 1073 ingenio
1517 1058 1524 1070 ,
1538 1044 1589 1064 nec
1602 1035 1698 1072 pietati

905 1086 1033 1123 martyris
1048 1090 1192 1122 repugnat,
1207 1090 1235 1113 et
1260 1086 1304 1114 cui
1327 1089 1405 1113 antea
1432 1091 1594 1119 responsum
1622 1083 1700 1111 dedi-

905 1141 977 1160 mus.
1003 1132 1092 1168 Caput
1106 1132 1150 1164 15,
1175 1136 1308 1167 quantum
1330 1135 1463 1166 quantum
1485 1134 1528 1157 est
1550 1130 1584 1157 de
1608 1128 1698 1160 festis.

905 1179 939 1206 dc
963 1179 1094 1212 sabbato,
1110 1178 1144 1206 de
1173 1178 1286 1213 jejuniis
1312 1181 1455 1210 tractans,
1469 1184 1503 1204 ex
1525 1175 1627 1211 spuriis
1656 1179 1698 1202 to-

905 1228 963 1251 tum
993 1224 1142 1252 conﬂatum
1170 1229 1233 1258 est,
1258 1228 1285 1251 et
1321 1222 1456 1258 lgnatium
1483 1227 1606 1250 nostrum
1643 1228 1699 1248 non

906 1269 1004 1304 tangit.

941 1315 1037 1350 Capite
1050 1315 1093 1348 16,
1113 1314 1198 1341 multa
1213 1314 1293 1349 quasi
1307 1313 1436 1341 hzeretica
1452 1311 1590 1348 producit,
1603 1311 1650 1339 sed
1665 1319 1700 1338 ex

907 1361 1009 1396 spnriis
1028 1361 1110 1388 etiam
1125 1369 1132 1394 ;
1149 1369 1163 1387 e
1179 1365 1275 1387 nostro
1294 1368 1380 1387 unum
1405 1364 1511 1386 tantum
1529 1358 1618 1385 locum
1634 1364 1699 1392 pro-

907 1406 968 1439 fert,
983 1408 1031 1441 qui
1060 1406 1084 1433 ei
1109 1416 1118 1432 ε
1137 1414 1191 1433 non
1205 1406 1272 1433 satis
1298 1413 1404 1433 sanus:
1426 1405 1556 1437 videtur;
1582 1404 1687 1432 scilicet

907 1453 1046 1480 Christum
1062 1452 1146 1480 fuisse
1160 1452 1224 1478 Υῐὸν
1240 1451 1308 1478 Θεοῦ
1322 1451 1392 1478 κατὰ
1403 1451 1508 1487 θέλημα
1524 1451 1571 1478 καὶ
1586 1450 1700 1486 δύναμιν

907 1497 984 1530 Θεοῦ,
1002 1508 1012 1524 ‹
1029 1497 1129 1524 Filium
1147 1497 1193 1524 Dei
1219 1497 1370 1526 secundum
1384 1497 1550 1524 voluntatem
1565 1502 1591 1524 et
1604 1501 1701 1532 poten-

906 1545 972 1572 tiam
988 1544 1046 1572 Dci.
1058 1554 1068 1570 ι
1091 1543 1216 1572 llzeccine
1230 1549 1319 1572 autem
1332 1548 1362 1571 ut
1376 1544 1447 1571 inter
1464 1543 1591 1571 haeretica
1604 1551 1700 1571 recen-

908 1593 1031 1623 seantur,
1051 1596 1112 1625 quae
1127 1596 1143 1615 a
1161 1588 1193 1616 B.
1209 1587 1383 1616 Theodoreto
1398 1595 1447 1623 pro
1463 1588 1596 1615 catholica
1608 1587 1702 1614 Eccle-

911 1636 958 1663 siae
972 1635 1105 1663 sententia
1127 1638 1223 1662 contra
1248 1634 1393 1661 hzereticos
1414 1633 1700 1669 proferuntur?Apud

910 1683 987 1711 illum
1007 1682 1116 1718 quidem
1145 1681 1261 1717 legimus
1289 1680 1461 1716 Θεότητα,ἰη
1490 1683 1583 1707 nostro
1609 1685 1701 1706 autem

909 1730 1003 1758 codice
1024 1729 1141 1764 Οέλημα,
1160 1732 1190 1754 ut
1200 1731 1228 1754 et
1247 1727 1274 1753 in
1291 1725 1440 1754 Usseriano
1460 1726 1610 1760 interprete
1627 1735 1636 1751 α
1651 1733 1702 1753 vo-

909 1776 1053 1803 luntatem.
1074 1774 1205 1802 iVariam
1224 1773 1268 1801 hic
1282 1773 1427 1801 lectionem
1453 1779 1514 1800 esse
1543 1777 1569 1800 et
1592 1772 1701 1808 quidem

909 1823 988 1850 valde
1001 1822 1142 1857 antiquam
1158 1821 1220 1856 quis
1236 1828 1290 1847 non
1300 1819 1394 1847 videt?
1410 1819 1481 1852 Quid
1497 1820 1524 1846 in
1541 1827 1593 1848 suo
1607 1819 1704 1847 codice

910 1868 1006 1895 viderit
1024 1867 1212 1902 interpolator,
1229 1874 1263 1893 an
1278 1865 1405 1901 θεότητα,
1424 1873 1457 1892 an
1474 1864 1580 1901 θέλημα
1597 1865 1703 1900 legerit,

911 1913 981 1941 scire
1005 1920 1057 1941 nos
1071 1913 1167 1946 noluit,
1181 1912 1248 1939 adeo
1265 1911 1357 1939 omnia
1377 1911 1540 1938 immutavit.
1558 1909 1704 1945 Utcunque

911 1961 957 1994 sit,
967 1960 990 1988 si
1012 1959 1176 1987 Theodoreti
1198 1959 1343 1986 lectionem
1366 1965 1527 1992 sequamur,
1539 1962 1566 1985 et
1588 1957 1705 1993 Θεότητα

911 2011 1050 2034 auctorem
1071 2006 1191 2041 epistola:
1216 2004 1359 2039 scripsisse
1377 2008 1516 2039 putemus,
1540 2004 1614 2032 cadit
1628 2004 1705 2038 obje-

911 2053 966 2081 ctio
982 2052 1117 2079 Dalltcaua
1131 2058 1192 2086 qum
1206 2051 1233 2078 in
1251 2058 1317 2078 voce
1332 2049 1437 2086 θέλημα
1459 2049 1606 2083 fundatur;
1624 2059 1633 2075 ε
1654 2050 1705 2077 du-

911 2107 973 2126 rum
989 2099 1061 2126 enim
1077 2102 1104 2125 et
1115 2097 1161 2124 vix
1175 2096 1329 2130 ferendum,
1343 2097 1391 2129 ait,
1405 2097 1503 2123 Filium
1514 2104 1575 2124 esse
1592 2105 1607 2124 a
1624 2095 1705 2124 Patre

912 2145 946 2172 ab
959 2149 1062 2172 aeterno
1080 2152 1129 2178 per
1145 2143 1313 2170 voluntatem
1329 2147 1356 2170 et
1368 2142 1516 2177 potentiam
1530 2140 1637 2175 Patris;
1655 2151 1664 2168 ι
1679 2143 1704 2170 si

912 2191 1034 2227 legamus
1050 2189 1166 2226 θέλημα,
1180 2189 1260 2217 etiam
1274 2187 1313 2216 sic
1326 2189 1419 2216 eadem
1435 2188 1553 2223 objectio
1564 2188 1635 2221 ruit;
1649 2196 1704 2215 non

913 2238 985 2266 enim
1006 2241 1131 2264 nostrum
1149 2235 1224 2271 loqui
1249 2235 1283 2263 de
1309 2239 1410 2263 aeterna
1441 2234 1615 2270 generatione
1642 2233 1705 2261 Filii

913 2285 1030 2314 constat,
1046 2280 1093 2309 sed
1106 2280 1139 2308 de
1151 2280 1339 2308 incarnatione
1351 2279 1452 2314 potius,
1461 2283 1490 2306 ut
1503 2283 1529 2306 et
1545 2279 1706 2306 anteceden-

913 2329 950 2356 tia
967 2332 994 2355 et
1008 2326 1202 2362 consequentia
1215 2326 1422 2357 demonstrant;
1439 2324 1511 2351 unde
1526 2323 1722 2358 interpolator-

913 2374 947 2402 ad
963 2374 1083 2402 divinam
1100 2377 1227 2400 naturam
1242 2375 1299 2399 haec
1323 2371 1433 2398 trahens
1445 2390 1452 2402 ,
1469 2370 1614 2397 verborum
1631 2369 1705 2397 ordi-

913 2428 975 2448 nem
988 2424 1095 2447 mutare
1108 2423 1220 2446 coactus
1241 2423 1293 2445 est.
1309 2417 1354 2444 Sic
1377 2421 1468 2443 autem
1492 2423 1542 2443 nos
1564 2415 1680 2450 legimus
1694 2425 1704 2443 ς

920 2466 1038 2502 Ἀληθῶς
1046 2465 1109 2492 ὄντα
1120 2466 1152 2492 ἐκ
1158 2465 1252 2499 γένους
1265 2463 1347 2490 Δαὸὶδ
1363 2462 1432 2490 κατὰ
1449 2462 1548 2498 σάρκα,
1560 2461 1625 2488 Υἱὸν
1637 2461 1705 2488 Θεοῦ

914 2511 983 2539 κατὰ
1003 2510 1108 2547 θέλημα
1126 2510 1172 2537 καὶ
1187 2509 1299 2544 δύναμιν
1317 2507 1385 2535 Θεοῦ
1402 2507 1583 2543 γεγενημένον
1598 2505 1706 2542 ἀληθῶς

914 2557 946 2584 ὲκ
954 2556 1102 2592 Παρθένου.
1110 2555 1275 2583 Usserianus
1283 2554 1416 2589 interpres
1426 2561 1449 2579 :1
1456 2552 1525 2580 Vere
1530 2552 1704 2580 exsistentcm

915 2603 948 2631 dc
954 2610 1052 2639 genere
1058 2601 1141 2629 David
1151 2601 1300 2629 secundum
1312 2607 1433 2633 carnem,
1441 2599 1539 2627 Filium
1551 2598 1597 2627 Dei
1605 2607 1704 2626 secun-

915 2649 980 2677 dum
996 2649 1163 2676 voluntatem
1178 2652 1205 2675 et
1225 2646 1374 2682 potentiam
1391 2645 1437 2673 Dei
1454 2646 1574 2681 genitum
1596 2652 1660 2672 vere
1669 2652 1706 2672 ex

917 2694 1037 2730 Virgine,
1050 2704 1058 2720 ι
1077 2694 1190 2721 omnino
1203 2693 1282 2728 quasi
1297 2692 1447 2727 respexerit
1460 2691 1505 2718 illa
1523 2690 1604 2718 verba
1615 2688 1705 2726 angeli

916 2743 986 2779 apud
1002 2742 1194 2778 evangelistam
1209 2749 1216 2767 :
1232 2739 1349 2776 Spiritus
1364 2744 1471 2766 sanctus
1495 2737 1658 2773 superveniet
1675 2737 1705 2763 in

916 2794 950 2821 te,
966 2794 989 2816 et
1014 2788 1095 2816 virtus
1115 2786 1247 2814 Altissimi
1271 2784 1437 2812 obumbrabit
1462 2783 1533 2810 tibi:
1549 2783 1657 2819 ideoque
1679 2787 1705 2810 et

916 2835 985 2870 quod
997 2839 1119 2862 nascetur
1126 2841 1159 2861 ea;
1172 2837 1196 2860 te
1211 2835 1332 2859 sanctum
1348 2830 1483 2858 vocabitur
1497 2828 1584 2856 Filius
1595 2827 1644 2856 Dei
1657 2828 1705 2856 ³¹“.
