1850 3072
123 121 176 151 359

627 119 656 146 ὃ.
676 116 849 146 lGNATlUS.
866 131 900 136 ——
920 112 1190 143 PROLEGOMENA.

1712 106 1773 134 ὅου

126 186 346 216 lnearnationem
361 189 452 212 autem
467 181 570 210 Christi
579 180 678 208 factam
693 187 741 215 per
748 179 916 206 voluntatem
933 185 955 213 Α
971 175 1024 204 Sed
1046 174 1170 202 moderni
1189 173 1338 208 scriptores
1355 169 1553 202 SS.Patribus,
1568 167 1592 195 si
1606 166 1713 194 Dallzeo
1728 166 1773 192 ita

127 238 155 261 et
168 232 317 268 potentiam
346 230 393 257 Dei
411 236 492 257 nemo
510 232 599 263 negat.
617 236 626 252 ι
658 225 697 253 Ex
714 225 762 252 Dei
780 225 920 252 voluntate

129 279 248 307 Verbum
274 284 339 305 caro
350 276 451 304 factum
461 279 512 308 est,
525 284 535 300 ι
551 273 640 308 inquit
657 272 852 302 Tertullianus,
881 270 920 296 De

129 334 209 353 carne
223 324 333 354 Christi,
352 330 412 357 cap.
428 322 471 349 l9.
488 320 545 348 lino
565 328 631 347 vero
652 319 674 347 si
686 318 749 354 quis
768 318 801 345 de
819 323 920 344 acterna

130 371 306 408 generatione
319 369 393 401 Filii,
408 367 481 403 quod
507 374 619 394 necesse
636 372 691 392 non
706 368 758 396 est,
770 363 828 390 haec
849 362 922 389 acci-

129 425 194 454 pere
218 416 344 448 voluerit,
358 422 444 450 quare
465 414 518 440 hoc
541 412 568 439 iu
599 410 703 446 lgnatio
724 413 843 444 martyre
867 414 921 434 non

131 463 285 495 ferendum,
309 461 382 496 quod
412 459 439 486 in
476 458 537 485 aliis
568 455 698 484 ferimus?
710 459 739 482 ut
768 454 796 481 in
815 452 922 480 Iustino

132 513 261 543 martyre,
281 513 345 533 cum
369 505 402 532 de
429 503 485 530 Deo
500 502 590 529 Verbo
616 499 748 535 loquitur,
767 497 839 524 Dial.
863 503 922 522 cum

133 539 287 589 Tryplmite:
306 551 354 577 Ἐκ
368 549 415 576 τοῦ
429 549 484 575 ἀπὸ
503 546 550 574 τοῦ
565 545 671 581 Πατρὺς
684 543 792 579 θελήσει
809 539 923 576 γεγενῆ-

132 585 204 631 σθᾷἑ,
223 608 232 624 ι
245 605 278 625 eo
286 596 359 632 quod
369 603 402 623 ex
416 594 508 624 Patris
521 592 651 620 volitione
661 595 741 617 natus
753 593 804 621 est,
817 585 879 621 lqui
888 585 922 613 ad

130 643 258 672 eumdem
271 643 361 669 lOcum
382 645 477 675 postea
499 637 660 672 respiciens,
679 635 737 662 ait:
754 633 809 660 Καὶ
826 633 855 658 ὲν
867 632 923 662 τοῖς

131 689 340 728 προειρημένοις
359 687 404 714 διὰ
420 685 542 722 βραχέων
563 684 609 711 τὸν
633 682 719 717 Λόγον
736 681 864 717 ἐξήτασα,
883 679 923 705 εἰ·

133 738 193 766 πὼν
209 737 256 772 τὴν
267 735 381 770 δύναμιν
394 733 497 768 ταύτην
508 729 672 766 γεγενῆσθαι
682 728 737 756 ἀπὸ
753 726 800 754 τοῦ
816 724 924 761 Πατρὸς

132 771 245 820 δυνάμει
273 781 320 809 καὶ
338 779 418 816 βουλῇ
442 778 534 806 αὐτοῦ.
567 777 733 804 Clementem
761 771 923 801 Alexandri-

134 814 536 861 num'feriiuus'quiVerbum
563 821 670 849 vocavit
689 819 720 846 τὸ
747 818 853 853 Θέλημα
877 814 924 842 τοῦ

134 875 250 911 Πατρός.
266 873 294 900 lu
319 871 489 899 Tertulliauo
514 869 565 896 ista
592 866 724 894 ferimus:
740 874 749 890 ι
763 864 831 897 Quis
853 862 926 890 Deus

135 924 163 950 in
174 910 205 949 ca
220 920 318 948 natus?
331 919 427 946 Sermo
438 923 466 945 et
477 916 606 951 Spiritus,
616 914 662 949 qui
674 921 736 941 cum
749 911 881 939 Sermone
892 910 925 937 de

134 968 224 996 Patris
234 967 372 994 voluntate
386 969 466 991 natus
474 967 523 989 est.
531 971 539 987 ι
554 960 678 988 Ferimus
687 960 713 986 iu
723 957 851 993 Synesio:
861 955 927 982 Ὠδῖ-

135 1023 169 1041 να
185 1012 303 1048 Πατρὺς,
320 1011 430 1046 γόνιμον
451 1008 558 1044 βουλήν,
573 1011 610 1038 et,
639 1005 700 1032 Ἐπὶ
721 1003 796 1030 παιδὶ
822 1001 925 1038 χυθεὶς,

142 1047 332 1093 Ἰότατιγσοφῇ
344 1057 370 1084 id
383 1060 435 1088 est,
449 1059 478 1082 ut
492 1053 643 1089 Hesychius
655 1052 858 1085 interpretatur,
869 1047 928 1083 βου-

136 1107 225 1142 λήσει,
233 1105 350 1140 θελήσει.
358 1102 459 1135 Quidni
471 1101 553 1136 igitur
565 1100 591 1126 in
601 1097 704 1134 lgnatio
713 1095 855 1124 ferendum
862 1094 927 1120 Υἱὸν

138 1141 210 1182 κάτὰ
220 1150 345 1187 Gel-quat?
357 1150 380 1177 si
395 1148 539 1176 lectionem
561 1143 724 1173 Theodoreti
742 1141 862 1176 recipere
878 1147 928 1167 uo-

137 1201 232 1232 limus,
257 1205 307 1225 nec
329 1197 362 1224 de
390 1194 580 1222 incarnatione
607 1198 669 1218 eum
695 1189 770 1224 loqui
791 1188 926 1220 sinamus,

138 1253 256 1282 quorum
270 1242 406 1271 utrumvis
422 1247 530 1268 omnem
547 1237 734 1266 difficultatem
755 1235 837 1262 tollit.

182 1292 277 1326 Capite
291 1289 322 1317 l7
335 1288 473 1316 desiderat
499 1286 539 1313 vir
559 1283 738 1312 doctissimus
763 1281 791 1308 in
815 1283 928 1307 auctore

139 1325 316 1374 epistolarum
331 1343 392 1363 eam
404 1331 584 1361 reverentiam
604 1337 665 1365 qua:
675 1327 775 1356 divinis
786 1325 863 1354 libris
877 1325 927 1352 de-

140 1371 235 1417 betur;
255 1390 309 1410 non
326 1380 400 1416 quod
419 1379 502 1407 ullam
523 1377 553 1404 S.
570 1375 721 1411 Scripturae
733 1377 839 1408 partem
860 1371 928 1398 irre-

142 1435 267 1459 verenter
286 1431 392 1460 tractet,
409 1425 455 1454 sed
470 1423 543 1460 quod
565 1432 574 1449 ι
586 1430 617 1450 ex
631 1419 793 1456 apocryphis
804 1417 927 1453 quaedam

145 1477 267 1508 furetur,
294 1480 381 1508 eaque
403 1479 453 1507 pro
474 1470 548 1498 veris
566 1473 594 1496 ct
610 1465 774 1495 indubitatis
799 1467 893 1499 ponat.
915 1470 926 1489 ι

142 1519 330 1552 lrreverentiz
364 1517 486 1552 exempla
507 1516 561 1543 duo
584 1521 618 1542 ex
640 1512 759 1548 spuriis,
784 1516 869 1537 unum
894 1514 928 1535 ex

143 1544 240 1595 nostro
473 1561 588 1597 epistola
611 1544 841 1593 ad—Smyrnaaos:
867 1563 878 1581 ι
897 1544 964 1581 Etc

143 1612 255 1648 quando
271 1611 305 1638 ad
325 1617 374 1638 eos
392 1609 440 1644 qui
466 1608 538 1635 circa
553 1606 664 1633 Petrum
680 1603 769 1635 venit,
794 1602 832 1628 ait
847 1600 929 1635 ipsis:

143 1645 363 1693 Apprebendite,
386 1654 493 1690 palpate
511 1660 570 1684 me,
587 1655 614 1678 et
633 1649 731 1682 videte,
750 1648 791 1674 ὅτι
807 1645 858 1673 οῦκ
874 1646 931 1680 ειμι

143 1689 282 1738 sollitam
316 1689 475 1735 ἀσώματονι
503 1707 513 1723 ι
551 1695 727 1723 Protulerunt
757 1692 815 1720 hate
850 1689 931 1717 verba

144 1735 241 1782 lgnatii
255 1746 406 1778 Eusebius,
419 1743 619 1775 Hieronymus,
638 1739 826 1767 Theodoretus
841 1745 848 1770 ;
872 1735 934 1762 uul-

146 1781 200 1824 lam
223 1798 314 1820 tamen
340 1792 368 1818 in
388 1791 444 1818 ullo
463 1795 528 1823 erga
552 1786 582 1814 S.
599 1786 704 1813 litteras
729 1781 931 1811 irreverentiam

145 1843 288 1871 notarunt,
315 1836 383 1864 nihil
408 1837 435 1863 in
453 1835 488 1862 iis
505 1833 595 1861 verbis
615 1830 791 1859 sanctissimo
814 1832 934 1863 martyre

147 1886 292 1920 indignum
307 1882 438 1917 suspicati
456 1884 538 1913 sunt;
559 1886 610 1906 nos
626 1885 723 1906 eorum
738 1875 871 1911 judicium
891 1882 934 1901 se—

147 1919 268 1967 quimur.
284 1929 341 1956 lmo
354 1928 432 1955 locus
446 1925 474 1953 S.
483 1923 642 1959 Hieronymi
657 1921 774 1949 maxime
787 1919 933 1952 nctandus,

148 1965 196 2014 qui
216 1975 393 2010 Evangelium
416 1973 469 2000 hoc
492 1975 520 2000 et
541 1969 731 2005 S.lgnatium,
751 1967 834 1995 simul
855 1965 934 2001 quasi

150 2011 234 2051 testes
259 2021 351 2048 laudat
380 2019 428 2047 lib.
454 2026 483 2045 Ill
516 2017 642 2044 adversus
673 2014 859 2049 Pelagianos:
879 2021 887 2038 ι
905 2011 934 2039 ln

149 2068 298 2103 Ei-angclio
315 2067 394 2102 juxta
411 2064 556 2095 chreos,
574 2061 646 2098 quod
664 2059 812 2088 Chaldaico
824 2059 935 2093 quidem

151 2115 276 2151 Syroque
298 2119 435 2144 sermone,
461 2111 507 2138 sed
521 2107 663 2136 Hebraicis
685 2105 784 2134 litteris
804 2105 935 2139 scriptum

150 2150 202 2194 est,
216 2168 271 2196 quo
298 2163 414 2187 utuntur
431 2164 518 2192 usque
539 2155 619 2183 hodie
629 2151 773 2184 Nazareni,
786 2150 935 2178 secundum

151 2207 300 2243 apostolos,
323 2206 379 2233 sive
399 2208 429 2231 ut
452 2203 576 2238 plerique
604 2203 758 2231 autumant,
773 2197 851 2232 juxta
871 2195 937 2223 Mat-

151 2256 264 2285 thaaum,
281 2252 353 2288 quod
370 2255 397 2278 et
415 2251 442 2277 in
458 2247 620 2277 Caesariensi
635 2246 749 2274 habetur
758 2243 936 2275 Bibliotheca,

152 2303 249 2328 narrat
264 2297 392 2330 historia,
411 2306 420 2322 ι
439 2300 492 2323 etc.
509 2294 641 2330 lgnatius,
661 2293 704 2320 vir
722 2290 888 2327 apostolicus
910 2292 938 2316 et

153 2350 269 2380 martyr,
287 2343 385 2371 scribit
398 2341 546 2369 audacter:
564 2339 669 2374 iElegit
682 2338 814 2366 Dominus
828 2340 938 2372 aposto-

154 2393 196 2419 los
216 2391 264 2426 qui
288 2396 371 2423 supcr
393 2394 490 2415 omnes
511 2386 639 2413 homines
651 2389 807 2420 peccatores
819 2387 905 2411 erant.
926 2390 935 2407 ι

154 2437 260 2471 Quibus
282 2433 447 2463 testimoniis
465 2433 488 2460 si
511 2440 566 2459 non
583 2431 667 2458 uteris
686 2430 720 2457 ad
738 2430 938 2460 auctoritatem,

155 2489 232 2511 ntere
256 2482 352 2509 saltem
372 2479 404 2507 ad
428 2478 628 2513 antiquitatem,
650 2475 716 2510 quid
739 2483 835 2503 omnes
853 2474 941 2502 eccle-

156 2528 262 2557 siastici
279 2527 330 2553 viri
353 2524 500 2553 senserint.
517 2533 526 2549 ι
558 2522 610 2550 Sed
632 2521 687 2549 illis
707 2522 793 2548 multo
807 2520 940 2548 oculatior

157 2579 200 2601 est
213 2573 341 2600 Dallwus.
360 2570 462 2597 Habuit
481 2569 554 2597 enim
575 2568 632 2595 haec
644 2568 726 2595 verba
747 2575 782 2595 ex
796 2566 941 2602 Evangelio

158 2619 272 2646 Hebraeo
284 2639 291 2650 ,
313 2616 386 2652 quod
399 2615 584 2651 apocryphum
600 2617 652 2641 est.
674 2613 815 2646 Fortasse;
830 2613 877 2641 sed
889 2612 942 2639 hoc

159 2666 249 2700 ipsum
278 2663 360 2690 habet
382 2661 499 2689 Dallzeus
524 2668 539 2688 a
569 2659 598 2687 S.
611 2659 788 2696 Hieronymo,
816 2663 844 2686 et
868 2659 941 2694 quod

159 2711 280 2745 lgnatius
309 2709 361 2736 ista
389 2715 422 2735 ex
441 2706 587 2742 Evangelia
613 2705 727 2733 Hebrzeo
758 2704 889 2737 hauserit,
914 2709 943 2732 et

159 2758 234 2793 quod
253 2756 319 2784 illud
332 2754 507 2790 Evangelium
521 2753 556 2781 sit
569 2751 772 2788 apocryphum;
792 2750 840 2785 qui
853 2754 943 2777 tamen

161 2812 224 2832 cum
246 2808 393 2837 utrumque
412 2808 507 2829 verum
530 2803 647 2834 putaret,
671 2797 754 2827 simul
774 2797 856 2824 etiam
873 2796 944 2824 hanc

164 2850 307 2885 epistolam
337 2848 389 2884 ipsi
421 2847 524 2882 lgnatio
552 2845 673 2874 tribuere
705 2851 761 2872 non
785 2841 940 2871 verebatur.

972 223 1108 253 videatur,
1123 219 1303 255 sapientiores
1319 222 1416 249 sunto;
1434 219 1508 243 certe
1527 214 1640 242 lsaacus
1655 211 1772 239 Casau-

971 270 1080 300 bonus,
1105 271 1134 295 et
1158 270 1261 293 nostra
1289 263 1488 299 professionis,
1512 266 1540 288 et
1559 258 1660 288 summi
1692 256 1774 292 apud

972 322 1070 343 omnes
1090 313 1214 342 eruditos
1228 311 1348 340 nominis
1369 310 1492 338 criticus,
1508 315 1571 335 cum
1589 306 1648 333 haec
1672 303 1774 332 omnia

972 360 1074 396 optime
1101 358 1242 390 novisset,
1270 357 1310 385 sic
1335 361 1427 383 tamen
1457 353 1592 389 lgnatium
1623 349 1771 378 defendit:

976 417 985 433 ι
1000 406 1055 434 Nec
1074 406 1174 433 mirum
1193 408 1235 432 est
1248 403 1336 430 virum
1351 401 1398 429 Dei
1415 400 1550 436 lguatium
1575 399 1660 426 citare
1676 395 1774 423 obiter

973 453 1106 488 scriptum
1142 449 1327 486 apocryphqu
1343 468 1350 481 ,
1386 446 1530 481 rcjiculum
1555 448 1581 471 et
1603 443 1772 477 reprobum.

972 498 1041 526 Nam
1062 502 1130 533 quot
1149 497 1235 524 libros
1257 494 1380 530 ejusdem
1402 492 1498 520 farina:
1521 489 1615 517 laudat
1636 488 1774 516 Clemens

973 542 1204 573 Alexandrinus?
1233 540 1415 568 Vcrissimum
1444 544 1543 572 nempe
1569 539 1612 562 est
1641 539 1776 567 tempore

974 599 1044 627 opus
1067 591 1164 623 fuisse,
1186 593 1217 616 ut
1240 587 1369 615 Ecclesiae
1392 584 1556 612 auctoritate
1584 581 1777 616 rejicereutur

975 637 1052 666 multi
1071 636 1149 667 libri,
1168 635 1214 671 qui
1231 633 1327 669 primis
1349 631 1454 660 saeculis
1478 629 1651 657 auctoritatis
1667 628 1774 655 saltem

975 684 1102 719 ancipitis
1123 683 1241 710 fuerant.
1259 690 1268 707 ι
1294 679 1432 707 Observat
1455 677 1514 712 ipse
1537 674 1697 703 Blondellus
1713 681 1775 700 non

975 735 1042 758 tunc
1054 733 1192 765 repertqu
1204 735 1265 755 esse
1277 732 1454 762 quemquam,
1469 723 1516 758 qui
1535 721 1657 750 cavenda
1673 720 1774 747 omnia

976 777 1145 813 apocrypha,
1165 779 1192 802 et
1208 773 1320 809 grandis
1335 779 1397 800 esse
1410 769 1563 806 prudentiae
1581 767 1773 799 meminisset,

977 812 1074 851 aurum
1092 823 1119 849 in
1137 821 1195 848 luto
1211 826 1336 855 quaerere
1350 826 1356 844 :
1373 817 1446 853 quod
1461 820 1556 852 postea
1581 813 1646 841 fecit
1666 812 1774 840 Hiero-

941 872 964 900 B
977 877 1086 905 nymus.
1105 868 1158 896 Sed
1177 871 1205 894 et
1219 867 1267 894 diu
1285 870 1348 893 ante
1363 864 1531 891 Clementem
1545 860 1771 888 Alexandrinum

977 903 1022 944 alii
1039 916 1066 943 id
1078 915 1210 943 fecerunt.
1231 912 1331 940 Narrat
1352 911 1425 938 enim
1441 908 1576 945 Eusebius
1586 906 1712 942 Papiam,
1730 903 1773 932 uti

976 963 1036 998 ejus
1061 959 1217 989 testimonia
1232 966 1282 994 pro
1295 957 1411 985 diversis
1427 955 1456 983 S.
1470 954 1619 989 Scriptura:
1634 951 1725 984 libris,
1742 955 1774 977 ut

977 1009 1056 1040 solet,
1072 1006 1195 1039 adducit,
1214 1005 1295 1032 aliam
1313 1009 1424 1038 quoque
1443 1000 1606 1036 exposuisse
1621 998 1772 1025 historiam

977 1055 1011 1083 de
1033 1053 1160 1085 muliere,
1179 1059 1240 1087 quae
1260 1050 1410 1078 multorum
1432 1047 1580 1075 criminum
1602 1052 1697 1072 coram
1716 1043 1773 1069 Do-

977 1102 1054 1128 mino
1074 1102 1202 1126 accusata
1221 1101 1274 1130 est,
1295 1095 1328 1131 ἢν
1344 1094 1374 1122 τὺ
1391 1092 1452 1121 καθ’
1480 1091 1622 1128 Ἑϐραίους
1645 1089 1774 1123 Εὐαγγέ-

977 1147 1034 1173 λιον
1040 1145 1173 1181 περιέχει,
1187 1155 1196 1171 ε
1207 1150 1290 1178 quam
1298 1141 1474 1176 Evangelium
1481 1138 1632 1166 secundum
1640 1136 1775 1164 Hebraeos

982 1193 1113 1222 continet.
1134 1198 1145 1217 ι
1161 1190 1269 1225 Excipit
1291 1188 1421 1220 Dallteus,
1438 1186 1549 1221 Papiam
1575 1185 1665 1211 virum
1683 1181 1774 1210 fuisse

978 1237 1110 1266 mediocri
1126 1235 1246 1272 ingenio,
1268 1233 1379 1262 Eusebii
1398 1232 1514 1268 judicio.
1537 1230 1566 1258 Si
1587 1229 1655 1264 quid
1674 1233 1771 1255 autem

978 1284 1090 1312 Eusebii
1112 1282 1246 1318 judicium
1270 1280 1402 1308 adversus
1421 1278 1533 1314 Papiam
1558 1277 1650 1309 valet,
1680 1281 1771 1310 quare

978 1339 1029 1368 pro
1048 1330 1153 1367 lgnatio
1169 1328 1237 1356 nihil
1258 1326 1382 1355 valeret?
1399 1333 1462 1354 cum
1487 1325 1521 1352 de
1543 1323 1635 1358 Papiae
1658 1320 1774 1356 scriptis

976 1366 1084 1414 judicat
1099 1375 1245 1408 Eusebius,
1264 1374 1325 1409 ejus
1347 1371 1511 1400 sententiam
1538 1367 1716 1404 amplectitur
1729 1366 1774 1393 vir

978 1413 1171 1456 doctissimus;
1190 1429 1253 1450 cum
1268 1421 1301 1449 de
1315 1419 1440 1455 epistolis
1454 1417 1483 1445 S.
1494 1416 1590 1453 lgnatii
1605 1413 1772 1443 sententiam

980 1472 1042 1503 fert,
1064 1477 1171 1502 errare,
1191 1467 1260 1500 labi,
1284 1466 1373 1501 decipi
1398 1473 1461 1493 eum
1487 1464 1572 1491 libere
1591 1461 1770 1497 pronuntiat.

980 1517 1111 1551 Quasnam
1147 1514 1199 1542 erit
1221 1513 1370 1541 auctoritas
1391 1509 1488 1546 judicii
1512 1510 1573 1544 ejus
1601 1509 1628 1535 in
1643 1507 1773 1542 Papiam,

981 1562 1028 1598 qui
1046 1566 1100 1589 tam
1117 1559 1232 1595 turpiter
1249 1559 1354 1593 lapsus,
1370 1561 1426 1584 tam
1446 1556 1576 1591 deceptus
1591 1561 1655 1582 esse
1669 1553 1775 1581 dicitur

982 1608 1009 1635 in
1030 1605 1153 1642 lgnatio?
1166 1604 1318 1640 ,Ulcunque
1335 1602 1386 1635 sit,
1407 1609 1462 1629 non
1483 1601 1543 1629 ideo
1562 1599 1713 1628 mediocris
1730 1598 1775 1625 in-

982 1653 1054 1687 genii
1067 1651 1245 1686 autPapiam,
1257 1653 1305 1676 aut
1315 1648 1440 1684 quemvis
1451 1647 1534 1674 alium
1546 1646 1616 1674 dixit
1624 1644 1773 1676 Eusebius,

982 1697 1056 1733 quod
1074 1695 1239 1724 testimoniis
1252 1693 1386 1727 librorum
1403 1692 1622 1727 apocryphorum
1636 1694 1773 1718 uteretur:

983 1742 1215 1779 quemadmodum
1246 1749 1297 1769 nec
1326 1739 1356 1768 S.
1380 1739 1515 1775 lgnatium
1550 1737 1668 1765 minoris
1696 1735 1773 1768 fecit,

983 1791 1055 1826 quod
1076 1791 1158 1818 verba
1180 1790 1239 1817 haec
1258 1789 1338 1824 quasi
1359 1796 1375 1815 a
1391 1787 1508 1815 Domino
1524 1785 1597 1813 dicta
1616 1783 1774 1820 protulerit,

984 1845 1047 1865 cum
1067 1837 1125 1872 ipse
1149 1836 1221 1864 unde
1242 1838 1352 1870 sumpta
1371 1839 1464 1862 essent
1487 1833 1569 1868 plane
1593 1831 1773 1866 ignoraverit.

984 1882 1092 1917 Excipit
1107 1882 1228 1909 secundo
1241 1881 1305 1908 sciri
1323 1887 1377 1907 non
1389 1886 1481 1915 posse,
1496 1886 1530 1906 an
1545 1877 1640 1905 eadem
1656 1875 1776 1903 historia

985 1929 1056 1964 apud
1084 1932 1194 1957 nostros
1216 1927 1401 1963 evangelistas
1426 1929 1524 1953 exstet.
1555 1923 1694 1952 Prmelara
1711 1930 1777 1950 vero

984 1975 1138 2004 observatio
1151 1974 1273 2007 Eusebii,
1293 1974 1316 2001 si
1332 1973 1452 2001 dubitari
1467 1975 1570 2007 posset,
1583 1978 1619 1998 an
1637 1977 1669 1997 ea
1687 1969 1778 1996 histo-

985 2021 1037 2054 ria,
1061 2028 1143 2055 quam
1170 2020 1257 2054 tetigit
1281 2019 1391 2054 Papias,
1416 2018 1444 2046 in
1470 2017 1572 2045 nostris
1597 2015 1778 2051 evangelistis

986 2065 1144 2093 exstiterit?
1167 2064 1321 2098 Quorsum,
1340 2070 1445 2098 quaeso,
1463 2062 1491 2089 in
1507 2061 1657 2097 Evangelia
1674 2067 1779 2088 secun-

986 2111 1051 2138 dum
1067 2109 1196 2138 Hebraeos
1218 2108 1336 2136 inveniri
1350 2108 1464 2141 diceret,
1481 2107 1504 2135 si
1525 2107 1554 2134 in
1569 2106 1673 2134 nostris
1686 2113 1777 2140 appa-

987 2157 1105 2185 ruisset?
1125 2156 1279 2192 przesertim
1298 2162 1332 2183 eo
1348 2155 1420 2188 loco,
1439 2162 1494 2190 quo
1513 2153 1672 2181 testimonia
1685 2152 1779 2187 Papiae

950 2213 973 2240 ι)
987 2210 1038 2239 pro
1058 2203 1162 2230 nostris
1186 2201 1266 2228 libris
1282 2200 1411 2228 adducit?
1436 2199 1504 2233 Quis
1532 2199 1622 2226 nescit
1648 2199 1676 2225 in
1698 2205 1780 2226 more

988 2248 1106 2284 positum
1128 2255 1189 2276 esse
1200 2247 1334 2280 Eusebio,
1356 2247 1402 2274 ubi
1419 2246 1453 2274 de
1469 2245 1606 2273 veteribus
1633 2245 1781 2280 scriptori-

988 2295 1040 2322 bus
1056 2294 1123 2330 agit,
1138 2301 1209 2328 quos
1227 2292 1315 2320 libros
1334 2291 1484 2320 canonicos
1499 2291 1602 2323 citant,
1623 2298 1694 2326 quos
1712 2290 1781 2318 item

989 2339 1171 2375 apocryphos,
1189 2338 1323 2366 recitare?
1337 2337 1449 2373 Neque,
1467 2337 1576 2372 opinor,
1592 2344 1717 2372 unquam
1740 2336 1779 2363 illi

989 2386 1018 2413 in
1034 2390 1152 2413 mentem
1173 2385 1258 2418 venit,
1275 2388 1350 2411 utea
1369 2383 1429 2411 loca
1449 2387 1625 2416 memoraret,
1643 2391 1707 2418 quae
1720 2387 1779 2409 tum

989 2431 1017 2458 in
1033 2430 1183 2463 canonicis,
1196 2435 1254 2457 tum
1274 2429 1302 2456 in
1319 2429 1483 2465 apocryphis
1500 2429 1665 2464 legerentur.
1683 2428 1714 2455 ln
1731 2436 1781 2455 uo-

990 2476 1054 2504 stris
1068 2475 1178 2511 quidem
1196 2482 1268 2502 nunc
1288 2475 1403 2502 habetur
1425 2475 1523 2502 mulier
1544 2479 1676 2502 accusata
1702 2475 1782 2502 adul-

990 2521 1064 2555 terii;
1083 2521 1131 2549 sed
1146 2521 1192 2548 illa
1205 2521 1239 2548 de
1253 2528 1307 2555 qua
1325 2520 1436 2555 scripsit
1450 2519 1560 2555 Papias,
1576 2525 1637 2548 erat
1650 2520 1699 2546 ἐπὶ
1715 2521 1782 2547 πολ-

990 2567 1049 2599 λαῖς
1064 2565 1212 2602 ἁμαρτίαις
1227 2566 1401 2602 διαόληθεῖσα
1427 2575 1436 2592 ι
1456 2566 1604 2593 multorum
1631 2567 1780 2594 criminum

992 2617 1136 2646 accusata,
1155 2621 1164 2638 ι
1194 2617 1221 2640 et
1238 2612 1304 2646 quid
1326 2615 1457 2646 praeterea
1485 2611 1519 2639 de
1539 2619 1571 2638 ea
1594 2612 1713 2640 muliere
1735 2617 1783 2640 aut

992 2666 1007 2685 a
1018 2658 1112 2694 Papia,
1130 2663 1177 2686 aut
1197 2659 1224 2685 in
1241 2658 1387 2693 Evangelio
1401 2657 1553 2685 secundum
1566 2657 1699 2687 Hebraeos
1713 2659 1782 2687 scri-

992 2708 1068 2738 ptum
1083 2708 1135 2736 est,
1157 2712 1271 2739 prorsus
1296 2705 1447 2739 ignoratur.
1474 2703 1588 2732 Grotius
1605 2705 1720 2740 quidem
1736 2704 1782 2731 Hi-

993 2750 1106 2777 storiam
1136 2750 1162 2776 in
1192 2749 1221 2777 S.
1240 2749 1346 2777 Joanne
1371 2754 1509 2784 repertam
1538 2750 1566 2777 in
1587 2749 1782 2778 Nazaneorum

994 2794 1108 2822 Hebraeo
1127 2794 1228 2828 fuisse,
1250 2796 1317 2824 satis
1333 2804 1366 2824 ex
1378 2795 1543 2831 Hieronymo
1562 2802 1696 2825 constare
1713 2806 1783 2825 asse-

994 2841 1047 2876 rit;
1064 2843 1111 2870 sed
1129 2851 1161 2871 ex
1178 2851 1232 2878 quo
1246 2842 1403 2879 Hieronymi
1419 2843 1490 2872 libro
1513 2843 1566 2871 ista
1582 2844 1721 2879 hauserit,
1734 2853 1782 2879 ego
