1850 3072
61 172 116 199 561

58 231 184 259 nondum
204 231 301 260 didici.
332 232 429 269 Neque
452 242 518 262 vero
536 236 712 270 quazrendum
737 242 780 265 est
798 245 855 273 quo
869 241 892 269 Α

60 278 146 305 modo
163 286 230 306 usus
249 283 295 306 est
308 277 421 314 Papias,
441 285 584 315 postquam
605 282 633 309 id
654 282 718 310 sciri
735 291 791 311 non
807 292 855 319 po—

60 328 134 357 test;
163 324 328 359 simpliciter
357 325 486 354 observat
514 327 666 361 Eusebius,
696 329 772 357 illum
803 331 855 358 hoc

59 368 211 405 Erangelio
226 371 314 398 semel
332 380 412 399 usum
430 379 500 404 esse,
515 379 544 400 ut
557 373 738 410 Hegesippum
755 377 854 411 smpius

57 417 153 451 aliqua
180 417 332 451 protulisse
354 419 387 444 ὲκ
409 418 455 444 τοῦ
478 418 539 445 καθ’
570 419 710 456 Ἐϐραίους
730 422 854 457 Εὑαγγε-

56 463 129 495 λίου,
145 463 194 490 lib.
213 471 253 497 tv,
275 464 361 492 αεὶ.
386 464 437 492 Sed
460 465 482 492 si
499 465 601 501 Papias
629 466 736 502 lgnatio
761 469 854 504 juuior

55 510 95 537 sit
115 515 143 537 et
167 510 272 545 ingenii
306 511 508 546 imbecillioris,
524 512 650 541 Clemens
666 514 807 542 Romanus
828 519 855 542 et

54 556 167 593 Ignatio
181 559 327 594 antiquior
340 563 368 586 et
383 559 473 595 magni
486 567 593 594 semper
607 560 727 594 habitus,
741 569 796 588 non
809 569 852 589 se-

52 604 113 630 mel
135 604 285 640 peregrina
299 605 431 637 advocat,
446 613 507 640 quae
521 606 593 633 tande
604 611 711 641 sumpta
725 611 789 634 sunt
802 615 853 635 nos

52 657 113 676 non
125 650 220 677 minus
228 651 381 684 nescimus,
391 658 473 686 quam
481 650 614 680 Eusebius
625 653 695 680 unde
706 653 770 680 illud
779 653 854 689 lgna-

53 697 166 723 tianum
191 697 348 725 manaverit
378 697 521 733 ignoravit.
550 697 619 726 Nam
642 699 726 732 unde,
747 707 852 734 quaeso,

53 742 103 769 illa
116 743 204 771 verba
220 743 325 780 Moysis
341 749 448 780 sumpta
464 749 544 773 sunt:
564 745 635 780 Ἐγὼ
651 745 679 772 δὲ
695 747 754 782 εἰμὶ
770 747 853 783 ἀτμὶς

51 789 110 816 ἀπὸ
127 789 237 826 κύθρας
254 791 297 825 (ut
313 798 380 823 ms.,
394 799 447 819 non
465 791 588 827 χύτρας).
605 792 644 820 Ex
662 791 853 822 llebraico~co‘

52 835 116 863 dice
139 835 201 863 haec
223 836 327 864 alicubi
349 836 409 865 erui
431 844 529 872 posse,
546 838 625 866 docte
645 839 743 873 probat
761 839 853 868 Fellus

52 889 170 915 noster;
187 883 236 910 sed
252 882 363 918 Moysen
375 891 406 910 ea
419 883 499 910 verba
518 891 667 919 usurpasse
684 885 713 912 in
735 884 763 913 S.
778 885 852 913 Scri-

51 934 137 964 ptura
168 936 226 957 non
250 930 361 965 legitur.
389 928 467 957 Unde
493 931 576 958 etiam
603 931 670 958 illa:
693 931 781 968 Γέγρα

168 936 226 957 non
250 930 361 965 legitur.
389 928 467 957 Unde
493 931 576 958 etiam
603 931 670 958 illa:
693 931 850 968 Γέγραπται
867 924 887 951 Β

51 976 108 1012 γὰρ
120 984 128 991 ·
146 976 290 1003 Κολλᾶσθε
303 978 359 1009 τοῖς
371 978 469 1012 ἁγίοις,
481 979 522 1005 ὅτι
538 979 563 1005 οί
580 978 745 1015 κολλώμενοι
762 980 853 1012 αὐτοῖς

51 1023 285 1058 ἁγιασθήσονται.
320 1032 330 1049 ι
349 1024 489 1059 Scriptum
517 1029 559 1052 est
584 1026 658 1053 enim
680 1034 687 1052 :
710 1026 852 1053 Adhmrete

50 1069 171 1101 sanctis,
188 1069 255 1104 quia
271 1070 319 1105 qui
336 1070 390 1098 illis
404 1071 543 1098 adhmrent
567 1071 829 1100 sanctiﬁcabuntur?
840 1082 848 1098 ι

48 1114 120 1142 Nam
159 1123 223 1150 quae
250 1120 405 1151 sequuntur
424 1126 430 1144 :
453 1117 508 1144 Καὶ
525 1117 606 1145 πάλιν
623 1118 652 1145 ὲν
669 1118 756 1154 ἑτέρῳ
776 1118 851 1154 τόπῳ

48 1162 125 1196 λέγει
146 1170 154 1188 :
175 1162 260 1189 Μετὰ
275 1163 386 1198 ἀνδρὸς
407 1164 503 1192 ἀθώου
519 1164 615 1198 ἀθῶος
630 1165 688 1200 ἔσῃ
712 1165 773 1200 (καὶ
787 1166 851 1200 μετ’

49 1208 206 1235 sumcf:
223 1209 368 1243 ἐκλεκτὸς
382 1211 451 1245 ἔσῃ,
470 1216 498 1238 ut
508 1211 590 1238 habet
599 1211 685 1239 codex
702 1211 778 1247 ms.),
801 1212 850 1239 καὶ

48 1254 127 1288 μετὰ
140 1255 295 1288 στρεϐλοῖ]
306 1255 507 1291 διαστρέψεις.
525 1257 574 1284 «Et
583 1265 680 1286 rursus
690 1258 716 1284 in
725 1257 780 1285 alio
789 1258 850 1286 loco

49 1301 87 1327 ait
103 1310 110 1328 :
135 1300 207 1328 Cum
224 1302 281 1328 uiro
295 1303 433 1330 innocente
443 1305 566 1331 irutocens
581 1305 644 1336 eris,
656 1308 681 1331 et
696 1312 756 1331 cum
769 1304 849 1331 electa

48 1347 150 1373 electus
170 1347 236 1379 eris,
255 1353 281 1375 et
299 1356 359 1374 eum
378 1356 497 1382 perverso
518 1349 683 1384 perveneris,
701 1358 711 1374 ι
738 1349 849 1376 totidem

49 1393 143 1420 verbis
172 1393 202 1420 in
217 1393 323 1428 psalmo
342 1402 399 1422 xvn
415 1394 552 1430 leguntur.
566 1393 644 1422 Unde
665 1402 730 1422 vero
744 1399 771 1422 et
785 1395 845 1422 illa:

49 1439 152 1475 Πόρῤω
169 1439 293 1473 γενέσθω
305 1440 350 1474 ἀφ’
365 1439 443 1476 ἡμῶν
458 1441 474 1476 ἡ
486 1440 581 1477 Γραφὴ
598 1440 667 1476 αὓτη
679 1441 747 1468 ὅπου
762 1441 846 1475 λέγει·

48 1485 233 1521 Ταλαίπωροί
245 1487 315 1513 εἰσιν
328 1487 352 1513 οἱ
362 1486 468 1522 δίψυχοι
479 1488 503 1514 οἱ
514 1487 682 1520 διστάζοντες
692 1488 741 1523 τὴν
748 1487 846 1523 ψυχὴν,

48 1534 70 1559 οἱ
101 1533 252 1568 λέγοντες,
280 1533 373 1561 Ταῦτα
405 1534 562 1570 ἠκούσαμεν
592 1534 646 1561 ἀπὸ
679 1534 750 1570 (ms.
783 1533 846 1570 ἐπὶ)

48 1580 101 1606 τῶν
126 1580 263 1616 πατέρων
288 1580 382 1616 ἡμῶν,
407 1581 454 1607 καὶ
481 1581 534 1608 ἰδοὺ
560 1580 772 1616 γεγηράκαμεν,
799 1581 847 1607 καὶ

47 1626 124 1653 οὐδὲν
145 1627 219 1662 ἡμῖν
245 1625 348 1653 τούτων
374 1626 554 1662 συμϐέϐηκεν.
586 1636 595 1652 ι
611 1626 702 1661 Longe
728 1634 743 1653 a
765 1626 844 1654 nobis

47 1673 119 1700 absit
146 1672 297 1708 Scriptura
327 1673 384 1706 illa,
413 1673 459 1701 ubi
485 1672 681 1701 dicitzMiseri
707 1676 772 1700 sunt
797 1673 844 1708 qui

47 1719 142 1747 animo
168 1720 278 1755 duplici
302 1725 367 1747 sunt
394 1723 422 1747 et
449 1720 631 1759 inqonstanti,
653 1720 701 1755 qui
726 1720 840 1748 dicunt:

47 1765 109 1793 llme
131 1770 220 1793 aetate
234 1770 344 1801 patrum
370 1770 529 1794 nostrorum
546 1766 712 1800 audivimus,
734 1771 762 1794 et
781 1774 845 1795 ecce

47 1812 270 1844 consenuimus,
289 1817 316 1840 et
336 1813 406 1840 nihil
427 1813 526 1841 horum
546 1813 627 1841 nobis
642 1813 761 1841 accidit?
776 1823 786 1839 ι
814 1813 844 1841 In

47 1859 172 1886 secunda
202 1858 353 1888 Clementis
383 1860 499 1894 epistola
526 1860 586 1888 haec
614 1860 647 1887 ad
676 1859 844 1896 προφητικὸν

46 1905 125 1941 λόγον
147 1905 321 1940 referuntur,
341 1910 369 1933 et
381 1913 416 1933 ex
429 1906 572 1934 occasione
584 1906 660 1933 vocis
676 1905 844 1942 ταλαίπωροι

46 1952 234 1986 praecedentis
248 1952 432 1984 adducuntur,
447 1957 476 1980 ut
490 1953 517 1980 in
531 1953 615 1988 priori
628 1960 662 1980 ex
677 1953 845 1988 praecedente

47 1998 167 2031 monito.
187 1998 226 2034 μὴ
243 1998 410 2034 διψυχῶμεν.
429 1998 462 2026 Ει
479 1999 502 2026 si
517 1999 634 2034 primam
652 2000 795 2035 epistolam
810 2007 843 2027 ex

48 2045 171 2072 secunda
190 2045 366 2080 interpretari
391 2045 484 2077 liceat,
499 2046 581 2073 etiam
599 2046 681 2073 verba
701 2046 844 2080 sequentia

46 2089 203 2118 Clementis
223 2098 279 2118 non
302 2095 393 2123 erunt,
417 2091 465 2118 Sed
488 2099 521 2119 ex
544 2092 640 2119 eodem
664 2097 776 2119 auctore
794 2091 844 2119 dc-

47 2143 171 2174 sumpta.
193 2136 230 2164 Ὦ
246 2138 366 2173 ἀνόητοι,
385 2138 553 2173 συμϐάλλετε
569 2138 683 2170 ἑαυτοὺς
700 2138 780 2174 ξύλῳ,
797 2139 845 2166 λά-

47 2185 106 2212 6275
124 2184 270 2220 ἄμπελον·
282 2184 388 2220 πρῶτον
406 2184 455 2220 μὲν
471 2184 638 2220 φυλλορῤοεῐ,
656 2182 715 2212 εἶτα
732 2185 844 2220 βλαστὸς

46 2233 165 2266 γίνεται,
191 2229 252 2258 εἶτα
279 2230 387 2266 φύλλον,
413 2229 471 2257 εἶτα
496 2231 584 2264 ἄνθος,
610 2231 656 2258 καὶ
674 2231 743 2266 μετὰ
758 2231 844 2258 ταῦτα

46 2278 149 2313 ὖμφαξ,
168 2275 231 2304 εἶτα
250 2277 370 2312 σταφυλὴ
389 2278 587 2312 παρεστηκυῖα.
609 2286 618 2302 ε
636 2276 658 2303 Ο
673 2276 752 2310 fatui,
768 2284 776 2304 ‹

168 2275 231 2304 εἶτα
250 2277 370 2312 σταφυλὴ
389 2278 587 2312 παρεστηκυῖα.
609 2286 618 2302 ε
636 2276 658 2303 Ο
673 2276 752 2310 fatui,
768 2284 843 2304 com-
859 2282 880 2310 ι)

48 2328 143 2358 parate
158 2330 211 2350 vos
230 2322 338 2355 arbori,
356 2322 433 2349 vitim
454 2323 570 2356 sumite;
595 2323 713 2358 primum
732 2323 842 2357 quidem

48 2369 251 2400 defrondescit,
273 2375 386 2404 germen
408 2373 502 2403 postea
521 2369 652 2404 pullulat,
676 2367 772 2395 folium
793 2368 843 2396 de-

49 2415 123 2450 inde,
144 2420 206 2442 tum
227 2414 289 2448 nos,
311 2419 339 2442 et
359 2420 421 2450 post
443 2415 501 2442 haec
525 2422 576 2442 uva
597 2415 710 2448 acerba,
733 2415 842 2442 demum

50 2470 99 2489 uva
128 2466 252 2489 matura.
266 2471 276 2487 ι
304 2460 372 2488 Nam
392 2461 419 2488 in
439 2461 550 2496 epistola
570 2461 690 2489 secunda
711 2461 768 2488 haec
788 2461 843 2488 illis

50 2509 210 2537 subdantur
229 2517 236 2535 :
258 2507 337 2535 Οὕτω
375 2507 423 2534 καὶ
448 2509 462 2534 ὁ
478 2507 542 2539 λαός
564 2516 614 2543 μου
639 2507 843 2538 ἀκαταστασίας

51 2556 95 2582 καὶ
120 2555 229 2590 θλίψεις
251 2554 345 2590 ἔσχεν,
375 2554 469 2581 ἔπειτα
495 2553 663 2590 ἀπολήψεται
688 2553 722 2580 τὰ
740 2553 840 2588 ἀγαθά.

54 2610 62 2626 ι
79 2600 120 2628 Ita
136 2603 222 2628 etiam
243 2601 362 2636 populus
385 2608 464 2627 meus
480 2600 629 2628 seditiones
642 2605 670 2627 et
684 2600 842 2627 alllicliones

51 2646 157 2679 habuit,
181 2651 276 2681 postea
298 2645 413 2681 recipiet
435 2653 467 2673 ea
488 2653 550 2681 qua:
565 2646 636 2673 bona
652 2651 725 2673 sunt.
743 2655 752 2672 ›
776 2645 843 2679 Quae

52 2699 112 2718 cum
131 2696 265 2726 tanquam
281 2699 314 2719 ex
329 2692 461 2727 propheta
479 2692 649 2724 adduxisset.
668 2699 733 2720 suos
748 2693 841 2719 statim

53 2737 142 2765 verbis
162 2737 221 2764 suis
239 2737 407 2772 alloquitur:
424 2738 522 2770 Ὥστε,
540 2737 650 2773 ἀδελφοί
668 2746 728 2773 μου,
749 2738 785 2773 μὴ
801 2738 841 2764 δι-

52 2782 193 2818 ᾴυχῶμεν.
215 2792 224 2808 ‹
238 2783 344 2816 Quare,
366 2783 466 2811 fratres
484 2784 547 2817 mei,
567 2791 601 2811 ne
620 2784 703 2810 animi
724 2784 841 2819 duplicis

53 2830 148 2857 simus.
168 2838 179 2854 ι
198 2829 346 2863 Utcunque
367 2836 397 2856 se
416 2837 461 2857 res
479 2829 588 2862 habeat,
613 2838 667 2856 non
693 2837 743 2857 nos
760 2829 840 2864 primi

54 2874 110 2902 hac
135 2875 315 2908 notavimus;
342 2874 454 2903 Photius
481 2876 540 2911 ipse
566 2876 656 2910 aliqua
684 2876 839 2911 hujusmodi

54 2921 207 2950 observavit
231 2921 329 2949 codice
342 2921 402 2954 I26,
427 2921 460 2949 de
483 2922 600 2950 secunda
626 2921 698 2949 enim
726 2921 838 2956 cpistola

191 2971 332 3002 PA'rnOL.
360 2970 407 3000 Gn
425 2972 455 3001 V.

443 173 468 200 J.
484 173 670 202 mansos"
692 173 853 204 vmmcm
870 166 1082 206 tonitruum.
1104 194 1138 199 —
1154 178 1173 206 ιι

563 173 670 202 lSONll
692 173 853 204 VlNDlCl/E
870 166 1082 206 ΙΟΝΑΤΙΑΝΑΞ.
1104 194 1138 199 -
1154 178 1244 208 PARS
1262 179 1293 209 ll.

1649 185 1702 215 ἔδῧὲ

907 246 990 273 agens
1005 240 1061 267 ait:
1078 240 1150 276 Πλὴν
1175 241 1217 267 ὅτι
1238 242 1309 277 ρητά
1333 251 1395 270 τινα
1415 243 1453 275 ὡς
1477 244 1531 271 ἀπὺ
1555 245 1603 280 τῆς
1627 246 1703 278 Beia;

907 284 1019 320 Γραφῆς
1044 285 1182 318 ξενίζοντα
1203 287 1381 323 παρεισάγει·
1408 286 1445 316 ὧν
1465 290 1520 316 οὐδ’
1542 291 1558 326 ὴ
1581 292 1702 328 πεί-τέρα
1735 323 1738 329 1

907 328 1055 366 ἐξήλλακτο
1072 332 1221 364 παντελῶς.
1240 333 1312 361 «Etsi
1326 335 1399 362 dicta
1410 337 1534 371 quaedam
1547 341 1700 374 peregrina,

906 377 979 404 velut
989 384 1004 403 e
1014 382 1108 405 sancta
1121 378 1261 414 Scriptura
1272 380 1429 410 subinducit
1439 391 1447 410 :
1458 383 1558 418 quibus
1572 393 1606 413 ne
1613 386 1701 420 prima

905 422 1015 457 quidem
1033 424 1146 459 epistola
1163 425 1271 459 penitus
1286 431 1374 454 vacat.
1388 437 1397 454 ι
1417 427 1532 458 Photius
1548 431 1639 466 itaque
1651 433 1701 460 ob-

906 470 1034 496 servabat
1054 471 1185 499 nonnulla
1198 473 1352 508 peregrina,
1370 475 1427 503 sive
1451 478 1624 513 apocrypha,
1647 480 1699 508 sub

905 523 1045 543 sacrarum
1058 517 1208 545 litterarum
1216 520 1327 548 nomine
1339 521 1366 548 in
1377 522 1564 553 ea‘Clementis
1572 526 1698 562 epistola,

904 569 986 596 quam
998 562 1057 597 ipse
1071 563 1135 591 alibi
1144 564 1282 600 ἀξιόλογον
1297 567 1490 602 appellaverat,
1500 575 1527 598 et
1539 572 1647 606 publice
1656 573 1698 602 le--

904 613 975 636 ctam
988 615 1147 644 agnoverat,
1162 612 1307 640 contineri.
1323 613 1363 642 Ac
1377 617 1553 645 temerarium
1573 619 1652 653 plane
1671 625 1699 649 et

904 655 1088 690 periculosum
1099 665 1161 686 esse
1178 659 1212 686 de
1229 660 1392 696 antiquitate
1410 667 1458 690 aut
1471 665 1586 693 veritate
1600 668 1696 703 scripti

903 700 1020 736 alicujus
1027 709 1059 729 ex
1072 705 1291 740 apocryphorum
1307 707 1438 737 citatione
1450 710 1576 740 dubitare
1585 734 1593 746 ,
1605 700 1698 742 ostrin-

903 747 971 775 dunt
984 748 1030 776 illa
1045 748 1205 786 Hieronymi
1218 752 1244 779 in
1256 753 1405 790 Catalogo:
1420 765 1429 782 ι
1445 755 1540 792 Judas,
1556 758 1639 788 frater
1651 760 1699 788 Ja~

903 794 975 828 cobi,
985 802 1097 829 parvam
1112 797 1222 831 quidem
1231 818 1239 831 ,
1253 807 1315 834 qua:
1328 801 1361 828 de
1373 807 1476 837 septem
1491 804 1634 834 catholicis
1642 812 1695 840 est,

902 841 1044 875 epistolam
1059 843 1176 878 reliquit.
1187 843 1220 872 Et
1233 846 1297 881 quia
1309 846 1342 874 de
1354 848 1425 876 libro
1439 848 1560 882 llenooh,
1573 853 1619 887 qui
1631 861 1698 888 apo-

903 890 1022 922 cryphus
1032 893 1086 921 est,
1101 890 1127 917 in
1142 897 1174 918 ea
1189 893 1305 919 assumit
1319 894 1515 930 testimonium,
1529 904 1546 924 a
1558 898 1697 934 plerisque

903 933 1034 968 rejicitur.
1051 934 1153 963 Tamen
1169 938 1360 966 auctoritatem
1380 945 1514 970 vetustate
1523 944 1580 978 jam
1600 951 1628 973 et
1643 933 1697 975 usu

903 979 1013 1013 meruit,
1031 984 1058 1008 et
1081 980 1153 1009 inter
1175 988 1285 1012 sanctas
1307 984 1464 1021 Scripturas
1479 995 1664 1024 computatur.
1681 1001 1693 1020 ι

938 1024 1073 1054 Praeterea
1096 1027 1195 1056 iterum
1218 1030 1419 1060 observandum
1434 1038 1487 1067 est,
1507 1037 1581 1070 quod
1595 1038 1628 1065 de
1643 1039 1696 1068 hac

902 1079 933 1099 re
949 1073 1060 1107 scripsit
1080 1073 1190 1103 lsaaeus
1208 1075 1389 1106 Casaubonus
1406 1087 1413 1105 :
1441 1089 1450 1105 ε
1463 1079 1617 1114 Quinetiam
1638 1084 1694 1112 for-

903 1123 977 1146 taSSe
993 1120 1095 1153 verius,
1112 1129 1166 1149 non
1189 1130 1222 1150 ex
1238 1122 1387 1159 Evangelio
1410 1125 1545 1156 llebraico
1559 1129 1692 1165 lgnatium

902 1164 947 1192 illa
961 1166 1041 1194 verba
1053 1167 1243 1203 descripsisse,
1256 1177 1350 1198 verum
1368 1173 1543 1201 traditionem
1560 1164 1694 1211 allegasse

902 1219 957 1238 non
973 1213 1115 1247 scriptam,
1128 1222 1191 1249 quae
1206 1220 1302 1250 postea
1321 1217 1348 1244 in
1371 1218 1478 1247 litteras
1493 1220 1575 1248 fuerit
1595 1223 1691 1255 relata,

899 1262 928 1285 et
948 1257 1083 1287 Hebraico
1105 1260 1263 1297 Evangelio,
1284 1264 1357 1298 quod
1371 1264 1499 1294 Matthazo
1524 1268 1691 1303 tribuebant,

902 1302 1015 1332 inserta.
1035 1315 1044 1330 ι
1075 1305 1108 1332 Ει
1124 1305 1176 1334 hoc
1191 1308 1302 1342 quidem
1324 1310 1412 1338 multo
1431 1312 1498 1339 mihi
1513 1313 1692 1343 verisimilius

900 1350 1018 1378 videtur.
1042 1350 1109 1378 Nam
1131 1352 1194 1380 licet
1208 1353 1392 1391 Hieronymus
1414 1358 1602 1387 testimonium
1623 1361 1691 1389 illud

899 1403 932 1423 ex
944 1403 977 1423 eo
989 1396 1137 1432 Evangelio
1150 1399 1264 1433 petitum
1284 1409 1345 1429 esse
1360 1403 1471 1437 dixerit,
1491 1409 1582 1433 tamen
1599 1406 1688 1435 Euse—

900 1440 963 1469 bius
979 1442 1051 1469 unde
1075 1443 1142 1470 illud
1159 1444 1289 1474 habuerit
1306 1448 1414 1476 nescire
1435 1457 1465 1477 se
1480 1451 1623 1486 professus
1637 1458 1688 1487 est,

899 1494 962 1514 cum
987 1492 1076 1516 tamen
1102 1488 1162 1524 ipse
1182 1489 1361 1527 Evangelium
1388 1499 1539 1525 secundum
1561 1498 1690 1528 Hebraeos

899 1532 1002 1568 optime
1023 1534 1155 1563 novisset.
1176 1535 1210 1563 Et
1225 1537 1336 1572 quidem
1357 1546 1443 1569 recte.
1458 1541 1526 1570 Nam
1546 1544 1591 1572 illa
1606 1546 1688 1574 verba

900 1585 955 1606 non
977 1578 1005 1606 in
1019 1587 1052 1607 eo
1068 1584 1174 1610 tantum
1191 1581 1340 1619 Evangelio
1358 1587 1575 1622 reperiebantur,
1599 1592 1645 1619 sed
1661 1597 1688 1621 et

897 1623 925 1651 in
941 1624 1002 1653 aliis
1021 1625 1108 1660 libris,
1125 1631 1155 1654 ut
1175 1628 1201 1655 in
1226 1629 1288 1664 illo,
1304 1632 1351 1666 qui
1371 1632 1501 1662 Doctrina
1517 1635 1591 1664 Pem‘
1612 1638 1688 1667 dice-

896 1669 985 1720 batur.
1010 1671 1141 1720 Origenes
1161 1675 1229 1711 Περὶ
1245 1675 1338 1712 ἀρχῶν
1354 1679 1402 1707 lib.
1419 1688 1446 1708 l:
1469 1691 1478 1707 ε
1495 1681 1523 1709 Si
1544 1691 1609 1711 vero
1625 1684 1689 1720 quia

895 1716 960 1744 velit
972 1718 1053 1746 nobis
1066 1719 1189 1754 proferre
1204 1729 1237 1750 ex
1253 1724 1299 1751 illo
1314 1724 1405 1754 libello
1418 1727 1464 1762 qui
1477 1727 1553 1756 Petri
1558 1716 1688 1760 Doctrina

896 1762 1058 1797 appellatur,
1082 1765 1126 1792 ubi
1143 1765 1269 1795 Salvator
1287 1770 1396 1798 videtur
1417 1773 1450 1800 ad
1472 1774 1623 1810 discipulos
1642 1777 1686 1805 di-

895 1815 967 1841 cere,
981 1810 1055 1844 quod
1069 1818 1125 1838 non
1141 1811 1178 1840 sit
1192 1813 1357 1843 daemonium
1379 1818 1582 1856 incorporeum,
1598 1825 1687 1858 primo

895 1856 1113 1890 respondendum
1128 1863 1170 1887 est
1180 1860 1216 1892 ei,
1229 1862 1361 1895 quoniam
1378 1864 1423 1892 ille
1435 1866 1503 1894 liber
1516 1867 1587 1896 inter
1599 1856 1686 1898 libros

894 1901 1098 1932 ecclesiasticos
1121 1913 1178 1933 non
1207 1906 1333 1936 habetur.
1349 1919 1360 1936 ι
1389 1910 1473 1940 Multa
1499 1921 1566 1942 sane
1582 1916 1685 1945 Christi

894 1947 966 1975 dicta
986 1949 1014 1976 in
1036 1957 1084 1977 ore
1104 1952 1354 1982 vetustissimorum
1375 1956 1597 1988 Christianorum
1626 1962 1686 1991 fue-

894 1998 969 2028 runt,
992 2002 1054 2030 quae
1075 1996 1103 2024 in
1122 1996 1279 2034 Evangeliis
1301 2002 1404 2030 nostris
1424 2011 1478 2031 non
1501 2007 1683 2042 reperiuntur,

894 2048 984 2076 neque
1001 2042 1029 2070 in
1044 2042 1106 2072 aliis
1121 2044 1185 2072 ullis
1203 2045 1321 2075 fortasse
1343 2056 1464 2084 unquam
1486 2053 1588 2088 scripta
1608 2060 1683 2082 sunt.

895 2087 981 2120 Quale
994 2093 1052 2116 erat
1067 2089 1134 2117 illud
1150 2100 1156 2118 :
1170 2091 1279 2119 Γίνεσθε
1295 2093 1400 2130 δόκιμοι
1420 2087 1592 2134 τραπεζίται,
1610 2102 1684 2136 quod

895 2142 910 2161 a
928 2135 1023 2163 multis
1039 2140 1160 2163 veterum
1183 2142 1313 2174 tanquam
1334 2140 1435 2170 Christi
1465 2135 1640 2180 mandatum,
1657 2155 1684 2176 et

895 2180 1005 2215 quidem
1029 2189 1044 2208 a
1067 2181 1096 2208 S.
1106 2181 1184 2209 Pauli
1209 2185 1396 2215 admonitione
1422 2188 1593 2225 distinctum,
1613 2201 1684 2228 smpe

895 2227 1042 2260 recitatur;
1062 2235 1095 2255 ex
1113 2229 1188 2256 nullo
1208 2234 1300 2258 tamen
1317 2235 1473 2270 apocrypho
1493 2237 1595 2272 scripto
1616 2227 1684 2267 cita-

896 2279 949 2306 tur,
968 2281 1018 2301 nec
1032 2279 1122 2302 tamen
1144 2276 1170 2303 in
1186 2278 1287 2304 nostris
1307 2279 1448 2309 codicibus
1471 2284 1615 2318 reperitur,
1632 2293 1683 2314 nec

895 2328 910 2346 a
924 2319 1052 2348 Patribus
1069 2329 1102 2348 ex
1116 2323 1257 2357 parabolis
1269 2324 1372 2353 Christi
1393 2328 1536 2356 collectum
1552 2335 1603 2364 est,
1618 2339 1682 2360 cum

894 2366 976 2393 etiam
1000 2367 1120 2395 haeretici
1146 2368 1212 2396 illud
1234 2376 1416 2407 usurparent,
1444 2378 1471 2401 et
1487 2376 1598 2410 quidem
1619 2383 1683 2406 ante

894 2412 1055 2446 catholicos,
1072 2419 1101 2441 ut
1119 2419 1229 2444 constat
1242 2424 1275 2444 ex
1288 2417 1383 2452 Apelle
1399 2421 1469 2454 apud
1486 2421 1680 2457 Epiphanium.

893 2457 971 2492 Apud
995 2457 1149 2487 Barnabam
1170 2461 1227 2488 haec
1244 2458 1392 2497 leguntur:
1407 2464 1493 2492 «Nihil
1522 2467 1593 2495 enim
1615 2477 1681 2504 pro-

893 2503 963 2531 derit
982 2505 1061 2533 nobis
1083 2513 1165 2534 omne
1181 2512 1290 2543 tempus
1311 2510 1373 2537 vita:
1395 2515 1497 2539 nostrae
1522 2517 1550 2540 et
1570 2514 1644 2548 ﬁdei,
1657 2516 1682 2543 si

894 2558 947 2577 non
963 2551 1044 2578 modo
1056 2550 1127 2587 [lege
1145 2552 1224 2588 odio]
1242 2553 1366 2589 iniquum
1381 2560 1409 2583 et
1428 2556 1536 2585 futuras
1552 2561 1681 2588 tentatio-

893 2605 942 2624 nes
957 2597 1117 2625 habeamus.
1136 2598 1214 2627 Sicut
1228 2600 1294 2628 dicit
1305 2600 1390 2629 Filius
1403 2601 1450 2630 Dei
1465 2611 1471 2629 :
1487 2613 1497 2629 ε
1509 2604 1680 2636 Hesistamus

892 2643 966 2670 omni
980 2643 1126 2678 iniquitati,
1135 2649 1161 2672 et
1173 2646 1236 2674 odio
1250 2647 1400 2676 habeamus
1413 2656 1502 2677 eam.)
1512 2650 1574 2679 Haec
1588 2657 1678 2681 autem

893 2698 906 2717 a
919 2689 1030 2717 Christo
1045 2691 1118 2718 dicta
1134 2692 1199 2719 alibi
1216 2700 1271 2719 non
1287 2693 1414 2729 legimus.
1436 2696 1510 2724 Idem
1528 2698 1584 2726 haec
1599 2702 1679 2734 quasi

892 2746 907 2764 a
921 2737 1036 2764 Domino
1057 2738 1128 2766 dicta
1146 2738 1269 2773 profert:
1282 2740 1360 2768 Οὕτω
1375 2761 1383 2775 ,
1401 2744 1482 2779 φησὶν
1492 2765 1498 2777 ,
1515 2745 1541 2771 οἱ
1557 2745 1680 2780 θέλοντές

893 2792 926 2819 με
945 2784 1007 2810 ἰδεῖν
1024 2784 1071 2810 καὶ
1089 2784 1208 2819 ἅψασθαί
1233 2795 1283 2821 μου
1300 2787 1350 2822 τῆς
1367 2788 1514 2824 βασιλείας,
1541 2791 1680 2826 ὀφείλουσι

892 2830 1026 2863 θλιϐἐντες
1043 2831 1090 2857 καὶ
1107 2830 1241 2864 παθόντες
1257 2832 1349 2861 λαϐεῖν
1368 2844 1412 2870 με.
1427 2845 1437 2862 ‹
1450 2836 1506 2871 Sic,
1519 2837 1615 2874 inquit,
1631 2840 1679 2876 qui

892 2876 987 2903 volunt
998 2884 1040 2904 me
1049 2877 1151 2910 videre,
1163 2882 1190 2905 et
1200 2879 1332 2914 attingere
1343 2889 1456 2918 regnum
1469 2891 1570 2918 meum,
1580 2886 1680 2915 debent

891 2923 1042 2958 compressi
1054 2929 1081 2951 et
1091 2924 1176 2953 multa
1192 2926 1266 2961 passi
1282 2928 1417 2963 accipere.
1441 2940 1449 2956 ι
1473 2930 1586 2961 Grotius
1607 2933 1678 2962 hanc

1501 2979 1539 3009 12
