1850 3072
159 156 212 184 565

653 159 680 187 S.
703 158 874 190 lCNATIUS.
896 178 929 183 —-
947 161 1217 191 PROLEGOMENA.

1735 162 1792 190 εει

158 216 249 252 ipsam
266 218 400 246 rationem
419 219 497 247 aﬂ‘ert
510 227 560 255 pro
574 219 723 250 Clementis
742 223 864 258 epistola!
877 224 946 251 anti-
962 227 983 255 A
1000 224 1094 258 periali
1120 222 1254 251 sententia
1275 222 1486 250 condemnatum
1498 243 1506 255 ,
1526 221 1554 248 in
1569 220 1702 248 manibus
1728 228 1793 247 ear—

158 266 261 298 quitate
280 268 362 300 atque
373 265 496 298 veritate,
508 266 581 301 quod
596 267 668 294 dicta
682 269 806 302 quaedam
831 275 944 305 usurpat

158 316 212 335 non
233 310 351 345 scripta,
377 311 424 338 sed
449 316 479 338 ut
497 312 626 339 memoria
655 315 756 342 recenti
778 323 825 350 per
846 324 944 342 manus

160 355 270 381 tradita.
297 355 342 383 Bis
363 357 473 391 quidem
496 359 654 387 Corinthios
677 360 711 388 ad
734 361 820 396 ipsius
839 363 943 390 Christi

156 400 239 427 verba
259 406 378 434 revocat,
394 411 480 438 eaque
496 405 607 438 recitat;
630 406 676 433 sed
699 406 736 433 ita
750 411 780 433 ut
794 415 827 434 ex
843 407 945 442 scripto

157 446 250 481 aliquo
265 447 358 475 codice
377 456 409 476 ea
424 449 550 478 hausisse
574 452 688 479 minime
699 452 833 480 videatur.
867 455 945 482 Οὕτω

155 491 210 527 γὰρ
233 490 318 524 εἶπεν,
348 503 356 518 ι
376 493 421 522 Sic
443 496 515 523 enim
542 497 628 531 dixit,
644 507 653 524 ι
685 498 790 526 scilicet
810 498 943 526 Dominus

154 538 235 567 Jesus
258 549 263 566 :
290 540 406 567 Ἐλεείτε
432 542 475 569 ἴνα
500 543 642 579 ἐλεηθῆτε,
668 546 763 580 ἀφίετε
789 546 832 573 ἵνα
855 547 941 583 ἀφεθῇ

154 584 227 620 ὑμῖν,
245 586 283 618 ὡς
300 589 400 614 ποιεῖτε
424 588 495 616 οὕτω
513 590 690 626 ποιηοήσεται
713 593 786 627 ὑμῖν,
803 593 841 625 ὡς
857 593 941 620 δίδοτε

152 629 224 658 οὕτω
247 632 390 668 δοθήσεται
413 635 487 670 ὑμῖν,
505 636 543 668 ὡς
560 637 667 672 κρίνετε
683 638 756 665 οὕτω
781 639 940 675 κριθήσεται

152 676 225 711 ὑμῖν,
252 678 289 709 ὡς
306 679 488 714 χρηστεύεσοε
514 681 585 708 οὕτω
608 683 840 719 χρηστευθὴσεται
865 685 939 720 ὑμῖν,

151 719 172 755 ᾧ
191 723 282 759 μέτρῳ
300 726 423 760 μετρεῖτε
445 727 473 754 ἐν
491 727 565 762 αὐτῷ
584 728 785 764 μετρηθήσεται
803 730 878 766 ὑμῖν.
892 730 940 758 His

151 770 242 804 aliqua
269 778 322 797 non
345 771 488 800 dissimilia
521 774 657 801 habentur
686 776 756 810 apud
784 775 814 803 S.
837 775 938 804 Lucam

151 817 240 852 capite
255 825 292 844 Vl.
315 818 368 846 Sed
384 819 551 849 Clementem
568 821 649 850 Lucae
668 823 886 859 condiscipulum
905 833 938 853 ex

150 866 210 898 ejus
224 865 372 902 Evangelio
385 867 444 896 haec
457 868 645 903 descripsisse,
662 870 728 897 mihi
747 871 774 898 in
788 875 864 898 tanto
878 878 939 899 ver-

995 269 1107 297 niiicum
1125 269 1279 297 arctissime
1299 268 1477 300 custoditum,
1496 267 1531 295 ad
1547 268 1638 295 locum
1656 267 1794 295 destinati

994 315 1196 350 certissimique
1220 315 1345 350 supplicii
1366 314 1479 350 jamjam
1507 314 1713 343 deducendum,
1743 313 1791 339 di-

994 370 1077 397 gnum
1097 361 1163 393 Deo,
1188 366 1216 388 et
1238 362 1342 397 angelis
1365 366 1392 389 et
1414 361 1572 389 hominibus
1594 359 1792 395 spectaculum

995 407 1113 435 factum:
1127 407 1331 435 sanctissimum
1342 407 1429 434 virum
1442 415 1474 434 ea
1482 407 1641 434 conditione
1649 406 1791 441 positum.

993 456 1050 480 tota
1061 453 1106 480 illa
1119 453 1151 481 ad
1162 453 1302 480 Romanos
1311 453 1426 488 epistola
1436 453 1503 480 nihil
1512 451 1791 480 consummatissime

993 499 1093 527 Christi
1105 499 1241 535 discipulo
1256 499 1395 535 indignum
1408 499 1552 534 scripsisse
1562 499 1711 526 contendo.

1030 556 1039 572 ι
1057 547 1109 574 Sed
1124 547 1191 574 adeo
1207 554 1337 581 praeceps,
1362 546 1460 581 inquit,
1486 545 1574 573 fertur
1598 551 1628 573 ut
1640 545 1791 573 Romanos

991 597 1063 621 vetet
1077 593 1136 620 suis
1148 593 1189 620 vel
1204 593 1276 628 apud
1294 593 1377 620 Deum
1393 593 1532 628 precibus,
1544 592 1586 619 vel
1605 592 1678 627 apud
1694 592 1791 619 homi-

992 647 1041 667 nes
1067 639 1163 667 ciliciis
1192 639 1378 672 intercedere,
1403 646 1459 674 quo
1480 646 1512 666 ea
1538 646 1630 674 paena,
1646 638 1681 666 ad
1700 646 1788 674 quam

991 690 1049 713 erat
1076 686 1232 717 damnatus.
1258 686 1399 713 liberetur.
1415 695 1424 712 ι
1453 685 1524 719 Quid
1544 689 1647 718 autem,
1661 693 1699 712 an
1716 685 1790 712 velis

991 732 1172 760 fortissimum
1199 732 1398 764 Christianum,
1424 732 1480 760 imo
1501 736 1528 759 et
1550 732 1662 763 ducem,
1684 731 1745 766 jam
1772 739 1789 758 ι

990 779 1117 814 gentibus
1141 785 1252 814 captum
1281 779 1549 813 condemnatumque
1571 783 1599 806 et
1620 779 1647 805 in
1668 785 1788 805 arenam

991 831 1118 859 tractum,
1144 826 1265 861 reliquos
1286 825 1459 854 Christianos
1480 833 1570 858 orare,
1595 829 1624 852 ut
1646 833 1711 853 cum
1728 824 1789 852 Deo

990 872 1032 899 vel
1062 871 1219 899 hominibus
1242 871 1428 904 intercedant,
1453 878 1508 906 quo
1531 878 1624 898 minus
1645 870 1789 905 supplicio

149 909 247 937 borum
261 911 420 940 discrimine
435 902 582 941 verisimile
597 922 650 942 non
661 920 720 948 est;
742 923 830 951 neque
843 916 938 944 dubito
954 902 975 930 Β
991 917 1144 946 adiciatur?
1163 917 1204 944 An
1226 917 1316 944 virum
1331 925 1416 944 unum
1432 916 1587 944 Christiana
1601 918 1703 950 pietate
1727 916 1787 943 im-

150 956 216 990 quin
229 957 355 986 Clemens
368 960 525 994 cognoverit
536 968 758 997 unamquamque
767 970 801 989 ex
811 962 866 991 illis
872 971 935 990 sen-

148 1003 243 1030 tentiis
271 1011 287 1030 a
314 1003 425 1032 Christo
454 1005 539 1033 fuisse
564 1007 714 1040 prolatam;
745 1008 817 1036 unde
844 1009 935 1036 statim

148 1048 224 1075 addit
246 1057 252 1075 :
275 1049 371 1086 Ταύτῃ
395 1051 429 1086 τῇ
449 1051 543 1087 ἐντολῇ
568 1052 614 1078 καὶ
636 1054 692 1084 τοῖς
724 1054 936 1090 παραγγέλμασι

147 1094 252 1126 τούτοις
271 1095 321 1130 (ita
335 1096 402 1131 ms.)
417 1097 587 1134 στηρίξωμεν
604 1099 727 1131 ἑαυτούς,
749 1099 821 1128 tHoc
836 1108 937 1135 pretee-

147 1146 194 1175 pto
217 1145 244 1168 et
269 1142 405 1170 mandatis
433 1143 509 1171 hisce
539 1144 711 1172 stabiliamus
742 1153 793 1173 nos
820 1146 904 1181 ipsos.
924 1157 933 1173 ι

147 1189 181 1217 Et
196 1198 310 1219 rursus:
327 1192 475 1229 Μνήσθητε
488 1193 542 1220 τῶν
558 1194 645 1229 λόγων
667 1195 753 1231 Ἰησοῦ
769 1196 817 1223 τοῦ
834 1196 935 1233 Κυρίου

147 1237 235 1274 ἡμῶν,
244 1236 305 1265 εἶπε
316 1237 380 1274 γάρ·
391 1249 400 1264 ι
412 1238 602 1268 Becordamini
612 1241 756 1269 verborum
767 1241 876 1270 Domini
888 1251 937 1271 no-

145 1285 197 1312 stri
207 1284 360 1317 Jesu,dixit
374 1286 464 1313 enim:
479 1296 488 1312 ι
503 1287 758 1324 Οὐαὶτῷὰνθρώπῳ
771 1289 935 1325 ἐκεινῳ-κα-

146 1332 191 1358 λὸν
198 1330 232 1368 ἦν
244 1332 319 1368 αὺτῷ
329 1333 353 1359 ει
364 1333 414 1360 οὐκ
425 1333 557 1370 ἐγεννήθη
565 1334 583 1370 ἢ
598 1334 645 1361 ἕνα
659 1334 714 1362 τῶν
730 1335 866 1363 ἐκλεκτῶν
884 1345 934 1372 μου

146 1377 338 1405 σκανδαλισαι·
365 1380 488 1415 κρεῖττον
510 1377 544 1416 ἦν
561 1380 635 1416 αὐτῷ
651 1381 825 1417 περιπθῆναι
853 1381 935 1417 μύλον

145 1425 192 1452 καὶ
209 1425 457 1461 καταποντισθῆναι
482 1427 521 1458 εις
538 1427 589 1463 τὴν
605 1427 753 1460 θάλασσαν,
776 1429 793 1464 ἢ
811 1428 858 1455 ἕνα
881 1428 934 1455 τῶν

146 1470 253 1506 μικρῶν
280 1479 330 1506 μου
357 1470 544 1500 σκανδαλίσαι.
588 1471 638 1500 Hic
664 1472 756 1508 aliqua
781 1473 875 1501 Graec
900 1474 934 1501 ad

144 1514 295 1550 marginem
309 1515 436 1550 ponenda
457 1520 485 1543 et
499 1516 602 1544 Latinae
618 1516 835 1552 interpretationi
850 1518 934 1546 inter-

144 1560 259 1588 serenda
282 1561 391 1588 censuit
414 1560 551 1590 Patricius
572 1561 685 1596 Junius,
708 1567 739 1590 ut
758 1563 818 1590 hac
845 1563 933 1598 magis

144 1607 225 1636 Lucae
248 1608 309 1637 loco
334 1609 512 1644 quadrarent.
534 1609 603 1637 Cum
627 1610 735 1638 veritati
755 1611 843 1646 magis
866 1611 933 1638 mihi

143 1663 295 1683 consonum
318 1655 452 1688 videatur,
468 1657 503 1684 ab
517 1657 651 1692 apostolis
670 1658 750 1693 ipsis,
767 1663 815 1686 aut
836 1666 932 1686 eorum

142 1699 285 1735 discipulis
297 1701 355 1729 hate
370 1702 509 1737 accepisse
524 1702 702 1730 Clementem.
716 1702 817 1736 Quidni
833 1703 933 1738 pariter

143 1753 169 1774 ει
184 1746 360 1782 S.ignatius,
386 1747 433 1782 qui
458 1755 520 1776 cum
547 1744 682 1783 apostolis
695 1753 723 1776 et
736 1756 832 1776 eorum
849 1749 933 1777 disci-

143 1792 215 1826 pulis
229 1798 356 1821 versatus
371 1797 423 1827 est.
438 1793 591 1828 priesertim
607 1802 641 1822 eo
656 1800 777 1830 tempore
789 1802 844 1830 quo
863 1795 932 1823 scri-

142 1838 197 1873 ptis
211 1838 366 1874 Evangeliis
379 1840 419 1867 uti
437 1839 508 1868 forte
525 1841 550 1868 ei
562 1841 619 1876 jam
633 1841 726 1869 vincto
746 1849 800 1868 non
823 1841 931 1875 licebat,

143 1885 267 1912 eamdem
293 1885 449 1920 historiam,
479 1893 563 1921 quam
579 1891 674 1914 narrat
700 1887 730 1914 S.
746 1886 844 1921 Lucas,
870 1888 932 1916 aliis

142 1931 234 1959 verbis
247 1931 416 1966 explicaret?

176 1977 271 2011 Capite
286 1978 320 2005 18
333 1978 431 2006 transit
448 1986 463 2005 a
476 1979 629 2006 reverentia
640 1979 740 2007 divinis
753 1979 830 2008 libris
840 1980 931 2008 debita

141 2022 176 2050 ad
202 2023 329 2057 pietatem
354 2028 382 2050 et
407 2023 586 2056 modestiam,
612 2031 681 2059 quas
706 2024 733 2051 in
758 2025 871 2060 epistola
897 2026 930 2053 ad

141 2068 283 2096 Romanos
308 2069 424 2097 violatas
447 2077 509 2098 esse
534 2074 634 2105 putat;
661 2070 690 2097 in
717 2070 777 2104 illa,
805 2071 930 2106 inquam,

140 2115 270 2150 epistola,
290 2123 373 2150 quam
391 2119 430 2143 tot
446 2115 497 2142 viri
517 2115 544 2142 in
560 2116 644 2143 veteri
670 2115 792 2144 Ecclesia
813 2117 931 2145 celeber-

140 2162 205 2189 rimi
230 2166 270 2189 tot
294 2162 432 2197 tantisque
458 2162 603 2197 praeconiis
628 2162 807 2196 extulerunt;
835 2171 850 2190 a
875 2171 930 2198 qua

140 2208 260 2237 iretueus
281 2217 363 2236 unam
387 2209 521 2244 insignem
544 2209 708 2236 sententiam
721 2213 863 2237 mutuatus
877 2215 929 2244 est,

139 2255 220 2282 aliam
239 2253 388 2290 Origenes;
415 2263 449 2282 ex
470 2263 524 2290 qua
547 2254 702 2288 Eusebius,
726 2256 930 2285 curi0sissimus

140 2302 398 2338 martyrologiorum
429 2302 585 2336 indagator,
609 2306 737 2338 excerpta
753 2303 821 2330 bene
848 2303 928 2339 longa

139 2347 302 2382 descripsit,
319 2352 349 2374 ut
367 2347 400 2375 iis
414 2346 563 2375 Historiam
582 2349 799 2376 ecclesiasticam
812 2349 930 2376 adorna-

139 2396 191 2423 ret,
212 2399 274 2426 qua:
290 2391 319 2418 S.
331 2391 516 2427 Hieronymus
536 2392 617 2419 etiam
632 2393 825 2426 exscribenda,
838 2398 865 2421 et
877 2393 929 2421 Ca-

140 2437 233 2471 ulogo
260 2437 382 2463 virorum
408 2436 557 2464 illustrium
586 2437 750 2471 inserenda,
776 2439 870 2472 duxit;
896 2446 929 2466 ex

139 2490 194 2517 qua
217 2481 247 2508 S.
269 2481 484 2515 Cln'ysostomus
508 2486 549 2509 tot
565 2482 696 2511 ﬂosculos
713 2484 833 2520 collegit,
858 2492 929 2519 quos

140 2532 204 2554 ante
223 2526 355 2561 reliquias
377 2527 506 2562 martyris
531 2532 690 2562 spargeret;
713 2536 745 2556 ex
761 2537 815 2565 qua
833 2530 928 2557 eadem

141 2570 315 2605 transcripsit
338 2569 431 2598 Gildas
455 2570 631 2605 Badonicus,
668 2577 699 2600 ut
723 2574 765 2601 sui
798 2575 928 2609 temporis

140 2615 330 2643 sacerdotibus
339 2615 474 2649 pudorem
489 2616 667 2645 suﬂ'underet.
677 2617 802 2647 Haeccine
814 2620 928 2654 epistola

141 2666 283 2697 tantopere
299 2661 443 2690 decantata
458 2670 473 2689 a
489 2662 589 2698 pietate
606 2668 634 2690 et
647 2664 780 2692 modestia
799 2666 928 2701 martyris

140 2713 230 2743 ptest
245 2716 306 2736 esse
325 2708 434 2735 aliena?
455 2707 490 2736 Ut
505 2709 634 2737 omnibus
649 2710 709 2744 ejus
729 2710 928 2745 objectionibus

139 2762 292 2786 occurram,
305 2754 333 2781 in
346 2754 445 2788 quibus
457 2755 624 2790 triumphare
634 2755 751 2789 videtur,
762 2756 828 2784 illud
842 2765 927 2784 unum

139 2800 265 2833 observo,
281 2800 416 2835 lgnatium
433 2805 497 2828 tunc
510 2809 573 2828 cum
589 2801 647 2829 hate
660 2802 805 2836 scripsisse
816 2803 926 2837 dicitur,

139 2853 194 2873 non
211 2847 253 2873 sui
268 2846 339 2880 juris
351 2845 447 2881 fuisse,
462 2848 509 2876 sed
531 2847 564 2875 ad
577 2847 678 2876 bestias
689 2847 853 2888 jampridem
874 2850 926 2876 im-

175 2901 197 2918 3“
210 2903 271 2930 Act.
289 2910 345 2938 ut,
361 2903 404 2931 t5.

988 963 1083 990 butum
1096 963 1280 990 intotveteris
1296 962 1424 991 Ecclesia:
1439 962 1680 997 persecutionibus
1699 963 1738 990 ita
1755 971 1787 990 se

989 1008 1119 1044 gessisse,
1148 1013 1195 1036 aut
1216 1008 1240 1037 si
1263 1009 1289 1036 id
1303 1008 1409 1042 fecerit,
1420 1009 1455 1036 ab
1468 1008 1590 1037 Ecclesia
1609 1009 1786 1037 celebratum

990 1055 1082 1083 nosti?
1096 1064 1106 1080 ι
1121 1053 1178 1082 Hoc
1190 1060 1251 1082 orat
1264 1061 1317 1081 vox
1336 1059 1485 1090 martyrum
1499 1062 1507 1082 :
1521 1054 1544 1080 Α
1559 1054 1659 1081 timore
1673 1054 1786 1082 inimici

986 1109 1052 1129 erue
1071 1102 1192 1129 animam
1214 1109 1319 1134 meam;
1346 1108 1400 1128 non
1418 1107 1448 1128 ut
1467 1109 1510 1129 me
1526 1108 1580 1128 non
1598 1101 1710 1130 occidat
1723 1102 1785 1129 ini-

986 1149 1085 1180 micus,
1106 1149 1152 1177 sed
1165 1153 1194 1176 ut
1207 1155 1261 1176 non
1276 1150 1387 1176 timeam
1408 1147 1576 1176 occidentem
1599 1148 1747 1177 inimicum
1774 1159 1786 1176 ›

981 1193 1010 1216 ut
1045 1190 1171 1219 observat
1206 1193 1235 1221 S.
1272 1194 1442 1230 Augustinus
1471 1194 1505 1221 ad
1532 1194 1669 1229 psalmum
1700 1203 1783 1222 thn.

986 1240 1045 1268 Non
1068 1240 1134 1268 illud
1160 1240 1265 1273 voluit,
1296 1240 1412 1275 opinor.
1440 1240 1482 1267 vir
1502 1239 1699 1274 doctissimus;
1725 1248 1786 1268 non

985 1294 1044 1313 eam
1057 1287 1186 1320 pietatem
1210 1290 1258 1313 aut
1285 1286 1449 1313 modestiam
1466 1285 1597 1320 postulat,
1611 1286 1658 1313 sed
1672 1293 1708 1314 ne
1731 1294 1783 1313 ve-

985 1337 1055 1360 taret
1071 1332 1129 1360 hzec
1141 1332 1314 1360 Christianos
1321 1331 1669 1360 iacere.Verumenimvero
1681 1332 1785 1367 quidni

986 1378 1031 1406 ille
1051 1383 1140 1411 vetet,
1174 1378 1249 1413 quod
1279 1385 1360 1406 nemo
1388 1378 1508 1413 expetit?
1521 1383 1568 1405 aut
1584 1386 1671 1413 quare
1687 1378 1735 1405 alii
1756 1378 1782 1405 id

985 1430 1126 1458 nunquam
1142 1423 1319 1458 expetebant,
1336 1423 1389 1450 nisi
1406 1423 1480 1458 quod
1500 1423 1576 1458 ipsos
1599 1423 1717 1452 minime
1729 1424 1783 1453 de-

985 1475 1047 1496 cere
1068 1467 1218 1503 putabant?
1237 1472 1264 1495 et
1280 1468 1377 1503 quidni
1392 1468 1461 1496 alios
1487 1468 1514 1495 id
1542 1473 1635 1503 petere
1652 1469 1728 1496 nolle
1750 1475 1784 1497 se

986 1514 1170 1548 signiﬁcarent
1181 1535 1189 1547 ,
1200 1514 1274 1550 quod
1293 1514 1345 1549 ipsi
1362 1515 1423 1542 sine
1438 1515 1580 1550 religionis
1592 1523 1650 1543 suae
1672 1523 1781 1551 oppro-

984 1560 1044 1588 brio
1061 1565 1152 1595 petere
1167 1568 1220 1588 non
1236 1561 1365 1596 possent?
1381 1561 1404 1588 Α
1416 1561 1549 1589 Romanis
1559 1563 1627 1596 petit
1643 1562 1783 1597 lgnatius,

984 1613 1015 1636 ut
1031 1609 1124 1636 sinant
1145 1616 1208 1636 eum
1231 1603 1362 1644 martyrio
1381 1608 1438 1643 jam
1452 1613 1548 1644 parato
1563 1609 1630 1643 frui,
1644 1614 1675 1636 ut
1689 1609 1780 1638 Deum

983 1659 1062 1683 orent
1075 1663 1130 1690 quo
1145 1661 1274 1690 tanquam
1289 1660 1366 1691 grata
1377 1655 1402 1683 ei
1416 1655 1506 1683 hostia
1522 1655 1666 1689 oﬂ'eratur,
1682 1661 1713 1684 ut
1723 1657 1780 1691 ipsi

983 1706 1111 1729 mternam
1130 1701 1283 1728 mercedem
1307 1709 1361 1728 non
1387 1701 1529 1729 invideant
1553 1709 1605 1729 nec
1625 1702 1781 1736 impediant

983 1755 1045 1774 eum
1060 1754 1117 1782 quo
1137 1746 1229 1774 minus
1253 1744 1489 1774 immor'talitatem
1510 1747 1603 1774 statim
1621 1754 1779 1782 consequa-

983 1797 1038 1820 tur.
1057 1792 1114 1821 Hoc
1126 1793 1258 1828 impedire
1275 1793 1376 1821 diaboli
1395 1801 1464 1828 opus
1483 1801 1546 1822 esse
1562 1794 1659 1826 docet,
1678 1797 1707 1821 et
1722 1794 1779 1820 odii

983 1840 1044 1875 plus
1060 1839 1161 1867 habere
1176 1847 1258 1874 quam
1271 1839 1415 1868 eharitatis
1429 1839 1605 1868 Christiana.
1624 1839 1689 1868 Haec
1701 1848 1779 1868 sum-

985 1893 1029 1913 ma
1053 1893 1149 1914 eorum
1165 1893 1226 1921 qua:
1250 1894 1265 1914 a
1284 1886 1342 1914 suis
1359 1887 1427 1921 petit
1448 1887 1482 1914 ad
1500 1887 1604 1915 bestias
1614 1887 1780 1922 damnatus,

982 1932 1098 1959 vinculis
1127 1931 1267 1967 illigatus.
1294 1932 1327 1959 ad
1346 1932 1510 1967 supplicium
1542 1938 1650 1968 raptus,
1676 1934 1779 1962 merito

982 1976 1202 2012 gloriosissimus
1216 1981 1330 2013 martyr.
1347 1976 1413 2011 Quae
1430 1978 1523 2005 omnia
1534 1978 1605 2006 adeo
1627 1986 1643 2006 a
1657 1979 1780 2014 juvenili

982 2021 1090 2048 levitate
1106 2021 1253 2056 animoque
1268 2022 1407 2056 praecipite
1422 2022 1584 2056 abhorrent,
1603 2029 1634 2051 ut
1651 2025 1779 2053 subacta:

982 2071 1009 2093 et
1027 2066 1096 2094 bene
1112 2066 1231 2094 fundata:
1247 2068 1425 2100 constantiae,
1443 2068 1557 2102 spiritus
1574 2070 1634 2096 zelo
1651 2069 1702 2098 Dei
1722 2070 1780 2098 fer-

981 2112 1081 2145 ventis,
1096 2113 1180 2140 animi
1205 2112 1238 2140 ad
1254 2112 1346 2140 futura
1362 2114 1461 2149 gaudia
1476 2114 1643 2146 anhelantis,
1658 2123 1692 2144 ac
1718 2117 1780 2151 ple-

982 2161 1108 2195 rophoria
1125 2160 1186 2188 ﬁdei
1203 2161 1237 2188 de
1254 2161 1365 2196 praemio
1381 2165 1485 2190 aeterno
1508 2163 1658 2190 certissimi
1686 2165 1781 2191 maui-

981 2204 1129 2232 festissima
1149 2205 1250 2233 indicia
1271 2205 1365 2233 haberi
1381 2210 1408 2233 et
1422 2207 1530 2241 possint
1550 2212 1577 2234 et
1592 2208 1722 2237 debeant.
1748 2209 1779 2236 Si

946 2251 968 2279 D
984 2249 1012 2278 S.
1034 2251 1136 2278 Paulus
1157 2259 1220 2278 cum
1238 2250 1348 2279 vincula
1369 2257 1474 2279 tantum
1496 2253 1676 2288 praevideret,
1690 2259 1718 2282 et
1729 2256 1782 2283 ad-

981 2297 1035 2324 huc
1047 2296 1119 2331 apud
1132 2304 1197 2324 suos
1214 2301 1298 2330 esset,
1313 2297 1466 2333 discipulos
1483 2306 1546 2325 eum
1562 2299 1598 2326 ab
1614 2299 1715 2327 itinere
1728 2301 1781 2328 de-

981 2347 1113 2370 terrentes
1130 2343 1301 2378 objurgavit,
1317 2343 1411 2371 diccns
1425 2353 1432 2371 :
1446 2344 1518 2376 Quid
1535 2344 1625 2379 facilis
1643 2345 1738 2379 ﬂentes
1753 2351 1781 2372 et

980 2387 1121 2423 aﬂiigentes
1139 2396 1184 2414 cor
1198 2390 1307 2415 meum?
1328 2389 1352 2416 si
1368 2389 1413 2415 ille
1427 2391 1563 2416 rationem
1579 2389 1663 2424 ltujus
1680 2391 1781 2425 objur-

980 2434 1098 2467 gationis
1115 2434 1187 2461 hanc
1201 2435 1292 2462 statim
1307 2434 1443 2462 reddidit:
1462 2434 1519 2469 Ego
1533 2435 1604 2461 enim
1619 2443 1671 2462 non
1686 2437 1777 2463 solum

980 2478 1100 2514 alligari,
1127 2480 1174 2506 sed
1197 2486 1223 2507 et
1248 2480 1315 2507 mori
1338 2481 1365 2507 in
1388 2479 1539 2507 Jerusalem
1559 2485 1675 2515 paratus
1698 2490 1778 2514 sum,

979 2530 1085 2560 propter
1100 2534 1191 2553 nomen
1211 2525 1319 2553 Domini
1334 2527 1399 2554 Jesu
1412 2533 1421 2552 :
1436 2526 1458 2553 si
1475 2526 1606 2561 discipuli
1620 2528 1686 2554 huic
1703 2527 1779 2554 diem

980 2571 1184 2605 acquieverunt,
1192 2571 1329 2600 dicentes;
1339 2571 1444 2598 Domini
1453 2572 1633 2607 volun-‘asﬁal
1640 2572 1676 2606 “,
1691 2573 1774 2600 tiden-

980 2620 1031 2649 tes,
1049 2617 1162 2649 scilicet,
1172 2617 1315 2652 passiones
1323 2618 1356 2646 ad
1368 2619 1538 2645 voluntatem
1556 2617 1604 2645 Dei
1617 2619 1776 2653 pertinere:

980 2670 1035 2690 non
1053 2663 1125 2690 enim
1151 2663 1351 2691 dehortationis
1381 2665 1515 2697 consilio,
1542 2664 1591 2692 sed
1616 2665 1778 2693 dilectionis

980 2708 1098 2736 retinere
1118 2713 1306 2743 tentaverant,
1330 2714 1359 2737 ut
1384 2710 1540 2745 apostolum
1567 2710 1777 2744 desiderantes,

979 2762 1034 2781 non
1062 2759 1091 2782 ut
1108 2756 1270 2791 martyrium
1290 2756 1500 2791 dissuadentes;
1526 2757 1626 2792 quidni
1650 2756 1681 2784 S.
1697 2756 1778 2793 lgna—

981 2800 1034 2827 tius
1047 2800 1081 2827 ab
1093 2802 1152 2835 ipso
1167 2802 1333 2836 imperatore
1351 2803 1519 2838 jampridem
1535 2803 1700 2838 damnatus,
1711 2811 1727 2830 a
1743 2803 1780 2830 ie.-

980 2847 1142 2876 rocicntium
1167 2849 1284 2877 militum
1306 2856 1388 2878 manu
1405 2849 1441 2877 ad
1467 2850 1638 2885 supplicium
1654 2855 1777 2883 tractus,
