1850 3072
60 174 109 202 7ιῦΞὶ

434 175 459 202 .l.
482 174 663 203 PEARSONII
677 163 840 204 VlNDlCl/E
862 159 1075 204 IGNA'TIANA‘J.
1093 190 1128 195 —
1146 172 1236 201 PARS
1255 173 1286 200 ll.

1642 174 1694 201 566

62 234 175 261 omnium
191 232 291 262 Romae
311 234 538 263 Christianorum
561 235 768 264 miserationem
791 243 851 263 cer-
865 238 887 266 Α
904 239 994 270 tyrum
1007 235 1078 262 forte
1090 235 1232 270 epistolas,
1245 234 1457 270 adeoqueverba
1477 241 1530 261 non
1544 233 1693 265 habemus;

62 281 163 308 tissime
178 285 386 313 commoturus.
411 286 437 308 et
462 287 611 316 conspectu
640 282 782 310 sordidato
811 286 852 309 te-

62 327 192 354 nerrimos
213 335 314 355 eorum
347 327 463 356 affectus
485 329 666 361 excitaturus,
683 329 709 356 in
727 334 851 357 anteces-

62 382 118 401 sum
132 381 180 401 eos
192 378 330 405 moneret,
340 381 376 401 ne
390 373 476 410 ipsius
487 381 537 402 cor
552 374 716 410 amigerent,
733 383 767 402 ne
779 382 853 402 mor-

63 424 112 446 tem
137 419 190 447 sibi
219 420 461 455 exoptatissimam
488 426 601 456 propter
625 428 724 449 nomen
741 421 850 449 Domini

60 465 120 493 Jcsu
136 466 235 502 quovis
252 466 338 494 modo
366 467 541 502 impedirent,
565 468 612 496 scd
627 469 718 503 potius
739 468 854 496 allectus

60 520 124 540 suos
143 517 362 547 componerent,
390 513 525 548 patienter
540 513 765 548 acquiescerent,
780 514 854 542 dice-

60 563 186 594 rentque,
204 559 314 586 Domini
331 559 453 587 voluntas
465 559 575 592 ᾑτιιῖδί
593 560 721 589 Christus
741 561 798 596 ipse
819 561 854 589 ad

60 609 174 632 mortem
191 604 285 632 crucis
306 603 539 637 festinans,l’etro
557 605 657 632 dicenti
669 614 675 632 :
687 605 779 637 Ἵλεώς
795 614 853 638 σοι,

59 650 157 687 Κύριε,
168 649 241 677 dixit
265 649 338 676 Vade
357 654 414 684 post
427 658 476 681 me,
492 649 593 677 Salano
602 650 642 681 ";
657 650 753 685 quidni
771 650 853 678 etiam

61 697 203 726 Romanos
220 700 348 723 moneret
367 695 496 731 lgnatius,
514 696 646 730 impedire
670 701 784 724 mortem
804 704 855 732 pro

60 742 163 770 Christi
188 741 302 769 nomine
329 745 484 776 susceptam
517 740 618 769 diaboli
652 741 746 777 potius
771 750 854 777 quam

60 788 212 816 Christiani
228 787 349 815 hominis
366 795 436 822 opus
452 788 532 815 esse?
547 787 585 815 Ea
605 793 679 816 certe
699 796 778 816 mens
792 792 853 816 erat

60 834 199 870 Origenis,
217 834 271 862 viri
287 834 367 862 toties
385 833 506 870 martyrii
519 833 757 870 candidati,cujus
769 836 851 863 verba

61 882 87 908 in
105 880 244 908 Numeros
262 879 375 908 humilia
397 879 502 908 decima
519 880 577 908 haec
596 885 660 908 sunt
676 889 682 907 :
699 890 708 906 ι
723 880 784 908 Ideo
798 881 855 909 dia-

61 927 142 955 bolus
157 927 252 955 sciens
275 933 324 961 per
348 925 505 961 passionem
518 926 641 962 martyrii
663 927 854 955 remissionem

60 973 117 1000 fieri
134 977 326 1008 peccatorum,
341 979 397 999 non
412 972 471 999 vult
485 972 564 999 nobis
575 972 699 1007 publicas
712 972 854 1007 gentilium

59 1017 270 1053 persecutiones
287 1024 408 1044 morere.
433 1016 492 1044 Scit
515 1017 589 1044 enim
605 1018 670 1052 quia
689 1017 712 1045 si
728 1017 762 1044 ad
778 1025 855 1053 reges

59 1068 86 1089 et
96 1063 233 1098 praesides
249 1061 420 1090 adducamur
435 1066 545 1098 propter
562 1070 661 1090 nomen
678 1062 782 1090 Christi
795 1083 802 1095 ,
821 1063 854 1091 ad

61 1109 256 1137 testimonium
282 1108 385 1137 Iudaeis
412 1114 440 1137 et
465 1109 611 1145 gentibus.
628 1109 757 1144 gaudium
775 1109 855 1138 nohis

59 1160 87 1181 et
100 1155 253 1183 exsultatio
269 1155 310 1187 fit,
323 1155 388 1190 quia
401 1162 506 1182 merces
522 1159 616 1182 nostra
628 1154 714 1182 multa
735 1155 762 1182 in
778 1156 855 1183 caelis

59 1207 111 1229 est.
137 1201 204 1230 Haec
241 1209 296 1229 non
323 1202 389 1230 facit
420 1201 563 1235 inimicus,
598 1201 638 1229 vel
671 1202 736 1237 quia
762 1202 855 1236 gloriae

60 1253 163 1276 nostm
192 1248 309 1280 invidet,
333 1248 377 1276 vel
399 1247 524 1276 fortassis
554 1248 618 1283 quia
635 1248 679 1276 ille
698 1249 745 1283 qui
759 1249 854 1276 omnia

60 1295 204 1330 praevidet,
232 1298 262 1322 et
284 1294 433 1329 praenoscit
458 1301 509 1321 nos
543 1301 598 1321 non
615 1301 677 1322 esse
690 1294 805 1322 idoneos
821 1294 855 1322 ad

61 1340 230 1377 martyrium
260 1340 445 1368 tolerandum.
464 1349 474 1366 ι
498 1339 588 1368 Aliam
608 1340 690 1368 etiam
720 1341 855 1369 rationem

63 1388 111 1416 lib.
124 1395 176 1415 vni
204 1392 299 1414 contra
326 1386 433 1414 Celsum
447 1385 543 1419 aﬂ‘ert,
564 1394 649 1421 quare
664 1386 790 1415 diabolus
806 1395 856 1422 pu-

62 1435 147 1463 blicas
160 1434 303 1470 gentilium
313 1433 518 1469 persecutiones
530 1433 695 1462 Christianis
708 1434 855 1469 aliquando

62 1488 173 1509 movere
207 1480 302 1513 nollet,
329 1484 356 1508 et
378 1481 542 1508 sententiam
569 1488 646 1508 suam
664 1480 691 1508 in
709 1480 783 1508 hunc
800 1488 856 1508 mo-

63 1527 128 1555 dum
151 1526 293 1562 depromit
307 1536 313 1554 :
326 1525 399 1561 Ἐγὼ
408 1526 431 1553 δ’
445 1524 521 1562 οἶμαι
532 1526 574 1553 ὅτι
587 1526 743 1562 αἰσθόμενοι
759 1527 784 1553 οἱ
798 1526 856 1554 δαί-

65 1583 152 1608 μονες,
169 1575 213 1600 ὅτι
226 1573 252 1600 οἱ
279 1573 330 1609 μὲν
344 1572 474 1605 νικῶντες
500 1573 547 1600 καὶ
572 1573 607 1600 δι’
624 1573 766 1600 εὐσέὸειαν
791 1574 857 1601 ἁπο-

64 1619 228 1655 θνήσκοντες
253 1618 430 1654 καθαιροῦσιν
453 1619 544 1646 αὐτῶν
565 1619 614 1654 τὴν
640 1618 813 1646 δυναστείαν·
831 1619 857 1645 οἱ

63 1666 91 1693 δὲ
106 1666 152 1693 διὰ
170 1667 238 1698 τοὺς
256 1666 355 1698 πόνους
374 1665 526 1701 ἡττώμενοι
555 1666 601 1692 καὶ
626 1666 676 1701 τὴν
704 1665 860 1692 θεοσέϐειαν

64 1714 228 1750 ἀρνούμενοι
252 1713 405 1749 ὑποχείριοι
427 1713 541 1745 ἐκείνοις
563 1712 704 1747 γίνονται,
732 1711 790 1738 ἔσθ’
811 1711 856 1738 ὅτε

63 1759 319 1796 προσφιλονεικοῦσι
337 1761 394 1791 τοῖς
419 1751 643 1795 παράδιδομένοις
671 1759 854 1794 Χριστιανοϊς.

68 1817 77 1833 ι
93 1807 229 1843 Equidem
253 1807 353 1842 opinor
378 1806 517 1834 daemonas
529 1826 537 1840 ,
551 1810 582 1833 ut
607 1805 655 1840 qui
673 1805 794 1832 sentiunt
808 1811 859 1832 no-

64 1855 137 1882 xiam
153 1861 219 1882 esse
231 1853 360 1890 potentia:
371 1861 429 1881 suze
439 1853 547 1888 piorum
561 1852 716 1884 victoriam,
731 1859 860 1880 succum-

65 1900 160 1929 bentes
168 1905 262 1928 autem
275 1900 303 1927 in
318 1900 372 1927 hoc
384 1899 535 1927 certamine
545 1899 682 1933 fidemque
691 1898 858 1933 abnegantes

65 1947 132 1982 ipsis
159 1946 223 1975 ﬁeri
245 1946 398 1978 obnoxios,
413 1945 550 1973 interdum
575 1945 667 1972 favere
692 1949 720 1972 et
745 1944 858 1972 adlabo-

64 2001 125 2021 rare
145 1992 318 2021 Christianis
342 1992 371 2020 in
385 1991 499 2028 judicio.
516 2001 526 2018 ι
541 1991 642 2019 Eadem
666 1990 696 2018 S.
715 1990 860 2026 Augustini

65 2049 142 2069 mens
164 2040 236 2074 fuit,
260 2040 309 2075 qui
334 2039 394 2067 haec
413 2040 448 2067 de
465 2047 566 2074 magno
590 2043 710 2074 martyre
728 2037 859 2066 Africano

65 2088 178 2124 scripsit
194 2095 203 2115 :
222 2095 233 2113 ι
250 2085 370 2114 Noverat
393 2085 549 2122 Cyprianus
578 2093 641 2113 cum
663 2093 678 2112 a
695 2084 860 2120 proconsule

66 2133 219 2161 audiretzt
239 2131 361 2160 Consule
397 2131 458 2163 tibi,
477 2141 487 2156 ι
505 2131 578 2166 quod
605 2137 671 2158 caro
696 2134 722 2157 et
748 2129 860 2164 sanguis

64 2179 176 2207 dicebat
193 2177 304 2210 stolide,
314 2177 366 2205 hoc
377 2177 516 2205 diabolum
525 2177 616 2204 dicere
631 2175 762 2204 subdole:
778 2179 860 2209 atque

65 2225 228 2253 intuebatur
256 2223 284 2251 in
303 2231 360 2251 uno
379 2231 495 2258 corpore
511 2223 592 2255 duos,
608 2222 691 2250 istum
703 2221 803 2254 oculis,
821 2220 857 2247 ii-

64 2271 122 2298 ium
134 2271 201 2298 fide.
213 2269 331 2297 Nolebat
345 2277 407 2297 eum
420 2269 471 2297 iste
487 2269 575 2302 mori,
590 2268 701 2295 nolebat
717 2267 762 2294 ille
781 2274 861 2294 coro-

65 2317 137 2345 nari.
150 2315 275 2344 Proinde
285 2315 357 2343 circa
373 2315 458 2343 istum
469 2315 610 2350 placidus,
623 2315 696 2342 circa
714 2322 777 2342 eum
796 2322 862 2341 cau-

67 2369 111 2391 tus
130 2373 137 2390 :
150 2362 218 2391 huic
234 2365 328 2397 aperte
340 2361 543 2398 respondebat,
558 2366 585 2388 et
605 2361 682 2388 illum
696 2365 788 2396 aperte
799 2361 861 2388 vin-

67 2410 156 2438 cebat.
177 2418 188 2435 ι
207 2407 282 2436 Nihil
299 2408 383 2444 igitur
400 2407 521 2444 lgnatius
543 2407 721 2436 sanctissimo
743 2412 862 2442 martyre

67 2457 224 2492 indignum,
249 2455 318 2482 nihil
340 2455 499 2482 indecorum
522 2461 537 2482 a
560 2453 692 2481 Romanis
709 2453 810 2488 exigit,
830 2452 861 2479 οὐ

68 2502 291 2540 προσδεξάμενος
311 2501 361 2538 τὴν
390 2500 596 2536 ἀπολύτρωσιν,
628 2509 637 2524 ι
657 2507 711 2527 ιιοη
724 2502 862 2533 acceptata

69 2549 244 2578 liberatione.
260 2558 270 2574 ι

105 2595 159 2623 Sed
176 2595 272 2623 talium
289 2594 437 2622 verborum
454 2592 559 2620 nullum
575 2592 603 2619 in
621 2592 697 2619 omni
712 2596 862 2626 martyrum

70 2642 294 2670 Christianorum
309 2640 389 2676 copia
417 2639 574 2675 exemplum
600 2643 709 2666 exstare
737 2637 865 2665 meminit

70 2688 198 2716 Dallazus.
215 2687 357 2716 Fortasse.
375 2685 474 2714 Melius
490 2686 632 2714 enimvero
654 2685 734 2713 nobis
751 2683 865 2712 consul-

71 2740 128 2763 tum
157 2740 210 2767 est.
242 2741 327 2770 quam
353 2737 385 2761 ut
411 2732 667 2768 antiquissimorum
691 2735 862 2766 martyrum,

70 2789 187 2817 quorum
205 2780 337 2816 sanguini
361 2783 470 2807 tantum
492 2786 601 2813 semper
625 2777 721 2805 debuit
741 2776 864 2804 Ecclesia

70 2828 182 2860 Christi,
205 2830 390 2855 monumenta
414 2833 449 2853 ex
470 2825 555 2853 unius
580 2824 704 2852 hominis
731 2823 865 2850 memoria

70 2874 229 2909 penderent,
244 2877 294 2901 aut
307 2871 418 2906 spiritui
427 2870 638 2907 subjicerentur.
647 2869 771 2898 Aliorum
788 2875 864 2896 mar—

109 2931 237 2960 IIMatth.
257 2938 316 2965 nt,
331 2929 379 2957 23.

870 1587 892 1616 C

879 2279 898 2304 ll

905 281 977 309 Deus
1001 281 1047 308 det
1067 285 1097 308 ut
1124 281 1212 309 indies
1228 281 1306 316 plura
1322 281 1383 316 ejus
1399 280 1507 316 generis
1521 279 1602 307 nobis
1616 279 1697 306 inno-

904 332 1029 360 tescant;
1056 335 1113 355 rem
1138 328 1225 363 ipsam
1242 332 1332 354 tamen
1347 332 1489 359 tenemus,
1502 326 1577 361 quod
1594 330 1697 361 marty-

905 382 949 402 res
974 374 1027 409 ipsi
1055 374 1158 402 fervide
1173 373 1258 401 Deum
1275 374 1391 401 orabant
1415 379 1445 401 ut
1467 373 1598 408 martyrio
1621 372 1697 400 frue-

905 425 1010 453 rentur,
1040 421 1170 455 petebant
1193 420 1294 447 obnixe
1322 428 1337 446 a
1360 419 1484 447 fidelibus
1501 424 1530 447 ut
1548 419 1630 447 ctiam
1656 418 1696 446 illi

905 474 919 494 τι
937 466 992 494 Deo
1010 467 1081 494 idem
1106 467 1254 502 impetrare
1280 471 1464 499 conarentur;
1482 466 1506 494 si
1527 473 1597 501 quos
1618 465 1695 494 vide-

905 517 966 540 rent
983 517 1079 540 contra
1103 513 1245 547 postulare
1266 517 1293 540 et
1309 517 1453 548 cuperent
1469 513 1629 548 martyrium
1647 520 1697 547 po-

906 559 960 586 tius
987 559 1132 591 evitarcnt,
1162 558 1190 587 id
1213 559 1437 586 constantissime
1467 559 1648 592 recusabant,
1668 562 1697 586 et

906 604 1029 631 omnium
1050 610 1111 632 vota
1136 611 1285 640 precesque
1311 604 1531 632 contemnebant.
1554 604 1696 632 Celerinus

906 650 1052 678 confessor
1066 651 1098 678 ad
1113 651 1264 678 Lucianum
1279 650 1465 678 confessorem
1479 651 1549 678 inter
1565 651 1696 686 epistolas

907 696 937 724 S.
950 697 1121 733 Cyprianiei
1143 707 1150 724 :
1172 706 1182 723 ι
1198 697 1261 725 Pete
1275 702 1303 725 Iit
1317 697 1368 724 sim
1382 697 1481 732 dignus
1495 700 1522 724 et
1543 704 1594 732 ego
1615 704 1695 724 coro-

906 743 966 770 nari
980 750 1042 770 cum
1061 750 1177 770 numero
1195 747 1297 770 vestro.
1312 752 1320 768 ι
1343 743 1374 770 Et
1391 750 1507 770 rursus:
1529 751 1538 768 ι
1558 742 1580 770 0
1593 747 1620 770 te
1640 741 1697 770 feli-

906 796 976 821 cem.
995 789 1105 823 suscipe
1117 793 1163 816 tua
1177 793 1249 820 vota.
1263 796 1324 824 qua:
1336 796 1445 824 semper
1465 788 1640 821 desiderasti,
1654 788 1695 815 vel

908 833 938 860 in
970 839 1042 861 terra
1078 833 1241 862 dormiens:
1269 834 1369 870 optasti
1395 842 1445 869 pro
1473 833 1584 861 nomine
1622 833 1696 861 illius

908 880 935 907 in
959 887 1096 908 carcerem
1127 881 1214 914 mitti,
1244 881 1317 916 quod
1348 888 1420 908 nunc
1455 880 1501 907 tibi
1540 879 1694 915 contingit,

907 927 979 955 sicut
1002 930 1133 962 scriptum
1151 932 1214 955 est:
1233 927 1283 955 Det
1296 927 1343 955 tibi
1367 927 1438 955 Deus
1470 927 1621 955 secundum
1647 933 1696 954 cor

907 978 996 1001 tuum.
1017 983 1027 999 ι
1047 973 1124 1007 Quod
1145 974 1168 1002 si
1192 973 1308 1002 dixisset
1332 973 1361 1001 S.
1377 973 1498 1008 lgnatius
1516 983 1523 1000 :
1541 983 1549 998 ι
1566 972 1615 1000 Det
1628 973 1695 1000 mihi

907 1020 978 1048 Deus
998 1020 1148 1048 secundum
1167 1027 1216 1048 cor
1235 1027 1325 1047 meum
1339 1041 1346 1053 ,
1364 1029 1374 1046 ι
1390 1024 1508 1055 quantas
1533 1019 1577 1047 hic
1599 1019 1696 1046 turbas

905 1067 1052 1094 excitasset
1079 1066 1210 1094 Dallreus!
1231 1066 1307 1094 Fecit
1327 1066 1372 1094 ille
1393 1066 1531 1094 Lucianus
1548 1066 1696 1094 confessio-

906 1120 967 1140 nem
994 1113 1130 1145 floridam,
1145 1120 1218 1148 qum,
1234 1113 1257 1140 si
1279 1120 1353 1140 nunc
1380 1116 1509 1145 exstaret,
1528 1120 1583 1139 non
1600 1112 1697 1140 dubito

906 1159 971 1194 quin
1000 1159 1096 1187 iisdem
1119 1159 1330 1194 exceptionibus
1351 1159 1469 1186 obnoxia
1496 1162 1586 1191 esset;
1607 1159 1696 1194 magis

905 1206 978 1233 enim
995 1206 1075 1234 decet
1096 1211 1241 1242 martyres,
1255 1211 1285 1233 ut
1296 1206 1402 1239 volunt,
1416 1205 1617 1234 confessionem
1634 1213 1696 1233 mo-

905 1252 1022 1283 destam,
1039 1260 1121 1287 quam
1139 1252 1263 1280 floridam
1278 1252 1378 1280 facere.
1396 1251 1434 1280 De
1451 1252 1480 1279 S.
1498 1251 1640 1279 Felicitate
1655 1252 1696 1279 Ie-

909 1297 1000 1332 gimus
1023 1305 1083 1324 eam
1098 1303 1281 1333 praegnantem
1297 1298 1381 1326 fuisse
1396 1298 1594 1334 apprehensum
1607 1307 1615 1331 ;
1630 1298 1696 1333 quid

906 1342 1000 1378 igitur,
1017 1351 1051 1370 an
1067 1347 1128 1369 orat
1144 1347 1174 1370 ut
1185 1343 1247 1375 sibi,
1263 1347 1293 1369 ut
1314 1343 1454 1370 innocenti
1469 1342 1613 1378 cmbryoni
1627 1349 1691 1377 par—

906 1393 987 1416 catur
1001 1389 1013 1415 l
1029 1388 1156 1422 Minime;
1176 1397 1186 1414 ι
1201 1396 1263 1416 cum
1277 1393 1340 1416 octo
1358 1396 1464 1416 menses
1480 1395 1559 1416 suum
1576 1392 1697 1415 ventrem

906 1435 1038 1468 haberet,
1054 1434 1173 1462 instante
1193 1434 1340 1470 spectaculi
1352 1434 1397 1462 die
1411 1434 1438 1461 in
1460 1441 1559 1470 magno
1579 1439 1640 1462 erat
1655 1433 1698 1461 Iu-

906 1486 963 1515 ctu,
977 1489 1011 1509 ne
1026 1486 1137 1517 propter
1156 1486 1277 1509 ventrem
1293 1480 1459 1514 differretur,
1473 1480 1538 1516 quia
1564 1488 1620 1508 non
1634 1480 1699 1508 licet

907 1532 1078 1563 praegnantes
1090 1534 1177 1563 paena:
1192 1526 1382 1562 repraesentari
1396 1535 1404 1559 ι
1418 1527 1494 1562 cupit
1516 1527 1592 1561 prius
1609 1526 1696 1561 mori,

908 1582 990 1609 quam
1010 1581 1057 1609 per
1074 1574 1135 1608 ipsa
1159 1573 1300 1608 gentilium
1320 1572 1421 1607 judicia
1449 1572 1559 1606 liceret;
1582 1572 1616 1600 dc
1632 1580 1696 1608 pas-

909 1621 986 1649 sione
1000 1621 1115 1653 lzetatur,
1128 1620 1162 1648 de
1176 1620 1305 1648 dilatione
1319 1620 1453 1655 queritur.
1467 1619 1507 1646 An
1520 1619 1616 1655 reliqui
1634 1620 1699 1648 fide-

909 1667 949 1694 les
962 1667 1064 1694 luctum
1076 1666 1149 1693 hunc
1165 1670 1295 1701 tanquam
1312 1665 1509 1700 importunum,
1525 1669 1552 1692 et
1568 1673 1602 1692 ex
1614 1669 1699 1692 teme-

909 1712 989 1740 ritate
1009 1716 1057 1739 aut
1087 1712 1243 1747 arrogantia
1276 1710 1429 1746 profectum
1456 1710 1699 1739 condemnabam?

909 1757 1020 1786 Minime
1040 1767 1046 1785 :
1064 1767 1074 1784 ‹
1094 1758 1141 1786 sed
1155 1762 1182 1785 et
1205 1762 1404 1793 commartyres
1421 1757 1538 1794 graviter
1549 1757 1698 1785 contrista-

909 1804 1019 1838 bantur,
1038 1811 1073 1831 ne
1089 1808 1144 1831 tam
1162 1804 1263 1830 bonam
1282 1804 1385 1831 sociam
1409 1805 1488 1839 quasi
1508 1804 1637 1831 comitem
1653 1811 1699 1831 so-

909 1850 963 1878 lam
989 1850 1016 1877 in
1039 1850 1082 1876 via
1105 1849 1229 1885 ejusdem
1252 1850 1311 1884 spei
1330 1850 1527 1885 relinquerent.
1545 1849 1698 1885 Conjuncto

909 1897 1002 1932 itaque
1017 1897 1094 1924 unito
1118 1897 1219 1933 gemitu
1231 1897 1265 1924 ad
1287 1896 1433 1924 Dominum
1450 1896 1602 1923 orationem
1620 1895 1700 1923 fude—

910 1946 974 1970 runt
989 1947 1052 1970 ante
1067 1943 1177 1970 tertium
1191 1943 1263 1970 diem
1282 1942 1416 1970 muneris.
1439 1941 1537 1969 Statim
1558 1945 1621 1976 post
1636 1948 1699 1968 ora-

909 1989 1012 2016 tionem
1025 1988 1134 2016 dolores
1148 1988 1319 2016 invasernnt.
1338 1997 1348 2014 ι
1369 1987 1438 2015 Ecce
1450 1987 1546 2023 quales
1560 1987 1699 2014 orationes

911 2034 1059 2062 fundebant
1081 2038 1146 2062 tunc
1159 2034 1290 2069 temporis
1303 2032 1486 2067 confessorcs,
1500 2033 1595 2068 quales
1611 2040 1626 2060 a
1643 2031 1699 2060 Deo

910 2080 1045 2108 exauditae
1052 2081 1125 2108 sunt!
1136 2080 1214 2113 tales.
1225 2081 1440 2116 scilicet,quales
1449 2079 1580 2116 lgnatius,
1590 2085 1620 2108 ut
1631 2080 1700 2107 nihil

911 2126 1073 2162 martyrium
1083 2127 1222 2162 impediat,
1238 2131 1268 2154 ut
1278 2127 1346 2154 nihil
1360 2126 1499 2154 festinanti
1510 2126 1542 2153 ad
1555 2126 1698 2160 praemium

912 2180 995 2200 mora:
1003 2172 1049 2200 sit.
1063 2171 1101 2199 Ita
1118 2172 1222 2200 nobiles
1231 2171 1268 2198 illi
1280 2171 1453 2200 confessores
1466 2171 1538 2206 apud
1551 2170 1700 2198 Eusebium

911 2218 988 2251 lib.v,
997 2226 1056 2253 cap.
1063 2218 1080 2245 2
1089 2218 1178 2245 ιΜετὰ
1184 2217 1309 2254 δακρύων
1319 2217 1489 2254 παρεκάλουν
1497 2218 1559 2250 τοὺς
1570 2217 1700 2253 ἀδελφοὺς

910 2264 1031 2300 δεόμενοι.
1039 2265 1083 2291 ἵνα
1094 2266 1212 2296 ἐκτενεῖς
1219 2264 1297 2300 εὐχαὶ
1305 2264 1431 2299 γίνωνται
1443 2264 1511 2300 πρὸς
1520 2264 1550 2290 τὸ
1557 2263 1702 2300 τελειωθῆ-

911 2319 955 2337 ναι
968 2310 1076 2343 αὐτούς.
1087 2321 1096 2336 ι
1108 2309 1229 2338 Profusis
1244 2310 1372 2346 lacrymis
1387 2310 1568 2338 obsecrabant
1585 2309 1700 2341 fratres,

913 2358 1088 2392 utcontinuat
1096 2358 1130 2386 ad
1143 2357 1228 2384 Deum
1242 2364 1336 2392 preces
1350 2357 1456 2390 ﬁerent,
1466 2356 1637 2391 quotandem
1650 2356 1702 2391 ipsi

913 2404 1118 2439 perficerentur.
1134 2413 1144 2429 ι
1161 2403 1199 2431 De
1212 2403 1241 2430 S.
1255 2403 1394 2439 Cypriano
1408 2402 1523 2430 Pontius
1534 2401 1596 2436 ejus
1606 2402 1702 2429 diaco-

914 2458 987 2478 nus:
1004 2460 1013 2476 ‹
1029 2449 1234 2478 Conveniebant
1247 2449 1356 2476 interim
1369 2449 1462 2484 plures
1479 2448 1580 2484 egregii
1600 2451 1628 2475 et
1645 2447 1702 2475 cla-

915 2496 1018 2524 rissimi
1037 2495 1158 2528 ordinis,
1175 2495 1223 2523 sed
1236 2499 1263 2522 ct
1283 2494 1375 2522 saeculi
1396 2493 1538 2522 nobilitate
1557 2493 1701 2529 generosi,

913 2542 960 2578 qui
974 2546 1085 2578 propter
1094 2541 1245 2569 amicitiam
1259 2548 1397 2569 secessum
1409 2540 1526 2568 subinde
1541 2540 1701 2573 suaderent;

913 2594 987 2616 etne
998 2595 1096 2622 parum
1111 2593 1184 2615 esset
1199 2586 1272 2614 nuda
1287 2586 1410 2618 suadela.
1422 2586 1504 2614 etiam
1520 2586 1580 2614 loca
1598 2586 1625 2613 in
1640 2594 1703 2622 qua:

914 2636 1064 2668 secederet,
1091 2635 1252 2662 offerebant.
1269 2643 1279 2660 ›
1302 2633 1361 2661 Non
1387 2641 1455 2661 curo
1471 2633 1537 2668 quid
1553 2633 1703 2661 adversarii

915 2682 1004 2710 nostri
1021 2682 1166 2713 dixissent,
1185 2680 1208 2707 si
1222 2687 1256 2707 eo
1276 2685 1398 2714 tempore
1420 2678 1591 2707 adfuissent:
1610 2687 1703 2714 quaero

915 2728 981 2764 quid
997 2727 1131 2755 fecerit
1149 2726 1312 2762 Cyprianus.
1333 2734 1342 2750 ‹
1361 2724 1408 2752 llle
1421 2731 1486 2752 vero
1498 2724 1555 2759 jam
1571 2725 1704 2752 mundum

916 2782 1049 2810 suspensa
1064 2774 1098 2801 ad
1112 2774 1212 2801 cmlum
1231 2777 1322 2800 mente
1339 2772 1505 2807 neglexerat,
1521 2779 1572 2799 nec
1585 2771 1706 2800 suadelis

916 2820 1122 2849 blandientibus
1148 2818 1304 2851 annuebat.
1349 2817 1471 2845 Fecisset
1498 2816 1614 2845 fortasse
1640 2821 1706 2844 tunc

917 2868 1010 2901 etiam,
1025 2866 1097 2902 quod
1113 2874 1127 2894 a
1147 2865 1272 2902 pluribus
1287 2868 1314 2892 et
1329 2863 1454 2892 fidelibus
1467 2863 1626 2899 petebatur;
1642 2862 1666 2891 si
1678 2867 1706 2891 et
