1850 3072
146 174 198 203 367

636 169 663 196 S.
686 168 858 196 ICNATIUS.
877 183 911 187 —-
925 164 1188 193 PROLEGOMENA.

1727 159 1776 187 568

147 235 241 261 divino
265 233 380 268 imperio
404 232 554 268 iuberetur.
573 241 581 256 ι
605 230 674 258 Nam
702 235 733 257 ut
750 230 807 265 ipse
818 228 932 256 Pontius
948 231 971 259 Α
986 227 1077 254 clesim
1093 226 1278 254 vetustissima
1295 225 1409 261 epistola
1431 227 1643 260 reprzesentatur
1663 221 1779 249 Germa~

146 281 226 308 docet
243 289 269 308 In
286 280 378 315 priore
392 287 523 308 secessu;
548 288 556 304 ι
577 277 693 305 Domino
715 277 846 304 latebram
868 280 933 302 tunc

144 326 250 360 jubenti
272 325 373 360 paruit.
391 334 400 351 ι
419 324 540 359 Populus
553 327 643 350 autem
656 322 743 350 fidelis
757 321 932 357 S.Cypriano

145 372 180 400 ad
202 371 366 406 supplicium
388 371 471 398 ducto
499 374 604 397 tantum
632 369 746 396 aberam
772 367 806 394 ab
827 366 932 393 orando

147 417 231 445 Deum
250 421 279 444 ut
300 417 338 444 illi
359 420 535 451 parceretur.
551 419 599 442 aut
620 414 718 449 quovis
736 413 818 440 modo
833 417 933 447 marty-

146 463 215 490 rium
234 461 416 497 impediendo,
444 465 475 488 ut
502 460 584 488 simul
599 467 662 487 cum
689 459 736 486 iTlo
751 462 843 493 potius
861 459 932 485 mori

145 513 285 544 cuperent.
313 518 322 534 ι
338 507 470 540 Quamvis
501 507 576 534 enim
601 514 656 534 non
684 505 803 541 potuerit
824 505 932 532 evenire

144 555 216 590 quod
232 554 363 589 optabant
379 558 442 580 vota
461 551 630 584 communia,
648 556 678 578 ut
697 551 836 578 consortio
858 550 931 585 paris

144 601 239 635 gloriae
263 599 345 627 simul
363 599 440 633 plebs
460 602 517 626 tota
536 601 691 632 pateretur;
710 597 865 631 quicunque
881 595 932 623 sub

142 646 244 673 Christi
257 645 406 680 spectantis
430 644 518 673 oeulis
533 648 561 671 et
582 643 633 671 sub
650 643 763 671 auribus
782 643 930 670 sacerdotis

142 700 174 718 ex
191 691 285 718 animo
299 690 355 726 pati
373 689 468 722 voluit,
491 697 539 724 per
554 689 681 716 idoneum
701 689 754 715 voti
769 689 811 715 sui
834 692 930 715 testem

144 737 287 771 legationis
303 736 506 771 quodammodo
531 735 638 762 litteras
663 735 696 762 ad
712 733 796 762 Deum
816 734 900 762 misit.
919 745 928 760 ι

148 781 176 808 S.
197 782 380 817 Hieronymus
392 782 425 808 de
442 780 503 808 Vita
520 780 596 807 Pauli
611 779 738 808 Eremita:
753 790 759 807 2
777 790 786 807 ι
805 780 861 808 Sub
878 780 930 808 De-

142 836 186 855 CIO
202 832 230 856 et
245 827 388 855 Valeriano
400 827 620 863 persecutoribus
631 847 638 859 ,
652 835 708 862 quo
727 832 849 862 tempore
862 827 931 855 Cor-

143 875 232 903 uclius
249 874 352 907 Rontm,
371 880 398 901 et
410 874 563 910 Cyprianus
571 873 735 908 Carthagine
751 873 820 902 felici
833 881 930 901 cruore

142 921 265 948 damnati
281 925 356 952 sunt,
372 921 472 948 multas
489 920 561 955 apud
577 919 726 955 Algyptum
742 924 770 947 et
789 920 928 947 Thebaida

143 968 280 995 Ecclesias
295 972 442 1002 tempestas
464 974 535 994 smva
559 967 687 1002 populata
714 972 765 995 est.
785 967 847 995 Voti
864 972 929 994 tunc

142 1014 306 1042 Christianis
316 1019 384 1046 erat,
404 1022 452 1049 pro
468 1013 571 1043 Christi
587 1014 697 1042 nomine
708 1013 798 1048 gladio
813 1014 927 1049 percuti.

144 1059 245 1087 Verum
262 1060 351 1086 hostis
364 1059 491 1093 callidus,
502 1060 579 1087 tarda
599 1059 631 1086 ad
653 1063 771 1087 mortem
796 1059 929 1094 supplicia

143 1106 323 1141 conquirens,
338 1107 445 1134 animas
460 1106 587 1141 cupiebat
597 1105 738 1142 jugulare,
755 1113 810 1132 non
833 1113 930 1140 corpo-

143 1162 191 1186 ra;
209 1158 246 1184 et,
264 1157 293 1180 ut
305 1153 362 1187 ipse
377 1153 424 1187 qui
438 1152 473 1179 ab
487 1160 519 1179 co
537 1160 637 1186 passus
651 1158 693 1179 est
704 1152 858 1188 Cyprianus
873 1152 927 1178 ait:

145 1199 306 1229 Veientibus
322 1200 390 1226 mori
403 1207 456 1226 non
472 1199 681 1234 permittebatur
691 1198 789 1226 occidi.
803 1208 811 1224 ι
829 1198 928 1225 Notum

142 1252 185 1274 est
202 1251 229 1274 et
246 1246 312 1274 illud
324 1245 352 1272 S.
369 1245 511 1281 Polycarpi
527 1246 655 1280 martyris
671 1245 703 1272 ad
719 1245 910 1280 proconsulem
922 1266 929 1275 .

142 1299 216 1319 nunc
233 1292 352 1324 bestias,
365 1299 439 1319 nunc
459 1291 584 1319 ﬂammas
603 1291 641 1319 illi
659 1291 845 1325 minitantem,
862 1291 930 1318 ἀλλὰ

143 1338 168 1365 τί
192 1338 342 1374 βραδύνεις,
369 1338 435 1374 φέρε
454 1338 468 1365 ὃ
484 1338 582 1373 βούλει,
599 1349 608 1365 ι
627 1338 697 1372 Quid
718 1343 808 1365 autem
836 1346 930 1366 moras

144 1384 247 1412 trahis?
263 1384 329 1411 affer
352 1385 424 1418 quod
447 1385 514 1412 velis
524 1405 532 1416 ,
551 1395 559 1410 ι
578 1385 664 1412 ταῦτα
680 1385 726 1411 καὶ
737 1385 804 1412 ἄλλα
820 1385 931 1412 πλείονα

142 1430 230 1467 λέγων
255 1430 371 1466 θάρσους
396 1430 443 1457 καὶ
468 1432 555 1467 χαρᾶς
579 1431 785 1466 ἀνεπίμπλητο,
804 1440 812 1456 ι
833 1432 889 1458 haec
903 1436 931 1458 et

143 1477 221 1512 plura
236 1476 289 1504 alia
312 1484 374 1504 cum
389 1476 492 1504 diceret
507 1497 515 1508 ,
531 1477 630 1504 ﬁducia
648 1482 675 1504 et
695 1477 786 1504 laetitia
804 1477 930 1512 impletus

145 1528 198 1556 est,
214 1533 223 1549 ι
241 1528 270 1549 ιιι
282 1523 466 1551 vetustissima
478 1523 539 1559 eius
553 1523 620 1551 Acta
632 1529 775 1551 testantur.
792 1523 871 1551 Plura
885 1531 931 1550 au-

984 275 1078 306 nicus,
1092 274 1170 309 quasi
1184 274 1252 301 alter
1264 272 1384 308 lgnalius
1394 293 1401 304 ,
1420 272 1564 306 ἐπισήμως
1583 267 1778 305 θηριομαχῶν,

986 330 996 346 ι
1012 320 1127 356 insignis
1139 325 1166 348 et
1179 319 1278 348 nobilis
1293 319 1465 346 bestiarios.»
1479 317 1550 350 Quid
1562 320 1657 343 autem
1673 314 1782 349 judicio

983 367 1182 401 antiquissimte
1200 366 1330 394 Ecclesia:
1341 366 1485 400 ἐπίσημον,
1497 364 1603 399 insigne
1616 367 1668 390 aut
1689 360 1781 388 nobile

982 415 1009 441 in
1032 414 1092 448 ejus
1111 413 1242 449 martyrio
1258 412 1377 440 breviter
1399 412 1536 446 descripto
1553 407 1717 437 invenitur?
1739 408 1781 434 An

984 460 1088 495 placida
1104 464 1132 486 et
1142 459 1254 486 humilis
1270 463 1297 486 et
1310 458 1432 486 modesta
1452 457 1513 492 ejus
1529 457 1623 484 anima
1641 453 1780 482 describi-

983 511 1037 538 tur,
1049 514 1131 541 quam
1145 505 1231 534 solam
1245 505 1396 532 admiratur
1408 505 1434 531 in
1451 511 1502 530 suo
1514 506 1636 538 martyre
1643 500 1780 528 Dallazus?

981 550 1061 578 Nullo
1073 551 1168 578 modo:
1178 551 1224 577 sed
1235 550 1300 576 illud
1308 549 1409 584 potius,
1422 549 1494 584 quod
1503 553 1532 575 ut
1546 555 1685 583 praeceps,
1702 546 1776 582 quod

983 599 1158 634 utjuvenile,
1171 598 1244 633 quod
1261 603 1291 625 ut
1303 598 1359 624 leve
1373 598 1401 624 in
1413 597 1515 631 Ignatio
1534 597 1579 623 ille
1597 596 1778 623 condemnat.

982 645 1148 680 Βουλομένου
1177 644 1228 678 γὰρ
1248 643 1294 670 τοῦ
1311 643 1467 670 ἀνθυπάτου
1489 642 1594 668 πείθειν
1620 640 1708 668 αὐτὸν
1733 640 1779 667 καὶ

981 691 1081 726 λέγειν,
1093 691 1135 718 vel
1149 690 1176 717 λέ
1185 698 1284 724 [ον-τος,
1301 689 1350 725 τὴν
1362 689 1469 724 ἡλικίαν
1480 688 1562 715 αὑτοῦ
1573 689 1777 723 κατοικτεῖραι,

982 738 1071 773 ἐαυτῷ
1084 737 1258 764 ἐπεσπάσατο
1269 737 1299 763 τὸ
1314 736 1409 772 θηρίον
1422 734 1673 771 προσϐιασάμενος,
1698 738 1736 764 et,
1750 739 1778 760 ut

982 784 1063 811 habet
1077 783 1221 815 Eusebius,
1235 782 1400 818 παροξύνας.
1416 791 1425 807 ι
1437 781 1508 808 Cum
1525 781 1599 808 enim
1623 780 1775 815 proconsul

983 830 1090 857 ﬂectere
1107 837 1170 857 eum
1185 829 1274 861 vellet,
1291 829 1445 863 diceretque
1461 835 1490 855 se
1504 827 1593 854 aetatis
1608 826 1674 860 ejus
1694 826 1775 853 mise-

983 876 1047 908 reri,
1063 876 1177 903 attraxit
1204 875 1257 903 sibi
1273 875 1390 902 bestiam
1405 874 1432 901 vi
1455 881 1514 901 eam
1530 873 1647 908 ndigens
1659 893 1667 905 ,
1685 876 1714 899 et
1729 872 1776 900 Sli-

981 921 1099 953 mulans.
1113 931 1123 947 I
1136 920 1193 948 Hoc
1207 921 1281 948 enim
1296 919 1395 948 fecisse
1407 925 1546 950 narratur.
1561 924 1593 947 ut
1607 918 1774 953 martyrium

981 968 1156 995 acceleraret.
1171 967 1235 994 Inde
1248 972 1340 994 autem
1356 967 1459 994 factum
1471 970 1522 998 est,
1539 970 1571 992 ut
1582 973 1682 993 omnes
1695 965 1774 991 etiam

980 1014 1081 1041 ethnici
1097 1014 1179 1041 etiam
1197 1019 1386 1048 persecutores
1397 1013 1446 1048 τὴν
1458 1012 1639 1047 γενναιότητα
1656 1011 1705 1038 τοῦ
1719 1011 1774 1037 θεο-

981 1060 1074 1095 φιλοῦς
1088 1061 1135 1087 καὶ
1149 1059 1291 1092 θεοσεϐοῦς
1306 1060 1402 1094 γένους
1424 1059 1478 1085 τῶν
1492 1057 1670 1095 Χριστιανῶν
1688 1057 1773 1084 admi-

982 1111 1119 1134 rarentur.
1136 1106 1183 1133 llle
1191 1107 1276 1142 igitur
1290 1105 1483 1137 Germanicus,
1496 1112 1577 1139 quem
1591 1108 1625 1130 ιιι
1639 1103 1772 1138 insignem

980 1152 1142 1180 etnobilem
1164 1153 1192 1179 in
1210 1152 1307 1187 primis
1323 1156 1470 1187 martyrem
1493 1150 1640 1186 proposuit
1664 1150 1775 1184 antiqua

981 1204 1007 1226 et
1021 1199 1134 1226 celebris
1149 1198 1272 1226 Ecclesia
1296 1197 1472 1233 Smyrnensis
1482 1218 1489 1229 ,
1515 1197 1596 1231 cujus
1615 1198 1656 1224 ob
1671 1196 1775 1230 insigne

981 1246 1089 1272 facinus
1112 1245 1215 1272 ethnici
1236 1245 1288 1280 ipst
1317 1244 1491 1271 nobilitatem
1511 1249 1537 1270 et
1560 1244 1775 1278 generositatem

981 1292 1146 1319 Christianae
1160 1291 1250 1327 gentis
1275 1291 1403 1318 admirati
1421 1295 1496 1323 sunt,
1512 1290 1581 1318 nihil
1599 1290 1679 1317 aliud
1700 1289 1772 1321 fecit,

982 1337 1034 1364 nisi
1049 1337 1122 1371 quod
1141 1337 1261 1372 lgnatius
1277 1345 1306 1365 se
1323 1337 1460 1364 facturum
1474 1336 1563 1369 dixit;
1580 1336 1643 1363 imo
1663 1337 1715 1364 hoc
1735 1335 1773 1362 fe-

983 1384 1054 1411 cisse
1086 1384 1147 1411 ideo
1161 1384 1280 1416 videtur,
1304 1384 1377 1418 quod
1404 1382 1526 1418 lgnalius
1541 1383 1671 1415 dixerat;
1685 1382 1776 1409 eadem

981 1430 1054 1456 enim
1067 1438 1134 1457 voce
1151 1430 1238 1456 utitur
1253 1429 1376 1457 Ecclesia
1399 1429 1576 1465 Smyrnensis
1587 1450 1594 1462 ,
1611 1429 1689 1456 unde
1707 1428 1774 1455 banc

981 1475 1126 1510 epistolam
1144 1476 1177 1503 ad
1193 1475 1334 1503 Romanos
1348 1475 1462 1503 dederat
1481 1475 1613 1510 lgnalius,
1634 1475 1669 1502 ad
1690 1474 1774 1509 expri-

981 1523 1111 1550 mendum
1129 1522 1284 1551 Germanici
1306 1523 1427 1556 factum,
1443 1530 1496 1557 qua
1514 1521 1641 1557 lgnalius
1658 1522 1693 1550 ad
1714 1522 1771 1548 ani-

143 1575 198 1597 tem
214 1569 261 1596 illa
272 1576 333 1603 quae
348 1568 508 1596 fortitudine
519 1573 547 1596 et
562 1569 746 1596 exsultatione
761 1569 856 1603 plenus
867 1576 929 1603 pro-
942 1575 964 1603 ο
981 1568 1018 1595 mi
1032 1569 1075 1596 sui
1086 1569 1210 1596 ardorem
1227 1569 1402 1596 indicandum
1419 1576 1485 1596 usus
1498 1568 1587 1595 fuerat
1602 1577 1608 1595 :
1621 1568 1767 1603 ἐγὼπρος-

143 1614 280 1642 nuntiavit
291 1615 412 1650 ,qualia,
434 1615 551 1647 amabo,
568 1614 659 1648 fuere,
672 1615 694 1642 si
714 1623 770 1643 non
781 1614 929 1650 lgnatianis

143 1661 261 1688 similia?
276 1661 298 1688 si
314 1669 369 1688 non
389 1661 426 1687 illi
441 1661 500 1688 voci
509 1668 641 1692 consona,
659 1669 742 1695 quam
755 1669 770 1688 e
798 1661 868 1688 ctelo
884 1669 930 1688 au-

142 1706 220 1737 divit,
235 1707 325 1741 Ἶσχυε
354 1706 400 1733 καὶ
416 1706 557 1741 ἀνδρίζου,
580 1706 760 1743 Πολύκαρττε,
778 1715 852 1734 non:
871 1706 929 1734 Mo-

142 1752 237 1780 destus
257 1757 327 1782 esto.
350 1753 396 1779 sed
410 1762 416 1779 :
432 1761 441 1777 ι
456 1752 574 1780 Fortiter
593 1757 620 1779 et
638 1753 753 1779 viriliter
773 1760 839 1788 age,
852 1752 931 1789 Poly-

143 1806 236 1831 carpe.
251 1808 260 1824 ι
275 1798 422 1826 Notissima
437 1803 478 1826 est
489 1800 570 1826 etiam
587 1799 632 1826 illa
642 1798 758 1834 Romani
770 1799 930 1827 Caesareen-

144 1846 183 1874 sis
198 1846 304 1874 diaconi
316 1854 368 1874 vox
382 1845 534 1873 Antiochia:
546 1846 650 1879 audita,
675 1846 726 1872 ποῦ
745 1855 790 1882 μοι
811 1846 841 1873 τὸ
863 1847 929 1883 πῦρ,

147 1902 157 1918 ι
178 1893 288 1920 ubinam
302 1892 369 1919 mihi
384 1892 474 1927 ignis?
490 1902 499 1918 ι

182 1938 308 1965 Secunda
322 1937 446 1972 exceptio
453 1937 487 1964 ab
495 1937 528 1965 iis
536 1937 646 1972 petitur,
653 1945 715 1972 qua:
721 1936 754 1964 de
759 1944 789 1965 se
795 1937 932 1971 spondere

145 1984 248 2011 dicitur
264 1984 384 2018 lgnalius
399 1993 405 2009 :
418 1984 522 2011 scilicet
538 1983 611 2018 quod
622 1991 651 2010 se
667 1983 768 2010 bestias
781 1984 815 2010 ad
837 1991 932 2011 necent

145 2039 222 2058 suam
249 2030 452 2058 accelerandam
478 2034 688 2064 provocaturum
705 2030 816 2063 scribat,
832 2034 860 2057 et
880 2030 932 2057 hoc

144 2077 226 2104 etiam
245 2077 304 2104 sine
320 2076 455 2111 exemplo.
475 2075 536 2103 Duo
549 2076 631 2103 verba
649 2080 714 2103 sunt
727 2084 789 2111 qua:
806 2076 843 2103 illi
861 2076 932 2103 mira

144 2122 289 2153 videntur,
317 2122 475 2148 κολακεύσω
494 2127 520 2149 et
535 2121 754 2158 προσϐιάσομαι,
782 2132 791 2148 ‹
806 2122 932 2149 blandiar

144 2168 220 2201 feris,
235 2169 290 2195 imo
302 2176 407 2201 cogam.
421 2178 430 2194 ι
448 2178 456 2194 ι
472 2167 495 2194 0
506 2169 591 2202 diras,
604 2168 707 2203 inquit,
722 2173 749 2195 et
763 2168 932 2195 truculentas

144 2214 242 2241 voces!
258 2213 313 2240 imo
328 2221 392 2241 vero
404 2219 523 2247 sanctas,
539 2219 566 2241 et
580 2213 676 2246 fortes,
691 2218 718 2240 et
731 2214 808 2240 omni
819 2221 932 2241 Venera—

981 1614 1122 1649 ϐιάσομαι,
1151 1615 1241 1650 inquit
1267 1615 1327 1647 ille,
1353 1614 1399 1641 hic
1432 1614 1613 1641 ἀπεσπάσατε)
1646 1613 1773 1650 προσδια-

981 1661 1107 1696 σάμενος.
1121 1660 1198 1688 Unde
1214 1661 1296 1688 etiam
1316 1665 1378 1688 ante
1394 1661 1570 1692 monuimus,
1589 1661 1709 1688 dubium
1722 1668 1771 1687 nan

980 1715 1050 1740 esse,
1068 1708 1134 1742 quin
1148 1707 1221 1735 hunc
1238 1707 1327 1742 ipsum
1345 1708 1435 1735 locmn
1448 1708 1570 1742 epistola!
1586 1707 1621 1734 ad
1637 1707 1772 1735 Romanos

981 1754 1148 1789 respexerint
1159 1753 1351 1790 Smyrnenses,
1364 1762 1426 1782 cum
1441 1755 1492 1782 ista
1505 1755 1671 1782 seriberent.
1684 1754 1717 1782 Et
1728 1755 1774 1781 ob-

981 1801 1115 1828 servanda
1133 1805 1197 1828 sunt
1211 1801 1295 1828 verba
1311 1800 1493 1836 Martyrologii
1509 1800 1629 1828 Romani
1642 1809 1648 1828 :
1662 1811 1672 1827 I
1684 1800 1772 1836 Smyr-

982 1853 1024 1873 na
1051 1846 1155 1874 Natalis
1181 1845 1212 1873 Β.
1239 1846 1394 1874 Germanici
1410 1847 1555 1882 martyris.
1574 1847 1703 1881 quicum
1718 1847 1770 1882 pri-

982 1899 1073 1920 maeva:
1099 1892 1187 1920 artatis
1208 1896 1351 1920 venustate
1368 1892 1487 1926 ﬂoreret,
1504 1893 1558 1920 sub
1577 1893 1675 1921 Marco
1691 1894 1770 1920 Anto-

981 1939 1047 1966 nino
1059 1944 1086 1967 et
1103 1939 1189 1966 Lucio
1203 1938 1315 1966 Aurelio
1329 1946 1377 1973 per
1389 1939 1505 1973 gratiam
1518 1939 1633 1967 virtutis
1651 1938 1699 1966 Dei
1719 1945 1771 1966 me-

981 1991 1038 2013 tum
1053 1993 1191 2021 corporea:
1214 1984 1372 2020 fragilitatis
1388 1984 1537 2012 excludens
1552 1990 1653 2019 sponte
1672 1993 1771 2020 praepa-

981 2038 1067 2060 ratam
1092 2032 1144 2059 sibi
1169 2031 1285 2059 bestiam
1299 2032 1446 2059 damnatus
1460 2039 1475 2059 a
1491 2031 1587 2066 judice
1597 2031 1770 2066 provocavit,

981 2079 1060 2114 cujus
1073 2078 1201 2106 dentibus
1217 2079 1405 2106 comminatus
1421 2086 1485 2106 vero
1501 2079 1565 2113 pani
1580 2078 1701 2105 Homine
1711 2077 1770 2105 Jcsu

982 2125 1092 2152 Christo
1116 2131 1165 2159 pro
1191 2125 1251 2160 ipso
1271 2125 1392 2151 moriens
1416 2124 1516 2152 meruit
1546 2125 1742 2160 incorporari:
1759 2133 1768 2148 ι

983 2175 1010 2197 ιιι
1024 2170 1088 2197 hinc
1102 2171 1184 2197 etiam
1200 2169 1306 2205 lgnatio
1323 2170 1481 2197 simillimus
1503 2175 1608 2206 martyr
1625 2178 1771 2206 repraesen-

983 2221 1064 2244 tetur.
1087 2216 1171 2244 Miror
1192 2217 1284 2251 itaque
1304 2216 1433 2244 Dallaaum
1455 2217 1579 2245 scribere
1594 2218 1729 2252 potuisse,
1745 2218 1769 2244 in

145 2261 219 2288 tione
232 2259 420 2294 accipiendas!
439 2267 493 2287 non
506 2260 560 2287 alia
582 2260 672 2287 anima
685 2259 781 2295 dignas
801 2267 884 2294 quant
898 2267 930 2286 ea
947 2263 968 2289 Ι)
984 2261 1194 2297 Smyrnensium
1209 2266 1360 2297 martyrum
1374 2262 1449 2290 Actis
1470 2263 1538 2290 nihil
1555 2264 1694 2299 epistoliei
1706 2266 1771 2292 scri—

144 2313 206 2340 quae
219 2305 281 2332 vitm
294 2313 350 2332 sua:
366 2309 491 2339 pertaesa,
509 2305 668 2340 lucemque,
683 2305 758 2340 quod
778 2310 857 2340 poeta
873 2305 929 2338 ait,

144 2359 241 2386 perosa
256 2351 283 2377 in
306 2355 421 2377 mortem
440 2358 560 2384 praeceps
572 2353 628 2377 ruit
658 2352 761 2385 (instar
779 2350 931 2385 mancipio-

147 2405 207 2424 rum
214 2397 304 2428 saeculi
317 2395 561 2430 despcraudorum,
571 2401 600 2424 ut
611 2397 731 2431 loquitur
741 2396 934 2431 Blondellus)”

147 2444 204 2470 imo
226 2451 258 2469 ea
287 2442 380 2468 anima
406 2441 591 2476 dignissimas,
605 2449 665 2476 quae
686 2443 829 2476 praesentis
840 2443 931 2470 saeculi

147 2488 240 2514 nuntia
260 2486 421 2517 contemnit,
436 2493 498 2520 qua:
508 2487 619 2514 dissolvi
633 2492 732 2514 etcum
748 2487 858 2516 Christo
872 2496 933 2516 esse

148 2534 234 2567 cupit,
248 2541 309 2567 quae
328 2533 361 2560 ad
376 2532 486 2566 prazmia
504 2534 634 2567 martyrio
653 2534 789 2567 promissa
814 2536 931 2569 aspirat,

148 2587 210 2612 qua:
226 2578 391 2606 Christianae
419 2578 558 2612 religionis
585 2579 808 2613 propagationem
824 2581 932 2608 deside-

149 2628 202 2655 rat,
214 2631 275 2658 quaz
291 2623 346 2649 vim
368 2626 395 2649 et
414 2622 534 2657 vigorem
551 2622 669 2656 Spiritus
691 2623 765 2651 intus
784 2624 933 2657 habitantis

149 2670 304 2704 exprimere
318 2673 518 2702 conatumque}:
532 2669 646 2703 gentiles
657 2674 684 2697 et
702 2670 860 2698 idololatras
873 2679 929 2698 om-

150 2723 198 2742 nes
213 2714 316 2749 pudore
332 2714 499 2747 suffundere,
518 2715 545 2741 in
566 2715 775 2743 admirationem
792 2718 932 2752 abripere,

151 2761 184 2788 ad
216 2762 434 2796 desperationem
452 2769 563 2796 cogere,
591 2767 637 2790 aut
651 2764 685 2790 ad
703 2763 782 2790 fidem
799 2764 934 2793 Christia-

149 2816 212 2835 nam
225 2808 439 2843 amplcctcndam
457 2816 613 2843 permovere
624 2810 780 2837 contendit!
792 2811 832 2838 An
842 2819 934 2838 exem-

150 2855 224 2888 plum
241 2855 321 2888 hujus
336 2855 373 2882 rei
388 2854 529 2889 quan-itur,
543 2863 603 2882 cum
618 2860 656 2882 tot
669 2864 738 2890 pene
750 2862 856 2884 exstent
867 2862 933 2891 quot

151 2901 216 2927 Acta
243 2901 284 2928 vel
302 2902 439 2928 memoria:
461 2901 627 2935 martyrum?
644 2901 673 2928 lu
691 2900 867 2935 Smyrnensis
879 2902 932 2930 Ec-

985 2309 1071 2343 ptoris
1094 2309 1215 2336 sermoni
1238 2309 1328 2336 simile
1354 2309 1484 2344 reperiri:
1504 2311 1583 2345 quasi
1612 2311 1768 2339 Germanici

982 2355 1088 2389 insigne
1104 2354 1204 2382 factum
1219 2359 1266 2382 aut
1280 2355 1348 2382 nihil
1366 2356 1412 2388 sit,
1429 2360 1476 2383 aut
1488 2364 1542 2383 non
1559 2356 1705 2392 lguatiauo
1715 2365 1769 2385 ser-

983 2401 1056 2428 moni
1071 2401 1169 2433 simile,
1186 2409 1248 2428 eum
1261 2401 1356 2429 eodem
1373 2403 1507 2430 vocabulo
1520 2404 1705 2438 exprimatur.
1721 2404 1770 2431 Nc-

983 2454 1036 2481 que
1061 2451 1166 2474 tantum
1189 2446 1303 2480 bestiis,
1320 2447 1367 2475 sed
1382 2452 1409 2475 et
1426 2448 1476 2483 ipsi
1489 2449 1576 2482 judici
1593 2450 1648 2477 vim
1677 2450 1771 2477 intule-

984 2498 1049 2520 runt
1066 2498 1217 2528 martyres,
1240 2498 1271 2521 ut
1289 2493 1431 2522 Romanus
1447 2495 1491 2522 ille
1503 2503 1537 2522 ex
1555 2495 1703 2525 Palaestina
1717 2498 1772 2525 dia«

984 2547 1085 2572 conus,
1100 2540 1146 2566 sed
1170 2539 1338 2573 Antiochiae,
1359 2540 1432 2567 unde
1450 2541 1571 2576 lgnalius
1598 2547 1704 2570 tractus
1719 2547 1769 2576 est,

984 2585 1054 2612 forte
1080 2586 1244 2612 constitutus
1257 2607 1264 2618 ,
1292 2596 1301 2611 ‹
1316 2594 1378 2613 cum
1396 2587 1496 2614 multos
1515 2587 1617 2615 milites
1642 2589 1769 2616 cecidisse

984 2630 1111 2658 Ecclesiae
1136 2631 1306 2664 invenisset,
1330 2641 1384 2659 non
1398 2637 1441 2660 est
1464 2640 1563 2667 passus
1584 2635 1651 2662 dare
1666 2635 1769 2662 diabolo

984 2682 1014 2704 ut
1035 2677 1197 2710 exsultarct,
1211 2678 1258 2705 sed
1278 2679 1460 2707 exsultantem
1473 2679 1596 2714 judicem
1613 2682 1649 2708 de
1665 2681 1708 2709 his
1726 2681 1771 2715 qui

984 2722 1090 2749 fuerant
1102 2723 1221 2757 superati
1235 2725 1392 2758 aggreditur
1408 2725 1461 2752 vim
1473 2725 1590 2757 faciens,
1608 2735 1694 2762 regno
1710 2733 1769 2753 vero

983 2773 1071 2803 rapto,
1095 2773 1123 2795 et
1146 2769 1212 2796 dicit
1229 2779 1236 2797 :
1253 2769 1313 2796 Non
1340 2772 1450 2799 recedes
1471 2773 1564 2807 laetus;
1592 2774 1676 2801 habet
1701 2774 1767 2802 enim

985 2812 1054 2840 Deus
1072 2813 1172 2840 milites
1188 2814 1235 2848 qui
1252 2815 1374 2848 superari
1394 2823 1448 2843 non
1468 2821 1594 2850 possunt,
1614 2827 1625 2843 ι
1642 2822 1672 2844 ιιι
1692 2817 1768 2844 tradit

984 2858 1126 2891 Eusebius,
1154 2859 1193 2886 De
1214 2861 1404 2887 resurrectione
1428 2861 1475 2888 lib.
1493 2870 1522 2888 ιι.
1540 2863 1631 2898 Atque
1647 2863 1685 2890 ita
1710 2871 1767 2897 pro-

984 2904 1023 2931 dit
1037 2905 1243 2932 αὺτοκέλευστον
1275 2907 1382 2942 ἱερεῖον,
1414 2917 1423 2932 ι
1440 2909 1550 2936 victima
1579 2914 1742 2944 spentanea,
1757 2919 1765 2932 ι
