1850 3072
90 134 137 162 369

461 134 486 162 J.
508 134 690 161 PEARSONII
713 134 873 162 \‘lNDlClAi
895 133 1106 162 ΙΟΝΛΤΙΑΝᾹΞ.
1126 149 1162 156 -
1181 134 1191 160 ἰ

579 134 690 161 RSONII
713 134 873 162 \‘lNDlClAi
895 133 1106 162 ΙΟΝΛΤΙΑΝᾹΞ.
1126 149 1162 156 -
1181 133 1270 161 PARS
1283 132 1309 162 ll.

1671 134 1725 161 370

91 199 118 220 ut
131 193 252 228 loquitur
273 199 378 221 auctor
393 194 524 221 orationis
543 195 670 222 secundm
681 195 877 230 ChrySOstomo
893 199 914 228 Α
929 200 1021 221 autem
1035 195 1093 222 hinc
1117 202 1170 222 non
1193 199 1298 221 tantum
1316 200 1378 221 vera
1399 201 1460 221 esse
1480 193 1586 226 dicunt,
1599 193 1646 220 sed
1665 199 1725 220 tan-

91 239 218 274 ascripta).
233 239 290 266 Sed
308 240 415 274 reliqua
428 240 549 274 exempla
572 248 799 275 percenseamus,
816 241 879 276 qui—

91 286 135 313 bus
154 293 264 320 semper
295 286 327 313 in
356 286 475 314 Ecclesia
499 286 543 313 illa
570 292 721 322 martyrum
749 286 880 313 fortitudo

89 332 224 359 decantata
240 337 299 365 est,
319 340 376 367 qua
397 332 574 360 instrumenta
590 333 665 361 necis
677 333 710 360 ad
727 341 803 360 suam
817 340 879 367 pas-

88 379 187 405 sionem
216 378 433 406 accelerandam
462 379 606 414 urgebant.
633 379 661 406 ln
688 379 879 414 antiquissima

91 424 223 459 Perpeth
248 425 386 459 passione
411 425 468 452 ha‘c
496 425 627 459 legimus:
656 435 665 451 ι
681 425 814 461 Perpetua
831 434 879 452 att-

89 476 137 497 teru
160 474 189 497 ut
216 471 331 505 aliquid
354 471 458 498 doloris
485 476 626 506 gustaret,
642 472 714 499 inter
727 480 790 499 ossa
804 478 880 500 com-

88 523 179 552 puncta
192 518 374 549 exululat-it,
394 523 420 545 et
444 523 581 546 errantem
601 519 723 554 gladium
748 509 878 546 tirunculi

89 562 241 596 gladiatoris
254 563 318 597 ipsa
337 564 363 589 in
376 563 502 597 jugulum
519 571 600 591 suum
621 564 770 591 transtulit.
791 573 800 589 ι
816 563 879 591 Dio-

90 609 175 644 nysius
188 609 373 636 Alexandriae
385 609 531 644 episcopus
547 609 719 644 Apolloniam
744 609 878 645 virginem

89 663 248 690 magnopere
265 656 372 689 laudat,
388 657 461 691 quod
477 664 539 684 cum
557 656 607 691 ipsi
620 657 769 684 verberatis
782 657 879 684 maxil-

89 702 118 729 lis
141 702 231 729 cuncti
263 702 366 730 dentes
403 703 523 735 excussi.
558 703 731 738 llautmzeque.
760 703 878 731 admota:

89 753 170 774 issent
180 769 187 780 ,
209 748 352 780 συντόνως
377 750 549 785 ἐπεπήδησεν
563 751 602 781 εἰς
623 749 654 776 τὸ
667 749 722 785 πῦρ
735 750 780 776 καὶ
793 759 877 778 κατα-

89 794 243 828 πέφλεκται,
261 806 269 818 ι
287 795 416 822 celeriter
430 796 455 822 in
468 796 556 831 ignem
570 796 667 824 insiliit
685 801 712 824 et
726 797 878 833 conflagra-

89 840 131 867 vit.
146 850 155 866 ι
172 841 201 867 S.
226 840 356 868 llilarius
383 842 559 869 enarratione
585 843 611 870 in
634 843 769 878 psalmum
800 852 875 871 va:

92 895 100 911 ι
115 885 163 912 Alii
184 886 260 913 enim
295 887 324 913 in
342 887 459 915 vincuiis
480 895 622 916 carcerum
644 889 815 924 gloriantur,
830 889 876 917 alii

90 932 144 959 cesi
159 932 185 960 in
203 933 375 961 verberibus
396 934 570 970 gratulantur
581 955 588 966 ,
605 935 651 962 alii
666 936 793 970 potestati
807 935 877 963 irrc-

89 977 241 1013 ligiosorum
259 979 418 1007 desecanda
439 979 557 1007 felicium
583 981 703 1016 capitum
725 982 795 1010 colla
810 981 877 1009 sub-

90 1025 206 1058 mittunt;
218 1024 318 1059 plures
334 1026 360 1052 in
372 1030 527 1054 exstructos
543 1035 624 1062 rogos
634 1034 766 1061 currunt,
782 1033 809 1055 et
823 1033 877 1056 tre-

88 1070 236 1104 pidantibus
272 1079 366 1106 pcenze
387 1072 522 1100 ministris
549 1072 639 1108 ignem
669 1074 742 1101 saltu
773 1074 877 1104 devotae

90 1117 268 1145 festinationis
297 1118 439 1145 insiliunt.
458 1128 466 1144 ι
484 1118 562 1147 llune
591 1119 618 1146 in
642 1120 809 1155 martyribus
827 1129 876 1155 pa-

89 1161 163 1188 tiendi
184 1161 318 1190 ardorem
338 1163 440 1197 optimc
454 1163 584 1192 describit
608 1164 637 1192 S.
663 1164 877 1201 Chrysostomus

89 1207 206 1234 oratione
220 1208 248 1235 in
269 1207 443 1241 Rornanum,
457 1210 597 1238 diabolum
614 1211 651 1238 ita
667 1211 821 1246 loquentem
837 1212 878 1240 in-

89 1253 249 1281 troducens:
279 1255 440 1291 Ἀνθρακεις
465 1257 648 1293 ὑπεστόρεσα,
673 1259 697 1284 οἰ
720 1258 748 1284 δὲ
774 1259 811 1291 ὡς
831 1260 878 1286 ἐπὶ

88 1299 146 1334 ῥόδα
157 1300 279 1336 ἔτρεχον,
297 1311 307 1327 ι
323 1310 426 1336 prunas
441 1303 590 1335 substravi,
605 1303 632 1330 hi
643 1308 734 1331 autem
748 1309 876 1340 tanquam

89 1343 118 1370 ad
138 1352 212 1373 rosas
237 1347 411 1380 currebant,
428 1357 437 1373 ι
462 1347 517 1384 πῦρ
530 1349 632 1384 ἀνῆψα,
646 1350 671 1375 οἱ
683 1349 711 1376 δὲ
724 1350 762 1382 ὡς
773 1351 813 1383 εἰς
826 1360 874 1387 πη-

89 1390 134 1423 γὰς
146 1392 248 1420 ὑδάτων
272 1393 390 1429 ψυχρῶν
411 1395 523 1427 ἑαυτοὺς
535 1395 666 1432 ἔρριψαν,
688 1406 697 1422 ι
720 1397 809 1433 ignem
832 1406 878 1426 ac-

89 1440 170 1472 cendi,
186 1441 224 1467 illi
242 1446 341 1468 autem
368 1447 498 1476 tanquam
523 1443 549 1469 in
570 1443 660 1471 fontes
674 1451 809 1479 aquarum
830 1445 878 1472 fri-

90 1485 204 1519 gidarqu
225 1489 338 1522 seipsos
358 1488 550 1523 projiciebant,
569 1499 578 1515 ι
596 1490 642 1516 καὶ
657 1490 751 1527 ὥσπερ
766 1492 796 1518 ὲν
816 1492 878 1528 ἱερᾷ

88 1534 175 1579 πομπῇ
193 1534 359 1570 χορεύοντες
374 1535 421 1562 καὶ
433 1536 461 1561 ὲν
481 1535 593 1571 λειμῶνι
609 1537 751 1570 παίζοντες
763 1538 876 1574 χλοερῷ,
891 1549 912 1579 C

89 1578 152 1605 οὕτω
169 1579 217 1611 τὰς
233 1581 376 1617 τιμωρίας
390 1581 505 1614 ἕκαστος
519 1583 654 1618 ἥρπαζον,
668 1584 717 1619 οὐχ
731 1584 769 1616 ὡς
790 1593 876 1620 τιμω-

89 1623 144 1658 ρίας
156 1625 212 1652 ἀλλ’
227 1627 267 1659 ὡς
285 1627 358 1663 ἄνθη
377 1627 561 1663 λαμϐάνοντες
576 1630 690 1666 ἐαρινὰ,
713 1631 760 1657 καὶ
775 1639 876 1666 στεφα-

91 1669 214 1706 νούμενοι,
242 1674 291 1700 καὶ
312 1675 346 1708 τῇ
369 1673 418 1709 τῆς
437 1674 540 1707 οἰκείας
559 1676 715 1712 προθυμίας
740 1677 876 1714 ὑπερϐολῇ

90 1716 133 1748 τὰς
145 1718 212 1753 ἐμὰς
225 1720 404 1756 προέφοανον
418 1717 563 1758 τιμωρίας,
580 1731 589 1747 ι
605 1727 632 1750 et
648 1727 779 1758 tanquam
794 1725 821 1751 in
833 1733 877 1752 sa-

91 1771 131 1790 cra
154 1772 249 1800 pompa
267 1767 388 1794 choreas
412 1772 531 1802 agentes.
550 1773 578 1796 ct
597 1769 624 1796 in
639 1769 719 1797 viridi
741 1775 819 1805 prato
834 1771 877 1798 lu-

91 1809 188 1844 dentes,
201 1812 238 1839 ita
251 1817 392 1840 tormenta
408 1813 523 1849 quisque
536 1814 664 1851 arripuit,
676 1824 729 1843 non
745 1822 876 1852 tanquam

92 1861 194 1890 poenas,
209 1858 256 1885 sed
278 1858 358 1885 velut
376 1866 476 1886 vernos
493 1859 574 1888 ﬂores
588 1862 771 1896 accipientes,
787 1868 814 1890 et
828 1871 876 1890 co—

93 1902 171 1929 renati
183 1923 191 1936 ,
202 1907 230 1930 et
242 1903 366 1938 propria
376 1904 527 1933 alacritatis
538 1914 653 1934 excessu
666 1912 802 1936 tormenta
817 1917 876 1936 mea

92 1950 286 1984 praeripiebant.
309 1960 319 1976 ι

122 1995 208 2031 Neque
229 1998 333 2025 mirum
354 2002 396 2025 est
415 1999 522 2034 aliquos
537 1999 639 2028 bestias
650 2001 705 2036 jam
721 2006 831 2036 paratas
842 2002 875 2029 ad

93 2040 202 2075 ipsorum
215 2052 313 2072 necem
327 2052 506 2079 provocasse,
519 2051 567 2074 aut
589 2048 756 2076 crudelitatis
771 2048 876 2076 instru-

93 2094 174 2116 ruenta
189 2090 216 2117 in
230 2091 377 2126 procinctu
393 2091 480 2126 posita
499 2090 532 2119 ad
546 2093 754 2121 accelerandum
772 2099 875 2130 marty-

94 2134 157 2162 rium
168 2136 238 2164 ultro
260 2137 444 2171 adhibuisse;
460 2146 522 2165 cum
543 2139 695 2167 certissime
710 2145 833 2174 constet,
851 2142 876 2168 id

94 2180 157 2212 quod
173 2182 258 2209 multo
275 2183 368 2217 majus
383 2188 434 2216 est,
449 2185 670 2219 quamplurimos
692 2191 806 2213 mortem
827 2194 876 2222 pro

931 248 1013 275 quam
1040 249 1179 268 sununum
1204 240 1344 275 religionis
1363 239 1524 267 Christiana;
1545 239 1629 267 decus
1656 248 1724 274 pra:-

930 287 1032 314 dicant.
1057 285 1182 314 Justinus
1208 291 1313 322 martyr
1346 286 1446 313 fatetur
1478 286 1666 313 Christianum
1695 295 1724 312 se

931 333 1033 359 factum
1049 340 1125 365 esse,
1141 333 1214 368 quod
1231 333 1255 360 ei
1277 340 1357 360 nemo
1382 332 1470 359 malus
1491 332 1628 359 videretur
1642 332 1724 359 θάνα-

929 388 975 406 τον
992 379 1178 412 ἀσπάζεσθαι,
1196 380 1245 415 οὐχ
1260 380 1301 406 ὃτι
1319 379 1413 406 ἑαυτὸν
1436 379 1603 415 κατήγγελλε
1626 387 1723 414 φονευ-

931 423 1089 460 οησόμενον,
1102 434 1110 450 ‹
1123 425 1222 452 nedum
1235 430 1265 451 ut
1275 425 1419 460 quisquam
1435 425 1554 459 scipsum
1568 425 1720 452 necandum

931 470 1004 497 ultro
1023 470 1149 505 proderet
1171 478 1204 497 ac
1221 470 1356 502 deferret,
1378 480 1388 496 ι
1406 470 1480 505 quod
1493 469 1641 500 Christiani
1658 475 1722 495 tunc

931 515 1061 552 temporis
1083 516 1216 544 fecerunt.
1240 517 1366 544 Clemens
1383 517 1492 552 quidem
1521 515 1722 543 Alexandrinus

930 567 1025 590 contra
1051 562 1260 590 Valentinianos
1282 564 1428 599 disputans
1450 564 1624 598 reliquosque
1651 562 1723 590 Gno-

930 609 1028 641 sticos,
1047 610 1093 644 qui
1119 618 1228 637 omnem
1251 618 1301 644 pro
1325 610 1440 637 veritate
1463 610 1620 645 passionem
1640 617 1722 643 nega-

930 655 1005 688 bant,
1027 655 1187 684 Gnosticutu
1214 664 1295 684 Slllllll
1322 657 1357 684 ita
1383 657 1518 687 instituit,
1540 662 1569 684 ut
1591 664 1644 683 non
1667 656 1720 683 nisi

929 706 1041 730 coactus
1057 703 1218 738 martyrium
1230 703 1344 735 subeat,
1358 703 1555 730 fateturtamen
1568 703 1637 730 alios
1649 710 1722 730 mar-

931 753 1002 783 tyres
1026 749 1106 776 aliter
1130 749 1267 776 animatos
1291 748 1387 781 fuisse,
1404 748 1607 784 Gnosticusque
1623 749 1657 776 ab
1674 749 1721 776 illo

928 794 1088 823 ell'ormatus
1110 795 1211 823 dicitur
1241 805 1247 822 :
1273 795 1365 831 Ταύτῃ
1386 794 1440 821 τῶν
1461 795 1548 822 ἄλλων
1568 795 1721 830 λεγομένων

931 840 1075 877 μαρτύρων
1092 841 1284 877 χωριζόμενος,
1335 842 1359 867 οἱ
1378 841 1426 876 μὲν
1443 841 1570 876 ἀφορμὰς
1588 841 1721 875 παρέχον-

928 886 973 918 τές
990 895 1080 921 σφισιν
1097 887 1188 918 αὐτοῖς
1205 887 1430 922 ἐπιρῤιπτοῦντες
1447 887 1540 918 αὐτοῖς
1562 888 1618 918 τοῖς
1636 887 1722 913 κινδύ-

928 939 994 964 νοις,
1011 931 1062 958 οὺχ
1078 929 1125 958 οἶδ’
1142 932 1226 963 ὅπως,
1245 931 1388 966 εὐστομεῖν
1401 930 1456 966 γὰρ
1469 930 1581 962 δίκαιον,
1596 941 1604 956 ι
1616 931 1667 958 hac
1678 940 1722 958 ra-

929 977 1003 1005 tione
1016 983 1161 1013 separatus
1169 978 1204 1004 ab
1215 978 1277 1005 aliis
1287 978 1334 1012 qui
1345 977 1475 1005 dicuntur
1487 982 1632 1013 martyres,
1645 978 1720 1013 quod

929 1024 974 1051 alii
985 1024 1095 1059 quidem
1109 1024 1161 1051 sibi
1180 1024 1247 1058 ipsis
1259 1024 1409 1058 praebentes
1420 1024 1606 1055 occasionem,
1623 1031 1662 1057 se,
1674 1031 1720 1051 ne-

928 1071 986 1098 scio
1001 1070 1150 1105 quomodo,
1166 1070 1193 1096 in
1212 1071 1269 1104 ipsa
1283 1069 1402 1105 pericula
1415 1069 1539 1104 injiciant
1554 1070 1634 1104 (bene
1647 1070 1720 1097 enim

928 1117 1002 1152 loqui
1019 1124 1067 1152 par
1079 1116 1144 1152 est),
1166 1127 1174 1142 ι
1197 1116 1244 1144 sed
1258 1124 1311 1143 non
1328 1116 1363 1143 ab
1381 1116 1435 1144 illis
1447 1121 1552 1143 tantum
1565 1122 1719 1151 separatur,

928 1165 974 1199 qui
987 1164 1059 1191 ultro
1076 1171 1104 1191 se
1115 1163 1283 1197 obtulerunt,
1297 1171 1392 1190 verum
1403 1163 1486 1190 etiam
1503 1163 1538 1190 ab
1555 1163 1599 1195 iis,
1618 1163 1664 1197 qui
1678 1163 1721 1190 vel

928 1211 964 1238 ob
980 1215 1082 1237 metum
1097 1217 1195 1245 preme,
1212 1214 1259 1236 aut
1273 1209 1309 1236 ob
1327 1216 1402 1244 spem
1418 1209 1512 1236 aeterni
1524 1209 1625 1244 pratmii
1644 1209 1719 1244 passi

928 1261 1002 1288 sunt,
1016 1256 1111 1292 quales
1124 1256 1223 1291 opinor
1237 1262 1333 1281 onmes
1348 1254 1381 1282 de
1395 1255 1495 1289 quibus
1509 1255 1625 1290 legimus
1645 1263 1720 1283 mar-

929 1307 1002 1337 tyres
1020 1301 1111 1333 fuere;
1131 1305 1206 1328 certe
1224 1301 1260 1327 ita
1280 1308 1309 1327 se
1329 1300 1356 1327 iu
1371 1300 1478 1334 judicio
1492 1300 1629 1336 explicare
1645 1301 1719 1329 sole-

929 1349 1004 1376 bant.
1019 1348 1204 1375 Tertullianus
1221 1347 1255 1374 ad
1273 1346 1416 1381 Scapulam
1434 1355 1494 1382 cap.
1513 1347 1523 1373 Ι
1542 1356 1549 1373 :
1569 1347 1645 1379 «Nos
1659 1349 1721 1383 qui-

927 1395 989 1422 dem
1006 1403 1055 1422 ncc
1073 1393 1282 1429 expavescimus
1304 1401 1354 1421 nec
1370 1393 1589 1428 pertimescimus
1611 1401 1643 1421 ea
1658 1402 1719 1429 qua:

927 1442 962 1470 ab
974 1441 1165 1477 ignorantibus
1177 1441 1297 1475 patimur
1312 1449 1318 1466 :
1337 1448 1399 1467 eum
1416 1440 1449 1467 ad
1462 1440 1532 1468 hanc
1546 1446 1649 1468 sectam
1664 1442 1719 1468 uti-

929 1496 982 1524 que
999 1492 1126 1522 suscepta
1140 1486 1298 1514 conditione
1320 1486 1380 1522 ejus
1404 1487 1476 1521 pacti
1500 1487 1665 1520 venerimus,
1689 1493 1719 1516 ut

929 1537 1011 1564 etiam
1029 1535 1138 1562 animas
1151 1538 1259 1561 nostras
1277 1533 1433 1560 auctoritati
1446 1533 1472 1559 in
1492 1533 1541 1561 has
1555 1541 1659 1568 pugnas
1670 1541 1719 1561 ac-

929 1582 1068 1613 cedamus,
1083 1589 1115 1609 ea
1132 1588 1193 1616 qua:
1210 1579 1282 1607 Deus
1297 1579 1462 1614 repromittit
1478 1580 1608 1614 consequi
1622 1584 1720 1615 optan-

929 1633 980 1662 tes,
1006 1632 1033 1655 ct
1056 1635 1087 1654 ea
1105 1635 1166 1662 qua:
1185 1626 1300 1654 diversae
1322 1625 1384 1652 vita:
1404 1625 1590 1652 comminatur
1608 1626 1663 1660 pati
1686 1626 1720 1653 ti-

929 1679 1044 1702 mentes.
1063 1673 1186 1708 Denique
1206 1680 1270 1700 cum
1284 1671 1359 1699 omni
1378 1671 1482 1698 saevitia
1500 1675 1588 1698 vestra
1604 1679 1718 1699 concer-

929 1725 1020 1748 tamus
1048 1720 1129 1748 etiam
1157 1720 1229 1747 ultro
1245 1722 1420 1754 erumpentes
1442 1719 1582 1754 magisque
1598 1719 1719 1746 damnati

928 1777 1010 1804 quam
1033 1768 1151 1796 absoluti
1173 1767 1334 1803 gaudemus.
1356 1777 1366 1794 ι
1386 1768 1459 1796 Idem
1477 1776 1536 1803 cap.
1549 1768 1590 1795 2:
1612 1777 1621 1793 ι
1642 1767 1721 1794 Absit

929 1820 958 1842 ut
971 1815 1080 1850 indigne
1094 1814 1215 1842 feramus
1228 1822 1258 1842 ea
1276 1822 1326 1842 nos
1342 1815 1396 1850 pati
1414 1823 1475 1850 qua:
1496 1814 1638 1850 optamus!
1660 1823 1670 1840 ι
1688 1813 1720 1840 Ει

927 1870 989 1897 cap.
1003 1862 1019 1888 4
1035 1872 1042 1890 :
1063 1872 1072 1888 ι
1084 1861 1152 1889 Vide
1167 1866 1271 1888 tantum
1290 1869 1323 1888 nc
1340 1862 1392 1889 hoc
1407 1862 1469 1897 ipso
1489 1861 1562 1896 quod
1575 1861 1638 1888 talia
1655 1868 1718 1887 sus-

929 1909 1059 1941 tinemus,
1072 1908 1105 1936 ad
1119 1908 1170 1936 hoc
1182 1908 1271 1935 solum
1287 1908 1429 1935 videamur
1446 1915 1600 1942 erumpere,
1620 1911 1650 1934 ut
1667 1907 1719 1934 hoc

928 1955 1017 1990 ipsum
1037 1955 1204 1990 probemus,
1228 1963 1278 1981 nos
1299 1954 1356 1982 hare
1378 1962 1431 1981 non
1450 1954 1555 1984 timere,
1573 1953 1621 1981 sed
1647 1953 1720 1980 ultro

928 2009 1036 2028 vocare.
1052 2001 1132 2028 Arius
1157 2000 1296 2028 Antonius
1311 2001 1337 2027 in
1351 2001 1416 2028 Asia
1430 2008 1493 2028 cum
1507 2004 1719 2035 persequeretur

929 2048 1072 2080 instanter,
1088 2056 1184 2075 omnes
1200 2048 1274 2074 illius
1286 2048 1406 2075 civitatis
1424 2047 1571 2074 Christiani
1590 2051 1651 2074 ante
1668 2047 1719 2074 tri-

928 2093 1037 2120 bunalia
1051 2101 1080 2120 se
1096 2102 1178 2120 manu
1193 2093 1263 2120 facta
1283 2093 1457 2126 obtulerunt;
1472 2101 1533 2121 cum
1554 2094 1610 2126 ille,
1623 2093 1719 2128 paucis

927 2139 991 2166 duci
1006 2139 1108 2173 jussis,
1124 2140 1238 2174 reliquis
1263 2139 1301 2166 ait
1322 2147 1328 2165 :
1347 2137 1382 2165 Ὦ
1397 2139 1490 2171 δειλοὶ,
1508 2140 1532 2165 εὶ
1549 2139 1639 2166 θέλετε
1656 2139 1720 2166 ἀπο-

928 2185 1064 2221 Θνὴσκειν,
1082 2186 1220 2221 κρημνοὺς
1236 2185 1252 2220 ἢ
1271 2185 1384 2220 βρόχους
1400 2185 1484 2220 ἔχετε.
1504 2184 1560 2212 Hoc
1573 2185 1595 2212 si
1611 2185 1706 2220 placue

94 2224 182 2254 Christi
203 2230 317 2256 nomine
335 2230 515 2264 appetivisse,
538 2238 602 2258 cum
623 2231 650 2258 in
668 2231 788 2260 hostium
800 2239 877 2267 pote-
892 2227 914 2254 Ι)
928 2232 964 2258 rit
979 2231 1066 2258 εἰιὶιὶα
1085 2231 1154 2264 fieri,
1168 2231 1233 2266 quid
1248 2231 1332 2259 facies
1346 2232 1378 2258 de
1394 2232 1476 2258 tantis
1491 2231 1613 2258 millibus
1628 2231 1717 2258 homi-

95 2275 155 2299 state
170 2281 221 2301 non
233 2280 339 2307 essent,
353 2275 459 2310 seipsos
475 2276 626 2309 iudicasse,
643 2277 788 2312 hostesque
804 2278 877 2313 ipsos

95 2318 124 2344 (ιιι
136 2320 295 2354 supplicium
313 2320 489 2356 inlligcndum
503 2330 677 2357 provocasse.
693 2323 730 2351 De
743 2323 878 2353 Christia-

96 2363 132 2390 nis
147 2367 185 2392 sui
203 2367 336 2403 temporis
351 2366 489 2395 Lucianus
505 2369 530 2395 in
546 2369 688 2404 Peregrina
701 2377 710 2396 :
726 2371 877 2398 Πεπείκασι

95 2408 142 2445 γὰρ
159 2412 254 2445 αὐτοὺς
276 2413 302 2440 οἱ
327 2413 524 2448 κακοδαίμονες
545 2413 576 2440 τὸ
598 2415 646 2450 μὲν
667 2415 727 2442 ὅλον
748 2416 877 2443 ἀθάνατοι

97 2454 192 2485 ἔσεσθαι
214 2460 261 2486 καὶ
289 2459 436 2494 βιώσεσθαι
457 2460 503 2487 τὸν
523 2461 567 2488 ἀεὶ
583 2462 688 2497 χρόνον
713 2463 778 2498 παρ’
800 2463 815 2488 ὃ
831 2463 878 2490 χαὶ

97 2506 284 2540 καταφρονοῦσι
301 2505 348 2532 τοῦ
366 2506 481 2533 θανάτου
491 2528 498 2539 ,
517 2508 564 2534 καὶ
580 2509 687 2541 ἑκόντες
703 2510 801 2542 αὐτοὺς
817 2511 877 2537 ἐπι-

98 2548 200 2578 διδόασιν
215 2554 238 2579 ot
255 2552 359 2579 πολλοι.
382 2562 392 2578 ι
411 2552 503 2580 Miseri
520 2553 645 2582 homines
664 2562 678 2581 a
703 2555 801 2589 seipsis
814 2563 877 2590 per-

98 2597 173 2629 suasi,
187 2597 241 2627 fore
255 2607 285 2627 se
297 2600 403 2634 integre
418 2599 596 2632 immortales,
615 2609 777 2636 semperque
790 2602 876 2629 victu-

100 2647 148 2673 ηις,
158 2649 267 2672 mortem
279 2649 471 2678 contemnunt,
485 2645 620 2680 multique
632 2646 705 2673 ultro
715 2646 819 2681 seipsos
830 2646 877 2673 de-

100 2686 167 2715 tluut.
185 2699 193 2715 ι
211 2689 377 2718 Tiberianus
402 2690 554 2718 Palmstinaa
575 2699 676 2726 praeses
693 2692 745 2719 sub
761 2692 876 2726 imperio

102 2731 198 2766 'l‘rajani
210 2736 242 2762 tle
253 2735 374 2764 Galilaais
389 2737 446 2764 sive
460 2736 626 2765 Christianis
643 2738 678 2764 ita
690 2738 828 2772 loquitur:
845 2739 876 2765 οὐ

101 2784 218 2807 πιυονται
233 2783 346 2814 ἑαυτοὺς
364 2782 512 2817 μηνύοντες
520 2783 560 2814 εἰς
568 2783 598 2808 τὸ
615 2783 794 2818 ἀναιρεῖσθαι,
807 2792 876 2811 (non

102 2830 197 2852 tessant
212 2827 244 2854 ad
262 2828 365 2855 easdem
391 2836 452 2856 sese
472 2829 652 2863 patefacere.»
678 2829 740 2857 llree
755 2830 789 2857 de
805 2831 876 2857 anti-

102 2871 228 2905 quissimis
245 2874 411 2910 martyribus
424 2875 539 2909 gentiles
552 2878 687 2904 testantur
704 2884 709 2901 :
727 2875 876 2906 Christiani

929 2286 993 2304 lllllll
1011 2282 1049 2304 tot
1066 2277 1131 2305 viris
1146 2282 1173 2305 et
1187 2277 1308 2310 feminis,
1324 2278 1415 2305 onmis
1437 2285 1519 2305 sexus
1532 2298 1539 2310 ,
1565 2278 1717 2313 dignitatis.

928 2323 1106 2351 oll‘crentibus
1127 2332 1158 2351 se
1168 2324 1235 2351 tibi?
1249 2333 1258 2350 ι
1283 2324 1312 2352 S.
1338 2323 1510 2359 Cyprianus,
1530 2331 1593 2351 cum
1615 2328 1718 2359 marty-

928 2370 1000 2398 rium
1015 2371 1138 2405 impense
1149 2371 1300 2404 laudasset,
1315 2371 1355 2398 sic
1365 2370 1552 2406 praefationem
1564 2370 1714 2397 concludit:

931 2426 939 2442 |
954 2417 1148 2452 Amplectendo
1171 2425 1215 2444 res
1229 2421 1273 2444 est
1296 2421 1323 2444 et
1339 2418 1467 2452 optanda,
1482 2421 1509 2444 et
1524 2417 1653 2444 omnibus
1667 2424 1718 2451 po-

928 2462 1107 2490 stulationum
1125 2469 1280 2489 nostrarum
1305 2461 1432 2496 precibus
1447 2460 1595 2495 expetenda
1607 2480 1614 2491 ,
1629 2464 1658 2486 ut
1671 2460 1718 2494 qui

927 2509 997 2536 servi
1017 2508 1064 2536 Dei
1081 2517 1188 2541 sumus,
1206 2509 1293 2536 simus
1309 2512 1336 2535 et
1346 2508 1438 2535 amici.
1455 2516 1464 2533 ι
1479 2507 1518 2534 Ac
1529 2515 1626 2534 rursus
1639 2507 1672 2533 ad
1685 2507 1718 2533 li-

928 2563 988 2582 nem
1004 2555 1066 2582 lihri
1081 2563 1087 2580 ε
1105 2563 1114 2580 ι
1132 2554 1200 2587 Quis
1219 2554 1301 2589 igitur
1316 2561 1370 2580 non
1391 2553 1520 2580 omnibus
1538 2545 1643 2579 viribus
1662 2553 1718 2579 ela-

927 2602 1017 2633 borat,
1032 2601 1065 2627 ad
1088 2605 1192 2627 tantam
1214 2600 1365 2626 claritatem
1389 2599 1531 2633 pervenire
1543 2619 1551 2631 ,
1569 2603 1598 2625 ut
1612 2598 1717 2625 amicus

927 2645 975 2673 Dei
990 2646 1046 2678 fiat,
1067 2650 1096 2672 ut
1114 2653 1176 2672 cum
1191 2644 1302 2672 Christo
1318 2644 1410 2671 statim
1439 2644 1555 2679 gaudeat
1568 2664 1576 2674 ,
1607 2648 1636 2670 ut
1657 2649 1718 2678 post

927 2696 1064 2719 tormenta
1077 2696 1105 2718 et
1118 2691 1251 2726 supplicia
1267 2695 1373 2717 terrena
1391 2691 1503 2725 praemia
1518 2690 1609 2717 divina
1626 2690 1717 2725 perci-

927 2738 1001 2773 piat?
1016 2748 1025 2763 ›
1044 2738 1080 2765 De
1096 2746 1168 2764 nona
1184 2737 1373 2772 persecutione
1385 2737 1522 2772 Sulpicius
1536 2745 1544 2763 ι
1563 2746 1572 2762 ι
1585 2736 1717 2764 Certatim

927 2785 1047 2820 gloriosa
1069 2785 1096 2811 in
1108 2784 1261 2811 certamina
1278 2784 1425 2817 ruebatur;
1448 2784 1589 2818 multoque
1609 2773 1718 2810 aviditis

927 2835 985 2857 tum
997 2831 1129 2866 martyria
1139 2829 1266 2866 gloriosis
1279 2829 1413 2857 mortibus
1423 2830 1625 2864 qua-rebantur,
1634 2838 1716 2865 quam

927 2883 1001 2905 nunc
1015 2876 1190 2912 episcopatus
1206 2877 1301 2912 pronis
1313 2875 1509 2905 ambitionibus
1524 2881 1717 2911 appetuntur-.t
