1850 3072
145 141 192 169 571

621 141 649 169 S.
667 141 843 170 lGNATlUS.
865 159 898 162 —
918 141 1184 170 PROLEGOMENA.

1723 141 1773 169 372

146 201 218 230 idem
233 203 315 237 epist.
335 203 364 239 ιι
389 202 422 230 de
437 203 468 230 Β.
485 202 601 231 Martino
617 212 624 229 :
647 213 656 229 ι
670 203 747 236 Quod
767 204 791 231 si
808 204 833 230 ei
846 203 931 231 Nero—
946 208 969 235 Λ
983 208 1041 231 tum
1059 204 1085 230 in
1109 203 1269 238 sanguinem
1292 203 1400 238 piorum
1422 202 1580 234 desaaviret,
1597 201 1772 236 objurgant:

146 248 238 275 nianis
250 247 431 284 Deeianisque
443 249 612 284 temporibus
627 249 654 276 in
670 249 715 276 illa
731 256 793 284 quae
808 253 874 276 tunc
884 256 932 276 ex-

147 293 218 321 stitit
233 293 364 321 dimicare
379 295 575 330 congressione
593 294 727 328 licuisset,
746 299 831 322 testor
848 294 933 322 Deum

145 339 208 368 caeli
224 343 305 374 atque
324 343 412 373 terrae,
427 345 524 376 sponte
537 341 683 376 equuleum
697 341 876 374 ascendisset,
892 341 934 368 ul-

146 388 190 412 tro
209 393 238 412 se
255 385 363 420 ignibus
378 385 549 414 intulisset...
568 385 597 414 Si
612 393 678 414 vero
696 387 816 422 gentium
832 386 933 414 Docto-

146 432 185 460 ris
202 432 326 467 exemplo
339 432 430 468 gladio
452 433 610 468 deputatus,
625 434 696 461 inter
711 433 794 466 alias,
815 437 845 461 ut
863 441 934 469 smpe

144 478 281 512 provenit,
293 478 418 507 victimas
432 479 588 512 duceretur,
603 480 710 516 primus
724 479 858 512 omnium,
871 487 933 506 car-

145 523 227 552 nilice
248 525 389 559 compulso
402 546 410 558 ,
431 525 549 560 palmam
572 526 714 562 sanguinis
733 531 902 561 occupasset.
921 535 930 552 ι

146 569 311 598 Valerianus
326 570 505 600 Cemeliensis
516 572 672 607 episcopus,
686 572 799 600 bomilia
814 571 853 598 De
867 571 933 598 bona

144 617 270 651 martyrii
297 625 306 644 :
331 626 340 643 I
369 617 437 651 Quis
457 625 513 645 non
533 618 644 654 sapiens
667 622 822 654 contempta
851 618 934 654 hujus

144 663 213 691 lucis
243 672 345 698 usura,
374 664 398 693 si
421 665 458 693 ita
480 674 548 693 usus
575 665 689 700 venerit,
715 666 748 694 ad
772 667 933 702 martyrium

144 709 289 737 ambitiose
301 710 422 742 festinet,
439 718 501 738 cum
517 711 608 738 videat
621 711 654 738 ad
668 711 776 739 lucrum
795 711 857 739 vita:
872 719 934 746 per-

143 755 229 783 tinere
240 755 339 783 animm
353 761 467 784 mortem
480 756 645 792 deputasse?
662 756 754 791 Quare
767 762 859 785 autem
877 766 932 785 non

144 801 227 829 homo
240 801 273 829 ad
289 807 344 829 tam
357 803 509 839 pretiosum
524 811 594 838 opus
608 803 724 832 devotus
746 809 884 839 occurrat,
901 813 934 833 ac

145 854 174 874 se
190 847 217 874 in
230 847 377 882 impiorum
391 856 489 880 manus
504 849 634 882 audacter
645 850 768 886 objiciet,
783 858 863 886 quem
882 859 934 878 ρω-

984 257 1054 285 quos
1066 250 1111 277 ille
1124 249 1255 277 continuo
1267 256 1316 284 pro
1335 248 1436 277 Christi
1452 248 1563 276 nomine
1576 247 1677 275 bestiis
1693 246 1776 273 tradi-

984 294 1024 322 dit
1039 295 1218 322 devorandos.
1234 303 1243 320 ›
1261 293 1402 321 Romanus
1424 292 1606 320 Ctesareensis
1627 291 1774 322 diaconus,

986 342 1082 369 videns
1100 342 1201 369 multos
1217 340 1413 372 sacriﬁcantes,
1428 340 1500 375 ζήλῳ
1517 339 1676 370 θεοσεϐείας
1692 337 1776 374 1:963.-

985 396 1055 420 εισι,
1075 388 1154 416 «zelo
1177 388 1262 416 divini
1283 387 1373 415 cultus
1395 387 1485 422 ipsum
1506 387 1641 414 incitante
1662 385 1775 421 propius

985 434 1119 467 accedit,»
1142 438 1169 461 et
1190 438 1319 461 contenta
1331 440 1396 460 voce
1412 433 1564 460 inclamans
1577 439 1628 460 eos
1645 431 1776 467 objurga-

985 480 1032 514 vit,
1042 480 1139 515 iudici,
1153 484 1183 507 ut
1197 484 1260 507 ante
1277 479 1414 512 diximus,
1428 480 1483 506 vim
1505 478 1579 510 fecit,
1596 484 1625 506 et
1640 477 1679 505 ob
1692 477 1776 505 auda-

984 526 1054 554 ciam
1070 526 1295 561 comprehensus,
1311 526 1499 560 γενναιότατος
1518 526 1542 552 εἰ
1563 524 1610 552 καί
1631 532 1677 556 τις
1699 522 1776 554 ἄλλος

983 573 1170 600 ἀποδέδεικται
1198 573 1301 608 μάρτυς
1327 573 1377 608 τῆς
1400 571 1544 608 ἀληθείας,
1563 581 1573 597 (
1596 577 1735 606 generoso
1753 569 1775 601 si

983 620 1046 655 quis
1065 619 1136 647 alius
1153 619 1284 655 martyrio
1304 628 1313 644 ι
1339 623 1489 647 coronatus
1510 622 1562 646 est.
1580 617 1686 645 Euseb.
1703 616 1722 643 l.
1738 624 1774 647 rx,

983 673 1009 693 c.
1030 665 1057 693 2.
1079 665 1233 699 Quinetiam
1256 665 1416 701 Apphianus
1444 663 1565 691 fervente
1584 662 1775 698 persecutione

984 712 1053 740 clam
1065 711 1194 740 omnibus
1205 711 1231 739 in
1242 711 1337 739 eadem
1351 711 1434 738 domo
1445 709 1607 745 degentibus
1617 713 1648 736 et
1658 708 1774 735 mititum

984 758 1066 786 etiam
1083 758 1206 791 cohorte,
1224 757 1328 785 Urbani
1341 756 1465 792 prtesidis
1490 756 1585 784 dextra
1602 755 1774 790 apprehensa

984 803 1150 832 sacriﬁcium
1165 804 1292 832 omittere
1307 803 1406 838 coegit,
1425 806 1452 830 et
1464 801 1638 837 gravissimis
1654 805 1775 832 tormen—

985 851 1019 879 tis
1033 858 1093 878 sese
1106 850 1208 878 dedens
1221 858 1320 886 passus
1336 853 1389 877 est.
1408 848 1437 876 ld
1457 852 1548 875 autem
1567 847 1723 878 Eusebius,
1738 846 1773 874 itii

144 893 222 921 lestis
241 895 328 930 gratia
346 895 574 924 remunerationis
597 897 754 932 exspectat?
769 907 778 923 ι
802 896 830 924 S.
848 897 935 933 Chry-
951 892 972 919 Β
987 897 1139 930 familiaris,
1152 905 1215 925 eum
1231 897 1328 925 fecisse
1342 895 1491 932 judicavit,
1507 895 1557 930 τῆς
1573 894 1621 920 ἐπὶ
1637 893 1713 921 τοῦτ’
1729 893 1774 920 αὺ-

144 945 285 968 sostomus
299 941 461 969 observabat
473 942 524 970 sub
539 942 653 978 imperio
663 942 764 970 Juliani
775 944 865 971 πᾶσαν
878 944 933 979 ἡλι-

143 987 206 1014 κίαν
222 987 316 1019 ἁπλῶς
342 988 387 1015 καὶ
412 988 492 1023 φύσιν
509 989 658 1025 ἑκατέραν,
676 989 805 1026 πηδῶσαν
822 991 868 1017 ἐπὶ
883 991 933 1023 τὰς

143 1032 213 1068 ὑπὲρ
239 1033 289 1068 τῆς
312 1033 454 1066 εὐσεϐείας
477 1035 601 1070 σφαγάς,
622 1043 753 1063 «omnem
777 1041 883 1064 aetatem
907 1041 934 1064 et

143 1084 290 1115 utrumque
302 1089 396 1108 sexum
411 1082 445 1109 ad
458 1088 572 1109 mortem
587 1090 637 1117 pro
650 1091 713 1110 vera
726 1083 857 1118 religione
869 1084 934 1112 sub-

141 1126 259 1153 eundam
283 1127 464 1154 exsilientem.
480 1137 489 1153 ι
510 1127 586 1156 Hane
608 1130 741 1156 rationem
764 1129 868 1162 reddit,
884 1137 934 1156 cur

141 1172 267 1200 Julianus
282 1173 412 1208 Apostata
427 1178 550 1209 apertam
573 1179 669 1202 contra
683 1174 855 1202 Christianos
873 1183 934 1210 per—

143 1219 311 1246 secutionem
332 1219 423 1246 moliri
444 1220 578 1252 noluerit,
600 1220 660 1256 ᾔδει
677 1219 747 1256 γὰρ,
766 1220 823 1256 ᾔδει
841 1220 934 1255 σαφῶς

141 1265 183 1292 ὅτι
199 1265 278 1293 τοῦτο
293 1266 480 1302 τολμήσαντος
496 1266 579 1294 αὐτοῦ
592 1288 599 1300 ,
623 1267 723 1300 πάντες
747 1268 780 1295 ἂν
801 1267 871 1303 ὑπὲρ
885 1267 933 1294 τοῦ

142 1310 261 1346 Χριστοῦ
276 1311 325 1344 τὰς
341 1312 446 1338 ἑαυτῶν
455 1311 615 1348 προῦδωκαν
624 1313 722 1349 ψυχάς.
738 1323 747 1339 ι
758 1312 838 1341 Novit
847 1313 932 1346 enim,

142 1361 235 1390 aperte
251 1358 338 1391 novit,
356 1358 441 1393 quod,
455 1358 478 1386 si
494 1358 546 1386 hoc
563 1352 680 1387 auderet
701 1359 759 1392 ille,
775 1367 871 1387 omnes
884 1366 933 1394 pro

141 1401 252 1430 Christo
269 1403 376 1431 animas
395 1411 460 1431 suas
484 1404 676 1440 prodidissent.
699 1415 709 1431 ι
740 1405 844 1437 Πάντες
859 1405 932 1441 γὰρ,

142 1449 236 1486 φησὶν,
253 1450 291 1482 ὡς
306 1451 352 1477 ἐπὶ
369 1452 464 1487 κηρίον
482 1451 603 1488 μέλιτται
619 1451 728 1487 ἥξουσιν
744 1452 782 1484 ὡς
798 1452 843 1479 ἐπὶ
861 1453 933 1488 μαρ-

141 1495 234 1532 τύριον
251 1497 404 1533 πετόμενοι,
425 1507 434 1524 ι
452 1494 554 1526 Omnes
576 1499 660 1532 enim,
679 1498 779 1534 inquit,
794 1503 823 1525 ut
844 1497 878 1525 ad
892 1498 932 1526 fa-

141 1549 206 1571 V'Itm
222 1551 297 1578 apes,
314 1544 347 1571 ad
362 1545 524 1580 martyrium
542 1545 736 1572 convolabunt.
753 1555 762 1571 ι

176 1586 270 1623 Neque
281 1596 346 1616 vero
361 1593 468 1617 tantum
480 1589 561 1617 fortia
573 1585 657 1618 locuti
673 1595 737 1618 sunt
747 1592 867 1627 antiquae
878 1590 928 1619 Ec-

142 1634 233 1664 clesiae
243 1635 406 1668 Christiani,
423 1635 471 1664 sed
486 1641 513 1664 et
529 1636 619 1664 fecere
633 1642 660 1664 et
672 1637 746 1672 passi
764 1642 837 1666 sunt.
853 1637 929 1666 Cele-

142 1682 191 1709 bre
210 1681 337 1716 inprimis
352 1682 405 1709 fuit
422 1690 522 1711 nomen
536 1683 635 1711 Phocae
646 1684 786 1720 martyris,
804 1685 852 1719 qui
865 1692 927 1712 cum

142 1728 253 1756 lictores
279 1728 349 1756 forte
375 1729 494 1764 hospitio
519 1730 687 1765 accepisset,
712 1730 760 1766 qui
782 1731 930 1759 narrabant

143 1776 244 1803 missos
257 1783 286 1803 se
300 1775 333 1803 ad
356 1776 575 1804 interﬁciendum
592 1776 728 1810 Phocam,
745 1777 871 1812 promisit
885 1778 930 1805 die

142 1821 263 1848 crastino
276 1828 306 1849 se
317 1821 436 1849 Phocam
449 1822 503 1849 illis
517 1826 702 1856 ostensurum,
717 1827 743 1850 et
762 1824 821 1851 loco
834 1823 866 1851 ad
886 1831 929 1851 se-

141 1867 279 1902 pulturam
304 1867 381 1902 prius
401 1872 554 1903 prteparato
576 1872 671 1896 astans
684 1869 725 1896 eis
738 1869 828 1896 dixit:
848 1879 858 1895 ι
872 1869 929 1905 Ego

141 1912 188 1940 ille
199 1911 317 1942 Phocas.
331 1922 340 1938 ι
356 1913 396 1940 illi
414 1922 477 1941 eum
491 1913 548 1949 jam
564 1914 723 1942 lrasitarent
735 1935 742 1948 ,
764 1915 872 1943 animos
888 1915 929 1943 eis

142 1963 173 1985 ut
188 1958 277 1993 ipsum
292 1959 476 1987 interlicercnt
487 1959 678 1989 exhortatione
698 1960 824 1993 addebat,
842 1959 927 1994 εἶπεν,

142 2005 261 2038 ἔπεισεν,
279 2005 388 2039 ἔπαθεν,
407 2006 453 2033 καὶ
468 2005 517 2042 τὴν
526 2006 647 2042 κεφαλὴν
655 2007 824 2043 ἀποτμηθεὶς
833 2009 929 2043 ἱερεῖον

140 2050 180 2087 τῷ
196 2051 256 2087 Θεῷ
272 2052 469 2088 κεχαρισμένον
486 2052 639 2088 προσήχθη,
660 2063 669 2078 ι
683 2053 763 2086 dixit,
780 2055 928 2088 persuasit,

140 2105 240 2133 passus
252 2102 303 2131 est,
316 2105 347 2126 ac
361 2098 448 2134 capite
460 2103 604 2127 truncatus
617 2103 694 2134 grata
707 2098 762 2127 Deo
776 2099 866 2127 hostia
881 2100 929 2128 ob-

141 2144 214 2173 latus
236 2148 295 2178 est;
315 2154 324 2170 ›
352 2148 382 2175 ιιι
399 2145 521 2180 loquitur
543 2144 668 2173 Asterius
683 2145 848 2178 Amasenus,
866 2146 929 2180 Epi-

141 2192 243 2227 phanio
257 2191 439 2227 synchronus.
450 2191 507 2219 Sub
520 2191 657 2220 Valeriani
670 2193 858 2227 persecutione
868 2192 929 2223 Pri-

983 944 1029 971 τὺν
1046 943 1219 980 προαγούσης
1239 943 1331 971 ἐνθέου
1354 942 1495 978 δυνάμεως
1512 941 1656 978 μονονουχὶ
1674 940 1774 977 βοιῖισης

983 990 1026 1017 διὰ
1042 990 1088 1017 τοῦ
1105 990 1260 1026 γινομένου,
1280 1000 1290 1016 ι
1316 989 1409 1017 divina
1432 989 1534 1016 virtute
1555 988 1590 1016 ad
1611 989 1667 1016 hoc
1687 987 1771 1022 ipsum

984 1036 1139 1071 impellente
1149 1057 1157 1069 ,
1167 1041 1273 1063 tantum
1288 1044 1341 1064 non
1354 1043 1402 1071 per
1417 1035 1470 1063 hoc
1481 1033 1590 1062 facinus
1606 1034 1769 1066 clamantep

984 1083 1032 1118 qui
1047 1087 1074 1110 et
1085 1083 1239 1116 Aidesium,
1253 1083 1325 1110 idem
1340 1082 1415 1118 quod
1429 1089 1444 1109 a
1457 1081 1540 1109 fratre
1556 1081 1663 1109 factum
1676 1079 1773 1114 est,fa-

984 1137 1045 1157 cere
1057 1133 1197 1162 conatum,
1209 1129 1304 1156 eodem
1317 1129 1398 1156 modo
1409 1135 1520 1163 passum
1535 1131 1640 1154 narrat.
1652 1126 1770 1162 Longum

984 1180 1057 1203 esset
1071 1183 1165 1203 omnes
1178 1183 1330 1208 recensere,
1344 1183 1414 1211 quos
1428 1174 1563 1202 Eusebius
1577 1174 1683 1209 aliique
1696 1181 1724 1201 se
1733 1172 1771 1200 ul-

985 1226 1027 1249 tro
1036 1222 1100 1250 etde
1110 1221 1244 1250 industria
1258 1221 1388 1257 martyrio
1399 1221 1532 1249 obtulisse
1543 1225 1767 1248 commemorant.

1021 1267 1073 1296 Sed
1092 1268 1212 1296 «Christi
1232 1273 1375 1304 martyres,
1392 1268 1529 1303 inquiunt,
1546 1271 1666 1294 mortem
1682 1273 1770 1302 exspe-

984 1318 1068 1348 ctant,
1081 1322 1136 1342 non
1153 1319 1308 1342 accersunt.
1325 1324 1335 1341 ι
1357 1314 1427 1342 Eant
1451 1313 1551 1350 igitur,
1568 1319 1596 1341 et
1614 1320 1712 1341 omnes
1725 1311 1767 1348 qui

985 1367 1015 1388 se
1025 1360 1200 1395 passionibus
1217 1360 1290 1388 ultro
1305 1359 1478 1393 obtulerunt,
1496 1367 1529 1386 ex
1550 1358 1656 1387 Christi
1673 1362 1768 1393 marty-

984 1413 1045 1433 rum
1065 1413 1180 1434 numero
1202 1411 1374 1441 expungant,
1402 1409 1430 1433 et
1455 1410 1557 1440 tropaea
1585 1405 1622 1432 de
1648 1404 1765 1440 gentibus

984 1456 1075 1481 erecta
1088 1452 1208 1486 diruant,
1224 1456 1252 1480 et
1265 1452 1348 1480 unius
1359 1451 1500 1480 modestia;
1517 1454 1664 1486 prtetcxtu,
1678 1457 1766 1478 omnes

985 1497 1112 1526 heroicae
1126 1498 1242 1525 virtutes
1264 1497 1423 1525 obliterent!
1448 1497 1533 1524 Aliter
1552 1496 1661 1531 antiqui
1679 1494 1764 1522 Patres

983 1541 1147 1578 loquuntur,
1166 1542 1213 1578 qui
1227 1543 1366 1570 cruciatus
1386 1545 1414 1569 et
1430 1545 1566 1569 tormenta
1586 1541 1632 1568 vel
1646 1540 1696 1576 ipsi
1710 1547 1764 1575 per-

980 1590 1053 1626 pessi
1064 1595 1137 1622 sunt,
1152 1590 1193 1618 vel
1210 1590 1281 1618 alios
1302 1589 1405 1625 perpeti
1422 1589 1560 1617 viderunt.
1575 1587 1640 1616 Non
1658 1588 1696 1615 illi
1709 1594 1763 1614 rno-

978 1637 1092 1665 destiam
1104 1641 1255 1672 martyrum
1268 1637 1350 1665 nobis
1370 1636 1488 1663 maxime
1500 1636 1589 1664 solent
1602 1640 1763 1670 proponere,

979 1683 1027 1711 sed
1043 1682 1154 1718 ἀρετὴν,
1172 1682 1308 1718 ἀνδρείαν,
1321 1679 1598 1716 γενναιότητα,ζῆλον
1605 1677 1762 1708 θεοσεϐείας,

979 1727 1172 1764 ἀνδραγαθίαν,
1190 1726 1396 1764 παρῤησίαν,τὸ
1405 1725 1515 1762 θάρσος,
1527 1726 1577 1761 τὴν
1592 1725 1705 1760 τόλμαν,
1720 1723 1762 1757 τὴν

979 1775 1183 1811 προθυμὸτητα,
1200 1775 1250 1811 τὴν
1266 1774 1425 1810 προαίρεσιν
1441 1772 1578 1808 γενναίαν,
1595 1771 1632 1799 τὰ
1648 1770 1762 1806 ἐγχειρή-

982 1830 1064 1858 ματα,
1082 1820 1116 1848 τὰ
1132 1820 1376 1856 ἁνδραγαθήματα,
1394 1819 1427 1847 τὰ
1444 1818 1648 1854 κατορθώματα
1665 1817 1761 1850 aliaque

979 1867 1137 1904 hujusmodi
1166 1872 1296 1902 tanquam
1317 1865 1468 1894 certissima
1493 1864 1541 1891 τοῦ
1558 1864 1712 1900 πνεύματος
1724 1869 1762 1887 τε·

980 1914 1086 1950 κμήρια
1102 1913 1254 1945 celebrare,
1274 1912 1377 1947 quibus
1398 1911 1457 1939 hac
1471 1910 1588 1946 epistola
1604 1909 1705 1937 referta
1714 1912 1759 1935 est.

980 1958 1044 1987 Hac
1056 1963 1147 1987 autem
1163 1958 1300 1994 praecipue
1319 1957 1346 1984 in
1371 1956 1476 1992 lgnatio
1490 1955 1584 1983 laudat
1601 1955 1760 1991 Chrysosto-

980 2013 1052 2034 mus.
1083 2004 1136 2037 Τοῦ
1161 2003 1281 2040 Χριστοῦ
1299 2003 1438 2038 λέγοντος,
1454 2003 1496 2030 δτι
1518 2001 1545 2028 '0
1562 2001 1676 2036 ποιμὴν
1691 2001 1707 2027 o'
1720 2007 1762 2026 κα-

980 2051 1035 2085 λὸς
1050 2051 1108 2086 τὴν
1122 2050 1229 2086 ψυχὴν
1245 2049 1339 2078 αὐτοῦ
1359 2050 1480 2083 τίθησιν
1495 2047 1572 2082 ὑπὲρ
1587 2046 1649 2074 τῶν
1663 2043 1761 2080 προϐά-

980 2106 1053 2130 των,
1077 2097 1147 2133 μετὰ
1168 2097 1258 2131 πάσης
1283 2095 1408 2131 ἀνδρείας
1430 2093 1514 2130 αὐτὴν
1536 2093 1676 2120 ἀπέδωκεν
1699 2090 1760 2126 ὑπὲρ

980 2143 1033 2170 τῶν
1050 2142 1203 2179 προὸάτων.
1224 2151 1233 2168 ‹
1245 2141 1315 2169 Cum
1332 2140 1458 2168 Christus
1472 2140 1574 2168 diceret
1588 2147 1595 2165 :
1611 2138 1708 2166 Pastor
1719 2137 1759 2164 bo-

981 2197 1030 2216 nus
1054 2188 1129 2223 ponit
1145 2187 1263 2214 animum
1280 2194 1356 2214 suam
1373 2194 1420 2221 pro
1440 2185 1530 2212 ovibus
1538 2185 1585 2218 ³⁸,’
1605 2192 1669 2212 cum
1693 2182 1759 2211 omni

141 2245 216 2270 scus,
232 2237 365 2270 Male-bus,
378 2242 406 2265 et
424 2237 588 2271 Alexander,
608 2239 715 2274 seipsos
729 2238 846 2266 invicem
867 2239 931 2266 insi-
947 2244 969 2271 ι)
982 2235 1141 2263 fortitudine
1155 2235 1242 2269 ipsam
1255 2240 1305 2268 pro
1323 2232 1421 2261 ovibus
1434 2231 1556 2259 tradidit.
1572 2240 1582 2257 ι
1601 2230 1693 2259 Monet
1704 2229 1758 2264 qui-

140 2283 284 2310 mulabant
297 2286 430 2318 tanquam
453 2283 567 2319 ignavos
587 2288 614 2311 et
628 2283 747 2317 desides,
762 2285 835 2320 quod
851 2292 931 2312 occac

140 2332 220 2358 sione
240 2330 331 2357 oblata
354 2330 443 2357 adhuc
459 2335 630 2363 cessassent,
654 2330 690 2366 μὴ
714 2331 775 2366 οὐχὶ
791 2332 930 2367 προαρπάν

141 2375 232 2408 ζοντες
248 2375 295 2402 τὸν
309 2375 357 2402 τοῦ
375 2375 526 2412 μαρτυρίου
543 2376 688 2410 στέφανον,
709 2387 717 2402 ι
739 2385 790 2404 nec
807 2377 930 2413 martyrii

141 2429 270 2450 coronam
289 2421 510 2456 praeripuissent;
530 2431 540 2448 ι
553 2429 638 2456 quare
651 2421 769 2456 judicent
781 2422 881 2456 adorti,
895 2423 928 2450 ad

140 2468 245 2496 bestias
268 2466 442 2495 condemnati
461 2467 526 2502 θείῳ
552 2467 796 2504 κατεκοσμήθησαν
823 2478 928 2505 μαρτυ-

142 2514 194 2550 ρίῳ
207 2524 215 2540 ι
226 2513 319 2542 divino
329 2514 461 2549 martyrio
472 2513 595 2541 coronati
609 2517 685 2546 sunt,
698 2523 708 2540 ι
727 2519 756 2542 ιιι
769 2519 863 2542 narrat
873 2515 928 2543 Eu-

141 2560 234 2588 sebius
252 2559 300 2586 lib.
315 2567 364 2591 vlt,
382 2567 407 2587 c.
422 2559 466 2586 l2.
483 2557 560 2586 Unde
583 2557 804 2594 Martyrologium
826 2560 928 2587 Roma-

141 2614 208 2634 num
219 2606 316 2641 quinto
326 2605 386 2632 Kal.
396 2605 512 2640 Aprilis:
525 2614 535 2630 ι
546 2605 679 2633 Caesarea:
690 2606 718 2633 in
725 2605 871 2634 Palaestina
879 2615 929 2634 na-

142 2653 204 2680 talis
218 2652 270 2679 SS.
287 2655 438 2686 martyrum
465 2651 562 2684 Prisci,
580 2651 679 2679 Malchi
692 2672 700 2684 ,
718 2657 745 2680 et
761 2653 926 2684 Alexandri,

141 2698 188 2734 qui
204 2697 232 2725 in
248 2696 437 2732 persecutione
456 2695 605 2730 Valeriani,
631 2704 694 2724 cum
717 2697 745 2724 in
767 2697 927 2724 suburbano

139 2742 228 2778 agello
242 2741 405 2777 supradicta:
419 2742 495 2770 urbis
509 2741 673 2775 habitarent,
691 2746 773 2777 atque
785 2742 813 2769 in
825 2749 857 2769 ea
871 2749 927 2769 co:-

141 2789 222 2816 lestes
238 2787 363 2823 martyrii
381 2791 598 2822 proponerentur
612 2795 734 2820 coronae;
750 2786 844 2814 divino
864 2787 926 2814 ﬁdei

141 2834 233 2861 calore
245 2833 388 2865 succensi,
406 2833 479 2861 ultro
498 2833 616 2868 judicem
631 2834 781 2866 adeuntes,
801 2841 850 2861 cur
867 2837 927 2862 tan-

177 2892 199 2911 "
213 2891 291 2933 ioan.
308 2900 334 2926 x,
353 2892 396 2921 il.
436 2893 456 2910 ³⁷
475 2892 540 2923 Luc.
559 2892 674 2928 xtvﬁu,

982 2282 1043 2309 dem
1060 2280 1089 2308 S.
1107 2280 1261 2316 Cyprianus
1276 2279 1392 2314 epistola
1406 2278 1434 2311 6,
1449 2277 1624 2306 confessores
1640 2277 1758 2307 humiles,

981 2327 1170 2360 et’modestos,
1194 2331 1222 2355 et
1240 2327 1347 2362 quietos
1365 2333 1428 2354 esse
1443 2325 1556 2357 debere;
1576 2325 1624 2353 sed
1645 2323 1759 2358 intelligit

982 2374 1145 2402 modestiam
1164 2381 1228 2405 erga
1242 2373 1397 2408 superiores
1411 2372 1439 2399 in
1455 2371 1597 2400 Ecclesia:
1616 2371 1644 2399 in
1659 2371 1701 2403 iis,
1712 2369 1757 2398 sci-

982 2421 1054 2455 licet,
1077 2431 1087 2448 (
1101 2428 1162 2456 qua:
1180 2421 1330 2448 secundum
1351 2419 1556 2454 Scripturarum
1578 2417 1756 2454 magisterium

980 2467 1166 2495 ecclesiastica
1174 2466 1320 2502 disciplina
1333 2466 1474 2501 deposcat.
1491 2474 1501 2491 ι
1517 2464 1649 2498 Quamvis
1663 2470 1709 2491 nec
1718 2462 1756 2489 hic

981 2514 1082 2542 desunt
1093 2514 1170 2550 signa
1185 2513 1326 2541 modestite
1337 2511 1493 2545 manifesta,
1505 2512 1589 2539 utubi
1602 2511 1656 2539 ait:
1668 2520 1678 2537 ι
1689 2509 1756 2537 Nunc

981 2561 1082 2596 incipio
1096 2560 1248 2596 discipulus
1264 2568 1335 2593 esse,
1349 2568 1357 2586 ι
1377 2558 1450 2594 quod
1465 2565 1609 2594 perperam
1624 2562 1652 2586 et
1663 2558 1754 2585 incom-

981 2606 1062 2634 mode
1079 2606 1182 2633 dictum
1194 2605 1352 2641 pronuntiat
1360 2611 1459 2632 censor
1475 2604 1636 2632 acerrimus.
1652 2603 1691 2630 An
1698 2608 1754 2629 vero

981 2653 1035 2688 qui!
1050 2653 1139 2688 probe
1154 2652 1232 2680 novit
1250 2651 1390 2684 Christum
1413 2650 1502 2685 ipsum
1518 2649 1637 2683 dixisse,
1657 2648 1686 2676 Si
1703 2647 1753 2683 qui:

981 2699 1050 2726 venit
1070 2698 1105 2725 ad
1122 2706 1163 2725 me
1176 2703 1201 2725 et
1216 2705 1268 2724 non
1287 2697 1344 2724 odit
1355 2696 1481 2731 janimtmt
1495 2703 1589 2729 suam,
1607 2703 1660 2723 non
1677 2697 1751 2729 potest

979 2752 1053 2772 meus
1068 2752 1123 2772 esse
1142 2743 1339 2779 discipulus";
1364 2750 1426 2770 cum
1440 2741 1498 2777 jam
1519 2742 1597 2769 novit
1621 2740 1699 2769 etiam
1716 2745 1752 2766 se-

980 2791 1071 2826 ipsum
1088 2790 1165 2826 plene
1185 2796 1347 2825 persuasum
1367 2795 1427 2816 esse
1448 2787 1481 2816 ad
1498 2787 1582 2814 vitam
1596 2794 1646 2822 pro
1654 2783 1754 2813 Christo

981 2835 1169 2873 deponendam
1183 2843 1232 2864 nec
1247 2834 1397 2865 terroribus
1409 2838 1457 2862 aut
1471 2832 1611 2862 blanditiis
1622 2832 1656 2862 ab
1668 2838 1698 2860 ea
1711 2837 1745 2866 ιο.
