1850 3072
97 101 158 127 δῖὃ

479 103 505 130 Δ.
524 99 707 130 PEARSONII
728 103 888 131 VlNDlClA".
908 103 1116 132 IGNATIANE.
1138 121 1171 125 —
1191 104 1280 132 PARS
1293 105 1325 132 ll.

1679 106 1731 132 574

96 161 204 189 luntate
217 161 355 190 dimoveri
364 170 454 197 posse,
468 167 524 190 tum
537 170 590 190 non
603 163 657 191 nisi
667 171 809 200 perperam
826 165 893 191 scri—
908 173 930 200 Α
945 168 972 191 ct
996 169 1073 191 tanto
1093 165 1153 191 viro
1178 165 1287 200 dignam
1311 163 1458 192 rationem.
1487 161 1527 191 Ne
1546 171 1606 191 cum
1632 163 1731 191 obdor-

95 207 166 234 here
179 209 267 242 potuit
283 217 289 235 :
312 219 322 234 ι
333 208 413 236 Nunc
428 209 528 244 incipio
551 210 704 244 discipulus
721 213 799 239 esse?
813 222 821 237 ι
838 213 893 239 Λιι-

97 259 158 278 non
172 253 219 287 qui
237 253 290 280 ista
304 253 410 281 Christi
423 253 503 281 verba
515 254 635 290 legerat:
650 255 702 288 Qui
719 264 770 283 non
787 257 892 291 bajulat

95 305 203 325 crucem
224 308 304 326 suam
331 305 356 327 et
388 301 457 327 venit
475 305 533 335 ροιι
551 309 608 334 mc,
634 309 687 329 non
710 307 794 337 potest
818 312 889 330 meus

96 353 155 371 esse
175 345 381 380 discipulus“,
407 347 475 374 satis
498 348 642 376 commode
663 348 754 376 dicere
780 350 890 385 potuit:

99 400 111 415 ι
127 391 202 420 Tunc
224 400 275 419 ero
295 392 448 428 discipulus
465 401 546 421 verus
563 393 627 421 Jcsu
648 393 766 427 Christi,
782 396 892 431 quando

96 447 187 474 neque
208 447 313 474 corpus
335 447 426 467 meum
450 440 569 468 mundus
593 441 705 475 videbit,
724 451 733 468 ι
764 442 816 469 hoc
838 447 890 475 est,

94 485 211 520 quando
227 486 351 514 maxime
373 486 437 514 Jesu
459 487 569 515 Christo
585 487 736 516 conformis
761 488 838 517 fuero
864 495 892 517 et

94 529 205 564 Agnum
223 537 334 565 sequar.
350 529 443 566 Neque
457 531 530 558 enim
545 531 607 558 inde
619 533 888 568 sequiturneminem

92 574 198 602 Christi
211 576 380 611 discipulum
393 585 463 610 esse,
476 578 556 613 cujus
571 586 672 613 corpus
683 587 738 607 non
754 580 836 607 fuerit
848 581 890 608 wl

92 622 250 650 bestiarum
271 623 313 650 vel
337 623 508 652 flammarum
532 626 558 652 vi
577 626 763 661 absumptum,
782 628 845 663 quia
863 633 890 656 et

92 669 149 697 hac
191 670 297 705 insigni
331 675 359 698 et
387 671 438 699 alia
474 673 580 700 ratione
616 674 670 702 diei
705 674 768 709 quis
802 680 890 710 potest

92 716 198 744 Christi
217 716 382 751 discipulus.
414 717 450 745 Ut
468 719 648 747 vetustissimi
674 719 842 749 Viennenses
862 726 890 749 ct

92 760 297 796 Lugdunenses
316 761 481 796 Christiani,
504 763 538 791 de
562 762 650 791 Vettio
669 762 825 799 Epagatho,
841 765 887 800 qui

92 812 229 843 tanquam
246 808 396 836 advocatus
408 808 627 837 Christianorum
641 810 713 837 ultro
726 817 823 845 passus
833 815 886 842 est,

91 855 247 888 loquuntur
265 862 272 881 :

91 901 179 937 θητὴς
194 901 351 927 ἀκολουθῶν
372 901 411 937 τῷ
430 902 516 938 ἀρνίῳ
535 903 602 930 ὅπου
624 903 657 930 ἂν
675 903 776 940 ὑπάγῃ.
798 914 806 930 ι
824 904 886 932 Fuit

89 947 166 974 enim
189 951 218 974 et
236 950 279 974 est
295 955 442 982 germanus
468 948 569 977 Christi
594 949 746 985 discipulus
768 958 884 986 sequens

88 994 201 1028 Agnum
220 1001 387 1028 quocunque
403 994 474 1022 ierit.
494 1004 504 1021 ι
523 994 656 1023 Eusebius
674 996 721 1023 lib.
736 1004 762 1027 v,
778 1004 837 1031 cap.
858 997 882 1024 l.

88 1039 223 1067 Christus
241 1047 290 1067 eos
308 1045 388 1068 vocat
402 1041 521 1074 amicos,
537 1041 583 1076 qui
600 1042 767 1070 voluntatem
786 1042 832 1070 Dei
848 1042 885 1070 fa-

88 1086 180 1119 ciunt,
194 1085 247 1113 hoc
259 1090 301 1114 est
322 1086 369 1121 qui
384 1087 454 1114 servi
469 1087 529 1122 ejus
547 1091 628 1121 sunt;
643 1092 671 1115 et
688 1093 777 1116 tamen
794 1088 822 1116 S.
832 1089 884 1125 Cy-

88 1131 209 1166 prianus
222 1139 278 1158 non
290 1132 324 1159 ad
337 1133 496 1168 martyrium
513 1134 674 1161 exhortatur
683 1155 690 1167 ,
703 1139 733 1162 ut
745 1135 792 1170 qui
813 1136 883 1163 servi

89 1178 141 1205 Dei
164 1186 279 1211 sumus,
298 1179 385 1207 simus
408 1184 435 1207 et
453 1180 553 1214 amici,
572 1185 599 1208 et
620 1182 748 1210 omnibus
779 1182 883 1211 viribus

87 1225 293 1253 elaborandum
312 1233 373 1254 esse
388 1226 486 1257 docet,
504 1231 533 1254 ut
550 1228 612 1262 quis
628 1236 662 1255 eo
679 1228 761 1256 modo
777 1230 882 1258 amicus

89 1271 141 1299 Dei
159 1273 217 1299 tiat.
240 1271 308 1305 Quis
330 1277 421 1301 tamen
447 1274 509 1301 inde
531 1275 640 1310 colligat
655 1276 810 1309 neminem,
829 1277 882 1304 nisi

87 1323 155 1352 post
176 1322 331 1353 tormenta,
349 1320 468 1348 amicum
492 1320 540 1348 Dei
561 1329 623 1349 esse
645 1323 750 1357 posse?
772 1322 882 1352 Veteres

87 1365 130 1392 illi
149 1366 178 1392 in
201 1365 341 1394 Gallicana
363 1366 484 1395 Ecclesia
507 1373 641 1404 martyres
662 1369 765 1398 nobiles
783 1371 810 1397 in
826 1371 882 1406 pri-

87 1412 156 1443 mis,
164 1419 228 1439 cum
238 1413 274 1440 ab
290 1413 419 1441 omnibus
436 1413 569 1442 fratribus
586 1419 648 1450 post
656 1416 741 1443 multa
759 1422 881 1444 tormen-

86 1461 117 1485 ta
132 1462 215 1494 atque
229 1460 369 1488 cruciatus
384 1461 494 1488 nomine
510 1466 660 1497 martyrum
670 1463 880 1497 appellarentur,

86 1505 157 1532 illud
175 1507 358 1541 recusabant;
377 1507 432 1535 imo
448 1515 504 1541 eos,
512 1508 560 1543 qui
570 1508 611 1536 vel
625 1516 752 1537 sermone
765 1510 807 1538 vel
820 1510 879 1545 epi-
894 1526 915 1555 ο

85 1551 170 1579 stolis
187 1551 263 1587 ipsos
278 1560 312 1580 eo
329 1553 409 1581 titulo
423 1553 606 1588 honorabant,
624 1555 806 1591 objurgabant
820 1565 881 1592 gra-

84 1598 180 1631 viter;
198 1603 354 1627 asserentes
377 1599 518 1627 Christum
542 1601 630 1628 solum
648 1609 710 1629 esse
721 1607 880 1638 martyrem,

83 1650 113 1672 et
130 1652 179 1673 eos
194 1645 278 1673 etiam
295 1654 367 1681 quos
380 1646 425 1674 ille
441 1647 569 1682 dignatus
585 1653 627 1675 est
643 1649 758 1681 assumi,
773 1654 801 1676 et
812 1658 881 1685 quo-

84 1699 149 1718 rum
168 1692 273 1720 exitum
296 1692 354 1727 ipse
377 1693 540 1728 obsignavit.
558 1694 612 1722 Alii
636 1699 726 1722 tamen
745 1703 799 1723 non
817 1697 881 1724 inde

84 1737 261 1773 colligebant
273 1745 321 1766 eos
339 1739 386 1773 qui
401 1740 481 1767 tidem
489 1740 674 1768 Christianam
687 1749 780 1769 coram
790 1743 879 1778 genti-

85 1784 161 1812 libus
178 1792 242 1812 cum
259 1785 321 1813 vita:
337 1786 497 1814 discrimine
514 1787 632 1822 professi
647 1793 721 1822 sunt,
737 1792 765 1816 et
781 1796 879 1824 quam-

84 1831 207 1866 plurima
225 1836 360 1860 tormenta
377 1833 497 1868 perpessi
514 1838 588 1866 sunt,
602 1834 709 1863 etiamsi
719 1836 747 1862 in
759 1840 880 1863 tormen-

84 1879 124 1906 tis
131 1886 189 1906 non
206 1884 390 1911 morerentur,
403 1885 539 1916 martyres
554 1881 731 1916 appellandos
739 1889 793 1910 non
800 1889 876 1915 esse;

83 1931 136 1953 aut
152 1926 307 1954 catholicos
328 1927 374 1961 qui
393 1927 457 1955 illos
478 1927 602 1962 epistolis
624 1933 672 1956 aut
694 1935 822 1956 sermone
838 1937 879 1956 sa-

84 1973 226 2006 lutabant,
243 1973 337 2001 minus
353 1973 462 2008 proprie
477 1981 526 2002 eos
541 1975 685 2003 salutasse.
707 1975 787 2003 Tales
803 1976 877 2003 enim

83 2019 162 2047 viros
179 2027 211 2047 ac
228 2024 305 2047 tanta
322 2027 373 2055 pro
389 2020 499 2048 Christo
516 2029 630 2056 passos,
648 2022 756 2050 etiamsi
774 2022 801 2049 in
821 2026 877 2049 tor-

84 2064 187 2092 mentis
205 2073 260 2093 non
278 2066 504 2099 obdormiverint,
522 2067 651 2095 novimus
668 2075 776 2103 semper
792 2068 877 2095 aban-

84 2111 172 2146 tiquis
188 2116 217 2140 et
233 2113 332 2140 merito
348 2118 483 2150 martyres
499 2114 649 2150 appellatos
666 2114 761 2142 fuisse.

119 2157 181 2185 Jam
198 2165 264 2185 vero
279 2159 358 2186 tertia
372 2160 495 2195 exceptio
510 2161 592 2196 plane
611 2160 690 2188 nihili
708 2166 749 2189 est
766 2170 772 2188 :
788 2168 876 2196 neque

945 210 1041 244 micro,
1067 210 1200 238 molestus
1224 211 1352 245 cuiquam
1372 210 1504 238 inveniar.
1523 219 1532 235 ι
1558 209 1635 237 llanc
1659 215 1731 237 certe

944 264 1052 291 gravem
1064 261 1091 284 et
1105 260 1180 283 tanto
1194 256 1254 283 viro
1267 256 1376 291 dignam
1392 256 1525 283 rationem
1538 255 1670 291 putabant
1682 263 1732 283 an-

943 302 1092 336 tiquissimi
1107 302 1267 335 Chrisliani,
1279 302 1325 337 qui
1342 301 1438 337 lgnatii
1455 306 1588 337 tempora,
1601 307 1628 329 ct
1640 302 1729 337 ipsum

943 347 1024 375 etiam
1039 352 1185 384 martyrem
1195 349 1296 383 optime
1309 348 1416 375 novisse
1422 353 1577 376 censentur.
1586 347 1647 375 [hec
1656 348 1729 375 enim

942 393 1060 428 legimus
1076 394 1104 421 in
1120 393 1478 428 vetustissimisejusActis:
1490 403 1498 419 ι
1511 392 1729 421 Sicbestiiscru-

941 440 1050 467 delibus
1066 440 1100 467 ah
1115 440 1207 475 impiis
1221 440 1419 475 opponebatur,
1436 444 1466 468 ut
1481 439 1626 468 confestim
1640 440 1727 467 sancti

943 487 1070 522 martyris
1085 486 1179 521 lgnatii
1190 487 1372 522 compleretur
1385 486 1561 519 desiderium,
1577 487 1726 514 secundum

941 533 1015 568 quod
1038 532 1169 567 scriptum
1194 537 1236 560 est
1254 541 1260 559 :
1280 531 1447 559 Desiderium
1461 532 1532 567 justi
1549 532 1726 567 utceptabile,

942 583 971 605 ut
986 579 1021 605 sit
1043 578 1109 605 nulli
1126 577 1242 605 fratrum
1264 578 1356 612 gravis
1379 585 1429 613 per
1449 578 1637 605 coilectionem
1662 578 1725 605 reli-

940 624 1079 658 quiarum,
1097 623 1249 651 secundum
1268 623 1342 658 quod
1358 631 1554 659 praeoccupans
1569 624 1595 650 in
1610 625 1726 659 epistola

941 671 1078 706 propriam
1096 670 1266 706 concupiscit
1280 671 1337 698 ﬁeri
1353 670 1522 697 fruitiouem.
1537 679 1546 696 ι

975 716 1038 744 llaec
1058 717 1141 753 igitur
1158 717 1251 744 omnia
1271 725 1333 744 cum
1354 717 1409 752 pia,
1428 716 1560 752 legitima,
1582 716 1723 752 praeclara,

939 763 1068 798 martyris
1087 762 1262 798 cogitatione,
1277 762 1395 790 consilio
1408 767 1435 790 et
1457 769 1540 797 opere
1560 763 1628 790 satis
1643 763 1724 798 digna

938 815 1000 836 esse
1018 809 1172 841 videantur,
1199 816 1294 836 vereor
1318 815 1353 836 ne
1377 808 1503 836 odiosum
1531 809 1568 836 sit
1590 816 1723 842 asserere,

290 852 344 880 *Ην
360 854 415 890 γὰρ
431 855 477 882 καὶ
494 855 551 882 ἔστι
571 857 682 891 γνήσιος
704 857 821 892 Χριστοῦ
839 867 876 893 μα

966 862 1009 882 inc
1023 855 1166 889 epistolam
1182 862 1236 882 non
1249 854 1302 881 alia
1316 854 1350 881 de
1361 861 1444 882 causa
1456 853 1489 881 ad
1504 853 1642 882 Romanos
1653 856 1722 882 scri-

936 905 1010 936 ptam
1024 908 1095 934 esse,
1107 909 1188 937 quam
1203 906 1232 928 ut
1245 901 1295 928 has
1307 901 1358 927 viri
1375 901 1476 937 glorias
1487 901 1612 929 viderent
1623 906 1651 929 ct
1665 906 1725 930 stu-

935 952 1038 982 percnt.
1055 947 1135 975 Certe
1155 948 1177 975 si
1194 948 1252 976 haec
1274 947 1394 982 legitima
1411 952 1437 975 et
1453 947 1497 982 pia
1514 947 1580 981 sint,
1600 955 1650 975 nec
1671 948 1722 975 im-

934 998 1073 1028 postorem
1096 994 1158 1021 talia
1178 1001 1321 1026 exarasse,
1343 1001 1392 1021 nec
1413 993 1467 1021 alio
1488 993 1581 1022 animo
1601 1002 1633 1021 ea
1654 994 1722 1022 scri-

934 1041 1022 1076 psisse
1043 1041 1248 1069 sanctissimum
1277 1045 1424 1076 martyrem
1448 1048 1498 1076 par
1522 1045 1565 1069 est
1588 1040 1720 1074 credere,

934 1094 1017 1121 quam
1033 1091 1064 1114 ut
1077 1088 1172 1114 eadem
1189 1086 1327 1114 Romanos
1342 1086 1443 1121 pietate
1464 1086 1609 1118 imbueret,
1632 1086 1666 1113 ad
1683 1086 1720 1114 si-

934 1133 1026 1160 milem
1043 1137 1213 1160 terrenarum
1227 1140 1318 1160 rerum
1333 1136 1521 1167 contemptum
1537 1136 1719 1167 permoveret,

933 1179 968 1207 ad
981 1179 1212 1214 exspectationem
1228 1179 1327 1207 lutum
1339 1180 1400 1206 vita:
1413 1179 1539 1214 erigeret,
1555 1179 1588 1206 ad
1604 1184 1718 1207 mortem

932 1226 1060 1261 denique,
1074 1226 1097 1253 si
1109 1225 1164 1253 Deo
1178 1226 1216 1253 ita
1227 1225 1316 1254 visum
1329 1225 1420 1257 fuerit,
1437 1233 1487 1260 pro
1501 1225 1554 1252 [ide
1564 1225 1721 1252 Christiam

933 1279 997 1299 cum
1022 1279 1131 1299 summa
1155 1271 1296 1299 alacritate
1321 1271 1501 1306 oppetendam
1522 1271 1666 1298 animaret.
1690 1271 1717 1298 ln

932 1316 1032 1352 quibus
1047 1316 1114 1343 nihil
1131 1316 1268 1351 putidum,
1282 1315 1350 1343 nihil
1364 1315 1491 1344 odiosum
1502 1336 1509 1349 ,
1525 1315 1593 1343 nihil
1608 1315 1716 1347 inscite,

932 1366 980 1389 aut
990 1361 1175 1397 imprudenter
1184 1362 1315 1397 scriptum
1329 1365 1380 1389 est.

1240 1416 1354 1447 CAPUT
1374 1417 1407 1445 Χ.

938 1464 1074 1492 Veracitas
1087 1464 1116 1492 S.
1135 1463 1235 1500 lgnah’i
1246 1463 1409 1500 defenditur:
1427 1463 1502 1500 Quid
1517 1462 1551 1489 sit
1566 1463 1641 1500 πᾷσᾳ
1654 1463 1716 1500 ἑπι-

967 1500 1046 1536 στολή
1061 1497 1220 1536 explicutur.
1240 1497 1370 1536 Epistula
1386 1497 1414 1525 S.
1424 1497 1512 1536 fault“
1540 1498 1574 1536 (id
1588 1497 1715 1532 Ephesios

969 1533 1066 1562 natura
1080 1533 1224 1570 singularis
1237 1534 1405 1562 describitur.
1424 1533 1491 1560 Vera
1500 1533 1614 1570 lectioret
1627 1539 1716 1570 aucto-

968 1571 1016 1604 ris,
1027 1575 1051 1597 et
1067 1568 1263 1605 interpolatoris
1277 1570 1414 1596 exseritur.
1431 1569 1531 1605 Auctor
1545 1568 1716 1605 epistularum

968 1603 1019 1633 non
1033 1607 1098 1633 dicit
1111 1603 1139 1633 se
1150 1605 1284 1633 Christum
1297 1605 1325 1632 in
1338 1613 1417 1631 cume
1428 1604 1532 1631 vidisse.
1545 1603 1629 1631 Graeci
1643 1603 1717 1629 codi-

967 1650 1008 1669 ces
1022 1649 1128 1674 omnes,
1146 1646 1171 1668 et
1190 1646 1304 1668 veterum
1324 1644 1446 1674 excerpta
1475 1637 1547 1672 οἶδα,
1572 1646 1624 1665 non
1648 1637 1717 1664 εἶδον

967 1682 1122 1712 agnoscunt.
1139 1676 1256 1712 [lu/ﬁnus
1276 1680 1301 1702 ct
1322 1675 1428 1712 lihrarii
1446 1679 1548 1712 tectum
1568 1674 1716 1712 corrupisse

967 1710 1036 1739 male
1049 1710 1358 1745 dicuntur.rﬂieronymi
1375 1710 1524 1737 auctoritas
1540 1710 1568 1736 in
1586 1710 1715 1736 uertendi:

967 1746 1066 1775 ercis
1084 1752 1159 1774 tanta
1174 1755 1223 1774 non
1236 1751 1285 1778 est,
1301 1744 1329 1773 ut
1348 1745 1499 1773 Gra'corum
1509 1745 1628 1772 euntium
1641 1744 1716 1770 codi-

966 1791 1025 1808 cum
1035 1782 1113 1817 ﬁdem
1123 1783 1150 1809 in
1164 1782 1272 1808 dubium
1286 1786 1366 1808 υθεει.
1380 1780 1510 1817 νΙΙιιαοηὶβ
1529 1780 1616 1817 Grotii
1630 1779 1715 1817 expli-

965 1815 1040 1844 catio
1061 1818 1222 1852 defenditur.
1255 1817 1321 1849 Quia
1340 1816 1469 1844 habentur
1491 1816 1518 1842 in
1541 1816 1653 1852 epistola
1669 1815 1715 1852 Vde

965 1853 1043 1880 stella
1055 1849 1138 1888 magis
1154 1854 1220 1882 visa,
1236 1857 1330 1879 temere
1344 1852 1514 1888 scriptuﬁuon
1527 1856 1599 1877 sunt.
1612 1849 1715 1888 Eadem

964 1887 1072 1922 plurimi
1087 1885 1114 1914 iit
1130 1887 1249 1914 Ecclesia
1263 1887 1345 1914 secuti
1357 1885 1427 1914 sunt.
1440 1886 1575 1922 Christum
1591 1885 1675 1922 edisse
1689 1889 1721 1911 ct.

965 1921 1059 1950 bibisse
1071 1928 1128 1958 post
1141 1924 1357 1950 resurrectionem
1369 1930 1419 1948 non
1434 1921 1506 1948 male
1518 1921 1658 1949 disseritur.

963 1969 1057 2004 Capite
1072 1969 1105 1997 l9
1121 1969 1155 1996 ad
1170 1969 1222 1996 alia
1246 1968 1368 2004 procedit
1379 1976 1402 1995 a.
1413 1967 1559 1995 veracitate
1580 1971 1607 1995 et
1622 1974 1712 1994 rerum

928 2016 1081 2043 divinarum
1093 2015 1247 2050 cognitione
1261 2015 1364 2048 aliena;
1381 2021 1442 2049 qua:
1453 2013 1561 2047 quidem
1576 2013 1626 2040 tria
1639 2019 1713 2044 sunt,

928 2071 1045 2098 quorum
1062 2062 1116 2089 duo
1131 2062 1166 2089 ab
1181 2061 1382 2095 interpolatore,
1405 2067 1488 2087 unum
1507 2067 1523 2086 a
1539 2065 1635 2086 nostro
1651 2066 1714 2093 pro-

927 2108 988 2136 fert.
1003 2108 1081 2142 Quod
1096 2116 1111 2135 e
1125 2112 1220 2136 nostro
1235 2107 1312 2134 all‘ert
1326 2106 1377 2133 hoc
1390 2110 1448 2134 est:
1461 2115 1470 2131 ι
1487 2105 1637 2140 Scripsisse
1650 2112 1712 2131 eum

927 2154 997 2182 falso
1011 2154 1044 2181 ad
1061 2153 1196 2188 Ephesios
1210 2152 1325 2181 Paulum
1348 2152 1503 2187 apostolum
1525 2152 1552 2178 in
1567 2151 1641 2179 omni
1656 2151 1714 2185 epi-

83 2204 240 2241 quidquam
263 2205 370 2241 lgnatio
389 2207 531 2243 indignum
551 2207 685 2235 continet.
709 2207 786 2240 Quod
800 2208 873 2234 enim
890 2199 912 2226 D
927 2201 994 2228 stola
1008 2200 1167 2228 memoriam
1183 2207 1277 2228 eorum
1292 2199 1381 2227 facere
1394 2199 1421 2226 in
1433 2197 1497 2226 Iesu
1512 2198 1632 2226 Christo.
1644 2207 1653 2224 ι
1670 2198 1713 2225 An

84 2256 173 2286 optat,
188 2251 228 2278 ita
243 2252 335 2279 vorari
354 2256 437 2287 atque
449 2252 557 2280 absumi
578 2260 675 2281 omnes
692 2254 735 2280 sui
750 2252 876 2288 corporis

83 2297 248 2331 particulas,
264 2301 294 2324 ut
306 2304 401 2324 earum
418 2297 486 2324 nihil
510 2297 544 2325 ad
558 2297 727 2333 sepulturam
743 2297 873 2333 supersit,

84 2343 111 2372 id
128 2351 143 2371 a
160 2343 263 2378 pietate
274 2344 538 2372 consummatissimi
557 2345 702 2380 martyris,
722 2350 750 2372 et
762 2344 874 2380 quidem

84 2390 171 2424 ipsius
196 2389 292 2425 lgnatii
317 2391 432 2418 minime
451 2391 590 2419 abhorret.
613 2391 770 2419 Asserilnus
784 2391 873 2426 ipsum

84 2434 219 2470 lgnatium
233 2436 379 2471 scripsisse
397 2445 403 2462 :
421 2446 430 2462 ε
443 2436 621 2464 Frumentum
634 2444 694 2465 sum
710 2437 769 2470 Dei,
788 2441 816 2464 et
826 2445 874 2472 per

84 2481 179 2509 dentes
192 2482 344 2510 bestiarum
366 2483 465 2516 molor,
479 2488 510 2511 ut
523 2483 645 2512 mundus
656 2483 735 2518 panis
749 2484 874 2511 inveniar

84 2526 204 2560 Christi;
226 2538 235 2554 ι
254 2528 358 2556 fatetur
383 2528 504 2558 Dallzeus
528 2532 585 2557 haec
599 2529 733 2565 lgnatium
749 2530 872 2564 dixisse;

86 2573 178 2601 laudat
205 2573 326 2602 Ire-meus
348 2579 479 2611 tanquam
505 2575 719 2611 pulcherrimam
746 2578 874 2612 martyris

84 2620 266 2654 sententiam;
280 2621 350 2649 nihil
366 2621 449 2657 igitur
466 2622 493 2650 in
509 2630 542 2650 ea
555 2623 693 2650 sententia
706 2622 766 2651 viro
785 2624 873 2650 maxi-

86 2673 130 2692 mo
142 2666 284 2703 indignum
306 2668 415 2696 censeri
433 2668 523 2697 debet.
540 2668 575 2695 At
588 2669 738 2703 quomodo,
762 2670 870 2702 amabo,

86 2716 211 2748 tanquam
235 2715 407 2742 trumentum
425 2722 473 2749 per
484 2714 579 2742 dentes
594 2714 743 2742 bestiarum
757 2715 873 2743 molere-

86 2763 127 2785 tur
144 2764 173 2786 ut
185 2760 268 2795 panis
283 2760 372 2793 ﬁeret,
390 2761 444 2788 nisi
457 2768 554 2789 omnes
567 2762 690 2797 corporis
704 2762 844 2796 particula;
857 2771 872 2790 a

86 2805 174 2837 hostiis
191 2806 248 2833 illis
260 2807 443 2835 vorarcntur?
456 2816 466 2833 ‹
478 2807 547 2836 Audi
561 2814 636 2841 vero,
649 2807 749 2844 inquit,
761 2815 877 2844 gravem.

151 2862 175 2881 ⁸³
188 2862 328 2896 lbid._27.

927 2248 984 2275 haec
999 2252 1089 2274 autem
1106 2246 1176 2274 falso
1187 2246 1289 2281 scripta
1305 2244 1385 2273 sunt?
1395 2252 1449 2272 non
1461 2244 1543 2272 credo
1556 2252 1563 2271 :
1574 2243 1713 2279 quomodo

925 2295 1022 2329 prohat
1044 2294 1087 2322 vir
1104 2293 1301 2322 doctissimus?
1322 2301 1358 2320 ne
1377 2300 1432 2320 uno
1456 2292 1566 2327 quidem
1587 2292 1710 2319 verbulo.

926 2342 1034 2370 Siccine
1044 2342 1120 2370 decet
1134 2341 1332 2374 Christianum,
1346 2340 1474 2368 falsitatis
1489 2339 1711 2374 antiquissimum

924 2389 1084 2423 scriptorem
1100 2388 1272 2420 insimulare,
1288 2392 1315 2415 et
1330 2386 1516 2414 accusationis
1530 2385 1632 2412 nullam
1652 2392 1712 2412 om-

924 2435 991 2462 nino
1008 2435 1142 2462 rationem
1159 2433 1288 2462 reddere?
1309 2433 1384 2460 Fecit
1398 2433 1450 2460 hoc
1470 2437 1534 2459 ante
1549 2439 1611 2458 eum
1630 2430 1712 2458 Blon-

923 2482 1031 2515 dellus,
1055 2481 1237 2516 obiectionem
1264 2480 1336 2507 nuda
1363 2479 1515 2514 quzestione
1542 2478 1708 2513 proposuit:

927 2538 937 2555 t
951 2529 993 2556 An
1017 2535 1082 2556 vere
1101 2528 1135 2556 de
1154 2526 1279 2562 Ephesiis
1302 2526 1449 2560 scriptum,
1467 2524 1573 2556 Παῦλος
1590 2526 1619 2551 ὲν
1636 2525 1712 2561 πάσῃ

923 2575 1051 2611 ἐπιστολῇ
1070 2573 1232 2610 μνημονεύει
1250 2573 1342 2608 hum;
1358 2582 1367 2598 ι
1386 2572 1484 2607 (ιυωι-ἱι
1504 2579 1539 2598 an
1559 2579 1632 2604 vere,
1645 2571 1711 2598 sub-

924 2622 1026 2650 iudicat
1051 2621 1120 2649 falso
1144 2621 1295 2655 scriptum;
1321 2619 1348 2647 in
1368 2626 1424 2654 quo
1450 2618 1556 2646 falsitas
1571 2618 1708 2651 consistit,

923 2676 977 2696 non
1006 2667 1135 2695 ostendit.
1160 2666 1325 2694 Mentioncm
1349 2664 1447 2692 fecisse
1474 2664 1654 2699 Ephesiorum
1678 2664 1708 2692 S.

922 2715 1037 2743 Paulum
1054 2720 1131 2742 extra
1151 2713 1265 2741 dubium
1286 2716 1337 2744 est,
1353 2716 1380 2739 et
1395 2711 1505 2746 quidem
1529 2710 1557 2737 in
1574 2710 1687 2745 epistola
1701 2720 1707 2738 :

923 2763 968 2790 illa
992 2767 1081 2790 tamen
1099 2760 1237 2796 lgnatiaua
1264 2758 1342 2790 falsa,
1358 2763 1388 2785 ut
1410 2759 1518 2794 opinor,
1539 2757 1707 2791 existimant,

922 2809 994 2845 quod
1020 2809 1047 2836 in
1071 2808 1146 2837 omni
1171 2805 1283 2843 cpistola
1311 2805 1337 2833 id
1363 2813 1418 2834 non
1441 2805 1551 2839 fecerit;
1579 2806 1715 2841 putabuxtl
