1850 3072
146 128 199 156 575

146 188 220 216 cnim
235 197 244 214 ι
260 188 287 215 ἰιι
302 187 377 215 omni
392 187 506 217 epistola
522 197 531 213 ›
550 187 621 214 idem
633 194 695 215 esse
711 186 785 222 quod
802 196 811 212 ι
827 187 854 214 in
872 194 934 215 om—
948 190 971 218 Α

147 235 228 262 nibus
243 234 376 270 epistolis.
387 243 397 260 ι
417 233 469 262 Sed
487 234 587 266 mirum
610 234 690 261 nobis
712 234 873 269 scriptorem
889 241 932 261 re-

145 286 330 315 praesentant;
349 280 406 308 sive
419 281 442 308 is
455 280 587 316 lgnatius,
600 281 658 308 sive
673 281 735 316 quis
752 280 823 308 alius
839 279 932 308 fuerit.

146 325 214 358 Quis
237 325 310 352 enim
335 325 386 353 vel.
399 325 450 353 sub
467 324 597 361 Trajano,
613 325 655 353 vel
679 326 730 353 sub
753 326 933 354 Constantino

146 372 186 400 sic
205 372 352 399 scriberet?
366 372 407 399 An
422 371 545 400 ﬁctorem
568 380 649 401 suum
677 372 758 401 talem
773 373 863 400 virum
880 373 933 400 tin-

145 423 210 452 gere
232 421 389 451 potuerunt,
408 416 455 451 qui
478 416 508 444 S.
523 416 638 445 Paulum
662 417 691 445 in
714 417 841 447 omnibus
864 426 934 454 quas

145 462 256 496 scripsit
269 462 393 497 epistolis
411 462 593 498 Ephesiorum
609 464 767 492 meminisse
787 465 932 499 putaverit,

144 512 193 535 aut
209 509 289 536 talem
309 509 472 537 sententiam
491 510 597 545 lgnatio
611 510 734 539 tribuere
749 519 783 539 ex
797 511 933 540 industria

143 554 280 582 voluerit?
295 554 357 582 Sive
371 555 467 582 Latina
489 561 606 590 spectes,
620 566 631 583 ί
645 556 674 584 in
689 557 764 585 omni
779 557 906 593 epistola,
921 567 931 584 ι

144 602 201 629 sive
221 600 315 629 Graeca
327 622 334 634 ,
355 602 384 628 ὲν
401 601 476 640 nam
492 601 638 638 ἐπιστολῇ,
657 603 732 631 aliud
750 604 864 631 omnino
889 612 934 632 δορ-

142 651 219 680 nant,
235 647 305 674 idem
322 655 419 683 nempe
440 648 513 683 quod
533 647 561 675 in
588 653 645 676 tota
667 649 792 684 epistola.
807 649 887 678 Certe
902 650 932 678 S.

142 692 246 727 lgnatio
261 693 335 719 πᾶσα
350 694 489 729 ἐπιστολή,
504 699 545 722 est
559 704 568 720 ‹
584 698 641 722 tota
655 695 780 730 epistola,
794 704 804 721 ι
816 701 847 723 ut
859 696 934 724 πᾶσα

142 738 302 774 Ἐκκλησία,
322 749 332 765 ‹
348 744 402 767 tota
418 739 549 768 Ecclesia.
562 751 571 767 ι
590 741 628 769 lta
641 742 714 769 enim
728 741 862 777 Ephesios
876 742 934 778 ipse

142 784 293 820 alloquitur
316 795 322 812 :
343 786 376 813 Ει
400 786 456 823 γᾶρ
480 787 540 820 ἑνὸς
570 788 616 815 καὶ
641 788 768 824 δευτέρου
793 789 933 826 προσευχὴ

140 832 275 868 τοσαύτην
293 832 369 868 ἰσχὺν
384 833 451 869 ἔχει,
471 835 546 871 πόσῳ
564 835 664 871 μᾶλλον
684 836 702 871 ἦ
715 835 802 863 τετοῦ
824 837 933 864 ἐπισκό-

141 886 194 904 που
211 879 258 905 καὶ
273 879 364 914 πάσης
379 879 553 916 Ἐκκλησίας.
571 890 581 906 α
593 880 623 910 Si
638 881 711 913 enim
725 881 809 909 unius
828 886 855 910 et
867 882 933 910 alte-
947 871 970 902 Β

141 923 202 951 rius
225 924 313 951 oratio
333 929 435 952 tantam
456 926 511 954 vim
533 927 632 961 habet,
652 931 757 962 quanto
777 928 865 963 magis
885 929 932 960 illa

142 970 263 1005 episcopi
290 975 319 999 et
340 972 430 1000 omnis
459 972 600 1001 Ecclesiae!
614 983 624 1000 ι
645 973 697 1001 Ubi
722 975 796 1001 πᾶσα
817 975 932 1011 Ἐκκλη-

143 1017 190 1057 eia
208 1022 250 1044 est
266 1026 275 1043 ‹
291 1023 348 1045 tota
372 1018 494 1047 Ecclesia
508 1029 517 1045 ι
535 1020 588 1049 sub
608 1021 736 1056 episcopo
751 1029 802 1049 suo
817 1029 932 1057 congre-

142 1069 214 1098 gata.
233 1063 279 1092 Sic
297 1065 398 1100 Latini,
412 1066 453 1094 sic
473 1065 560 1094 Gratci
579 1067 740 1102 loquuntur.
762 1067 800 1095 ita
817 1067 930 1096 Cicero:

145 1120 156 1136 ‹
171 1110 289 1147 Sanguis
304 1119 353 1148 per
373 1120 458 1140 venas
471 1112 500 1140 in
515 1120 596 1141 omne
611 1121 712 1149 corpus
731 1115 901 1149 diﬂunditur,
918 1126 928 1142 ι

141 1155 169 1185 id
179 1161 221 1184 est
238 1164 292 1184 non
308 1158 336 1185 in
352 1157 443 1186 omnia
458 1165 585 1194 corpora,
596 1159 690 1187 sedcin
701 1165 787 1188 totum
801 1169 928 1196 corpus.»

140 1198 215 1241 idem
226 1209 239 1228 τ
250 1211 259 1227 ε
276 1201 305 1228 ln
317 1201 370 1229 hoc
385 1202 525 1238 singulare
537 1204 671 1239 judicium
686 1213 769 1234 causa
785 1207 876 1235 omnis
889 1208 933 1234 in-

140 1247 295 1275 cluderetur
307 1257 336 1282 ,ι
357 1249 385 1277 id
411 1254 453 1278 est
474 1257 527 1277 non
543 1258 639 1280 omnes
659 1260 765 1287 causae,
780 1253 828 1281 sed
855 1264 864 1281 ι
876 1259 930 1283 tota

140 1301 253 1326 causa.»
263 1293 316 1328 Qui
332 1295 415 1326 etiam
435 1305 444 1322 ε
456 1301 512 1327 tota
526 1302 627 1331 mente,
641 1308 651 1325 ›
661 1303 688 1326 et
701 1307 711 1324 α
727 1300 800 1327 omni
816 1301 928 1328 animo.

139 1339 235 1367 eadem
258 1340 458 1376 signiﬁcatione
482 1343 562 1371 dixit.
587 1343 758 1381 Hesychius,
775 1346 842 1379 Πᾶς,
859 1346 929 1379 ὅλος,

139 1384 266 1418 ἕκαστος.
284 1386 445 1422 Homerum,
458 1393 489 1416 ut
499 1389 579 1422 solet.
591 1391 754 1426 respiciens,
766 1392 838 1428 apud
849 1401 930 1428 quem

139 1436 258 1471 utroque
273 1441 355 1462 sensu
367 1442 399 1462 ea
417 1442 469 1462 vox
487 1437 637 1472 accipitur;
656 1442 751 1466 nostro
765 1444 867 1473 autem,
883 1440 930 1475 ubi

139 1477 173 1505 de
190 1477 307 1507 lleetore
326 1480 392 1516 agit.
424 1481 481 1514 Πᾶς
497 1482 520 1509 δ’
531 1482 586 1519 ἄρα
601 1483 695 1520 χαλκῷ
710 1484 806 1520 λάμφ’,
828 1495 837 1511 ι
857 1491 930 1514 totus

139 1531 193 1551 aere
209 1524 377 1558 Splendebat,
389 1535 398 1551 ι
417 1530 446 1553 ιιι
460 1526 492 1554 de
503 1527 598 1554 eodem
618 1527 766 1562 Sophocles
781 1538 787 1556 :

241 1570 348 1604 Κεῖνος
362 1571 397 1598 δὲ
409 1572 491 1607 λύπῃ
504 1572 563 1606 πᾶς
575 1573 719 1606 ἐλήλαται
734 1573 821 1610 κακῇ.

139 1613 191 1646 Ubi
200 1615 347 1644 Triclinius
356 1626 362 1644 :
372 1617 408 1643 Τὸ
417 1617 477 1650 πᾶς
486 1616 573 1651 εἶπεν,
582 1618 625 1645 ἵνα
632 1618 707 1655 δείξῃ
714 1619 751 1652 ὡς
759 1619 873 1656 ὄλοςτῆς
881 1620 929 1647 λύ-

138 1666 194 1694 πης
209 1659 315 1694 γέγονε.
336 1669 346 1686 ε
358 1659 432 1688 Dixit
449 1662 513 1694 πᾶς,
534 1667 564 1689 ιιι
588 1663 744 1690 ostenderet
765 1670 827 1690 eum
842 1667 929 1691 totum

138 1704 326 1733 fuissedolore
335 1707 522 1742 absorptum.»
534 1707 654 1736 Hincilla
667 1709 797 1744 loquendi
811 1708 929 1737 formula

138 1751 241 1787 Graecis
249 1752 402 1787 familiaris,
410 1753 501 1782 Suidaz
507 1754 649 1783 observata
661 1764 668 1782 :
679 1755 758 1788 Ὂλος
768 1756 815 1783 καὶ
822 1757 884 1788 πᾶς.
896 1755 929 1783 Ut

138 1798 223 1833 igitur
231 1799 305 1826 πᾶσα
317 1800 513 1836 ypagoﬁweteri
521 1801 672 1836 interpreti,
688 1811 697 1827 ε
707 1802 797 1830 omnis
811 1802 929 1837 scriptu-

138 1852 195 1879 ra,»
210 1843 446 1881 TheodoroBezaa,
457 1855 466 1872 ε
476 1850 532 1874 tota
540 1847 674 1882 scriptura
684 1855 691 1880 ;
704 1857 712 1872 ι
725 1847 760 1875 ita
768 1847 845 1875 hicév
853 1848 928 1886 πάσῃ

138 1891 277 1927 ἐπιστολῇ,
294 1902 303 1917 ε
318 1892 346 1919 in
363 1893 450 1926 omni,
461 1902 470 1919 ι
485 1893 537 1921 hoc
544 1899 587 1925 est
600 1902 610 1919 ι
624 1893 651 1920 in
669 1898 722 1921 tota
735 1894 876 1928 epistola.»
893 1893 929 1931 Ut

138 1937 264 1966 Clemens
278 1938 479 1968 Alexandrinus
493 1938 624 1976 Syamat.
641 1940 688 1968 lib.
706 1949 735 1973 v,
747 1941 792 1969 illa
807 1941 835 1969 S.
848 1941 926 1969 Pauli

137 1985 142 2009 ἶ
149 1992 189 2010 να
192 1983 432 2020 παραστήσωμεν
437 1985 536 2014 πάντα
541 1986 697 2020 ἄνθρωπον
703 1987 817 2014 τέλειον
821 1987 857 2015 ἐν
861 1989 927 2022 Χρι-

136 2029 209 2061 στῷ,
222 2031 424 2066 interpretatur,
439 2033 469 2059 οὐ
487 2033 578 2061 πάντα
592 2033 686 2066 ἁπλῶς
694 2033 848 2069 ἄνθρωπον,
864 2035 926 2061 ἐπεὶ

136 2076 223 2108 οὐδεὶς
244 2076 278 2104 ἂν
292 2075 327 2113 ἦν
343 2078 466 2111 ἄπιστος·
485 2079 545 2107 οὐδὲ
568 2080 621 2116 μὴν
638 2080 727 2107 πάντα.
745 2081 792 2108 τὸν
813 2081 925 2110 πιστεύ-

135 2130 200 2149 οντα
213 2123 315 2150 τέλειον
331 2126 360 2151 ὲν
376 2125 501 2161 Χριστῷ,
517 2126 584 2154 ἀλλὰ
599 2127 698 2154 πάντα
713 2127 869 2162 ἀνθρωπον
884 2129 927 2155 λέ-

135 2177 189 2203 γει,
206 2170 244 2202 ὡς
260 2171 359 2204 εἰπεῖν,
375 2171 435 2199 ὅλον
450 2172 497 2200 τὸν
512 2173 666 2210 ἄνθρωπον,
684 2172 740 2201 οἷον
756 2174 864 2211 σώματι
879 2178 926 2203 καὶ

134 2214 206 2252 ψυχῇ
223 2217 395 2253 ἡγνισμένον.
409 2227 419 2244 α
435 2218 494 2246 Non
507 2227 616 2248 omnem
633 2221 771 2249 hominem
784 2221 923 2254 absolute,
941 2220 963 2247 Ι)

135 2262 267 2296 quoniam
281 2264 374 2292 nullus
390 2269 464 2302 esset
478 2265 611 2300 inﬁdelis;
627 2267 673 2294 sed
687 2275 738 2295 nec
750 2274 859 2301 omnem
875 2269 924 2303 qui

135 2308 230 2341 credit.
244 2309 393 2345 perfectum
415 2311 443 2338 in
465 2311 590 2346 Christo;
607 2314 654 2341 sed
675 2322 778 2341 omnem
793 2314 860 2342 dicit
877 2315 925 2342 Ito-

135 2353 242 2387 minm,
258 2355 372 2389 perinde
386 2364 420 2384 ac
434 2350 591 2390 si'diceret,
607 2362 695 2386 totum
712 2359 862 2394 hominem,
878 2365 922 2392 ut-

134 2405 199 2434 pote
216 2408 332 2437 corpore
346 2406 374 2429 et
388 2402 479 2430 anima
494 2404 705 2433 sanctiﬁcatum.
717 2415 727 2431 ι

171 2445 244 2474 Vidit
262 2447 321 2475 haec
334 2449 579 2482 praestantissimus
589 2449 699 2479 Isaacus
713 2451 837 2486 Vossius,
848 2462 924 2481 eam-

134 2491 252 2527 demque
265 2493 515 2528 interpretationem
529 2495 668 2524 Blondello
681 2497 792 2532 obiecit.
807 2499 857 2527 Cui
875 2500 924 2530 ille

134 2537 194 2564 haec
209 2539 332 2572 reposuit
345 2548 352 2566 :
369 2548 378 2564 ι
392 2539 434 2566 An
449 2547 514 2567 vero
535 2539 832 2579 Ignatiumouisquam
854 2546 923 2574 adeo

135 2583 288 2617 desipuisse
298 2584 452 2618 crediderit,
466 2590 496 2613 ut
506 2585 639 2622 Ephesios
651 2589 685 2616 ad
698 2597 728 2617 se
743 2595 826 2619 totam
839 2600 923 2627 quam

134 2628 238 2656 Paulus
253 2629 363 2663 scripsit
380 2630 522 2664 epistolam
543 2633 655 2661 missam
670 2637 822 2665 monendos
837 2642 903 2672 puta
913 2652 921 2659 -

136 2676 208 2702 rit‘h
226 2675 283 2702 lmo
297 2683 362 2709 vero
380 2683 414 2703 an
429 2677 473 2704 ille
495 2685 545 2706 nos
564 2679 632 2707 adeo
656 2680 778 2716 desipere
794 2683 920 2716 credidit.

136 2725 166 2747 ut
181 2721 284 2748 nullum
299 2721 446 2749 discrimen
458 2724 674 2754 animadvertere
686 2735 838 2762 possemus,
851 2730 922 2758 inter

135 2776 166 2795 ea
183 2776 244 2802 quae
260 2769 316 2804 ipse
332 2769 409 2802 dicit,
426 2774 510 2798 totam
525 2780 606 2807 quam
621 2773 723 2802 Paulus
741 2776 851 2810 scripsit
863 2777 922 2811 epi-

136 2815 232 2841 stolam
248 2816 282 2842 ad
302 2816 434 2851 Ephesios
449 2818 561 2846 missam
576 2827 647 2854 esse,
661 2827 689 2849 et
705 2821 751 2849 illa
770 2830 831 2857 qua:
849 2824 920 2851 scri-

172 2871 192 2888 ”
205 2871 214 2898 Ι
227 2872 291 2900 Cor.
308 2880 349 2905 ui.
365 2874 391 2901 *2.
431 2875 453 2892 ⁸ο
474 2875 483 2904 l
497 2875 560 2905 Cor.
576 2885 625 2909 vu.
640 2877 664 2914 1,

622 125 651 154 S.
672 125 846 153 lCNA'l'lUS.
865 141 900 145 —
925 123 1191 153 PROLEGOMENA.

1724 126 1782 154 576

986 186 1040 221 psit
1053 186 1081 214 S.
1098 186 1229 221 lgnatius,
1243 185 1271 213 S.
1285 185 1399 214 Paulum
1419 185 1446 212 in
1462 189 1517 213 tota
1533 185 1648 220 epistola
1664 192 1783 213 memo-

985 233 1054 261 riam
1068 240 1163 260 eorum
1177 232 1266 260 facere
1278 232 1306 259 in
1321 231 1386 260 Jesu
1402 232 1528 260 Christo?
1544 231 1605 260 Haec
1619 239 1634 259 a
1651 236 1784 267 martyre

985 287 1040 307 non
1054 280 1143 307 otiose
1159 284 1207 307 aut
1220 278 1328 314 frigide,
1342 278 1389 306 sed
1410 286 1484 311 vere,
1499 278 1555 306 imo
1581 278 1730 314 signanter
1755 281 1784 305 et

984 327 1128 362 vigilanter
1143 326 1215 354 dicta
1238 330 1311 353 sunt.
1330 324 1398 353 Tota
1413 325 1486 352 enim
1507 324 1622 360 epistola
1638 324 1672 352 ad
1686 323 1785 359 Ephe-
1806 340 1809 342 -

984 374 1042 401 sios
1057 374 1168 409 scripta,
1182 374 1257 409 ipsos
1275 373 1418 409 Ephesios,
1434 379 1584 407 eorumque
1596 371 1739 399 honorem
1754 375 1795 400 et.

983 428 1078 448 curam
1094 420 1214 448 maxime
1230 424 1344 455 spectat,
1358 423 1386 448 et
1401 426 1507 447 summe
1529 417 1715 445 honoriﬁcam
1732 423 1784 444 eo-

984 475 1044 495 rum
1068 467 1230 495 memoriam
1259 467 1293 494 ad
1314 470 1437 502 posteros
1461 465 1631 496 transmittit.
1653 463 1685 491 In
1715 463 1783 492 aliis

983 514 1105 549 epistolis
1117 512 1265 548 Apostolus
1280 520 1327 540 eos
1339 512 1371 540 ad
1388 520 1457 548 quos
1469 512 1574 543 scribit,
1586 517 1657 545 saepe
1671 509 1783 537 acriter

983 560 1121 596 objurgat,
1135 564 1183 587 aut
1196 564 1269 587 certe
1289 559 1361 587 haud
1373 559 1495 590 omnino,
1509 558 1551 585 vel
1565 564 1646 592 parce
1660 556 1781 589 laudat;

982 606 1025 633 vel
1039 605 1073 634 de
1086 606 1169 633 rebus
1183 605 1218 632 ad
1234 605 1314 632 ﬁdem
1339 603 1549 640 pertinentibus,
1571 607 1620 632 aut
1643 602 1680 630 de
1701 609 1784 636 qua:—

984 652 1121 681 stionibus
1143 651 1301 680 decidendis
1317 651 1399 679 latius
1420 650 1550 685 disputat.
1578 648 1628 676 Hic
1641 648 1781 676 omnibus

983 699 1073 732 modis
1092 703 1224 733 perpetuo
1239 705 1269 725 se
1285 696 1412 732 Ephesiis
1431 695 1558 733 applicat,
1575 694 1696 729 illosque
1715 697 1782 720 tan-

983 753 1066 781 quam
1077 744 1201 780 egregios
1215 743 1388 772 Christianos
1401 745 1511 772 tractat,
1526 739 1678 775 Evangelia
1699 739 1781 767 salu-

982 793 1019 824 tis
1035 792 1147 820 ﬁrmiter
1168 790 1320 823 credentes,
1331 794 1359 820 et
1370 788 1469 824 spiritu
1490 787 1686 823 promissionis
1701 787 1782 814 olisi-

983 845 1091 874 gnatos,
1103 837 1231 866 concives
1244 840 1403 864 sanctorum
1417 839 1445 863 et
1463 834 1630 862 domesticos
1643 833 1712 867 Dei;
1729 841 1781 869 pro

984 886 1018 914 iis
1033 893 1104 921 saepe
1124 884 1252 913 ardenter
1275 887 1346 915 orat,
1361 882 1436 917 ipsos
1458 882 1593 913 hortatur,
1606 880 1779 917 obtestatur,

983 932 1088 967 laudat,
1113 938 1223 958 omnem
1245 933 1364 961 aetatem,
1379 932 1526 962 utrumque
1552 934 1649 954 sexum
1677 925 1780 953 sedulo

983 977 1104 1010 instruit,
1117 984 1197 1004 suum
1211 983 1274 1010 erga
1288 982 1335 1003 eos
1350 973 1516 1009 singularem
1531 972 1658 1001 allectum
1672 972 1779 1007 ubique

982 1024 1082 1060 prodit.
1105 1022 1211 1058 Πολλῆς
1226 1022 1280 1049 ἔδει
1295 1020 1335 1057 τῷ
1351 1019 1449 1056 Παύλῳ
1470 1019 1587 1055 σπουδῆς
1608 1018 1680 1055 πρὸς
1703 1018 1779 1046 ὲκεί-

982 1079 1043 1103 νους
1065 1070 1212 1106 γράφοντι,
1229 1068 1319 1103 inquit
1343 1066 1373 1095 S.
1397 1066 1621 1102 Chrysostomus,
1645 1074 1656 1091 ι
1674 1072 1777 1100 magno

981 1125 1044 1146 cum
1071 1117 1162 1144 studio
1184 1116 1218 1144 ad
1240 1114 1373 1150 Ephesios
1399 1113 1526 1142 scribit.»
1541 1112 1659 1147 Λέγεται
1675 1112 1707 1139 δὲ
1729 1114 1777 1140 καὶ.

983 1164 1118 1200 βαθύτερα
1142 1162 1197 1189 τῶν
1221 1162 1363 1198 νοημάτων
1387 1160 1479 1191 αὐτοῖς
1500 1158 1703 1195 ὲμπιστεῦσαι,
1727 1158 1775 1185 au

981 1210 1032 1246 ᾔδη
1048 1208 1257 1244 κατηχημένοις.
1276 1216 1285 1233 ι
1304 1206 1410 1235 Dicitur
1431 1210 1522 1233 autem
1543 1209 1570 1232 et
1586 1203 1776 1239 profundissi-

981 1262 1043 1283 mos
1066 1258 1214 1288 conceptus
1229 1253 1262 1280 iis
1277 1251 1490 1284 concredidisse,
1503 1250 1578 1285 quod
1592 1250 1649 1285 jam
1669 1248 1775 1277 fuerint

982 1302 1016 1330 ab
1030 1302 1091 1337 ipso
1101 1301 1229 1333 instituti,
1241 1309 1250 1326 ι
1260 1304 1288 1327 et
1297 1306 1359 1327 cum
1368 1299 1402 1326 iis
1412 1297 1588 1326 Timotheum
1602 1296 1773 1332 reliquisset,

981 1346 1053 1373 unde
1066 1352 1113 1373 eos
1124 1344 1231 1371 Παύλου
1249 1343 1412 1380 συμμύστας
1423 1346 1502 1370 vocat
1513 1342 1643 1378 lgnatius,
1657 1341 1772 1376 quibus,

981 1392 1085 1420 scilicet
1101 1391 1147 1418 ille
1163 1395 1251 1418 totum
1276 1389 1422 1417 consilium
1439 1387 1488 1416 Dei
1505 1387 1694 1423 patefecisset.
1712 1386 1773 1415 Ori-

981 1446 1063 1474 genes
1071 1438 1182 1466 homilia
1193 1437 1238 1471 15,
1246 1444 1376 1473 magnum
1389 1436 1517 1465 observat
1529 1435 1600 1463 inter
1610 1434 1771 1462 Corinthios

980 1489 1007 1512 et
1022 1484 1156 1520 Ephesios
1176 1483 1326 1511 discrimen
1340 1492 1346 1509 :
1361 1492 1371 1508 ί
1386 1481 1455 1510 Vide
1470 1480 1610 1517 quomodo
1623 1480 1657 1508 ad
1674 1479 1771 1508 Corin-

981 1531 1053 1559 thios
1069 1530 1172 1558 Paulus
1186 1528 1416 1564 loquitur:Lacte
1429 1535 1479 1556 vos
1495 1527 1599 1563 potavi,
1614 1535 1671 1555 non
1687 1527 1768 1555 cibo:

982 1578 1092 1605 necdum
1105 1578 1174 1604 enim
1191 1577 1335 1612 poteratis;
1349 1576 1394 1604 sed
1416 1584 1497 1612 neque
1518 1584 1587 1606 nunc
1606 1576 1720 1611 potestis
1736 1574 1768 1601 ³⁹.

981 1623 1015 1653 Ει
1039 1624 1104 1659 quia
1125 1624 1195 1651 lacte
1220 1623 1319 1652 adhuc.
1333 1623 1506 1658 indigebant,
1522 1630 1555 1650 ea
1576 1622 1690 1650 discunt
1710 1629 1769 1657 qua:

980 1669 1087 1697 discere
1101 1669 1208 1704 parvuli
1233 1669 1322 1697 solent
1341 1677 1348 1696 :
1368 1668 1474 1696 Bonum
1495 1673 1535 1697 est
1561 1668 1702 1695 mulierem
1718 1674 1769 1694 non

981 1722 1088 1752 tangere
1105 1723 1114 1743 :
1131 1720 1239 1751 propter
1256 1715 1458 1750 fonticulionem
1477 1720 1566 1743 autem
1581 1714 1616 1748 λθ,
1626 1719 1680 1742 etc.
1699 1714 1768 1741 Rur-

980 1767 1096 1795 sumque
1112 1759 1304 1794 iustituuntur,
1322 1767 1355 1787 ne
1368 1759 1518 1795 idolothyta
1539 1760 1698 1788 comedam.
1716 1759 1767 1787 Ista

980 1807 1070 1834 omnis
1091 1806 1215 1834 doctrina
1230 1806 1279 1842 llac
1299 1806 1476 1841 parvulorum
1500 1811 1559 1839 est,
1574 1810 1603 1834 et
1619 1806 1712 1833 adhuc
1727 1805 1766 1832 in-

979 1851 1094 1879 fantium
1106 1852 1133 1879 in
1145 1852 1265 1880 Christo.
1283 1852 1398 1886 Quando
1408 1860 1474 1880 vero
1484 1852 1611 1888 Ephesiis
1625 1852 1765 1883 scribitur.

978 1899 1096 1928 solidum
1119 1899 1173 1927 illis
1197 1899 1299 1935 praebet
1321 1899 1424 1927 cibum.
1444 1898 1505 1927 Non
1532 1899 1645 1926 auditur
1666 1899 1766 1934 quippe

979 1946 1006 1973 in
1024 1945 1132 1981 Epheso
1155 1945 1315 1980 fornicatio;
1332 1953 1386 1973 non
1403 1945 1513 1974 auditur
1534 1946 1564 1974 in
1583 1945 1694 1980 Epheso
1710 1945 1765 1973 ido-

979 1991 1098 2025 lolatria,
1109 1997 1136 2020 et
1147 1999 1212 2020 esus
1228 1992 1451 2028 idolothytorum.
1469 2001 1480 2018 ι

1013 2039 1082 2067 Mira
1103 2043 1167 2067 sunt
1181 2046 1244 2074 quae
1258 2039 1304 2066 hic
1318 2039 1353 2066 de
1371 2038 1565 2074 interpolatore
1578 2038 1764 2067 comminisci-

977 2089 1023 2119 tur
1046 2084 1174 2112 Dallaaus.
1198 2083 1247 2112 Ille
1267 2084 1355 2118 enim,
1372 2084 1479 2119 inquit,
1492 2084 1558 2119 quia
1582 2083 1763 2119 Ephesiorum

977 2130 1077 2158 factam
1098 2130 1127 2158 in
1143 2130 1219 2158 omni
1234 2130 1350 2165 epistola
1363 2138 1378 2157 a
1392 2129 1479 2158 Paulo
1495 2130 1661 2158 mentionem
1685 2137 1762 2166 repe-

977 2177 1078 2210 riebat,
1095 2183 1145 2211 pro
1167 2176 1250 2210 vobis,
1272 2184 1335 2208 nos;
1354 2183 1404 2211 pro
1425 2176 1549 2211 epistola,
1569 2177 1706 2204 orationes
1725 2177 1762 2205 sic

977 2224 1133 2257 substituit,
1155 2223 1185 2255 ὃς
1201 2223 1317 2250 πάντοτε
1333 2224 1363 2250 ὲν
1378 2224 1439 2255 ταῖς
1453 2223 1578 2259 δεήσεσιν
1593 2223 1678 2250 αὐτοῦ
1698 2232 1762 2260 μνη-

977 2270 1085 2306 μονεύει
1101 2270 1190 2306 ἡμῶν,
1204 2279 1214 2295 ί
1226 2270 1274 2304 qui
1285 2277 1392 2305 semper
1407 2270 1434 2297 in
1446 2270 1505 2298 suis
1518 2270 1693 2299 orationibus
1706 2278 1760 2298 me-

975 2324 1037 2344 mor
1052 2321 1095 2344 est
1109 2316 1206 2345 nostri.
1221 2326 1231 2343 ι
1243 2315 1312 2344 Nam
1324 2317 1425 2352 primo,
1438 2324 1488 2352 pro
1499 2326 1509 2343 ‹
1523 2317 1628 2351 vobis,»
1640 2324 1690 2344 nos
1709 2324 1760 2344 non

975 2363 1119 2392 substituit
1130 2363 1320 2398 interpolator.
1338 2362 1402 2391 Tria
1418 2363 1552 2391 habemus
1562 2362 1657 2391 Graeca
1675 2363 1759 2390 inter-

974 2410 1107 2450 polatoris
1133 2409 1315 2444 exemplaria;
1333 2410 1361 2437 in
1387 2417 1444 2438 uno
1460 2410 1582 2445 quidem,
1600 2410 1758 2445 Augustam

974 2456 1094 2488 scilicet,
1110 2456 1210 2491 legitur
1225 2457 1315 2492 ἡμῶν,
1331 2457 1380 2485 sed
1396 2460 1540 2491 corrupte;
1558 2463 1620 2483 cum
1638 2456 1669 2487 in
1688 2455 1758 2492 Nyd‘

973 2502 1121 2536 prucciano
1138 2508 1166 2530 et
1178 2503 1329 2538 Anglicano
1346 2503 1450 2538 legatur
1466 2502 1543 2538 ὑμῶν
1554 2521 1562 2535 ,
1579 2505 1610 2529 ut
1631 2501 1757 2538 Vulgatus

973 2548 1106 2584 interpres
1122 2549 1196 2584 legit,
1209 2550 1257 2584 qui
1270 2549 1386 2577 reddidit
1398 2559 1408 2576 ι
1421 2549 1514 2578 vestri.
1524 2558 1534 2575 ι
1555 2548 1629 2582 Quin
1646 2553 1675 2576 et
1691 2549 1758 2576 hanc

973 2595 1196 2623 substitutionem
1212 2596 1370 2627 vetustioris
1386 2595 1526 2631 scriptoris
1542 2595 1696 2623 auctoritas
1717 2602 1757 2623 re-

973 2641 1055 2674 fellit,
1070 2649 1133 2670 cum
1155 2643 1185 2670 in
1200 2642 1322 2670 Mediceo
1344 2642 1437 2670 codice
1456 2642 1561 2677 legatur
1577 2642 1673 2678 ὑμῶν,
1689 2647 1717 2670 et
1730 2643 1756 2676 in

972 2688 1056 2716 veteri
1072 2689 1221 2723 interprete
1238 2698 1248 2715 ι
1262 2689 1356 2716 vestri.
1368 2698 1378 2714 ι
1397 2688 1486 2716 Causa
1502 2688 1586 2724 igitur
1601 2689 1679 2717 nulla
1694 2688 1754 2721 fuit,

972 2742 1022 2761 cur
1034 2735 1118 2762 unius
1131 2735 1235 2763 codicis
1244 2735 1388 2763 lectionem
1398 2739 1493 2763 contra
1503 2735 1628 2762 omnium
1640 2736 1755 2772 reliquo-

972 2787 1034 2807 rum
1050 2787 1215 2809 eonsensum
1232 2781 1442 2816 amplecteretur
1465 2780 1610 2815 Usserius,
1626 2786 1676 2809 aut
1690 2781 1754 2810 arri-

971 2830 1047 2869 peret
1059 2825 1184 2856 Dallaeus.
1202 2825 1338 2861 Secundo,
1350 2834 1404 2855 non
1416 2830 1524 2859 constat
1534 2826 1756 2862 interpolatorem
