1850 3072
76 123 121 151 ΞΠ

440 124 466 152 J.
488 124 674 153 PEARSONII
696 126 858 154 VINDICIE
878 127 1089 155 IGNATIANJE.
1106 143 1140 148 —
1157 126 1248 154 PARS
1265 125 1295 153 ll.

1644 128 1699 155 5⁷18

75 192 120 221 pro
141 184 274 219 epistola,
303 186 439 212 arationes
464 185 657 220 substituisse;
685 194 749 215 nam
772 188 862 222 potius
878 191 900 218 Α
915 193 1000 220 ratur.
1010 188 1083 223 quod
1096 187 1246 215 foedissime
1263 186 1426 221 interpolata
1440 186 1485 214 sit.
1498 196 1508 213 ι
1526 186 1562 214 At
1576 194 1627 214 uos
1640 187 1699 214 llaec

75 231 171 259 videtur
189 232 220 257 ὲν
243 231 329 267 πάσῃ
352 231 476 268 ἐπιστολῇ
500 232 653 260 reddidisse
669 240 717 268 per
733 234 860 264 πάντοτε.

76 281 98 304 et
112 277 139 303 ὲν
153 277 213 307 ταῖς
230 276 350 312 δεήσεσι
371 276 505 304 addidisse
529 277 564 305 ad
586 278 796 313 explicationem
813 279 860 306 τοῦ

78 321 242 357 μνημονεύει,
260 322 342 357 quod
359 322 460 350 videret
476 322 505 351 S.
519 323 634 351 Paulum
648 325 675 351 in
693 325 861 353 orationibus

76 375 116 402 per
127 372 210 395 totam
228 369 378 402 epistolam
393 369 496 404 sparsis
508 369 641 405 Ephesios
654 370 708 398 Deo
722 379 861 399 commen-

77 414 145 441 dasse
161 415 188 441 iu
199 413 269 442 Jesu
278 414 402 449 Christo;
414 417 456 444 vel
468 417 500 444 ad
511 417 587 444 illum
599 417 765 445 versiculum
775 419 861 454 respi-

77 465 147 493 ceret,
155 461 184 487 τιύ
194 461 327 496 παύομαι
335 462 500 499 εὐχαριστῶν
508 463 579 499 ὑπὲρ
590 463 666 499 ὑμῶν
678 465 773 500 μνείαν
784 465 861 501 ὑμῶν

76 508 227 544 ποιούμενος
254 510 306 536 ἐπὶ
329 510 382 536 τῶν
408 510 565 546 προσευχῶν
581 520 642 546 μου.
663 521 673 538 ι
696 511 756 539 Non
782 520 861 540 cesso

77 555 168 590 gratias
177 563 265 590 agens
276 564 330 590 pro
341 556 419 584 vobis
427 575 434 588 ,
448 558 607 585 memoriam
619 560 703 587 Vestri
715 560 820 589 faciens
831 561 859 588 in

78 601 237 629 orationibus
255 603 339 629 meis.
351 612 360 628 υ
374 602 587 631 Laurentianum
599 605 721 633 codicem
732 607 859 640 defendo,

78 647 260 675 confusionem
282 649 430 685 utriusque
452 650 555 679 codicis
571 651 606 679 ab
630 651 804 682 Hammondo
820 653 861 682 fa-

77 698 138 720 ctam
154 702 208 721 non
224 695 328 729 probo.

107 740 195 775 Capite
210 741 248 768 20
264 742 303 768 de
321 741 381 770 solo
402 741 478 770 Pauli
499 744 627 780 conjugio
645 745 711 781 agit,
733 750 759 773 et
776 746 861 774 inter-

77 787 214 822 polatorem
233 792 344 815 tantum
361 787 431 815 ferit.
450 789 539 824 Caput
548 791 579 818 21
594 795 713 826 quatuor
729 793 860 828 objectio-

78 840 120 861 ηαδ
134 834 395 869 continet,quarum
411 842 466 862 una
477 836 511 863 de
525 835 670 865 Salomone
685 842 712 865 et
727 838 801 868 Josia
818 840 861 866 in-

78 879 260 912 terpolatorem
273 900 280 911 .
301 881 415 916 reliquae
430 887 569 910 auctorem
587 884 677 918 ipsum
698 890 803 920 petunt.
822 885 860 914 De

79 924 118 951 illo
130 924 185 952 hac
201 925 288 953 habet
302 935 309 953 :
327 935 336 952 ι
352 925 438 955 Homo
454 928 654 958 audacissimus
671 931 791 958 scribere
805 939 859 959 non

78 968 199 997 dubitavit
217 970 366 1000 Christum
382 972 527 1002 Dominum
545 982 560 1003 a
578 983 608 1004 se
621 976 648 1004 in
660 984 743 1005 carne
758 978 859 1005 visum.

78 1014 280 1052 Chrysostomus
310 1025 393 1055 negat
419 1022 554 1057 lgnatium
580 1023 680 1051 vidisse
708 1024 859 1053 Christum.

78 1061 250 1096 Epistolarum
267 1073 338 1102 ergo
351 1067 471 1102 scriptor
487 1068 627 1096 manifesti
643 1071 776 1101 mendacii
795 1079 860 1099 con-

79 1108 215 1138 vincitur.»
234 1111 301 1139 llaec
316 1114 471 1148 argumenti
487 1122 605 1143 summa.
623 1115 681 1149 Qua
698 1117 861 1146 certitudine

79 1155 167 1184 dixerit
181 1157 402 1194 Cbrysostomus
414 1160 553 1189 Christum
571 1162 605 1189 ab
621 1162 725 1197 lgnatio
741 1169 861 1197 martyre

79 1210 206 1239 nunquam
229 1206 325 1233 visum
351 1206 435 1234 fuisse
447 1227 455 1240 .
474 1215 524 1243 ego
545 1216 599 1235 non
620 1217 724 1244 quaero.
741 1195 822 1237 Certe
837 1211 860 1238 si

79 1250 241 1284 epistularum
267 1252 391 1287 scriptor
411 1253 464 1280 200
481 1258 544 1289 post
567 1254 701 1290 lgnatium
718 1257 807 1290 annis,
832 1262 861 1285 ut

80 1297 129 1324 vult
143 1297 270 1331 Dallaeus,
282 1298 387 1327 dixerit
397 1299 535 1328 Christum
551 1309 566 1328 a
578 1309 607 1329 se
619 1302 646 1329 in
662 1310 745 1330 carne
759 1304 860 1336 visum,

79 1345 103 1368 et
114 1342 190 1371 homo
201 1345 407 1373 audacissimus
415 1350 442 1373 et
452 1347 679 1375 mendacissimus
691 1347 756 1382 fuit;
766 1356 846 1383 quem
854 1364 862 1370 ν

81 1387 211 1417 admodum
226 1390 457 1420 Pseudo—Abdias
474 1400 527 1420 non
544 1393 604 1421 sine
620 1402 726 1422 summa
747 1395 861 1422 audacia

80 1438 201 1469 etaperto
225 1438 376 1465 mendacio
403 1438 492 1473 ipsum
520 1440 607 1467 oculis
634 1440 692 1468 suis
713 1440 860 1468 Dominum

80 1479 169 1509 vidisse
182 1489 277 1511 narrat
293 1483 458 1519 Apostolicze
474 1485 594 1513 historia:
610 1486 657 1513 lib.
674 1494 715 1518 v1,
732 1495 794 1514 cum
812 1495 860 1516 eo-

914 235 995 262 verba
1007 234 1082 261 omni
1094 233 1303 268 interpolatione
1314 232 1398 260 libera
1411 239 1444 260 ex
1460 240 1492 259 ea
1505 232 1697 267 producimus;

911 281 1016 309 scilicet
1030 280 1108 308 Μετὰ
1123 279 1173 316 τὴν
1189 280 1335 307 ἀνάστασιν
1351 280 1379 305 ὲν
1391 279 1472 315 σαρκὶ
1487 278 1568 305 αὑτὸν
1582 276 1640 305 οἶδα
1654 279 1700 304 καὶ

911 327 1032 354 πιστεύω
1057 326 1130 354 δντα.
1148 325 1322 360 Quaecunque
1348 325 1430 360 igitur
1453 324 1615 359 interpolata
1633 324 1699 356 sint,

912 373 970 401 haec
991 377 1064 401 certe
1088 379 1155 400 sana
1173 377 1202 400 et
1224 372 1326 407 integra
1344 375 1502 406 supersunt,
1527 379 1588 398 cum
1606 370 1700 398 codice

912 419 1107 451 Laurentiano,
1122 418 1251 451 Eusebio,
1262 423 1289 445 et
1306 417 1479 445 Theodoreto
1490 417 1697 444 consentientia.

912 465 1050 497 Secundo.
1065 465 1091 492 in
1107 464 1227 492 Eusebio
1244 463 1393 491 hariolatur
1405 463 1448 490 vel
1464 462 1643 497 antiquarios,
1657 462 1699 490 vel

912 511 1049 539 Bullinum
1071 518 1121 545 pro
1150 508 1220 536 εἶδον
1240 509 1416 544 rescripsisse
1436 507 1504 536 οἴδα·
1531 516 1563 536 ex
1589 508 1698 536 Eusebii

911 558 989 585 libris
1012 557 1046 584 ad
1073 556 1294 589 Theodoretum,
1311 560 1339 583 et
1363 555 1524 590 scriptorem
1549 553 1699 582 Florentini

911 605 1014 633 codicis
1030 604 1196 632 dimanasse.
1214 603 1236 631 0
1252 603 1372 639 lepidum
1388 603 1591 630 commentum!
1612 601 1699 629 Euse-

911 651 949 679 bii
965 650 1083 678 Historia
1094 653 1203 677 centum
1215 649 1301 676 ferme
1314 649 1393 676 annis
1403 649 1563 684 priusquam
1577 647 1700 674 Rullinus

910 705 970 725 eam
989 697 1016 724 in
1033 695 1161 723 Latinum
1178 696 1268 727 vertit,
1279 695 1305 722 in
1320 695 1448 722 manibus
1461 694 1583 721 omnium
1597 693 1699 726 fuerat;

910 743 1076 778 exemplaria
1093 751 1141 778 per
1156 747 1240 770 totam
1257 741 1407 769 Ecclesium
1420 740 1583 768 Orientalem
1600 739 1701 774 ubique

910 787 1034 822 dispersa
1050 792 1077 815 et
1093 795 1190 823 magna
1206 786 1329 814 omnium
1347 793 1409 812 cum
1423 784 1605 812 admiratione
1623 792 1701 813 acce-

911 839 968 870 pta.
986 835 1027 861 An
1051 835 1136 870 igitur
1158 833 1283 861 Ruﬂinus
1301 833 1328 860 in
1354 832 1475 860 Ecclesia
1493 831 1590 859 Latina
1607 839 1700 859 vocem

912 881 1023 909 unicam
1039 882 1067 908 in
1088 888 1139 908 suo
1156 881 1251 908 codice
1272 880 1306 908 de
1323 880 1456 908 industria
1474 885 1580 907 mutare
1602 879 1700 912 voluit,

911 931 960 954 aut
980 928 1177 955 correctionem
1193 934 1271 954 suam
1294 927 1322 954 in
1348 926 1453 961 reliqua
1471 926 1563 953 omnia
1580 924 1701 953 Orientis

911 974 1077 1009 exemplaria
1098 974 1283 1009 recipiendam
1303 972 1362 1000 fore
1384 980 1494 1008 sperare
1517 972 1625 1007 potuit?
1641 971 1700 999 Non

912 1020 980 1048 adeo
1004 1021 1117 1048 demens
1141 1019 1192 1047 fuit
1217 1019 1358 1051 Bullinus;
1383 1018 1533 1053 przesertim
1559 1025 1621 1044 cum
1641 1017 1698 1052 jam

911 1067 1063 1094 acerrimus
1088 1065 1148 1100 ejus
1173 1065 1262 1093 hostis
1284 1063 1465 1100 Hieronymus
1486 1067 1526 1090 tot
1542 1063 1622 1090 annis
1637 1069 1700 1089 ante

911 1113 983 1140 hanc
1007 1112 1162 1140 versionem
1190 1111 1347 1146 catalogum
1372 1117 1452 1137 suum
1473 1109 1614 1136 edidisset.
1641 1107 1700 1135 Non

911 1163 953 1187 est
971 1158 1064 1193 itaque
1078 1158 1153 1192 justa
1177 1156 1309 1191 suspicio,
1327 1155 1465 1183 Bullinum
1481 1154 1588 1181 Eusebii
1606 1153 1700 1181 Histo-

911 1205 982 1233 riam
1010 1204 1092 1232 verba
1119 1203 1291 1230 immutando
1321 1201 1487 1237 corrupisse.
1516 1200 1554 1227 De
1581 1200 1700 1228 librariis

912 1255 1001 1279 autem
1017 1250 1090 1285 quod
1113 1249 1235 1284 conjicit,
1248 1248 1331 1276 verba
1347 1247 1443 1283 lgnatii
1458 1247 1493 1274 ab
1512 1245 1631 1273 Eusebio
1644 1249 1700 1273 tra-

911 1296 966 1323 dita
980 1295 1107 1323 consulto
1123 1303 1170 1322 eos
1184 1293 1373 1321 animadversa
1389 1293 1429 1320 rei
1445 1292 1627 1325 absurditate,
1638 1299 1700 1319 cor-

911 1342 1031 1375 rexisse,
1054 1341 1088 1368 ab
1111 1340 1186 1368 omni
1206 1338 1445 1367 verisimilitudine
1468 1338 1609 1365 abhorret.
1631 1337 1700 1371 Quis

911 1388 984 1415 enim
1012 1395 1060 1415 eos
1084 1386 1209 1413 librarios
1235 1393 1356 1420 unquam
1384 1384 1551 1412 existimabit
1570 1386 1598 1412 in
1624 1392 1701 1412 com-

911 1440 994 1461 mune
1020 1432 1208 1464 consuluisse,
1230 1431 1264 1458 de
1289 1430 1399 1465 scriptis
1426 1430 1536 1458 Eusebii
1563 1430 1698 1465 judicium

911 1479 1017 1510 tulisse,
1038 1481 1066 1505 et
1089 1477 1124 1505 de
1149 1475 1301 1503 mutatione
1322 1475 1398 1502 vocis
1422 1473 1612 1502 consensisse?
1632 1473 1699 1506 Quis

81 1526 133 1553 dem
150 1528 219 1556 libro
237 1537 296 1557 non
324 1534 429 1558 tantum
456 1531 637 1568 Hegesippum
666 1532 959 1568 nomiriaverit,ceos
990 1523 1108 1551 Eusebio
1142 1522 1219 1557 ipso,
1258 1524 1370 1549 auctore
1401 1520 1444 1548 sui
1476 1519 1607 1554 temporis
1641 1526 1699 1546 ma—

81 1572 121 1600 Sed
134 1578 160 1601 et
181 1575 240 1610 ejus
257 1577 344 1604 verba
361 1584 395 1604 ex
412 1578 590 1606 translatione
608 1578 706 1606 Bullini
728 1581 861 1608 transcri-

80 1620 163 1653 pserit.
180 1622 286 1650 Auctor
306 1622 414 1651 Politia
436 1623 487 1652 SS.
504 1624 618 1652 Patrum
637 1625 816 1661 Metrophauis
835 1632 860 1654 et

80 1664 214 1695 Alexandri
233 1669 310 1704 apud
326 1669 454 1698 Photium
470 1671 565 1699 codice
583 1671 652 1705 256,
668 1676 696 1699 et
714 1673 796 1701 homo
811 1681 861 1701 au-

81 1710 230 1743 dacissimus
246 1721 274 1744 et
292 1717 524 1746 mendacissimus
542 1717 604 1752 fuit,
624 1719 647 1746 si
673 1719 815 1755 scripserit
831 1728 860 1748 se

81 1758 169 1788 vidisse
191 1761 408 1790 Constantinum
434 1764 505 1791 inter
521 1764 641 1799 ephebos
665 1771 814 1794 merentem
831 1767 860 1794 in

81 1801 210 1835 Palaestina
223 1809 276 1836 sub
295 1808 474 1837 Diocletiano.
495 1809 594 1838 Verum
607 1810 659 1838 hoc
671 1812 788 1846 scriptor
803 1812 860 1847 ipse

83 1856 128 1877 non
149 1852 228 1887 dixit,
244 1854 295 1882 sed
323 1855 510 1883 obscuriorem
534 1855 622 1883 Photii
645 1857 858 1888 contractionem

82 1894 114 1923 ita
128 1901 261 1927 transtulit
284 1900 432 1934 Schottus,
448 1902 527 1936 cujus
551 1903 799 1937 interpretationem
818 1911 860 1930 re—

83 1940 166 1972 lellunt
191 1947 289 1975 eadem
317 1947 385 1975 Acta
409 1947 515 1982 plenius
541 1956 557 1976 a
583 1948 748 1977 Combetisio
774 1957 860 1984 nuper

83 1988 158 2023 «lita;
173 1998 205 2018 ex
221 1993 327 2028 quibus
356 1997 463 2020 constat
479 2001 532 2021 non
550 1994 722 2029 scriptorem,
738 1995 784 2022 sed
805 1995 864 2023 Μιμ

85 2034 218 2066 ximianum
230 2043 302 2067 tunc
318 2039 419 2067 vidisse
434 2040 655 2069 Constantinum.
674 2040 740 2069 lllud
758 2043 860 2077 pariter

85 2083 162 2115 etego
177 2090 282 2118 assero,
307 2090 447 2112 auctorem
470 2085 662 2120 epistolarum,
677 2095 746 2120 quas
765 2086 860 2115 defen-

85 2125 173 2162 (limus,
182 2138 325 2166 nunquam
341 2131 495 2166 scripsisse,
507 2132 647 2159 Christum
660 2140 674 2159 a
690 2141 719 2160 se
733 2133 761 2160 in
777 2141 860 2162 carne

87 2171 171 2201 Visum.
189 2175 217 2203 Si
232 2177 294 2204 hinc
311 2177 478 2211 scripsisset,
497 2177 648 2206 Salmasius
661 2183 689 2206 et
701 2178 858 2207 Blondcllus

86 2223 128 2251 pro
142 2226 187 2247 sua
202 2221 228 2248 in
244 2222 289 2250 his
306 2222 389 2249 rebus
404 2222 523 2256 solertia,
542 2223 568 2250 id
586 2224 732 2258 praeterire,
748 2224 856 2258 opinor,

88 2263 236 2301 noluissent;
258 2268 308 2295 sed
322 2268 435 2295 omnino
450 2276 503 2296 non
517 2270 636 2303 scripsit.
657 2269 785 2298 Auctoris
801 2271 858 2305 cpi--

88 2310 151 2339 810133
170 2314 248 2341 verba
265 2315 327 2342 haec
342 2319 408 2342 sunt
431 2315 465 2342 de
484 2315 695 2350 (Σὴι-ἰειοςἘγὼ
717 2316 772 2353 γὰρ
790 2316 858 2352 μετὰ

88 2353 128 2389 τὴν
149 2356 291 2386 ἀνάστασιν
317 2360 347 2386 ὲν
372 2360 452 2396 σαρκὶ
479 2360 560 2387 αὐτὸν
584 2359 643 2388 οἴδα
667 2361 714 2388 καὶ
739 2361 859 2389 πιστεύω

88 2399 150 2429 ὄντα.
164 2403 201 2432 lla
217 2406 243 2433 in
261 2407 357 2434 codice
373 2406 557 2434 Laurentiano
574 2407 687 2443 legitur;
706 2409 800 2436 eadem
818 2409 857 2436 le-

90 2447 135 2474 ctio
147 2451 211 2484 apud
228 2452 378 2480 Eusebium
395 2453 549 2487 invenitur;
567 2454 689 2482 eamdem
707 2462 858 2489 repraesen-

91 2496 123 2520 tat
135 2494 333 2532 TheodoretuS;
346 2498 470 2526 eamdem
487 2500 660 2526 retinuerunt
675 2499 761 2527 Grmci
781 2501 859 2528 codi-

92 2547 129 2568 GBS
145 2544 248 2580 vulgati,
265 2551 325 2573 tum
341 2545 578 2581 Nydpruccianus,
596 2551 654 2574 tum
677 2547 855 2583 Tylinganus,

92 2590 139 2614 tum
152 2588 323 2626 Anglicanus,
336 2600 433 2620 omnes
450 2600 465 2620 a
487 2601 571 2620 manu
587 2593 790 2627 interpolatoris
807 2595 858 2622 hoc

94 2632 143 2661 loco
156 2635 234 2665 liberi.
254 2637 387 2666 Summus
403 2639 448 2666 hic
465 2638 549 2674 igitur
563 2643 591 2666 et
606 2639 744 2672 codicum,
760 2644 787 2667 ct
809 2647 857 2667 ex-

93 2684 225 2728 (εξδφίσηιιιι
236 2692 404 2718 consensus;
421 2692 503 2720 quem
520 2690 611 2713 tamen
625 2685 703 2713 miris
719 2686 857 2722 conjectu-

95 2726 126 2751 ris
144 2726 294 2759 labefactare
317 2736 435 2759 conatur
453 2732 490 2759 vii
515 2732 700 2764 doctissimus,
720 2733 766 2767 qui
792 2733 856 2761 alibi

95 2772 225 2804 exclamare
249 2778 329 2812 solet,
351 2777 459 2813 quoties
476 2778 567 2813 aliqua
591 2783 712 2806 veterum
729 2777 855 2806 codicum

97 2815 162 2852 lectio
172 2821 334 2852 sollicitatur.

124 2861 220 2904 i’rimo:
236 2879 244 2896 ι
259 2869 411 2899 Editioncm
428 2869 551 2905 Grmcam
568 2870 704 2904 vulgatam
720 2870 787 2905 nihil
799 2877 856 2898 mo-

911 1572 987 1600 ximo
1003 1569 1182 1605 sapientiores
1202 1567 1346 1603 judicabit,
1365 1573 1435 1602 quos
1456 1566 1532 1593 omni
1554 1573 1612 1592 ιενο
1625 1566 1698 1593 viros

912 1618 998 1646 fuisse
1023 1617 1157 1644 bonarum
1183 1615 1337 1643 litterarum
1362 1614 1490 1649 ignaros,
1513 1613 1639 1641 mercede
1663 1613 1699 1641 ad

910 1663 1121 1693 exscribendum
1146 1660 1334 1689 tantummodo
1359 1660 1520 1692 conductos,
1535 1659 1585 1686 viri
1602 1666 1698 1687 omnes

911 1710 982 1738 docti
993 1715 1019 1737 et
1036 1710 1065 1737 in
1087 1709 1131 1737 his
1147 1709 1230 1736 rebus
1244 1708 1344 1736 versati
1361 1711 1388 1735 et
1406 1707 1570 1734 conﬁtentur
1585 1711 1613 1734 et
1628 1713 1698 1741 que-

911 1756 1027 1784 runtur?
1044 1755 1072 1783 Si
1086 1754 1188 1790 aliquid
1203 1755 1230 1781 in
1246 1753 1357 1782 Eusebii
1370 1752 1463 1780 codice
1479 1757 1614 1780 tentatum
1629 1751 1698 1791 tuis-

911 1809 962 1837 set,
984 1805 1046 1841 quis
1062 1804 1138 1832 dabit
1153 1811 1185 1831 ea
1202 1802 1372 1831 correctione
1394 1800 1567 1829 Thcodoreto
1584 1801 1698 1836 imposi~

911 1857 967 1879 tum
985 1851 1080 1884 fuisse,
1098 1850 1144 1886 qui
1168 1855 1208 1878 tot
1224 1849 1356 1877 alia‘loca
1379 1856 1434 1876 non
1454 1856 1487 1876 ex
1505 1848 1633 1881 Eusebio,
1650 1847 1697 1875 sed

910 1907 943 1925 ex
956 1898 1024 1932 ipsis
1040 1897 1135 1933 lgnatii
1152 1896 1275 1931 epistolis
1291 1895 1484 1930 transcripsit?
1498 1894 1566 1928 Quis
1583 1898 1698 1929 praesta-

910 1944 950 1972 bit
966 1944 1127 1978 scriptorem
1153 1942 1331 1971 Laurentiani
1356 1941 1474 1974 codicis,
1490 1940 1586 1968 relicto
1602 1946 1696 1966 exem—

909 1990 978 2026 plari
996 1997 1061 2021 suo,
1081 1993 1128 2016 aut
1151 1989 1260 2016 Eusebii
1284 1988 1444 2020 Historiam,
1463 1991 1511 2014 aut
1534 1985 1697 2014 Theodoreti

909 2036 1108 2072 disputationes
1131 2035 1158 2062 in
1181 2035 1326 2062 consilium
1343 2033 1513 2061 adhibuisse.
1541 2032 1628 2059 Nimis
1652 2032 1696 2059 di-

910 2083 974 2110 luta
989 2086 1055 2110 sunt
1075 2083 1117 2109 hae
1135 2081 1314 2116 conjecturae;
1330 2086 1357 2108 et
1378 2080 1534 2115 aequissima
1550 2078 1696 2114 postulatio

909 2135 962 2164 est,
981 2133 1011 2156 ut
1025 2136 1057 2156 ea
1074 2136 1123 2164 pro
1138 2128 1228 2155 verbis
1245 2127 1420 2162 epistularum
1444 2125 1563 2153 auctoris
1578 2124 1697 2151 habean-

909 2183 965 2208 tur,
979 2182 1041 2209 qua
1064 2174 1098 2201 ab
1114 2174 1241 2201 omnibus
1256 2172 1359 2201 Grazcis
1374 2171 1586 2207 exemplaribus,
1605 2174 1632 2197 et
1648 2178 1696 2197 ve-

910 2221 1012 2248 teribus
1024 2219 1157 2255 excerptis
1168 2223 1363 2254 agnoscuntur.
1381 2217 1417 2245 lis
1430 2222 1520 2245 autem
1535 2217 1627 2244 verbis
1640 2223 1696 2244 non

909 2267 1008 2295 dicitur
1020 2266 1047 2294 id
1059 2267 1129 2302 quod
1143 2274 1159 2293 a
1176 2266 1235 2293 solo
1247 2264 1347 2292 Dallaao
1357 2264 1494 2300 objectum
1508 2268 1559 2297 est,
1573 2262 1601 2290 S.
1618 2262 1696 2297 lgna-

910 2313 978 2340 tium
988 2313 1016 2339 in
1027 2319 1110 2339 carne
1118 2311 1258 2339 Christum
1271 2311 1381 2339 vidisse.
1396 2310 1476 2337 Aliud
1488 2310 1559 2337 enim
1572 2313 1613 2336 est
1624 2307 1693 2342 οἶδα,

908 2359 982 2386 aliud
998 2357 1066 2385 εἴδον
1088 2358 1130 2386 vel
1148 2358 1210 2385 ἴδον·
1229 2365 1283 2384 non
1305 2357 1436 2391 scriptum
1458 2360 1499 2383 est
1519 2353 1602 2389 εἶδον,
1621 2356 1695 2390 quod

908 2410 950 2433 est
965 2405 1068 2433 Graecis
1087 2414 1096 2430 ι
1110 2405 1176 2438 vidi,
1191 2414 1200 2430 ι
1219 2404 1267 2432 sed
1288 2402 1360 2436 οἶδα,
1378 2402 1450 2438 quod
1467 2402 1563 2430 iisdem
1587 2409 1695 2436 semper

908 2458 950 2482 est
977 2462 987 2479 ι
1002 2454 1098 2486 novi,»
1120 2453 1163 2480 vel
1187 2453 1276 2481 «scio.
1290 2462 1299 2479 ι
1328 2452 1366 2479 Ita
1394 2452 1492 2479 harum
1515 2451 1694 2486 epistularum

907 2504 1003 2527 auctor
1024 2500 1088 2527 alibi
1105 2499 1256 2535 distinguit.
1275 2499 1315 2526 Ad
1329 2499 1460 2534 Ephesios
1473 2498 1527 2525 :At‘
1537 2495 1575 2525 ὧν
1589 2498 1695 2530 πάντας

908 2546 980 2582 ὑμᾶς
997 2545 1068 2573 κατὰ
1083 2546 1193 2582 ἀγάπην
1210 2544 1289 2578 εἶδον,
1310 2555 1319 2571 ι
1331 2553 1378 2580 per
1394 2552 1463 2579 quos
1476 2553 1523 2572 vos
1540 2552 1635 2572 omnes
1650 2552 1694 2572 se-

908 2593 1027 2620 cundum
1043 2592 1202 2619 charitatem
1218 2591 1284 2618 vidi.
1297 2600 1307 2617 ι
1322 2591 1362 2618 Ad
1377 2589 1530 2626 Magnesios
1545 2599 1552 2616 :
1569 2587 1635 2616 Οἶδα
1650 2589 1693 2616 ὅτι

906 2639 936 2666 οὐ
954 2637 1108 2673 φυσιοῦσθε,
1137 2646 1147 2663 ι
1159 2637 1223 2664 novi
1239 2637 1369 2672 quoniam
1386 2644 1440 2663 non
1462 2635 1603 2668 inﬂamini,
1614 2644 1623 2660 ι
1643 2639 1692 2662 et:

907 2682 972 2711 Οἶδα
996 2684 1037 2710 ὅτι
1060 2682 1237 2719 ὲντρέπεσθε,
1258 2691 1267 2708 ι
1283 2682 1344 2709 novi
1368 2681 1498 2717 quoniam
1522 2680 1693 2708 verecunda—

907 2729 1005 2756 mini.»
1023 2728 1062 2756 Ad
1084 2728 1319 2762 Philadelphicos,
1336 2726 1406 2754 οἶδεν
1430 2726 1485 2762 γὰρ
1509 2726 1592 2753 πόθεν
1612 2725 1692 2762 ἔρχεν

906 2786 961 2809 ται,
975 2777 1021 2803 καὶ
1037 2775 1088 2802 ποῦ
1105 2776 1216 2809 ὑπάγει,
1229 2785 1238 2800 ι
1251 2775 1325 2803 novit
1340 2774 1412 2801 enim
1424 2774 1495 2801 unde
1505 2774 1591 2807 venit,
1599 2778 1626 2801 et
1636 2780 1692 2807 quo

906 2823 990 2851 vadit.
1004 2831 1013 2848 ν
1026 2822 1088 2850 Haec
1106 2821 1194 2856 primo
1210 2828 1259 2856 pro
1275 2821 1357 2849 certis
1371 2824 1399 2848 ct
1413 2819 1574 2848 indubitatis
1590 2819 1690 2848 habeo.

946 2869 999 2903 Sed
1024 2869 1144 2905 disputat
1172 2868 1288 2904 Dallmus
1310 2875 1343 2903 es
1365 2867 1450 2903 vctcri
1473 2866 1609 2902 versione,
1631 2871 1695 2901 qua;
