1850 3072
148 127 202 155 379

620 128 649 156 S.
669 128 842 156 lGNATlUS.
858 144 892 149 —
907 129 1174 157 l’HOLEGOMENA.

1721 125 1772 152 380

148 189 231 216 verba
246 188 368 216 auctoris
380 188 415 215 ita
431 190 930 224 repraesentat,«postresurrectionem
945 193 968 222 Α
981 191 1102 219 Athenas
1109 189 1252 222 subvertit,
1263 198 1272 214 I
1282 196 1331 224 pro
1341 187 1475 223 καθαίρει,
1489 186 1616 219 «lustrat;
1627 195 1639 212 ι
1652 185 1702 220 qui
1714 186 1771 212 ἑτε-

149 235 178 261 ἰιι
194 242 276 262 carne
288 242 350 261 eum
367 235 433 262 vidi.
447 245 456 260 ι
472 235 572 262 Verum
587 244 642 263 non
655 236 796 271 quteritur,
811 237 876 272 quid
887 236 914 263 in
924 252 930 256 -

149 283 255 316 terpres
267 279 371 312 fecerit,
385 280 432 307 sed
445 280 510 314 quid
526 285 623 308 auctor
634 281 756 316 epistolae
776 282 930 317 scripserit,

150 330 178 353 et
191 333 225 352 an
237 325 273 352 ita
287 325 420 360 interpres
432 325 476 353 ille
488 327 610 354 auctaris
620 327 701 353 verba
710 328 823 354 reddere
834 328 935 355 debue-

151 373 196 400 rit.
211 372 417 406 Simplicitatem
434 377 462 400 et
473 373 552 400 ﬁdem
569 374 594 400 in
609 381 641 400 eo
656 374 776 407 laudem,
791 375 817 400 in
840 375 932 409 lingua

151 418 243 446 Graeca
258 418 381 453 peritiam
394 418 465 446 haud
480 419 554 446 item.
566 419 650 452 Ὠιιοό
664 427 757 446 errare
771 422 890 454 potuerit
904 421 933 448 in

151 465 292 499 scriptoris
311 464 396 492 Graeci
420 471 510 492 mente
534 465 707 499 explicanda.
726 473 826 501 negare
853 474 933 494 uerno

151 515 253 547 potest;
267 511 339 546 quod
356 511 407 538 hoc
426 512 486 539 loco
507 512 648 545 erraverit,
662 511 778 541 aﬁirmo.
793 511 844 540 Sed
858 517 935 540 vetu-

151 557 273 584 stissimo
287 556 427 591 interpreti
447 557 526 591 plane
539 557 665 591 congruit
679 556 861 592 Hieronymus
872 578 880 590 ,
894 557 935 586 l'a-

151 606 231 629 teor:
248 609 341 629 verum
357 606 418 636 post
439 601 633 638 Hieronymum
647 603 776 630 dissentit
793 602 932 638 Bullinus;

151 648 284 682 qumritur
308 648 371 683 quis
396 653 514 676 mentem
543 648 665 676 auctoris
690 651 782 683 potius
803 651 934 685 attigerit,

151 692 343 729 Hieronymus,
359 701 394 720 an
419 692 553 726 Bullinus.
572 694 745 728 Usserianus,
763 703 796 722 an
810 697 934 731 vulgatus

153 739 300 774 interpres;
318 739 344 766 id
364 743 406 767 est
434 740 468 767 ad
491 740 546 767 vim
562 745 590 768 et
612 741 840 776 signiﬁcationem
860 743 934 770 vocis

152 783 210 811 οἶδα
229 785 342 812 omnino
357 785 525 813 redeundum
549 790 601 813 est.
618 787 678 821 lpse
702 796 754 815 non
771 788 853 816 audet
872 797 934 816 cutn

153 831 188 858 iis
199 831 362 858 contendere
373 831 420 866 qui
437 836 535 867 negant
549 832 660 859 verbum
677 831 735 859 οἴδα
755 842 804 868 pro
818 834 871 861 vidi
889 842 935 862 ac-

154 877 206 911 cipi
220 884 310 911 posse.
321 876 373 904 Sed
383 877 475 904 autilli
484 885 545 904 cum
555 878 588 905 iis
600 879 816 906 contendendum
825 885 876 912 est.
886 885 934 908 aut

154 930 253 949 manus
264 923 370 950 dandat.
385 923 453 950 Cum
465 924 539 951 enim
552 932 614 951 vera
630 925 710 952 lectio
724 925 780 960 jam
795 931 872 954 extra
884 927 936 954 du.

154 968 228 996 bium
251 969 338 1003 posita
361 969 406 1002 sit,
430 969 498 996 nihil
522 970 596 998 aliud
619 971 646 998 in
667 973 851 1000 controversia
873 973 938 1007 poni

154 1019 253 1049 potest.
265 1015 318 1042 nisi
331 1023 391 1050 qua:
408 1016 444 1043 sit
457 1017 583 1044 vocabuli
598 1025 661 1044 vera
675 1022 701 1045 et
721 1019 839 1052 genuina
854 1019 939 1055 signi-

153 1062 254 1088 ﬁcatio.
277 1060 329 1089 Sed
342 1066 369 1089 et
388 1072 399 1088 ι
417 1061 602 1097 Sophrouius,
617 1063 717 1099 inquit,
732 1065 757 1092 id
772 1066 860 1100 ipsum
875 1073 938 1100 per-

154 1107 248 1141 spicue
265 1108 402 1135 reddidit:
419 1118 427 1134 I
454 1108 524 1143 Ἐγὼ
545 1109 574 1136 δὲ
593 1110 662 1144 μετὰ
680 1111 729 1146 τὴν
743 1111 888 1138 ἀνάστασιν
910 1112 939 1138 ὲν

155 1153 261 1189 σώματι
275 1154 355 1181 αὑτὸν
369 1153 448 1182 εἶδον.
461 1155 544 1189 Quid,
557 1164 661 1191 qu:eso,
674 1162 717 1184 est
728 1157 755 1184 id
767 1158 854 1192 ipsum
866 1159 939 1193 quod

155 1200 328 1234 Sophronias
350 1202 493 1236 perspicue
512 1202 648 1230 reddidit?
662 1203 725 1230 ‘non
743 1204 808 1231 illud
831 1204 865 1232 de
885 1213 940 1239 quo

152 1247 303 1280 quaeritur;
319 1247 346 1274 id
358 1248 431 1275 enim
445 1253 496 1282 est,
510 1249 575 1284 quid
590 1254 686 1277 auctor
696 1251 818 1285 epistola:
828 1251 942 1286 scripse-

155 1292 207 1325 rit;
226 1291 398 1328 Sophronius
413 1299 505 1322 autem
519 1303 572 1321 non
587 1296 726 1323 transtulit
737 1296 881 1331 lgnatium,
892 1298 940 1324 sed

155 1337 252 1371 lgnatii
278 1339 454 1374 interpretem
479 1339 687 1377 Hieronymum.
720 1342 748 1369 Si
776 1351 805 1370 se
835 1342 940 1378 lgnatio

156 1383 326 1412 Scholiasten
339 1385 498 1420 praebuisset
511 1386 555 1413 ille
565 1387 692 1422 quisquis
705 1393 746 1415 est
759 1389 804 1423 qui
819 1388 942 1424 Sophro-

155 1430 218 1457 nius
235 1431 345 1462 dicitur,
367 1439 507 1467 nunquam
529 1430 586 1459 οἶδα.
610 1441 656 1468 per
676 1431 744 1461 εἶδον
767 1434 939 1462 reddidisset.

156 1475 210 1504 Sed
226 1485 287 1504 cum
304 1477 462 1513 Hieronymi
486 1479 585 1506 librum
602 1479 796 1515 interpretatus
820 1485 876 1513 est,
892 1481 939 1516 qui

983 237 1104 274 ροδόξους
1120 246 1130 262 ι
1145 244 1194 264 eos
1216 236 1262 271 qui
1283 235 1372 262 aliena
1394 242 1410 261 a
1425 234 1481 261 Deo
1503 232 1596 268 gloriae
1618 232 1772 266 cupiditate

981 284 1052 318 rapti
1066 287 1140 316 sunt,
1158 293 1166 309 ι
1183 282 1321 309 διάλεκτον
1331 281 1503 317 ἀνθρωπίνην
1524 291 1533 307 ι
1549 281 1704 307 humanam
1719 278 1773 305 fra-

982 331 1125 365 gilitatem,
1146 339 1156 355 ι
1174 329 1208 356 τὰ
1221 329 1394 364 διαφέροντα,
1417 337 1425 353 ι
1442 326 1605 359 diﬂ'erentia,
1624 336 1634 351 ι
1660 324 1772 361 μείζονα

981 376 1028 403 τοῦ
1039 376 1128 402 λαλεῖν
1141 385 1150 401 ι
1166 375 1270 410 majora
1288 375 1373 409 loqui,
1392 384 1401 401 ι
1422 374 1656 409 πεντηκόνταρχον
1671 381 1681 398 ε
1692 371 1771 406 quin-

983 422 1190 458 quagenarium,
1210 431 1218 447 ι
1231 421 1383 457 πυροφόρον
1395 430 1404 447 ο
1422 420 1644 451 frumentarium,
1655 428 1665 444 ι
1675 417 1771 444 οἱὰθε-

983 468 1092 499 τοῦντες
1105 467 1263 503 ἀθετήματα
1279 477 1287 493 ι
1298 468 1345 502 qui
1365 471 1525 502 spreverunt
1536 469 1747 494 contemnentes
1759 475 1769 489 ι

983 514 1178 548 interpretatus
1202 518 1259 546 est;
1283 513 1330 548 qui
1343 520 1376 540 ex
1394 512 1465 540 male
1486 511 1632 540 intellectis
1659 509 1772 537 Eusebii

984 559 1085 587 Gra‘cis
1101 559 1274 594 Apollonium
1289 563 1440 586 senatorem
1457 557 1531 588 fecit.
1554 557 1665 592 insigne
1683 555 1708 583 ei
1724 563 1771 583 vo-

985 603 1077 632 lumen
1104 605 1239 636 attribuit,
1258 604 1402 639 ipsumque
1425 604 1451 630 in
1471 604 1634 638 Catalogum
1652 603 1770 638 scripto-

985 659 1046 679 rum
1076 651 1325 678 ecclesiasticorum
1349 649 1459 676 retulit?
1481 648 1518 675 Ex
1535 649 1616 681 male,
1641 648 1770 682 inquam,

984 696 1129 724 intellectis
1150 695 1260 723 Eusebii
1273 695 1397 724 Grtecis:
1417 694 1573 728 conjectura
1591 695 1670 722 enim
1694 693 1771 720 Jose-

985 742 1032 777 phi
1049 742 1179 777 Scaligeri
1196 741 1309 768 omnino
1321 741 1488 777 repudianda
1502 745 1554 774 est,
1568 741 1616 775 qui
1637 739 1770 775 Hierony—

985 796 1071 821 mum,
1096 795 1159 815 cum
1186 788 1232 815 illa
1256 788 1399 820 scriberet,
1425 795 1479 814 non
1507 787 1635 815 Graecum
1662 785 1770 814 Eusebii

985 833 1134 868 exemplar,
1164 832 1211 860 sed
1238 832 1338 860 Rudini
1363 832 1617 867 interpretationem
1645 831 1771 859 manibus

988 879 1118 907 habuisse
1135 879 1244 906 asserit.
1262 878 1289 906 Id
1304 879 1377 906 enim
1394 879 1452 906 ﬁeri
1469 879 1544 906 nullo
1566 877 1652 905 modo
1670 877 1771 912 potuit,

988 934 1051 954 cum
1075 929 1115 953 tot
1139 925 1218 953 annis
1240 925 1399 960 Catalogum
1416 925 1557 960 scripserit
1572 923 1770 958 Hieronymus,

989 976 1136 1007 antequam
1159 971 1269 999 Eusebii
1286 970 1435 998 Historiam
1452 976 1569 998 verteret
1586 970 1723 998 Rullinus.
1745 969 1770 996 Si

990 1019 1016 1046 in
1032 1018 1160 1045 omnibus
1177 1018 1220 1045 his
1235 1017 1314 1050 locis,
1332 1017 1448 1053 aliisque
1468 1017 1658 1052 compluribus
1676 1026 1686 1043 ‹
1705 1017 1726 1044 is
1738 1016 1769 1044 sit

988 1065 1149 1093 verissimus
1175 1073 1284 1098 sensus,
1306 1073 1387 1100 quem
1412 1065 1522 1092 exhibet
1547 1064 1740 1100 Hieronymus,
1759 1073 1767 1088 ο

989 1111 1114 1138 dabimus
1128 1115 1176 1137 aut
1189 1109 1247 1137 οἶδα
1263 1110 1417 1146 signiﬁcare
1433 1120 1443 1135 ι
1461 1110 1524 1143 vidi,
1541 1119 1550 1136 ι
1566 1114 1614 1138 aut
1630 1117 1721 1137 veram
1737 1109 1769 1137 le-

990 1156 1108 1183 ctionem
1124 1163 1184 1183 esse
1207 1154 1285 1183 εἶδον,
1302 1156 1354 1183 Sed
1370 1157 1435 1183 cum
1458 1155 1513 1188 ille,
1536 1155 1579 1182 vel
1603 1163 1655 1190 per
1679 1163 1769 1190 prope-

989 1203 1128 1234 rantiam,
1162 1202 1205 1229 vel
1241 1210 1290 1237 per
1316 1202 1574 1232 halluciuationem.
1601 1210 1658 1229 non
1686 1201 1768 1229 minus

990 1247 1065 1274 hunc
1088 1247 1178 1274 locum
1195 1255 1278 1282 quam
1305 1247 1374 1276 alios
1400 1247 1560 1275 innumeros
1582 1248 1678 1274 minus
1702 1252 1769 1274 recte

990 1293 1103 1321 reddere
1116 1293 1247 1327 potuerit,
1263 1300 1326 1321 vera
1344 1293 1425 1321 lectio
1435 1293 1558 1328 epistolae
1567 1293 1673 1321 Graecae
1687 1300 1767 1328 neque

991 1339 1122 1367 mutanda
1138 1343 1232 1366 contra
1250 1340 1372 1367 omnium
1388 1339 1513 1368 codiCum
1533 1347 1712 1371 consensum,
1725 1347 1767 1366 ne-

990 1393 1044 1421 que
1058 1386 1147 1413 aliena
1165 1386 1387 1420 interpretatione
1400 1387 1585 1421 detorquenda
1600 1391 1656 1419 est,
1682 1390 1765 1413 contra

989 1431 1119 1466 loquendi
1146 1432 1257 1459 modum
1285 1431 1387 1460 Graecis
1411 1432 1670 1460 familiarissimum.
1696 1431 1766 1459 Certe

992 1478 1163 1513 Freculphns
1180 1479 1343 1514 prtecellenti
1362 1477 1519 1514 Hieronymi
1544 1478 1699 1505 eruditione
1719 1476 1765 1503 mi-

155 1523 210 1549 vidi
225 1523 380 1558 scripserat,
398 1523 464 1550 illud
482 1532 530 1559 per
544 1522 612 1551 εἶδον
626 1526 752 1558 reddidit,
768 1534 816 1561 per
828 1525 885 1553 οἶδα
897 1534 940 1553 re-
953 1536 975 1564 ο
992 1525 1065 1552 nime
1080 1528 1181 1555 motus.
1199 1532 1260 1552 cum
1278 1532 1311 1552 ex
1329 1525 1376 1552 illo
1390 1524 1549 1560 plerumque
1563 1524 1658 1551 omnia
1675 1521 1755 1550 exscri

155 1573 198 1595 cte
221 1569 333 1596 reddere
349 1577 403 1596 non
419 1571 515 1605 potuit.
535 1569 570 1597 Ut
583 1578 650 1598 voce
673 1581 682 1596 ι
698 1571 863 1604 Quadratus,
877 1581 886 1598 ι
912 1573 941 1598 ἐν

161 1613 293 1641 Ἐλευσῖνι
308 1616 451 1650 γενόμενος
465 1616 543 1649 dixit,
557 1616 713 1651 Hieronymi
730 1617 835 1650 Latina,
848 1627 856 1643 ι
869 1618 940 1645 iuvi-

154 1668 220 1688 sens
231 1659 399 1693 Eleusinam,
413 1662 586 1696 irespiciens,
595 1670 648 1689 non
662 1667 750 1689 autem
759 1663 804 1690 illa
815 1663 942 1698 quaellic-

156 1714 288 1742 ronymus
306 1714 361 1741 pne
378 1707 465 1735 oculis
483 1708 588 1739 habuit,
609 1708 757 1736 Ἐλευσίνια
773 1710 938 1736 ἐποπτεύων.

194 1752 306 1786 Verum,
321 1763 331 1779 ‹
346 1758 483 1788 utcunque
495 1761 524 1782 se
534 1762 578 1782 res
590 1754 698 1786 habeat,
710 1756 866 1790 prtecellens
878 1756 941 1784 Hie—

158 1800 264 1834 ronymi
281 1800 398 1827 eruditio
412 1800 539 1827 dubitare
560 1808 614 1827 non
632 1801 708 1833 sinit,
721 1802 787 1836 quiti
806 1802 842 1829 sit
857 1803 880 1830 is
895 1811 942 1830 ve-

158 1844 284 1872 rissimus
298 1853 406 1879 sensus,
422 1854 502 1880 quem
521 1846 577 1880 ipse
589 1846 709 1874 exhibet.
724 1847 801 1875 Absit
821 1849 893 1875 enim
912 1854 941 1876 ut

157 1889 246 1916 virum
270 1894 374 1917 tantum
392 1891 541 1918 nescivisse
563 1896 671 1926 putem,
686 1892 750 1926 quid
766 1893 801 1919 sit
812 1892 859 1919 τοῦ
875 1891 941 1919 οἶδα

158 1935 193 1962 ab
204 1933 286 1962 εἶδον
299 1935 339 1962 vcl
353 1935 467 1970 ἑώρακα
478 1936 636 1966 discrimen!
653 1945 662 1962 ι
675 1936 730 1964 Hoc
743 1942 815 1964 certe
828 1938 939 1965 unicum

158 1985 349 2016 argumentum
366 1982 398 2008 ad
416 1981 487 2010 hanc
504 1989 561 2009 rem
577 1983 748 2017 appositum;
765 1984 836 2018 quod
849 1989 939 2011 tamen

159 2025 316 2062 Hieronymi
330 2027 357 2054 in
371 2027 465 2055 Graeca
482 2027 574 2063 lingua
590 2029 774 2063 perspicaciaz,
788 2034 815 2056 et
828 2030 854 2056 in
877 2039 940 2057 ver-

158 2072 240 2100 tendo
263 2080 335 2099 cura?
349 2077 431 2108 atque
444 2073 590 2108 diligentiae
609 2078 738 2108 tanquam
764 2074 940 2103 fundamento

158 2118 294 2145 innititur.
312 2117 350 2146 De
366 2118 509 2152 posteriori
526 2119 669 2147 audiamus
683 2119 770 2154 ipsum
793 2120 819 2146 in
842 2120 940 2155 przel'a.

158 2164 233 2191 tione
247 2164 376 2191 Chronici
399 2164 544 2192 Euschiaui
564 2175 570 2192 :
589 2168 606 2190 (
617 2164 747 2198 Obsecro,
764 2169 793 2194 ut
807 2166 939 2200 quidquid

990 1571 1055 1599 bere
1071 1571 1181 1602 soleret,
1194 1570 1245 1597 ista
1263 1575 1352 1597 tamen
1365 1571 1392 1598 in
1404 1571 1461 1598 haec
1470 1571 1551 1598 verba
1565 1572 1692 1603 mutaVit,
1706 1575 1764 1597 tom.

990 1616 1023 1648 ll,
1038 1616 1086 1644 lib.
1105 1624 1136 1648 ιι,
1154 1624 1215 1650 cap.
1234 1617 1262 1643 ll
1281 1625 1288 1643 τ
1303 1625 1313 1643 ι
1334 1615 1390 1651 Ego
1403 1623 1468 1644 vero
1481 1621 1508 1644 et
1521 1620 1584 1651 post
1597 1616 1764 1644 resurrectio-

990 1670 1052 1689 nem
1070 1662 1095 1689 in
1109 1670 1192 1689 carne
1205 1670 1266 1689 cum
1281 1662 1365 1689 fuisse
1377 1662 1444 1696 scio,
1460 1666 1487 1690 et
1502 1662 1584 1690 credo
1595 1662 1662 1697 quia
1677 1662 1739 1689 scio.
1752 1669 1761 1686 ι

1027 1707 1078 1735 Sed
1095 1715 1206 1736 sensum
1222 1707 1256 1735 ab
1268 1706 1432 1744 Hieronymo
1446 1707 1582 1735 redditum
1600 1708 1762 1735 verissimum

989 1762 1052 1782 esse
1067 1754 1209 1782 contendit
1222 1754 1263 1781 vir
1282 1754 1459 1781 doctissimus
1474 1762 1508 1781 ex
1529 1764 1539 1780 ‹
1558 1754 1632 1782 fama
1644 1755 1677 1782 de
1691 1753 1763 1782 Chri-

990 1804 1033 1827 sto
1047 1800 1081 1826 ab
1095 1800 1198 1835 lgnatio
1214 1800 1242 1826 in
1259 1807 1342 1827 carne
1358 1800 1426 1833 viso,
1440 1807 1501 1835 qua:
1513 1800 1591 1827 'unde
1604 1801 1659 1827 nisi
1672 1808 1702 1827 ex
1718 1800 1762 1826 hoc

990 1845 1112 1880 epistola:
1135 1845 1195 1872 loco
1222 1848 1371 1880 propagata
1388 1844 1434 1877 sit,
1460 1845 1551 1872 dicere
1571 1845 1615 1872 vel
1641 1843 1762 1880 suspicari

990 1891 1147 1918 dillicillime
1167 1895 1219 1924 est,
1235 1890 1386 1925 praesertim
1403 1890 1475 1925 apud
1489 1890 1599 1918 Graecos
1615 1891 1762 1918 Latinorum

990 1936 1047 1964 fere
1062 1936 1194 1963 librorum
1212 1936 1376 1966 incuriosos.
1394 1945 1405 1962 ι
1421 1935 1521 1964 Demus
1539 1936 1651 1965 Graecos
1665 1935 1762 1963 Latino-

990 1990 1051 2010 rum
1077 1982 1209 2009 librorum
1237 1982 1393 2010 incuriosos
1418 1981 1512 2015 fuisse,
1532 1990 1627 2010 nonne
1649 1981 1760 2009 Graecum

988 2028 1089 2055 librum
1118 2028 1282 2061 habuerunt,
1305 2035 1339 2055 ex
1364 2035 1419 2062 quo
1433 2036 1495 2055 eum
1517 2036 1641 2055 errorem
1665 2026 1762 2054 haurire

991 2078 1146 2108 potuerunt.
1168 2073 1304 2108 Quidquid
1330 2082 1341 2098 ι
1357 2073 1410 2100 vidi
1424 2083 1433 2099 ι
1459 2073 1532 2107 apud
1557 2073 1760 2109 Hieronymum,

990 2120 1060 2146 idem
1078 2117 1145 2145 εἶδον
1159 2119 1228 2153 apud
1245 2118 1428 2152 Sophroniutn
1446 2118 1552 2146 el'lieere
1576 2119 1667 2154 potuit
1684 2127 1690 2144 :
1711 2121 1761 2144 erat

991 2170 1081 2192 autem
1099 2163 1247 2199 Sophronii
1258 2164 1350 2191 versio
1360 2163 1462 2192 Grzecis
1476 2164 1652 2198 sequentium
1663 2162 1761 2191 saeculo-

158 2210 211 2238 hoc
226 2210 398 2238 tumultuarii
411 2211 502 2245 operis
510 2215 562 2244 cst,
574 2211 738 2244 amicorum,
751 2219 804 2238 non
815 2211 938 2246 judicum
956 2219 977 2246 ι)
992 2218 1052 2237 rum
1078 2210 1162 2244 probe
1185 2210 1303 2244 cognita.
1330 2209 1430 2237 Suidas
1451 2217 1513 2236 cum
1531 2209 1681 2244 saap'tssime
1695 2213 1760 2235 tran-

157 2258 251 2284 animo
267 2258 394 2292 relegatis
409 2269 414 2285 :
429 2258 577 2293 praesertim
593 2266 655 2285 cum
671 2263 698 2286 et
713 2259 828 2290 notario,
842 2263 872 2285 ut
885 2259 940 2286 sci.

157 2302 202 2334 tis,
219 2303 390 2330 velocissime
404 2303 572 2331 dictaverim.
590 2313 600 2329 ι
617 2303 721 2331 Mallem
738 2304 853 2331 aliorum
867 2304 941 2338 judi-

157 2349 229 2376 cium
256 2357 338 2384 quant
364 2357 453 2376 mcum
476 2350 510 2377 de
533 2351 653 2384 utraque
670 2349 806 2384 accipiant
829 2349 938 2379 eruditi.

160 2406 171 2422 ‹
189 2395 262 2429 Quot
276 2400 303 2423 et
317 2400 419 2430 quanta
435 2395 557 2430 peccavit
576 2395 714 2422 maximus
731 2396 782 2426 vir,
802 2403 876 2422 nunc
893 2403 940 2430 per

158 2443 371 2477 properantiam,
392 2449 465 2468 nunc
487 2448 535 2475 per
552 2440 802 2472 hallucinationem,
819 2450 827 2466 ι
846 2442 941 2468 obser—

158 2487 231 2515 vavit
252 2487 389 2521 Joscphus
409 2486 539 2521 Scaliger.
565 2485 598 2512 Et
613 2486 707 2520 quidni
726 2487 770 2513 ille
793 2487 939 2514 discrimen

159 2535 229 2561 inter
244 2531 302 2559 οἶδα
316 2538 342 2560 et
357 2530 426 2558 εἶδον
442 2540 495 2559 ιιοιι
515 2531 751 2569 animadverteret,
765 2533 811 2567 qui
828 2541 942 2568 στρατη-

159 2578 222 2613 γίςιν
237 2586 299 2605 cum
322 2577 443 2612 στρατιᾷ,
465 2575 623 2611 στρατεύειν
637 2584 697 2603 cum
717 2577 861 2612 μάχεσθαι,
889 2578 941 2609 ἕως

159 2624 254 2650 τούτου
271 2631 333 2650 cum
349 2623 412 2658 περὶ
434 2622 527 2649 τούτου
550 2621 688 2657 confudit;
707 2624 753 2658 qui
767 2624 888 2660 γνώμην,
914 2624 941 2651 id

160 2673 200 2696 est
219 2678 227 2694 ι
242 2669 415 2701 sententiam,
434 2677 444 2694 ι
462 2676 511 2703 pro
530 2678 539 2694 ι
554 2669 677 2696 subsidio
694 2680 703 2695 ι
723 2670 834 2704 habuit;
847 2670 899 2705 aqui
911 2669 940 2697 τὸ

161 2715 308 2751 βασιλειᾷν,
321 2714 346 2741 id
359 2718 400 2741 est
411 2714 580 2742 all‘ectionem
593 2716 680 2751 regni,
698 2724 747 2750 pro
764 2717 837 2751 regia
851 2716 941 2743 indole

159 2761 277 2796 accepit;
293 2761 339 2796 qui
348 2760 416 2796 μετὰ
427 2761 480 2788 τῶν
492 2761 646 2788 ἀποστόλων
665 2771 674 2788 ε
689 2767 749 2796 post
765 2762 916 2797 apostolos;
928 2773 936 2788 I

161 2808 188 2840 ἐξ
208 2808 322 2838 ἐκείνου,
346 2807 398 2835 hoc
420 2811 462 2835 cst
479 2816 487 2832 ι
505 2807 539 2834 ab
560 2807 610 2836 illo
634 2812 765 2842 tempore,
783 2818 791 2833 ι
812 2808 840 2834 in
862 2807 939 2842 hujus

163 2852 358 2887 (potulationem
383 2852 515 2886 reddidit;
540 2853 588 2888 qui
612 2853 680 2880 dixit
701 2862 706 2879 :
741 2862 749 2878 ι
767 2852 939 2893 Epimenides

992 2255 1089 2282 scribit
1108 2264 1114 2284 :
1133 2260 1161 2283 et
1177 2260 1242 2282 ante
1257 2254 1369 2282 Suidam
1393 2255 1508 2287 Photitts
1527 2255 1654 2283 eumdem
1672 2261 1759 2289 cogno-

991 2300 1063 2328 visse
1079 2301 1302 2335 deprehenditur.
1326 2300 1362 2329 Ut
1381 2300 1462 2336 igitur
1478 2300 1635 2337 Hieronymi
1653 2299 1758 2327 Latinis.

992 2347 1028 2374 ita
1044 2346 1193 2381 Sophronii
1206 2346 1295 2374 versio
1310 2346 1412 2375 Graecis
1430 2346 1519 2376 fraudi
1532 2354 1593 2374 esse
1611 2346 1703 2381 potuit.
1715 2342 1757 2369 Sed

990 2400 1050 2419 eam
1064 2392 1164 2421 famam
1177 2401 1210 2419 ex
1232 2393 1284 2419 hoc
1301 2393 1361 2419 loco
1372 2397 1459 2420 ortam
1474 2399 1535 2419 esse
1552 2391 1697 2420 verisimile
1713 2397 1758 2416 non

991 2444 1033 2466 est
1053 2449 1060 2466 :
1087 2439 1131 2466 hic
1148 2439 1221 2466 enim
1247 2439 1374 2472 traditur,
1401 2443 1431 2466 ut
1449 2438 1487 2469 illi
1509 2438 1614 2471 volunt,
1639 2436 1756 2472 lgnatium

991 2491 1053 2520 post
1069 2485 1296 2513 resurrectionem
1312 2485 1453 2512 Christum
1469 2484 1495 2511 in
1508 2492 1591 2511 carne
1607 2483 1718 2510 vidisse:
1734 2484 1757 2506 Il

992 2531 1037 2558 illa
1052 2531 1123 2558 fama
1136 2531 1204 2558 nihil
1218 2531 1271 2558 tale
1282 2530 1403 2562 tradidit,
1418 2530 1464 2558 sed
1477 2529 1611 2566 lgnatium
1624 2529 1692 2556 inter
1704 2533 1756 2562 par-

991 2578 1068 2605 vulos
1085 2577 1119 2604 ad
1143 2577 1282 2605 Christum
1308 2577 1440 2606 adductos
1463 2576 1547 2603 fuisse
1566 2576 1652 2611 ipsius
1669 2570 1754 2602 Christi

991 2624 1118 2651 manibus
1133 2629 1286 2658 exceptum.
1302 2623 1365 2651 Haec
1381 2628 1471 2650 autem
1486 2622 1541 2649 duo
1559 2627 1622 2650 sunt
1636 2622 1708 2657 plane
1723 2616 1756 2644 (ὶὶ-

991 2677 1080 2697 versa.
1098 2669 1126 2697 Si
1144 2670 1264 2706 lgnatius
1278 2669 1393 2700 dixisset
1408 2677 1437 2696 se
1459 2668 1561 2696 vidisse
1583 2668 1714 2695 Christum
1731 2663 1753 2690 in

992 2723 1074 2743 carne
1087 2720 1148 2750 post
1160 2714 1399 2748 resurrectionem,
1429 2722 1462 2742 an
1476 2715 1621 2750 quisquam
1636 2712 1694 2740 inde
1707 2709 1755 2737 col-

992 2761 1100 2796 ligeret,»
1111 2762 1236 2789 eumdem
1250 2761 1328 2796 quasi
1349 2760 1505 2796 puerulum,
1525 2760 1651 2787 manibus
1667 2753 1753 2787 Christi

992 2812 1127 2842 gestatum
1157 2807 1243 2835 fuisse
1266 2811 1328 2834 ante
1356 2805 1417 2841 ejus
1439 2805 1575 2833 mortem?
1594 2811 1670 2832 nemo
1689 2807 1752 2828 sant!-

992 2853 1108 2886 Aliunde
1137 2853 1219 2889 igitur
1232 2861 1264 2881 ea
1286 2853 1356 2886 fama
1376 2856 1435 2880 orta
1454 2856 1511 2885 est;
1528 2858 1614 2889 neque
1634 2849 1658 2877 id
1678 2843 1753 2882 διιενί·
