1850 3072
81 125 123 155 381
435 129 460 157 J.
490 130 672 160 PEARSONI!
692 132 854 162 VINDICIE
874 134 1084 163 lGNATlANzE.
1097 152 1131 156 —
1151 137 1242 165 PARS
1256 137 1288 165 ll.

1657 139 1709 167 38!

83 186 131 235 cari
143 185 263 235 difﬁcile,
278 187 330 216 sed
350 189 379 216 in
392 196 519 227 promptu
533 196 584 220 est.
604 192 643 220 Ex
661 193 775 222 nomine
793 195 866 223 enim
882 200 903 227 Α
920 204 1117 232 pervacaneum
1142 203 1200 231 est,
1228 198 1274 226 sed
1300 205 1349 234 per
1373 203 1521 235 utrumque
1544 199 1708 227 describitur

81 232 210 269 Θεοφόρσυ
223 241 239 261 a
258 236 460 269 posterioribus
479 237 611 267 Grmculis
626 240 740 268 conﬁcta
753 246 796 269 est
815 246 868 269 tra-

80 279 142 306 ditio
155 279 214 313 illa,
227 281 311 316 cujus
327 283 402 310 nulla
420 284 472 311 alia
485 285 601 321 vestigia
613 287 685 321 apud
699 287 869 322 antiquiores

79 331 195 354 exstant.
219 327 274 361 Qui
303 329 379 356 illam
406 330 527 358 fabulam
554 333 754 368 excogitarunt,
773 335 869 363 dicunt

79 372 135 400 ideo
150 373 291 409 lgnatium
307 375 442 412 Θεοφόρον
461 377 582 411 dictum;
605 379 653 406 sed
668 380 755 408 multo
769 382 867 409 verisi-

79 418 167 446 milius
189 425 234 447 est
246 421 321 454 [ideo
336 429 397 449 eam
413 421 534 451 fabulam
556 425 738 460 excogitatam
762 426 867 461 fuisse,

78 465 138 499 quia
152 473 219 493 eum
234 466 371 504 Θεοφόρον
387 468 490 497 dictum
507 475 703 506 cognoverant,
727 473 800 507 quod
818 481 868 501 no-

77 520 137 540 men
154 513 215 548 ipsa
241 513 334 542 fabula
361 515 442 551 longe
463 517 605 552 antiquius
625 522 668 546 est
690 521 820 555 :dezqua
836 528 867 549 re

76 562 171 592 postea
192 559 247 586 erit
257 560 448 588 disserendum
467 561 560 590 latius.

110 604 175 633 Haec
192 613 259 634 cum
277 606 311 634 ad
325 607 406 635 ﬁdem
423 607 580 638 Graecorum
596 611 722 639 codicum
738 613 866 641 tuendam

76 656 102 679 et
124 659 222 679 verum
240 653 384 688 scriptoris
409 662 518 683 sensum
536 663 552 684 a
576 657 669 691 pravis
691 658 868 687 versionibus

76 698 275 727 vindicandum
297 700 421 729 sufﬁcere
434 706 563 737 possent;
582 703 696 732 ulterius
716 704 868 733 observan-

74 745 140 772 dum
163 750 208 774 est
236 746 480 781 prudentissimum
505 748 602 776 harum
633 758 724 778 rerum
746 750 866 785 iudicem

74 791 220 826 Bugonem
246 791 371 821 Grotium
393 794 428 822 de
451 795 502 822 hac
519 796 578 831 ipsa
603 797 791 825 controversia
816 797 867 824 ista

74 838 107 865 ad
125 837 249 866 Matthaai
264 847 325 874 cap.
341 849 427 868 xxvm
446 841 610 870 adnotasse:
627 853 636 869 ι
656 842 684 870 Si
699 843 761 878 quis
774 843 866 871 locum

73 883 174 918 lgnatii
188 892 253 912 cum
272 893 338 913 cura
357 886 495 921 inspiciat,
517 887 619 916 videbit
632 894 733 917 rectam
749 890 868 918 essede-

73 930 196 958 ctionem
211 929 280 964 οἶδα,
297 940 386 967 neque
398 933 432 961 de
452 934 529 962 visus
543 942 627 963 sensu
642 936 681 963 ibi
698 937 751 972 agi,
770 937 816 965 sed
833 938 868 965 de

74 976 139 1011 ﬁde,
162 985 248 1013 quam
265 987 321 1006 non
344 987 405 1012 suo,
422 981 469 1008 sed
490 981 607 1010 aliorum
628 983 786 1011 testimonio
801 992 868 1012 con-

75 1024 176 1052 tinuat.
197 1035 206 1051 i
239 1024 413 1055 Rectissime.
432 1026 530 1056 Adhuc
555 1033 645 1057 tamen
664 1029 781 1058 Dallmus
807 1031 868 1059 loco

74 1071 199 1106 inspecto
214 1072 309 1101 videre
325 1074 377 1102 sibi
392 1075 468 1104 visus
483 1079 526 1104 est
541 1077 628 1104 multo
641 1084 702 1105 csse
717 1078 868 1113 appositio-

75 1125 132 1145 rem
147 1117 393 1154 Hieronymianum
409 1128 491 1156 quam
512 1120 672 1149 Gratianum
687 1129 817 1155 sensum;
830 1123 868 1150 id-

74 1171 128 1198 que
142 1164 180 1192 ob
200 1164 271 1193 duas
286 1166 424 1199 rationes,
449 1161 565 1201 quarum
587 1167 678 1202 prima
700 1175 715 1195 a
732 1168 867 1203 particula

74 1209 129 1244 γάρ
140 1210 257 1244 petitur,
281 1219 364 1247 quam
382 1213 525 1240 ostendere
539 1213 597 1240 vult
625 1213 783 1249 scriptorem
804 1223 866 1243 ver-

75 1252 118 1281 bis
135 1255 317 1289 sequentibus
337 1256 397 1292 ejus
419 1257 492 1292 quod
507 1259 723 1293 przecedentibus
744 1259 865 1294 dixerat,

76 1300 209 1328 rationem
238 1301 346 1330 afferre.
374 1302 485 1331 Dixerat
512 1308 603 1331 autem
631 1304 772 1333 Christum
804 1314 867 1334 vere

75 1352 217 1374 mortuum
234 1352 261 1375 et
285 1350 477 1377 resuscitatum
498 1359 505 1378 :
521 1351 599 1386 cujus
613 1351 652 1379 rei
671 1352 803 1387 optimum
821 1361 866 1380 ar-

75 1398 248 1427 gumentum,
259 1395 333 1429 quod
347 1395 436 1431 ipsum
451 1396 478 1424 in
491 1404 573 1425 carne
584 1398 775 1426 resuscitatum
788 1399 865 1427 vide-

75 1439 119 1466 rit.
131 1438 191 1466 lmo
204 1447 269 1468 vero
285 1449 336 1469 nec
348 1443 483 1477 particula
495 1444 550 1480 γάρ
563 1445 698 1472 rationem
715 1445 865 1480 superioris

75 1486 240 1514 assertionis
254 1488 388 1520 continet,
404 1496 493 1524 neque
517 1491 589 1518 visio
604 1491 662 1525 illa,
677 1499 761 1527 quam
781 1491 864 1528 lgna-

75 1530 129 1559 tius
143 1536 255 1566 poterat
266 1532 426 1567 obtendere,
441 1542 491 1570 pro
503 1535 625 1572 legitimo
639 1542 801 1573 argumento
814 1538 865 1565 ha-

77 1578 132 1605 beri
148 1579 251 1613 potuit.
271 1578 407 1607 Particula
432 1581 486 1617 γάρ
503 1581 585 1610 habet
600 1583 682 1610 aliam
699 1583 864 1618 particulam

76 1624 121 1650 καί
134 1624 311 1659 adiunctam,
331 1633 393 1661 qua:
411 1627 529 1655 ostendit
545 1628 706 1663 scriptorem
733 1629 766 1656 ad
783 1629 866 1657 aliam

75 1672 240 1701 sententiam
266 1673 367 1707 dilabi;
384 1675 442 1702 sive
458 1675 492 1702 ad
509 1675 669 1703 ulteriorem
692 1676 866 1704 adversario-

75 1726 135 1746 rum
151 1719 369 1748 confutationem
385 1721 522 1756 progredi.
534 1721 698 1750 Asseruerat
713 1727 776 1750 ante
787 1722 867 1750 Chri-

76 1768 148 1792 stum
164 1773 231 1793 vere
246 1774 368 1801 passum,
383 1771 411 1794 et
426 1775 488 1795 vere
502 1768 624 1803 seipsum
637 1768 829 1802 resuscitassc,
840 1773 867 1796 et

75 1817 136 1846 post
150 1813 254 1839 nudam
272 1814 451 1841 assertionem
474 1821 552 1842 suam
570 1814 723 1847 haereticos,
738 1814 785 1850 qui
805 1822 866 1842 eam

77 1865 129 1886 non
146 1857 341 1892 admittebant,
355 1859 537 1888 daamoniacos
552 1864 712 1894 vocaverat;
728 1861 802 1888 addit
814 1862 864 1897 igi-

77 1909 119 1931 tur
136 1909 192 1931 tam
207 1912 310 1932 severae
324 1905 522 1941 obiurgationis
538 1907 671 1934 rationem
687 1907 866 1936 assertionem

75 1952 170 1985 aliam,
195 1959 280 1986 quam
299 1952 379 1987 plena
393 1953 446 1980 ﬁde
469 1953 590 1988 seipsum
617 1954 744 1990 amplecti
765 1955 865 1988 docet,

74 1997 192 2030 scilicet,
210 1997 354 2025 Christum
379 2002 441 2033 post
465 2000 697 2027 resurrectionem
725 2000 815 2028 adhuc
838 2000 866 2027 in

74 2050 158 2070 carne
187 2043 337 2075 exsistere,
365 2043 481 2079 ideoque
505 2044 598 2073 statim
627 2045 754 2080 plurimis
784 2053 868 2081 argu—

73 2089 184 2122 mentis,
208 2097 242 2118 ex
270 2089 387 2120 aliorum
416 2091 573 2121 testimonio
600 2092 753 2120 conﬁrmat.
778 2092 868 2127 Argu-

74 2141 198 2163 mentum
217 2140 310 2163 autcm
329 2143 345 2163 a
363 2142 512 2172 conspectu
528 2137 624 2172 lgnatii
638 2143 685 2166 aut
699 2145 750 2173 pro
763 2137 868 2168 levissi-

72 2189 120 2210 mo
146 2182 257 2214 haberi,
275 2187 322 2210 aut
345 2190 396 2217 pro
412 2183 487 2211 nullo
506 2184 599 2219 potius
617 2184 720 2211 debuit.
739 2183 768 2212 Si
791 2185 865 2212 enim

921 244 1069 279 ApOStolus
1084 243 1310 280 πληροφορηθείς.
1328 243 1400 277 Quin
1410 249 1438 272 et
1459 244 1523 272 alibi
1535 244 1704 280 coniunctim

920 289 1064 324 expressit,
1081 289 1128 316 καὶ
1150 289 1229 316 τοῦτο
1249 289 1387 322 πεποιθὼς
1410 287 1479 323 οἴδα,
1503 289 1601 325 Philip.
1627 298 1646 321 ι,
1660 290 1707 318 ‘25.

920 334 1006 368 Quem
1031 335 1154 364 imitatus
1177 340 1219 363 est
1239 334 1268 363 S.
1289 335 1457 364 Athanasius
1480 340 1551 364 orat.
1574 337 1587 364 1
1618 341 1707 363 rentra

919 381 1033 408 Arianae
1051 389 1060 408 :
1075 379 1140 408 Οἶδα
1160 381 1215 417 γὰρ
1237 382 1284 408 καὶ
1300 381 1450 418 πέπεισμαι
1473 382 1514 409 ὄτι
1529 384 1587 415 τοῖς
1605 383 1709 418 ὑπομέ-

919 435 1010 453 νουσιν
1031 427 1107 454 ἔσται
1125 427 1220 462 μισθὸς
1241 427 1296 454 ἀπὺ
1308 427 1354 454 τοῦ
1367 428 1514 464 Σωτῆροςι
1530 438 1540 455 t
1557 429 1621 457 Scio
1633 430 1706 457 enim

918 475 946 498 et
960 475 1064 499 certum
1087 472 1175 500 habeo
1196 473 1340 507 priemium
1358 473 1392 501 iis
1411 474 1458 508 qui
1480 474 1617 502 sustinent
1631 475 1709 502 retri-

919 518 1057 546 bucndum
1070 526 1131 546 esse
1143 527 1158 546 a
1175 518 1328 547 Salvatore.
1345 529 1355 546 ι
1374 519 1409 547 Ut
1427 520 1498 548 idem
1518 521 1555 548 sit
1568 521 1639 556 apud
1654 529 1704 548 nu.

919 568 1016 591 strum.
1031 561 1096 591 Οἶδα
1108 565 1156 591 καὶ
1174 564 1305 598 πιστεύω,
1321 566 1394 600 quod
1411 565 1489 598 εἰδὼς
1511 566 1640 600 πιστεύω,
1659 572 1707 595 aut

919 608 1054 636 πιστεύων
1070 607 1136 636 οἶδα.
1153 608 1226 636 Nihil
1238 609 1310 636 cnim
1325 610 1398 637 aliud
1415 617 1498 644 quam
1512 609 1668 638 ﬁrmitatem
1679 616 1707 638 et

918 655 1110 683 certitudinem
1123 655 1184 682 ﬁdei
1197 655 1428 691 hmcloquuntur:
1441 665 1450 682 ι
1464 656 1515 683 Sed
1528 663 1590 684 cum
1600 656 1655 683 duo
1665 656 1707 684 di—

918 709 997 729 versa
1010 701 1091 728 verba
1106 702 1238 737 posuerit,
1254 702 1374 730 ostendit
1388 709 1417 730 se
1432 701 1572 730 Christum
1587 703 1613 730 iu
1624 710 1707 730 carne

919 746 1005 775 fuisse
1016 747 1093 775 aliter
1107 755 1189 775 nosse
1201 756 1284 783 quam
1299 756 1362 776 eum
1373 748 1400 775 in
1415 748 1510 775 eadem
1519 755 1593 776 nunc
1605 755 1676 775 esse.
1693 756 1703 774 ι

919 791 968 819 llic
975 797 1048 820 certe
1058 793 1180 820 omnium
1191 793 1218 820 in
1228 793 1279 821 hac
1288 800 1317 820 re
1327 800 1463 825 errorum,
1474 797 1504 821 ut
1514 793 1580 820 mihi
1588 793 1704 825 videtur,

919 837 981 866 fons
997 843 1049 866 est.
1071 837 1131 866 Non
1153 839 1264 866 aliunde
1284 839 1481 866 hallucinatum
1507 839 1593 868 fuisse
1617 839 1707 875 primo

883 871 904 901 Β
919 884 1124 920 llierOuymum,
1138 885 1200 912 dein
1211 885 1397 920 interpretem,
1410 893 1442 913 ac
1455 885 1562 913 tandem
1578 871 1706 914 Dailatum

918 931 1047 960 arbitror.
1064 931 1123 959 Duo
1138 932 1288 967 significari
1309 931 1459 960 Dominicaa
1475 932 1567 960 carnis
1584 937 1705 968 tempora

917 977 1074 1010 voluerunt,
1089 981 1152 1012 post
1174 978 1404 1004 resurrectionem
1427 977 1454 1004 in
1470 977 1560 1010 terris,
1578 982 1642 1013 post
1661 986 1707 1006 as-

917 1023 1072 1051 censionem
1097 1023 1125 1050 in
1138 1023 1227 1056 caelis,
1245 1030 1305 1058 quae
1320 1030 1335 1049 a
1351 1026 1442 1050 mente
1464 1023 1608 1058 scriptoris
1628 1031 1708 1059 pror-

917 1078 965 1098 sus
976 1070 1063 1098 aliena
1079 1074 1151 1098 sunt.
1169 1069 1276 1097 Fictum
1289 1074 1330 1097 est
1343 1069 1408 1096 illud
1425 1078 1434 1094 ι
1450 1069 1545 1103 fuisse,
1562 1079 1572 1096 ι
1587 1071 1661 1105 quod
1673 1080 1706 1099 ex

917 1116 1055 1144 Vairlenio
1081 1116 1236 1152 proferunt.
1263 1115 1386 1152 lgnatius
1414 1120 1519 1144 tantum
1548 1117 1616 1145 dixit
1642 1118 1707 1146 ὄντα

917 1164 990 1199 quod
1005 1171 1068 1191 eum
1091 1164 1119 1190 ὲν
1137 1164 1219 1200 σαρκί
1236 1164 1458 1199 coniungendum
1475 1169 1527 1192 est.
1554 1164 1623 1192 lllud
1645 1166 1707 1193 uni-

917 1216 980 1237 cum
992 1212 1034 1236 est
1051 1208 1124 1243 quod
1141 1209 1185 1237 hic
1206 1208 1328 1244 lgnatius
1343 1209 1411 1238 dixit
1426 1218 1455 1238 se
1477 1210 1557 1245 plena
1574 1210 1626 1237 ﬁde
1647 1218 1707 1237 am-

916 1254 1008 1290 plecti,
1030 1253 1172 1282 Christum
1196 1255 1225 1282 ἐν
1250 1256 1332 1291 σαρκὶ
1341 1255 1417 1289 ὄντα,
1434 1256 1525 1284 adhuc
1538 1257 1621 1284 etiam
1644 1263 1707 1292 post

917 1302 1146 1329 resurrectionem
1161 1310 1170 1326 ι
1186 1300 1212 1327 in
1224 1308 1306 1329 carne
1321 1302 1509 1331 exsistentem.
1527 1312 1538 1329 ι
1555 1303 1593 1331 De
1612 1311 1706 1332 ascen-

916 1348 994 1376 sione
1017 1348 1086 1374 nihil
1113 1348 1158 1375 hic
1187 1348 1267 1381 dixit,
1294 1348 1360 1376 nihil
1384 1349 1522 1384 probavit.
1548 1349 1706 1379 Ridiculum

916 1398 958 1421 est
974 1394 1134 1429 scriptorem
1151 1393 1206 1420 duo
1221 1394 1324 1428 dicere,
1346 1402 1463 1429 quorum
1484 1396 1603 1424 alterum
1621 1396 1706 1431 vidit,

916 1441 1032 1468 alterum
1055 1440 1186 1473 credidit;
1203 1441 1303 1469 deinde
1325 1443 1405 1477 plura
1429 1443 1586 1470 testimonia
1609 1444 1706 1471 afferre

916 1494 967 1522 pro
982 1494 1015 1514 eo
1029 1486 1102 1522 quod
1124 1487 1244 1520 viderat;
1261 1495 1310 1522 pro
1323 1496 1356 1515 co
1366 1489 1438 1523 quod
1448 1489 1575 1521 credidit,
1587 1489 1704 1517 nullum.

878 1544 900 1574 ο
917 1532 1014 1561 Omnia
1027 1534 1099 1561 enim
1116 1541 1178 1568 qua:
1195 1539 1350 1568 sequuntur
1374 1536 1565 1563 tantummodo
1588 1536 1706 1572 probant

916 1577 1067 1612 Christum,
1076 1579 1140 1605 dum
1154 1579 1180 1606 in
1189 1579 1269 1606 terris
1277 1584 1360 1612 esset,
1375 1580 1402 1607 in
1410 1589 1492 1609 carne
1501 1581 1602 1615 fuisse;
1617 1589 1706 1616 neque

915 1623 1026 1651 aliunde
1042 1624 1095 1651 hoc
1109 1625 1185 1652 novit
1197 1628 1244 1651 aut
1257 1625 1373 1653 credidit
1390 1625 1520 1661 Ignatius,
1534 1627 1587 1655 nisi
1601 1636 1635 1655 ex
1651 1628 1706 1656 illis

916 1678 977 1705 quae
995 1676 1147 1706 sequuntur
1154 1673 1326 1700 testimoniis.
1341 1672 1486 1702 Hucetiam
1494 1675 1620 1709 pertinet,
1628 1677 1703 1711 quod

916 1720 1012 1750 putant
1028 1715 1087 1744 οἶδα
1104 1719 1234 1753 praeteriti
1249 1720 1381 1754 temporis
1407 1720 1635 1755 signiﬁcationem
1659 1722 1709 1750 ha-

915 1761 981 1789 bere
999 1763 1118 1790 πιστεύω
1139 1765 1291 1798 praesentis.
1313 1764 1370 1793 Hoc
1381 1771 1472 1793 autem
1486 1767 1587 1802 pariter
1605 1767 1705 1796 falsum

916 1813 967 1836 est.
985 1808 1103 1837 Verbum
1117 1810 1189 1838 enim
1201 1808 1260 1838 οἴδα
1275 1811 1337 1839 licet
1349 1812 1435 1840 forma
1449 1813 1485 1840 sit
1499 1815 1629 1849 praeteriti
1641 1819 1707 1842 tem-

916 1855 1002 1890 poris,
1009 1857 1079 1891 apud
1087 1852 1206 1890 Graecos,
1217 1862 1307 1885 tamen
1317 1858 1516 1895 significatione
1525 1869 1645 1897 praesens
1652 1866 1704 1894 est.

915 1906 944 1930 et
962 1909 1025 1929 cum
1046 1903 1131 1930 verbo
1146 1904 1287 1939 praesentis
1307 1907 1438 1941 temporis
1459 1907 1555 1934 eadem
1572 1907 1707 1943 significa-

917 1948 993 1976 tione
1014 1949 1136 1984 ponitur,
1150 1955 1179 1978 ut
1191 1951 1263 1986 apud
1276 1950 1424 1980 Homerum
1436 1961 1443 1980 :

983 2018 1083 2052 Αὐτὰρ
1097 2017 1154 2054 ἐγὼ
1170 2018 1252 2054 θυμῷ
1267 2018 1342 2046 ’νοέω
1354 2019 1403 2047 καὶ
1417 2019 1483 2047 οῖδα
1493 2019 1616 2048 ἕκαστα.

952 2088 1070 2124 ideoque
1086 2088 1176 2116 Latini
1192 2088 1354 2124 interpretes
1367 2088 1452 2117 verbo
1470 2091 1615 2125 praesentis
1637 2095 1706 2119 tem-

917 2135 994 2170 poris
1008 2135 1135 2168 efferunt,
1152 2139 1183 2162 ut
1195 2134 1291 2162 Matth.
1308 2143 1345 2168 vr,
1357 2135 1392 2162 32
1405 2145 1412 2163 :
1429 2135 1496 2163 οἵδε
1509 2136 1564 2172 γὰρ
1578 2139 1594 2164 ό
1605 2137 1706 2171 Πατὴρ

917 2179 1011 2214 ὑμῶν,
1038 2178 1095 2207 Scit
1114 2180 1183 2206 enim
1207 2180 1290 2207 Pater
1305 2185 1406 2213 vester;
1423 2189 1497 2215 xxxv,
1516 2182 1549 2209 56
1571 2191 1578 2209 :
1602 2182 1706 2216 Οὐδεὶς

73 2228 118 2256 ille
129 2229 190 2264 jam
203 2228 239 2256 80
256 2228 342 2256 ferme
356 2229 436 2257 annis
450 2233 512 2264 post
528 2230 684 2264 passionem
698 2229 806 2257 Domini
817 2238 866 2258 su—

952 2225 989 2259 ςε,
1016 2224 1102 2253 Nemo
1130 2226 1189 2253 uit.
1213 2225 1385 2254 Glossarium
1412 2226 1509 2255 Vetus:
1528 2224 1604 2261 οῖδα,
1638 2225 1705 2260 scio,

73 2278 181 2307 perstes
209 2273 392 2308 asseruisset,
419 2282 449 2301 se
474 2275 566 2302 adhuc
595 2275 738 2310 parvulum
766 2275 868 2306 vidisse

73 2318 217 2346 Christum
240 2319 269 2346 in
284 2327 368 2346 carne
387 2324 448 2354 post
465 2321 705 2353 resurrectionem,
723 2320 786 2356 quis
801 2320 868 2348 illud

73 2365 266 2393 testimonium
282 2365 317 2392 ad
341 2367 481 2393 veritatem
500 2366 628 2394 humanae
645 2371 749 2394 naturae
766 2365 868 2394 Christi

74 2411 227 2446 quidquam
243 2411 335 2439 valere
361 2411 542 2440 concederet?
555 2412 597 2438 An
614 2420 646 2439 ea
671 2411 780 2439 aetatula
800 2411 867 2439 satis

74 2465 149 2487 certo
170 2459 298 2495 judicare
324 2460 423 2495 potuit,
446 2465 539 2487 utrum
556 2467 619 2487 vere
640 2467 675 2487 an
698 2459 868 2495 phantastice

74 2506 202 2534 Christus
226 2506 348 2542 seipsum
371 2506 543 2534 exhibuerit?
567 2505 678 2534 Nullum
700 2510 775 2534 certe
795 2505 867 2533 Gro-

74 2554 150 2581 tiano
164 2554 260 2582 sensui
279 2554 431 2589 periculum
447 2561 480 2581 ex
498 2553 632 2589 particula
648 2553 713 2589 γάρ.
729 2553 865 2586 Secundo,

75 2600 175 2634 inquit,
195 2609 205 2626 ι
222 2600 252 2628 Si
276 2600 303 2628 id
325 2601 408 2628 vellet
433 2600 569 2635 scriptor,
591 2599 664 2635 quod
682 2599 721 2626 ait
737 2598 864 2630 Grotius,

75 2654 309 2682 supervacaneum
323 2646 376 2674 erit
391 2646 504 2674 verbum
521 2643 589 2672 οἶδα.
606 2654 616 2671 ι
636 2644 774 2672 Fortasse.
793 2643 865 2671 Fieri

75 2693 147 2720 enim
160 2697 250 2728 potest
260 2697 291 2721 ut
305 2693 333 2720 in
349 2692 454 2728 optimo
468 2692 602 2727 scriptore
622 2691 769 2728 aliquando
783 2698 865 2718 voca-

75 2739 168 2767 bulum
184 2739 330 2768 redundet.
348 2739 402 2767 Sed
414 2746 648 2774 supervacaneum
661 2746 715 2766 non
727 2742 778 2771 est,
791 2737 865 2772 quod

75 2784 135 2811 ﬁdei
156 2779 351 2812 certitudinem
375 2789 404 2811 et
420 2783 606 2820 πληροφορίαν
631 2784 765 2820 adiungit.
792 2783 865 2811 Dixit

76 2830 104 2859 S.
120 2830 222 2860 Paulus
237 2843 244 2860 :
263 2831 336 2859 Οἶδα
352 2831 401 2858 καὶ
418 2831 580 2866 πέπεισμαι
591 2831 730 2866 ὲνΚυρίῳ
751 2831 862 2866 Ἰησοῦ,

77 2877 152 2918 lium.
170 2887 226 2913 xlv.
243 2879 286 2913 Η,
305 2877 353 2907 ubi
371 2886 461 2914 neque
475 2875 533 2907 οῖδα
550 2885 638 2916 neque
653 2879 804 2914 πέπεισμαι
820 2887 865 2916 su-

919 2278 993 2303 πονο,
1009 2279 1106 2304 nosco;
1133 2276 1161 2299 et
1174 2272 1248 2300 aliud
1269 2272 1440 2302 Glossarium
1453 2283 1459 2300 :
1472 2272 1546 2306 Scio,
1559 2270 1627 2300 οἶδα.
1644 2272 1705 2308 Ety-

917 2317 1071 2352 mologicon
1086 2318 1202 2350 τοῖο-θα,
1215 2318 1276 2345 ἀντὶ
1288 2318 1346 2351 τοῦ,
1355 2317 1519 2353 γινώσκεις.
1526 2319 1609 2347 Recte
1623 2319 1705 2354 igitur

917 2361 975 2390 οἶδα
989 2367 1090 2391 etcum
1103 2362 1223 2390 πιστεύω
1238 2362 1424 2399 coniungitur,
1442 2368 1469 2392 et
1487 2364 1522 2392 ad
1533 2364 1604 2398 ,6v'ra
1622 2364 1706 2392 refer-

918 2415 973 2444 tur,
985 2415 1016 2438 ut
1027 2411 1060 2438 ad
1080 2410 1287 2446 Xenophontem
1303 2408 1361 2438 οἶδα
1373 2411 1490 2447 ἐμαυτὸν
1508 2411 1608 2446 ἥττονα
1623 2410 1703 2443 ὄντα,

918 2461 992 2484 recte
1013 2457 1124 2484 unicum
1147 2457 1193 2484 hic
1206 2457 1344 2492 objectqu
1360 2457 1423 2485 ﬁdei
1438 2457 1609 2494 agnoscitur,
1630 2456 1704 2492 quod

917 2504 1098 2538 sequentibus
1114 2504 1279 2532 testimoniis
1292 2504 1479 2534 conﬁrmatur.
1491 2503 1585 2538 Neque
1595 2510 1661 2530 vero
1670 2510 1704 2530 ea

917 2550 1009 2578 minus
1029 2549 1164 2586 lgnatium
1184 2550 1296 2583 decent,
1312 2555 1359 2577 aut
1379 2550 1412 2578 ad
1431 2556 1542 2577 sensum
1562 2548 1704 2584 scriptoris

916 2597 1067 2625 eruendum
1084 2598 1172 2632 magis
1187 2598 1289 2631 valent,
1308 2597 1383 2633 quod
1405 2604 1459 2624 non
1473 2595 1569 2623 iisdem
1590 2602 1704 2631 prorsus

917 2644 1008 2674 verbis
1023 2644 1224 2678 concipiantur,
1237 2651 1298 2678 qua:
1310 2651 1385 2671 nunc
1402 2643 1430 2671 in
1447 2643 1603 2679 Evangeliis
1613 2643 1704 2678 legun-

917 2697 971 2719 tur.
983 2691 1023 2719 Ad
1037 2698 1096 2718 eam
1110 2698 1167 2718 rem
1187 2690 1368 2725 probandam,
1383 2699 1466 2726 quam
1487 2691 1606 2726 scriptor
1626 2698 1704 2718 asse-

916 2741 1018 2771 ruerat,
1037 2736 1156 2766 maxime
1172 2737 1377 2764 accommodata
1395 2741 1474 2771 sunt;
1487 2741 1515 2764 at
1530 2737 1553 2765 si
1565 2736 1701 2772 duplicem

917 2785 1097 2813 assertionem
1112 2783 1256 2817 faciamus,
1271 2791 1359 2818 neque
1372 2791 1466 2816 unam,
1485 2791 1573 2819 nequc
1588 2783 1701 2811 alteram

916 2832 1043 2867 probant.
1059 2829 1118 2859 Non
1133 2829 1250 2866 probant
1264 2829 1396 2864 lgnatium
1416 2830 1557 2858 Christum
1577 2833 1638 2865 post
1657 2838 1702 2857 re»

916 2877 1115 2910 surrectionem
1128 2876 1247 2910 vidisse;
1266 2883 1318 2904 non
1333 2876 1480 2911 ostendunt
1491 2876 1629 2911 Christum
1640 2879 1704 2912 post
