1850 3072
163 168 215 196 565

656 166 684 194 S.
706 164 878 195 lGNATIUS.
899 182 932 187 —
950 163 1220 194 PROLEGOMENA.

1736 158 1792 186 564

162 228 253 265 ipsam
271 229 404 257 rationem
423 228 501 256 aﬂ'ert
515 236 564 263 pro
579 227 726 256 Clementis
746 229 868 264 epistolaa
880 228 949 256 anti-
966 231 987 258 Α
1004 226 1098 262 periali
1124 223 1258 253 sententia
1279 222 1490 250 condemnatum
1502 241 1510 253 ,
1531 219 1558 246 in
1573 217 1703 246 manibus
1729 224 1793 244 car—

163 278 265 311 quitate
285 280 366 310 atque
378 275 500 306 veritate,
513 274 586 309 quod
601 274 672 301 dicta
686 275 810 309 quaedam
835 279 949 309 usurpat

164 329 217 347 non
238 321 356 355 scripta,
382 321 429 348 sed
455 325 484 347 ut
502 319 631 347 memoria
660 321 760 348 recenti
782 329 830 356 per
850 327 949 347 manus

166 367 276 394 tradita.
302 366 348 394 Bis
369 367 478 401 quidem
501 367 660 394 Corinthios
683 367 717 394 ad
740 367 825 402 ipsius
845 367 948 394 Christi

163 413 246 439 verba
265 417 384 445 revocat,
400 420 487 447 eaque
502 413 613 446 recitat;
636 413 682 440 sed
705 413 742 439 ita
756 417 785 440 ut
800 420 833 439 ex
849 411 951 447 scripto

164 458 257 493 aliquo
272 457 365 486 codice
384 467 415 485 ea
431 458 557 486 hausisse
580 459 694 486 minime
706 458 840 486 videatur.
873 459 950 486 Οὕτω

163 503 217 539 γὰρ
240 501 326 535 εἶπεν,
355 513 364 529 ε
383 503 428 532 Sic
450 505 522 532 enim
550 505 635 537 dixit,
651 514 660 531 ι
692 505 797 532 scilicet
817 503 950 531 Dominus

162 550 243 578 Iesus
265 560 271 578 :
297 551 414 577 Ἑλεεῖτε
440 552 483 578 ἵνα
507 552 650 587 ἐλεηθῆτε,
676 552 770 586 ἀφίετε
797 552 840 578 ἵνα
862 551 948 587 ἀφεθῇ

162 597 236 632 ὑμῖν,
254 597 291 629 ὡς
308 599 409 624 ποιεῖτε
432 597 504 624 οὕτω
520 598 697 633 ποιηθήσεται
721 599 794 633 ὑμῖν,
812 598 849 630 ὡς
865 598 949 624 δίδοτε

161 642 232 670 οὕτω
256 643 398 679 δοθήσεται
422 645 496 679 ὑμῖν,
514 645 551 676 ὡς
569 644 675 680 κρίνετε
692 644 764 671 οὕτω
789 644 949 680 κριθήσεται

162 689 235 723 ὑμῖν,
261 689 298 719 ὼς
315 688 497 724 χρηστεύεσϐε
523 689 594 716 οὕτω
617 689 849 725 χρηστευθήσεται
874 689 948 724 ὑμῖν,

160 731 182 767 ᾧ
201 735 292 770 μέτρῳ
310 737 433 771 μετρεῖτε
454 736 483 763 ὲν
501 735 574 771 αὐτῷ
594 735 794 771 μετρηθήσεται
813 735 888 770 ὑμῖν.
901 734 950 762 His

162 782 253 816 aliqua
279 788 333 808 non
355 781 498 809 dissimilia
531 782 666 809 habentur
695 781 766 816 apud
794 780 824 808 S.
847 780 949 808 Lucam

163 830 251 864 capite
266 837 302 856 vr.
326 829 379 856 Sed
395 829 562 857 Clementem
579 829 660 857 Luca:
679 828 897 864 condiscipulum
916 837 949 857 ex

161 878 222 911 «jus
236 876 382 912 Evangelia
396 877 454 905 haec
468 876 656 911 descripsisse,
673 877 739 904 mihi
758 876 786 903 in
799 880 875 904 tanto
889 882 950 903 ver-

162 922 258 949 borum
273 922 432 950 discrimine
447 921 593 949 verisimile
609 929 661 949 non
673 926 731 955 est;
752 929 841 956 neque
855 921 949 948 dubito
965 906 986 933 Β

162 968 228 1003 quin
242 968 367 996 Clemens
380 968 537 1003 cognoverit
548 975 769 1003 unamquamque
779 976 813 995 ex
823 967 946 995 illissen-

161 1014 256 1042 tentiis
284 1022 300 1041 a
327 1013 437 1042 Christo
466 1014 551 1042 fuisse
576 1014 726 1048 prolatam;
757 1013 829 1041 unde
857 1013 947 1041 statim

162 1060 237 1087 addit
259 1069 266 1086 :
288 1059 384 1096 Ταύτῃ
408 1061 441 1095 τῇ
462 1059 556 1095 ἐντολῇ
581 1060 627 1086 καὶ
648 1061 705 1091 τοῖς
737 1059 949 1095 παραγγέλμασι

161 1106 266 1138 τούτοις
285 1106 335 1140 (ita
349 1106 415 1141 ms.)
430 1106 600 1142 στηρίξωμεν
617 1106 740 1137 ἑαυτούς.
762 1105 834 1134 (HOC
849 1112 950 1140 praece-

162 1158 209 1187 pto
231 1156 258 1180 et
283 1152 420 1180 mandatis
447 1152 523 1180 hisce
553 1152 725 1179 stabiliamus
756 1159 807 1180 nos
834 1151 917 1186 ipsos.
937 1161 946 1177 ι

162 1201 197 1229 Et
211 1210 325 1230 rursus:
342 1202 489 1238 Μνήσθητε
503 1201 557 1229 τῶν
573 1202 659 1237 λόγων
682 1201 767 1238 Ἰησοῦ
784 1201 832 1228 τοῦ
848 1201 950 1238 Κυρίου

162 1249 250 1286 ήμῶν,
259 1247 320 1276 εἷπε
331 1248 395 1285 γάρ·
406 1258 415 1274 ι
427 1247 617 1276 Recordamini
627 1248 771 1276 verborum
782 1247 891 1275 Domini
903 1255 951 1275 no-

162 1296 375 1328 striJesu,dixit
390 1296 480 1323 enim:
495 1305 504 1321 ι
518 1295 631 1331 omne
638 1294 773 1331 ἀνθρώπῳ
786 1294 891 1330 ἐκεινῳ·
900 1302 950 1321 κα-

162 1344 207 1371 λὸν
215 1342 248 1380 ἦν
260 1342 335 1378 αὐτῷ
345 1343 370 1369 εἰ
380 1343 430 1370 οὐκ
441 1342 573 1378 ἐγεννήθη
581 1342 599 1377 ἢ
614 1342 662 1369 ἕνα
676 1341 731 1369 τῶν
746 1341 882 1369 ἐκλεκτῶν
900 1349 950 1376 μου

163 1389 354 1416 σκανδαλισαι·
382 1390 505 1424 κρεῖττον
526 1386 560 1424 ἦν
577 1387 651 1423 αὐτῷ
668 1387 841 1424 περιτεθῆναι
869 1386 951 1422 μύλου

163 1437 210 1464 καὶ
227 1435 474 1471 καταποντισθῆναι
499 1435 538 1467 εἰς
555 1435 606 1471 τὴν
621 1435 770 1467 θάλασσαν,
793 1434 810 1470 ἢ
827 1434 875 1460 ἕνα.
898 1433 951 1460 τῶν

164 1481 271 1518 μικρῶν
298 1490 347 1517 μου
375 1480 562 1508 σκανδαλίσαι.
605 1479 656 1508 Hic
682 1479 774 1514 aliqua
798 1479 892 1506 Graece
917 1478 952 1505 ad

163 1526 313 1562 marginem
328 1525 454 1561 ponenda
475 1529 503 1552 et
517 1525 620 1552 Latinae
635 1523 853 1559 interpretationi
868 1523 952 1550 inter-

163 1571 278 1600 serenda
301 1572 410 1599 censuit
432 1570 569 1599 Patricius
591 1569 704 1603 Junius,
727 1573 757 1596 ut
777 1569 836 1596 hac
863 1567 951 1603 magis

164 1620 245 1648 Luae
267 1620 328 1648 loco
353 1619 531 1655 quadrarent.
553 1618 622 1645 Cum
646 1617 753 1644 veritati
773 1616 861 1652 magis
885 1616 951 1643 mihi

163 1674 315 1695 consonum
338 1666 472 1698 videatur,
487 1666 522 1693 ab
537 1665 670 1701 apostolis
689 1665 769 1700 ipsis,
787 1669 834 1691 aut
856 1671 951 1691 eorum

162 1712 305 1747 discipulis
317 1713 375 1739 haec
389 1712 529 1746 accepisse
544 1711 722 1738 Clementem.
736 1709 837 1743 Quidni
853 1709 953 1744 pariter

164 1765 190 1786 et
205 1758 380 1793 S.ignatius,
407 1757 454 1792 qui
478 1764 541 1785 cum
568 1751 702 1792 apostolis
715 1760 743 1783 et
756 1762 852 1783 eorum
870 1754 953 1782 disci—

164 1805 236 1838 pulis
251 1809 377 1832 versatus
391 1808 444 1837 est,
459 1802 612 1838 praesertim
628 1810 662 1830 eo
677 1807 798 1837 tempore
810 1808 865 1836 quo
884 1801 953 1828 scri-

164 1851 219 1886 ptis
233 1850 388 1886 Evangeliis
401 1850 440 1878 uti
459 1849 530 1877 forte
546 1850 572 1877 ei
584 1849 640 1884 jam
654 1849 748 1876 vincto
768 1855 822 1875 non
845 1847 952 1881 licebat,

165 1897 289 1924 eamdem
316 1896 471 1929 historiam,
501 1903 584 1931 quam
602 1899 696 1922 narrat
722 1894 752 1922 8.
767 1893 865 1926 Lucas,
892 1893 953 1920 aliis

166 1943 256 1972 verbis
270 1941 438 1978 explicaret?

199 1990 294 2024 Capite
308 1989 342 2017 18
356 1988 454 2017 transit
471 1996 486 2015 a
499 1987 651 2015 reverentia
663 1986 762 2014 divinis
776 1985 853 2014 libris
863 1985 954 2013 debita

165 2035 200 2064 ad
225 2036 352 2070 pietatem
377 2039 405 2061 et
430 2033 609 2065 modestiam,
635 2040 704 2067 quas
730 2032 757 2058 in
781 2031 894 2067 epistola
920 2031 953 2058 ad

166 2082 306 2110 Romanos
332 2080 448 2108 violatas
472 2087 533 2107 esse
558 2083 658 2113 putat;
685 2078 713 2105 in
740 2077 801 2110 illa,
829 2077 953 2112 inquam,

165 2127 294 2164 epistola,
314 2134 397 2162 quant
415 2130 455 2154 tot
470 2125 522 2152 viri
541 2124 569 2151 in
585 2124 668 2152 veteri
694 2122 816 2151 Ecclesia
837 2123 955 2151 celeber.

165 2175 230 2203 rimi
256 2179 295 2202 tot
319 2173 456 2208 tantisque
482 2171 628 2206 praeconiis
653 2170 831 2203 extulerunt;
859 2177 875 2196 a
900 2177 954 2204 qua

166 2222 285 2250 irenaeus
305 2228 388 2248 unam
411 2219 547 2254 insignem
569 2217 734 2245 sententiam
747 2220 888 2244 mutuatus
901 2220 954 2249 est,

165 2269 246 2296 aliam
264 2266 413 2302 Origenes;
441 2274 475 2293 ex
496 2272 549 2301 qua
573 2263 727 2297 Eusebius,
751 2263 955 2291 curiosissimus

166 2314 424 2351 martyrologiorum
454 2313 611 2347 indagator,
634 2314 763 2346 excerpta
778 2310 847 2338 bene
874 2309 954 2344 longa

165 2361 327 2396 descripsit,
344 2365 374 2387 ut
393 2360 426 2387 iis
440 2358 589 2387 Historiam
608 2357 825 2386 ecclesiasticam
838 2356 956 2383 adorna-

166 2411 217 2438 ret,
238 2413 300 2441 qua:
315 2405 345 2432 S.
357 2403 541 2439 Hieronymus
562 2403 644 2430 etiam
658 2401 851 2434 exscribenda,
865 2405 892 2428 et
903 2399 956 2427 Ca-

167 2453 259 2486 talogo
286 2451 408 2478 virorum
434 2448 584 2476 illustrium
613 2448 777 2480 inserenda,
803 2446 898 2479 duxit;
923 2453 956 2473 ex

166 2506 220 2534 qua
243 2497 273 2524 8.
295 2497 510 2531 Chrysostomus
535 2498 576 2521 tot
592 2493 723 2520 ﬂosculos
740 2492 860 2528 collegit,
886 2498 956 2526 quos

166 2549 231 2572 autc
250 2542 380 2577 reliquias
403 2540 533 2576 martyris
558 2543 718 2574 spargeret;
740 2545 773 2566 ex
789 2545 843 2573 qua
861 2537 956 2565 eadem

167 2587 341 2622 trauscripsit
364 2585 458 2613 Gildas
482 2584 659 2617 Badonicus,
695 2587 726 2611 ut
751 2583 794 2610 sui
826 2581 957 2617 temporis

167 2633 356 2662 sacerdotibus
368 2630 501 2666 pudorem
517 2629 695 2657 sulfunderet.
705 2628 831 2656 Haecine
843 2627 958 2663 epistola

168 2684 310 2715 tantopere
326 2679 471 2706 decantata
486 2685 501 2704 a
517 2676 618 2712 pietate
635 2679 662 2702 et
675 2675 809 2702 modestia
828 2674 958 2709 martyris

166 2730 258 2762 ptest
272 2733 333 2754 esse
352 2724 463 2752 aliena?
484 2722 519 2750 Ut
534 2721 663 2750 omnibus
678 2721 738 2756 ejus
758 2720 958 2755 objectionibus

166 2780 320 2804 occurram,
334 2771 361 2798 iu
374 2769 475 2805 quibus
486 2769 653 2804 triumphare
663 2768 781 2800 videtur,
792 2766 857 2794 illud
871 2773 957 2793 unum

167 2819 294 2851 observo,
310 2816 445 2853 lguatium
463 2820 526 2844 tunc
540 2823 602 2843 cum
618 2815 676 2842 haac
690 2813 835 2848 scripsisse
847 2812 956 2845 dicitur,

167 2873 223 2893 non
241 2865 283 2891 sui
297 2864 367 2898 juris
381 2863 477 2897 fuisse,
492 2863 539 2892 sed
561 2862 594 2890 ad
606 2860 708 2890 bestias
719 2859 883 2899 jampridem
905 2859 957 2886 im-

204 2921 227 2938 5‘
241 2921 302 2948 Act.
319 2928 375 2955 nl,
392 2920 434 2948 15.

999 272 1111 299 uilicum
1129 270 1284 298 arctissime
1304 267 1482 299 custoditum,
1501 265 1535 293 ad
1552 266 1641 292 locum
1660 263 1794 291 destinati

999 317 1200 352 certissimique
1225 315 1350 350 supplicii
1371 314 1484 349 jamjam
1512 310 1715 341 deducendum,
1744 309 1792 336 di-

999 372 1082 400 gnum
1103 363 1169 395 Deo,
1194 367 1221 389 et
1243 362 1347 397 angelis
1370 365 1398 388 et
1420 359 1578 387 hominibus
1600 356 1794 393 spectaculum

1000 410 1119 438 factum:
1133 408 1337 436 sanctissimum
1348 407 1436 434 virum
1449 413 1480 433 ea
1489 404 1646 433 conditione
1654 403 1794 438 positum,

999 459 1056 483 tota
1068 455 1113 482 illa
1125 455 1158 482 ad
1168 454 1309 481 Romanos
1318 452 1433 488 epistola
1442 451 1509 478 nihil
1519 447 1794 478 eonsummatissimo

1000 502 1100 530 Christi
1112 501 1248 536 discipulo
1262 499 1402 535 indignum
1416 498 1559 533 scripsisse
1569 495 1715 524 contendo.

1038 559 1046 575 ι
1064 549 1116 576 Sed
1131 549 1199 576 adeo
1214 555 1345 582 prteccps,
1369 546 1468 581 inquit,
1495 543 1582 571 fertur
1605 548 1635 570 ut
1648 542 1796 569 Romanos

999 600 1071 624 vetet
1086 596 1143 622 suis
1155 595 1197 622 vel
1213 594 1284 629 apud
1302 593 1385 620 Deum
1401 591 1540 627 precibus,
1552 590 1594 617 vel
1613 589 1684 624 apud
1700 588 1797 615 homi-

1000 650 1050 670 nes
1075 641 1171 669 ciliciis
1200 639 1386 672 intercedere,
1411 645 1468 673 quo
1489 645 1521 665 ea
1546 643 1638 672 poena,
1654 635 1689 662 ad
1707 642 1795 670 quam

1000 693 1058 716 erat
1084 689 1241 718 damnatus.
1267 686 1408 713 liberetur.
1424 694 1433 711 ι
1462 684 1533 717 Quid
1553 687 1655 715 autem,
1670 689 1705 708 an
1722 680 1798 707 velis

1002 735 1181 763 fortissimum
1209 733 1408 763 Christianum,
1433 731 1489 758 imo
1510 734 1537 757 et
1559 730 1671 760 ducem,
1692 728 1750 762 jam
1779 735 1796 754 a

1000 782 1127 817 gentibus
1152 786 1262 816 captum
1291 779 1559 812 condemnatumque
1581 781 1608 803 et
1630 776 1657 802 in
1677 782 1795 802 arenam

1001 833 1129 861 tractum,
1153 827 1276 861 reliquos
1296 825 1470 853 Christianos
1490 831 1581 856 orare,
1605 826 1634 849 ut
1655 829 1720 849 cum
1736 820 1797 848 Deo

1001 875 1043 902 vel
1072 873 1230 901 hominibus
1253 871 1439 903 intercedant,
1464 876 1519 904 quo
1541 875 1634 896 minus
1655 867 1797 902 supplicio

1003 919 1156 948 adiciatur?
1175 919 1216 945 An
1238 917 1327 945 virum
1343 924 1427 944 unum
1443 914 1598 943 Christiana
1612 915 1712 948 pietate
1737 912 1777 940 im
1788 926 1795 932 -

1000 966 1095 993 butum
1108 964 1292 992 iutotveteris
1308 962 1436 990 Ecclesia:
1450 960 1690 996 persecutionibus
1709 960 1747 986 ita
1762 967 1795 986 se

1001 1011 1131 1047 gessisse,
1160 1014 1207 1038 aut
1229 1009 1252 1037 si
1275 1009 1302 1036 id
1315 1008 1421 1041 fecerit,
1433 1008 1467 1035 ab
1480 1007 1601 1034 Ecclesia
1620 1006 1795 1033 celebratum

1003 1057 1095 1085 nosti?
1109 1066 1118 1082 ι
1135 1055 1191 1084 Hoc
1203 1060 1265 1083 orat
1277 1061 1330 1082 vox
1349 1058 1498 1089 martyrum
1512 1061 1519 1080 :
1534 1052 1557 1078 A
1572 1052 1671 1079 timore
1685 1050 1796 1078 inimici

999 1112 1065 1133 erue
1085 1104 1206 1131 animam
1227 1109 1332 1133 meam;
1359 1108 1413 1127 non
1431 1105 1461 1127 ut
1481 1107 1523 1127 me
1539 1106 1593 1126 non
1610 1098 1721 1127 occidat
1734 1098 1795 1125 ini-

1000 1152 1099 1183 micus.
1120 1151 1166 1179 sed
1178 1154 1209 1177 ut
1221 1156 1275 1176 n0n
1290 1150 1401 1176 timeam
1421 1146 1590 1174 occidentem
1612 1145 1757 1173 inimicum
1784 1154 1796 1172 ι

995 1196 1024 1219 IIt
1059 1193 1186 1220 observat
1221 1194 1250 1222 S.
1287 1194 1457 1230 Augustinus
1485 1192 1520 1219 ad
1546 1192 1682 1227 psalmum
1711 1199 1794 1218 thu.

1001 1243 1060 1271 Non
1083 1242 1149 1270 illud
1175 1241 1280 1274 voluit,
1311 1240 1427 1275 opinor,
1455 1239 1497 1265 vir
1517 1237 1711 1270 doctissimus;
1737 1244 1797 1264 non

1000 1297 1060 1317 eam
1073 1290 1200 1322 pietatem
1225 1291 1274 1314 aut
1300 1286 1464 1313 modestiam
1481 1283 1611 1319 postulat,
1625 1283 1673 1310 sed
1686 1290 1721 1310 ne
1743 1290 1795 1309 ve-

1001 1340 1072 1363 taret
1087 1335 1145 1362 haac
1156 1334 1329 1361 Christianos
1336 1329 1684 1360 iacereNerumenimvero
1695 1328 1796 1363 quidni

1002 1381 1047 1409 ille
1067 1385 1157 1413 vetet,
1190 1379 1265 1415 quod
1295 1386 1376 1406 nemo
1404 1376 1523 1412 expetit?
1537 1380 1584 1403 aut
1599 1383 1686 1411 quare
1700 1374 1749 1401 alii
1768 1374 1794 1401 id

1002 1433 1143 1461 nunquam
1159 1424 1336 1460 expetebant,
1352 1423 1406 1450 nisi
1423 1422 1497 1458 quod
1516 1422 1592 1457 ipsos
1615 1421 1731 1448 minime
1744 1420 1796 1448 de-

1002 1479 1064 1500 cere
1085 1469 1235 1506 putabant?
1254 1473 1281 1497 et
1297 1468 1393 1504 quidni
1409 1467 1477 1495 alios
1503 1466 1530 1494 id
1558 1471 1651 1501 petere
1669 1465 1742 1492 nolle
1763 1471 1797 1493 se

1003 1517 1206 1552 signiﬁcarent,
1218 1515 1291 1552 quod
1310 1515 1362 1550 ipsi
1379 1514 1440 1542 sine
1455 1513 1597 1549 religionis
1608 1520 1666 1540 sua:
1688 1519 1794 1547 oppro-

1003 1563 1062 1592 brio
1078 1568 1170 1598 petere
1185 1569 1238 1590 non
1254 1561 1383 1597 possent?
1399 1560 1422 1587 Α
1434 1559 1566 1588 Romanis
1577 1560 1643 1594 petit
1660 1559 1796 1594 lgnatius,

1002 1617 1033 1640 ut
1050 1612 1143 1640 sinaut
1164 1618 1227 1638 eum
1249 1603 1380 1645 martyrio
1400 1608 1456 1643 jam
1471 1611 1566 1644 parato
1581 1607 1647 1640 I'rui,
1661 1610 1692 1634 ut
1705 1606 1794 1634 Deum

1003 1663 1081 1687 orent
1095 1665 1150 1693 quo
1165 1663 1293 1692 tanquam
1309 1660 1385 1692 grata
1396 1655 1421 1682 ei
1435 1654 1524 1682 hostia
1541 1653 1684 1685 oil‘eratur,
1698 1657 1730 1680 ut
1740 1653 1794 1687 ipsi

1003 1709 1131 1733 aeternam
1150 1702 1302 1730 mercedem
1327 1709 1381 1729 non
1407 1700 1548 1728 invideant
1572 1706 1623 1726 nec
1643 1698 1797 1733 impediant

1003 1759 1065 1778 eum
1081 1757 1137 1785 quo
1157 1749 1250 1776 minus
1273 1744 1509 1774 immor'talitatem
1529 1745 1622 1773 statim
1640 1751 1796 1778 consequa-

1004 1801 1059 1824 tur.
1078 1795 1135 1824 Hoc
1146 1795 1278 1831 impedire
1296 1793 1397 1821 diaboli
1415 1800 1483 1828 opus
1503 1799 1566 1820 esse
1582 1791 1679 1823 docet,
1697 1794 1726 1817 et
1741 1790 1795 1817 odii

1004 1844 1065 1879 plus
1081 1843 1182 1870 habere
1197 1849 1279 1876 quam
1292 1840 1436 1868 charilatis
1450 1838 1625 1866 Christiana.
1644 1837 1708 1865 Haec
1719 1844 1796 1864 sum-

1007 1898 1050 1917 ma
1075 1896 1170 1917 eorum
1186 1895 1248 1923 qua:
1272 1895 1287 1915 a
1305 1887 1364 1914 suis
1381 1886 1448 1921 petit
1469 1886 1503 1913 ad
1521 1885 1624 1913 bestias
1635 1884 1797 1918 damnatus,

1004 1936 1120 1963 vinculis
1149 1934 1289 1969 illigatus,
1317 1933 1350 1959 ad
1368 1932 1532 1967 supplicium
1563 1936 1670 1966 raptus,
1697 1931 1797 1958 merito

1005 1979 1224 2016 gloriosissimus
1239 1982 1352 2014 martyr.
1369 1976 1436 2011 Quae
1452 1977 1544 2004 omnia
1556 1976 1626 2004 adeo
1648 1984 1664 2004 a
1679 1976 1799 2011 juvenili

1005 2025 1114 2052 levitate
1129 2024 1276 2058 animoque
1292 2023 1430 2057 praecipite
1445 2021 1605 2055 abhorrent,
1624 2026 1655 2048 ut
1673 2021 1798 2049 subacta:

1006 2075 1033 2098 et
1050 2070 1120 2098 bene
1135 2069 1255 2096 fundata!
1270 2068 1448 2099 constantia),
1466 2067 1580 2102 spiritus
1596 2068 1654 2094 zelo
1673 2066 1723 2094 Dei
1743 2067 1798 2094 fer-

1005 2116 1106 2148 ventis,
1121 2115 1204 2143 animi
1229 2114 1262 2142 ad
1278 2113 1369 2141 futura
1386 2113 1484 2149 gaudia
1500 2113 1664 2145 anhelantis,
1680 2120 1713 2140 ac
1739 2113 1799 2148 ple-

1006 2165 1133 2199 rophoria
1149 2163 1210 2190 ﬁdei
1227 2163 1261 2190 de
1278 2161 1389 2197 pramio
1406 2165 1508 2189 :eterno
1532 2161 1681 2188 certissimi
1706 2161 1799 2188 matti-

1006 2209 1154 2237 festissima
1174 2208 1276 2235 indicia
1295 2207 1390 2234 haberi
1406 2210 1433 2233 et
1447 2206 1554 2241 possint
1573 2210 1600 2233 et
1614 2206 1743 2234 debeant.
1767 2205 1798 2232 Si

972 2256 994 2284 Ι)
1009 2255 1038 2283 S.
1060 2255 1162 2282 Paulus
1183 2261 1246 2281 cum
1263 2252 1374 2280 vincula
1394 2257 1499 2280 tantum
1521 2251 1741 2287 pra:videret,ct
1750 2251 1801 2279 ad-

1007 2302 1061 2329 huc
1073 2300 1145 2336 apud
1158 2307 1223 2327 suos
1241 2303 1324 2331 esset,
1340 2298 1492 2333 discipulos
1508 2305 1571 2325 eum
1587 2297 1622 2324 ab
1638 2297 1737 2324 itinere
1751 2297 1801 2324 de-

1007 2351 1139 2375 terrentes
1156 2345 1328 2381 objurgavit,
1344 2344 1458 2372 dicens:
1473 2343 1543 2376 Quid
1560 2343 1649 2378 facilis
1666 2343 1759 2376 flentes
1775 2347 1802 2369 et

1007 2392 1148 2428 aﬂligentes
1166 2399 1211 2418 cor
1226 2391 1334 2417 meum?
1355 2390 1378 2417 si
1395 2389 1440 2416 ille
1454 2390 1588 2415 rationem
1604 2387 1688 2422 hujus
1704 2388 1801 2422 objur—

1007 2438 1126 2473 gationis
1142 2438 1214 2465 hanc
1228 2437 1320 2465 statim
1334 2435 1470 2463 reddidit:
1489 2433 1545 2469 Ego
1559 2434 1628 2460 enim
1643 2441 1695 2460 non
1709 2434 1798 2460 solum

1008 2483 1127 2519 alligari,
1155 2483 1202 2510 sed
1225 2489 1251 2510 et
1275 2482 1343 2508 mari
1366 2482 1394 2508 in
1416 2479 1566 2507 Jerusalem
1585 2483 1700 2514 paratus
1722 2486 1800 2510 sum,

1007 2535 1113 2566 propter
1128 2538 1219 2556 nomen
1240 2529 1347 2555 Domini
1362 2528 1427 2555 Jesu
1440 2534 1449 2553 :
1464 2526 1487 2554 si
1503 2525 1631 2560 discipuli
1645 2525 1709 2552 huic
1727 2524 1801 2552 dicto

1008 2576 1213 2611 acquieverunt,
1221 2574 1358 2602 dicentes;
1368 2572 1473 2600 Domini
1482 2572 1603 2599 voluntas
1609 2572 1657 2606 ﬁat
1665 2570 1700 2604 ",
1715 2570 1796 2597 tiden-

1010 2626 1060 2655 tes,
1078 2622 1192 2653 seilicet,
1202 2621 1344 2656 passiones
1353 2620 1386 2647 ad
1398 2620 1566 2646 voluntatem
1583 2616 1631 2644 Dei
1644 2617 1799 2651 pertinere:

1009 2676 1064 2696 non
1082 2668 1155 2695 enim
1180 2666 1381 2694 dehortationis
1411 2665 1543 2697 consilio,
1570 2663 1618 2691 sed
1641 2662 1801 2690 dilectionis

1010 2715 1128 2742 retinere
1149 2717 1336 2746 tentaverant,
1360 2717 1389 2739 ut
1415 2711 1569 2746 apostolum
1594 2709 1800 2741 desiderantes,

1010 2769 1065 2788 non
1092 2765 1122 2787 ut
1139 2759 1302 2795 martyrium
1321 2758 1530 2791 dissuadentes;
1556 2755 1653 2791 quidni
1676 2754 1706 2782 S.
1721 2753 1802 2790 lgna-

1010 2807 1065 2834 tius
1078 2806 1112 2833 ab
1124 2807 1184 2841 ipso
1199 2806 1365 2840 imperatore
1383 2803 1549 2840 jampridem
1564 2802 1725 2834 damnatus,
1736 2808 1752 2827 a
1767 2800 1805 2826 ic-

1011 2854 1174 2882 rocicntium
1199 2853 1316 2881 militum
1338 2859 1420 2880 manu
1437 2850 1473 2878 ad
1498 2849 1664 2885 supplicium
1680 2853 1801 2879 tractus,
