1850 3072
50 177 101 205 1165

435 179 459 206 J.
482 178 664 208 PEARSON“
678 167 841 208 VfNDlCIA‘J
863 163 1076 208 ῙΕΝᾸΤΙΑΝᾸΕ.
1094 193 1129 199 -
1146 178 1165 205 Ρ

555 178 664 208 asoun
678 167 841 208 mntem:
863 163 1076 208 mmmam.
1094 193 1129 199 —
1146 176 1237 205 rans
1255 177 1285 205 ιι.

1643 178 1695 205 566

55 238 172 265 mnium
189 236 295 266 Romae
315 238 539 267 Christianorum
562 239 769 268 miserationem
791 247 852 267 cer-
866 242 888 270 Α
905 244 995 274 tyrum
1008 238 1079 266 forte
1091 239 1233 274 epistolas,
1246 239 1457 274 adeoqueverba
1476 245 1529 265 non
1543 237 1693 269 habemus;

59 285 158 312 tissime
175 289 389 317 commoturus,
413 290 439 313 et
463 290 611 320 conspectu
641 286 783 314 sordidan
811 290 852 313 te—

61 331 190 358 nerrimos
212 339 317 360 eorum
349 331 464 360 affectus
485 333 667 366 excitaturus,
683 333 710 360 in
728 338 852 361 anteces-

63 386 118 405 sum
132 385 178 405 eos
190 382 332 410 moneret,
342 385 378 406 ne
393 378 477 414 ipsius
488 385 538 406 cor
553 378 717 414 ailligerent.
734 387 767 407 ne
780 386 854 406 mor-

65 428 112 451 tem
136 423 190 451 sibi
219 425 461 460 exoptatissimam
489 430 602 460 propter
626 433 725 453 nomen
742 425 851 453 Domini

63 470 121 498 Jesu
135 470 236 506 quovis
253 471 339 498 modo
368 471 542 506 impedirem,
566 472 612 500 scd
627 473 719 507 potius
740 472 855 501 allectus

64 523 125 544 suos
142 521 363 551 componerent,
391 517 525 552 patienter
541 518 748 552 acquiescerent
759 539 766 551 ,
781 519 855 546 dice-

63 567 187 598 rentque,
203 563 315 590 Domini
333 564 454 591 voluntas
465 564 536 596 ﬁat?
549 563 576 591 Si
594 564 722 593 Christus
742 565 799 600 ipse
820 565 854 593 ad

64 613 176 636 mortem
191 608 286 636 crucis
308 607 451 641 festinans,
459 607 540 636 Petro
559 609 658 636 dicenti
670 618 676 636 ε
688 609 780 642 Ἵλεώς
795 618 854 642 σοι,

64 654 158 691 Κύριε,
170 654 242 681 dixit
266 653 339 681 Vade
357 658 415 688 post
428 661 477 685 me,
493 652 594 681 Salaria
603 654 642 685 ³⁸ς
659 654 754 689 quidni
771 654 855 682 etiam

66 701 203 730 Romanos
220 704 348 727 moneret
368 699 497 735 lgnatius,
515 700 647 734 impedire
671 705 785 728 mortem
806 708 856 736 pro

63 746 164 774 Christi
190 745 303 773 nomine
330 749 485 780 susceptam
519 744 620 773 diaboli
653 745 747 781 potius
772 754 856 782 quam

64 792 213 820 Christiani
229 791 350 819 hominis
367 798 436 826 opus
453 792 533 819 esse?
548 791 587 819 Ea
606 797 680 820 certe
701 800 779 820 mens
794 796 854 819 erat

64 838 200 874 Origenis,
218 838 272 866 viri
288 838 367 865 toties
385 837 506 874 martyrii
520 837 669 872 candidati,
679 839 758 874 cujus
771 840 852 867 verba

65 886 90 912 in
109 883 245 912 Numeros
263 883 376 912 homilia
398 884 503 911 decima
520 884 579 912 haec
597 889 662 912 sunt
677 893 683 911 :
700 894 709 910 ‹
723 884 785 912 Ideo
799 885 856 913 dia-

63 931 143 959 bolus
159 931 253 958 sciens
275 937 325 965 per
349 929 506 965 passionem
519 930 642 966 martyrii
664 930 855 959 remissionem

64 977 119 1004 ﬁeri
136 980 326 1012 peccatorum,
343 983 397 1003 non
413 976 472 1003 vult
486 976 565 1003 nobis
577 975 700 1011 publicas
714 976 855 1011 gentilium

64 1022 270 1057 persecutiones
289 1028 409 1048 movere.
434 1019 493 1048 Scit
516 1021 590 1048 enim
606 1022 671 1056 quia
691 1021 713 1049 si
729 1021 763 1048 ad
779 1029 856 1057 reges

64 1072 90 1093 et
99 1067 235 1102 praesides
251 1065 420 1094 adducamur
435 1070 546 1102 propter
564 1073 663 1094 nomen
679 1066 783 1094 Christi
796 1086 804 1099 ,
822 1067 855 1094 ad

66 1113 257 1141 testimonium
284 1112 387 1141 Judzeis
413 1118 441 1141 et
466 1113 613 1149 gentibus,
629 1113 759 1148 gaudium
777 1114 857 1142 nobis

65 1164 90 1185 et
102 1160 254 1187 exsultatio
270 1159 311 1192 ﬁt,
325 1159 389 1194 quia
402 1166 507 1187 merces
524 1163 618 1186 nostra
630 1158 715 1186 multa
737 1159 764 1186 in
779 1159 856 1187 cmlis

65 1211 114 1233 est.
139 1206 205 1234 Haec
243 1214 298 1234 non
324 1205 390 1234 facit
421 1205 564 1239 inimicus,
600 1205 640 1233 vel
672 1205 737 1241 quia
763 1205 857 1241 gloriae

66 1257 165 1280 nostra
194 1252 310 1285 invidet,
335 1252 378 1280 vel
400 1251 525 1280 fonassis
555 1251 620 1288 quia
635 1251 680 1279 ille
700 1253 747 1287 qui
761 1252 856 1280 omnia

67 1299 206 1334 praevidet,
234 1303 263 1326 et
286 1298 434 1333 praenoscit
459 1305 511 1326 nos
544 1306 599 1325 non
616 1305 678 1326 esse
692 1297 806 1326 idoneos
822 1298 857 1326 ad

67 1344 231 1381 martyrium
261 1344 446 1372 tolerandum.
465 1353 476 1370 ι
500 1343 589 1371 Aliam
609 1344 691 1372 etiam
722 1345 857 1372 rationem

68 1391 114 1420 iib.
126 1399 178 1418 vni
205 1396 300 1418 contra
327 1389 433 1418 Celsum
448 1389 527 1418 alfert
537 1411 544 1423 ,
566 1398 651 1425 quare
665 1390 791 1419 diabolus
807 1398 858 1426 pu-

68 1439 150 1467 blicas
162 1438 304 1474 gentilium
315 1437 519 1473 persecutiones
532 1437 697 1466 Christianis
710 1437 857 1474 aliquando

65 1492 176 1513 movere
209 1484 304 1517 nollet,
331 1488 357 1512 et
380 1484 543 1512 sententiam
570 1492 647 1512 suam
665 1484 692 1511 in
710 1484 784 1512 hunc
801 1492 858 1511 mo-

63 1531 131 1559 dum
154 1530 295 1566 depromit
308 1540 315 1558 :
328 1529 400 1565 Ὲγὼ
409 1530 432 1557 δ’
446 1528 523 1566 οἶμαι
534 1530 575 1557 ὅτι
589 1530 745 1566 αἰσθόμενοι
761 1531 786 1557 οἰ
800 1530 858 1557 δαί-

65 1586 155 1613 μονες,
172 1578 215 1604 ὅτι
228 1577 254 1603 οἱ
281 1577 331 1613 μὲν
346 1576 476 1609 νικῶντες
502 1577 549 1604 καὶ
573 1577 608 1603 δι’
626 1577 768 1604 εὐσέϐειαν
793 1578 858 1604 ἀπο-

64 1623 230 1659 θνήσκοντες
255 1622 431 1658 καθαιροῦσιν
455 1622 546 1650 αὐτῶν
566 1623 615 1658 τὴν
641 1622 814 1649 δυναστείαν·
833 1623 858 1649 οι

62 1670 91 1697 δὲ
108 1670 155 1697 διὰ
173 1671 241 1702 τοὺς
257 1669 356 1702 πόνους
376 1669 528 1706 ἡττώμενοι
557 1669 602 1696 καὶ
627 1669 678 1705 τὴν
705 1668 861 1696 θεοσέϐειαν

64 1718 230 1754 ἀρνούμενοι
254 1717 406 1753 ὑποχείριοι
429 1717 543 1749 ἐκείνοις
565 1716 705 1751 γίνονται,
734 1715 792 1742 ἔσθ’
812 1716 858 1742 ὅτε

63 1764 321 1800 προσφιλωεικοῦσι
339 1765 396 1795 τοῖς
420 1755 644 1799 παραδιδομένας
673 1763 856 1798 Χριπιανοῖς.

67 1821 77 1837 ι
94 1811 232 1847 Equidem
255 1811 355 1846 opinor
380 1810 519 1838 damonas
531 1830 539 1843 ,
553 1814 583 1837 ut
609 1809 656 1844 qui
674 1808 796 1836 sentiunt
810 1815 861 1836 no-

64 1859 140 1886 xiam
157 1865 222 1886 esse
233 1857 362 1894 potentiae
373 1865 430 1885 suae
441 1857 549 1892 piorum
562 1856 718 1888 victoriam.
733 1862 862 1884 succum-

65 1905 163 1933 bentes
172 1908 264 1932 autem
277 1904 305 1931 in
319 1904 374 1931 hoc
385 1903 536 1931 certamine
547 1902 684 1937 iidemque
693 1901 860 1937 abnegantes

66 1952 135 1987 ipsis
162 1951 226 1979 ﬁeri
247 1950 399 1982 obnoxios,
415 1949 551 1977 interdum
576 1948 668 1976 favere
694 1953 722 1976 et
746 1948 860 1976 adlabo-

65 2005 128 2025 rare
149 1997 318 2025 Christianis
344 1997 372 2024 in
387 1995 501 2032 judicio.
518 2005 527 2022 t
542 1995 643 2023 Eadem
668 1994 698 2022 S.
716 1993 861 2030 Augustini

65 2053 146 2073 mens
167 2044 238 2079 fuit,
262 2044 310 2079 qui
335 2044 395 2072 haec
415 2043 449 2071 de
467 2050 568 2078 magno
592 2047 712 2078 martyre.
729 2041 861 2069 Africano

66 2092 204 2128 scripsit:
224 2099 235 2117 ι
251 2090 372 2118 Noverat
395 2090 551 2126 Cyprianus
580 2097 643 2117 cum
664 2097 680 2116 a
697 2087 862 2124 proconsule

67 2137 221 2165 audiretzt
241 2135 362 2164 Consule
398 2135 460 2167 tibi,
480 2144 489 2160 ι
507 2134 579 2170 quod
607 2141 673 2162 caro
697 2138 725 2161 et
750 2133 862 2167 sanguis

67 2183 179 2211 dicebat
195 2181 304 2214 stolide,
315 2181 368 2209 hoc
379 2181 518 2209 diabolum
527 2180 618 2208 dicere
633 2179 764 2207 subdole:
781 2183 862 2213 atque

67 2229 229 2257 intuebatur
256 2227 286 2255 in
304 2235 362 2255 uno
381 2234 496 2262 corpore
513 2227 593 2259 duos,
610 2226 693 2253 istum
705 2224 805 2257 oculis,
823 2224 859 2251 ii-

906 285 979 313 Deus
1001 285 1048 312 det
1068 289 1098 312 ut
1125 285 1213 312 indies
1229 285 1306 320 plura
1322 285 1383 320 ejus
1399 284 1506 320 generis
1521 283 1601 311 nobis
1615 283 1697 311 inno-

905 336 1030 364 tescant;
1057 339 1114 358 rem
1139 332 1226 367 ipsam
1243 336 1333 358 tamen
1348 336 1490 363 tenemus,
1502 330 1577 365 quod
1594 335 1696 366 marty-

906 386 951 406 res
975 378 1027 413 ipsi
1056 378 1159 406 fervide
1174 377 1259 405 Deum
1275 378 1392 405 orabant
1416 382 1445 404 ut
1468 377 1598 412 martyrio
1621 376 1696 404 frue-

906 429 1011 457 rentur,
1041 425 1172 459 petebant
1194 424 1295 451 obnixe
1323 432 1338 450 a
1360 423 1485 451 litlclibus
1502 428 1531 450 ut
1548 423 1630 450 etiarn
1656 423 1695 450 illi

905 478 920 498 a
938 470 992 498 Deo
1011 471 1082 498 idem
1107 471 1255 506 impetrare
1281 474 1465 502 conarentur;
1483 469 1507 497 si
1527 477 1598 505 quos
1619 470 1695 497 vide-

906 521 967 544 rent
984 521 1080 544 contra
1104 516 1246 551 postulare
1267 521 1295 544 et
1310 524 1411 551 cupere
1425 521 1454 543 ut
1469 516 1629 552 martyrium
1647 523 1697 550 po-

907 563 962 590 tius
989 562 1133 594 evitarent,
1164 562 1192 590 id
1215 562 1438 590 constantissime
1468 562 1649 595 recusabant,
1669 566 1698 589 ct

907 608 1030 635 omnium
1051 614 1113 635 vota
1137 615 1286 644 precesque
1312 608 1532 635 contemnebant.
1555 607 1697 635 Celeriuus

907 654 1052 682 confessor
1067 654 1100 682 ad
1113 654 1265 682 Lucianum
1280 654 1466 682 confessorem
1480 655 1551 682 inter
1566 653 1697 690 epistolas

908 700 1122 737 S.Cypriani2l
1144 711 1151 728 :
1173 710 1183 727 r
1199 700 1262 729 Pete
1276 705 1305 728 ut
1319 701 1370 728 sim
1383 701 1483 735 dignus
1495 704 1523 727 et
1544 707 1595 735 ego
1616 707 1696 728 coro-

907 747 967 774 nari
981 754 1044 774 cum
1062 754 1178 774 numero
1195 751 1297 774 vestro.
1313 756 1321 772 ι
1344 746 1375 773 Et
1392 753 1509 773 rursus:
1530 755 1539 772 ι
1559 745 1581 774 0
1594 751 1620 774 te
1641 745 1698 773 feli-

907 799 978 825 cem,
997 793 1106 827 Suscipe
1117 798 1164 820 tua
1177 797 1251 824 vota,
1264 799 1325 828 qua:
1338 799 1446 827 semper
1466 791 1641 824 desiderasti,
1655 792 1696 819 vel

909 837 938 864 in
971 842 1042 864 terra
1079 837 1242 865 dormiens:
1271 837 1370 873 optasti
1396 845 1446 873 pro
1474 837 1585 865 nomine
1623 837 1697 864 illius

910 883 936 911 in
960 891 1098 911 carcerem
1128 884 1215 918 mitti,
1245 884 1319 919 quod
1349 891 1422 911 nunc
1455 883 1503 910 tibi
1541 883 1695 918 contingit,

908 931 980 958 sicut
1003 933 1134 966 scriptum
1152 936 1216 959 est:
1234 930 1284 959 Det
1297 931 1345 958 tibi
1367 930 1439 959 Deus
1471 930 1622 958 secundum
1648 937 1697 957 cor

908 981 997 1004 tuum.
1019 987 1028 1003 ι
1048 977 1126 1010 Quod
1146 977 1170 1005 si
1193 977 1309 1005 dixisset
1334 976 1362 1004 S.
1379 976 1500 1011 lguatius
1517 986 1524 1003 :
1542 986 1550 1002 ι
1567 976 1616 1004 Det
1629 976 1696 1003 mihi

908 1024 979 1052 Deus
1000 1024 1150 1051 secundum
1168 1031 1218 1051 cor
1236 1031 1326 1051 meum
1341 1044 1348 1056 ,
1366 1032 1376 1049 i
1392 1027 1509 1058 quantas
1534 1023 1578 1050 hic
1600 1023 1696 1050 turbas

907 1071 1054 1098 excitasset
1080 1069 1211 1098 Dallzeus!
1232 1070 1308 1098 Fecit
1329 1070 1373 1098 ille
1394 1069 1532 1097 Luciauus
1550 1069 1698 1097 confessio-

908 1124 968 1144 nem
995 1116 1132 1149 ﬂoridam,
1147 1124 1219 1152 quat,
1235 1116 1259 1144 si
1281 1123 1355 1143 nunc
1381 1119 1511 1148 exstaret,
1529 1123 1585 1143 non
1601 1115 1697 1143 dubito

907 1163 972 1198 quin
1001 1162 1098 1190 iisdem
1120 1162 1332 1198 exceptionibus
1352 1162 1471 1190 obnoxia
1497 1166 1588 1194 esset;
1608 1162 1697 1198 magis

907 1210 979 1237 enim
997 1210 1077 1238 decet
1097 1213 1242 1245 martyres,
1256 1214 1286 1237 ut
1298 1209 1404 1243 volunt,
1417 1208 1618 1237 confessionem
1635 1216 1697 1236 mo-

907 1256 1024 1286 destam.
1041 1263 1123 1291 quam
1141 1255 1265 1283 ﬂoridam
1280 1255 1380 1283 facere.
1398 1255 1436 1283 De
1453 1255 1482 1283 S.
1499 1255 1641 1283 Felicitate
1656 1255 1698 1283 le-

911 1301 1002 1336 gimus
1025 1308 1085 1328 eam
1099 1306 1283 1337 praegnantem
1298 1301 1383 1330 fuisse
1398 1302 1595 1337 apprehensam
1609 1310 1616 1334 ;
1631 1301 1698 1336 quid

907 1346 1001 1382 igitur,
1018 1354 1052 1373 an
1068 1351 1130 1373 orat
1146 1350 1175 1374 ut
1187 1346 1249 1379 sibi,
1264 1351 1295 1373 ut
1316 1346 1455 1373 innocenti
1471 1346 1615 1381 embryoni
1629 1353 1692 1380 par-

908 1397 988 1420 catur
1002 1392 1014 1419 i
1031 1391 1158 1426 Minime;
1177 1401 1187 1418 ι
1203 1400 1265 1419 cum
1279 1396 1342 1420 octo
1359 1399 1465 1419 menses
1481 1399 1561 1420 suum
1577 1395 1698 1419 ventrem

908 1438 1040 1472 haberet,
1056 1438 1174 1466 instante
1194 1438 1342 1473 spectaculi
1354 1438 1398 1465 die
1413 1438 1440 1465 in
1461 1445 1560 1473 magno
1581 1443 1641 1465 erat
1656 1437 1700 1465 lu-

907 1489 964 1519 ctu,
979 1493 1013 1513 ne
1027 1490 1138 1520 propter
1158 1490 1279 1512 ventrem
1295 1484 1461 1517 differretur,
1475 1483 1540 1519 quia
1566 1491 1621 1511 non
1635 1484 1700 1512 licet.

908 1535 1080 1567 praegnantes
1091 1538 1179 1567 paenae
1193 1530 1384 1566 reprmsentari
1398 1539 1405 1563 ;
1419 1530 1496 1565 cupit
1518 1530 1593 1565 prius
1610 1530 1697 1565 mori,

872 1591 893 1620 ο
910 1585 992 1613 quam
1012 1585 1059 1613 per
1076 1577 1137 1612 ipsa
1161 1576 1301 1612 gentilium
1321 1575 1422 1611 judicia
1450 1575 1561 1609 liceret;
1584 1576 1618 1603 de
1634 1583 1698 1611 pas-

911 1625 987 1653 sione
1001 1624 1117 1657 laetatur,
1130 1624 1164 1652 de
1177 1624 1306 1652 dilatione
1321 1623 1454 1658 queritur.
1468 1622 1509 1650 An
1522 1623 1618 1658 reliqui
1635 1623 1700 1651 iide-

911 1670 951 1698 les
964 1670 1066 1698 luctum
1077 1669 1151 1697 hunc
1167 1674 1297 1704 tauquam
1313 1668 1510 1703 importunum,
1527 1672 1554 1696 et
1570 1676 1603 1695 ex
1615 1672 1700 1696 teme-

911 1715 990 1743 ritate
1010 1719 1059 1743 aut
1088 1716 1244 1750 arrogantia
1277 1713 1431 1749 proiectum
1458 1713 1701 1742 condemnabam?

911 1761 1022 1789 Minime
1041 1771 1048 1789 ε
1066 1771 1075 1788 t
1096 1761 1143 1789 sed
1156 1766 1184 1789 et
1207 1765 1405 1796 commartyres
1422 1761 1540 1797 graviter
1551 1761 1699 1788 contrista-

911 1808 1021 1841 bantur,
1040 1815 1075 1835 ne
1091 1812 1146 1834 tam
1164 1807 1264 1834 bonam
1284 1807 1387 1834 sociam
1411 1809 1490 1842 quasi
1510 1807 1638 1834 comitem
1654 1814 1700 1835 so-

911 1854 965 1881 lam
990 1854 1018 1880 in
1041 1853 1083 1880 via
1107 1853 1231 1888 ejusdem
1254 1853 1312 1888 spei
1331 1853 1529 1888 relinquerent.
1546 1853 1700 1888 Coniuncto

911 1901 1004 1936 itaque
1019 1900 1096 1928 unito
1119 1901 1220 1936 gemitu
1233 1901 1267 1928 ad
1288 1899 1434 1928 Dominum
1452 1899 1604 1927 orationem
1621 1899 1701 1926 fude-

911 1950 975 1973 runt
991 1951 1053 1973 ante
1069 1946 1178 1974 tertium
1193 1947 1265 1974 diem
1284 1945 1418 1973 muneris.
1441 1944 1539 1972 Statim
1560 1948 1622 1979 post
1637 1951 1700 1971 ora—

911 1993 1014 2020 tionem
1027 1991 1136 2020 dolores
1150 1992 1321 2020 invaserunt.
1340 2000 1350 2017 »
1371 1990 1440 2019 Ecce
1452 1990 1548 2027 quales
1562 1990 1701 2018 orationes

913 2038 1061 2065 fundebant
1083 2042 1148 2065 tunc
1162 2038 1292 2073 temporis
1304 2036 1487 2070 eonfessorcs,
1502 2037 1596 2072 quales
1613 2044 1628 2064 a
1645 2035 1701 2064 Deo

912 2084 1047 2112 exauditae
1053 2085 1126 2112 sunt!
1138 2083 1215 2117 tales,
1226 2084 1442 2119 scilicet,quales
1451 2083 1581 2119 lgnatius,
1592 2088 1622 2111 ut
1633 2084 1702 2111 nihil

913 2130 1074 2166 martyrium
1085 2130 1224 2165 impediat,
1240 2135 1270 2157 ut
1280 2131 1347 2158 nihil
1361 2130 1500 2158 festinanti
1511 2130 1544 2157 ad
1557 2130 1700 2164 praamium

913 2183 997 2203 morae
1005 2175 1050 2203 sit.
1065 2175 1103 2202 lla
1120 2176 1224 2203 nobiles
1233 2175 1270 2202 illi
1282 2175 1455 2203 confessores
1468 2175 1539 2210 apud
1553 2174 1702 2202 Eusebium

913 2221 990 2255 lib.v,
999 2229 1058 2256 cap.
1064 2221 1082 2248 2
1091 2221 1180 2249 ςΜετὰ
1186 2221 1311 2258 δακρύων
1320 2221 1491 2258 παρεκάλουν
1499 2222 1561 2253 τοὺς
1571 2221 1702 2256 ἀδελφοὺς

68 2275 125 2302 lum
137 2274 202 2302 fide.
214 2273 332 2301 Nolebat
346 2281 409 2301 eum
422 2273 473 2300 iste
489 2272 577 2306 mori,
592 2271 702 2299 nolebat
719 2271 764 2298 ille
783 2278 797 2298 c

972 2276 1033 2295 ιενοι
1041 2268 1084 2295 ἵνα
1095 2269 1214 2300 ἐκτενεῖς
1220 2268 1299 2303 εὐχαὶ
1306 2267 1433 2302 γίνωνται
1444 2267 1513 2304 πρὸς
1522 2267 1551 2294 τὸ
1559 2267 1702 2304 τελειωθῆ-

68 2321 140 2349 uari.
153 2319 275 2348 Proinde
286 2319 359 2347 circa
375 2319 460 2347 istum
471 2319 612 2354 placidus,
625 2318 699 2346 circa
716 2326 779 2346 eum
798 2325 864 2345 cau-

71 2372 114 2396 tus
132 2377 139 2395 :
151 2367 220 2395 huic
235 2369 330 2402 aperte
342 2365 546 2402 respondebat,
560 2370 587 2392 et
607 2365 684 2392 illum
697 2369 790 2400 aperte
801 2365 846 2392 vin
856 2379 863 2384 -

70 2414 158 2442 cebat.
179 2422 189 2439 ι
207 2412 283 2441 Nihil
300 2412 385 2448 igitur
401 2411 522 2448 lgnatius
545 2411 722 2439 sanctissimo
745 2416 864 2446 martyre

71 2461 226 2496 indignum,
250 2459 320 2486 nihil
342 2459 501 2486 indecorum
524 2465 539 2485 a
561 2457 694 2485 Romanis
711 2457 812 2492 exigit,
832 2456 863 2482 οὐ

72 2506 293 2544 προσδεξάμενος
313 2505 364 2542 τὴν
392 2504 598 2540 ἀπολύτρωσιν,
630 2512 639 2528 ι
659 2511 713 2530 non
726 2506 864 2537 acceptata

73 2553 246 2581 liberatione.
262 2562 273 2578 ι

108 2599 162 2627 Sed
178 2599 275 2626 talium
292 2597 440 2626 verborum
456 2596 561 2624 nullum
577 2596 605 2623 in
623 2595 699 2623 omni
714 2599 863 2630 martyrum

73 2645 296 2673 Christianorum
312 2644 390 2680 copia
419 2643 576 2679 exemplum
602 2647 711 2670 exstare
739 2641 867 2669 meminit

74 2692 202 2720 Dallaeus.
218 2691 359 2720 Fortasse.
378 2689 476 2718 Melius
493 2690 634 2718 enimvero
656 2689 736 2716 nobis
753 2687 866 2716 consul-

75 2743 133 2766 tum
162 2743 215 2770 est,
247 2745 331 2774 quam
355 2741 387 2765 ut
413 2736 670 2772 antiquissimorum
693 2739 864 2770 martyrum,

75 2792 192 2819 quorum
210 2784 340 2820 sanguini
364 2787 472 2811 tantum
494 2790 602 2818 semper
627 2781 723 2809 debuit
743 2779 866 2808 Ecclesia

75 2831 188 2863 Christi,
211 2834 392 2858 monumenta
416 2837 451 2857 ex
473 2829 556 2856 unius
582 2827 706 2856 hominis
733 2826 867 2854 memoria

77 2877 236 2911 penderent,
250 2879 299 2904 aut
311 2875 420 2910 spiritui
429 2874 640 2911 subjicerentur.
650 2873 774 2901 Aliorum
790 2879 866 2900 mar—

119 2933 244 2963 IsMatth.
263 2941 320 2969 xvn,
334 2933 381 2961 25.

913 2323 957 2341 ναι
970 2314 1078 2346 αὐτούς.
1089 2324 1098 2340 (
1110 2313 1231 2342 Profusis
1246 2313 1374 2350 lacrymis
1389 2313 1570 2342 obsecrabant
1587 2313 1702 2345 fratres,

915 2362 1090 2396 utgcontinuae
1098 2361 1132 2389 ad
1144 2360 1230 2388 Deum
1244 2368 1338 2396 preces
1352 2360 1458 2394 ﬁerent,
1467 2367 1523 2395 quo
1530 2360 1639 2388 tandem
1651 2360 1704 2395 ipsi

915 2407 1119 2443 perficerentur.
1136 2416 1145 2433 ι
1163 2406 1201 2434 De
1214 2406 1243 2434 S.
1256 2407 1395 2442 Cypriano
1410 2405 1524 2434 Pontius
1536 2405 1598 2440 ejus
1607 2405 1704 2433 diaco-

916 2462 989 2482 nus:
1005 2463 1015 2479 ‹
1031 2453 1236 2481 Conveniebant
1249 2453 1357 2480 interim
1370 2452 1464 2487 plures
1481 2452 1582 2487 egregii
1602 2455 1630 2479 et
1646 2450 1704 2479 cla-

916 2500 1020 2527 rissimi
1039 2499 1160 2532 ordinis,
1177 2499 1225 2526 sed
1238 2502 1265 2526 et
1285 2497 1377 2526 saeculi
1397 2497 1540 2526 nobilitate
1559 2497 1703 2533 generosi,

915 2546 962 2582 qui
976 2550 1087 2581 propter
1095 2545 1247 2573 amicitiam
1260 2552 1399 2573 secessum
1412 2544 1528 2572 subinde
1542 2544 1702 2577 suaderent;

915 2597 943 2619 et
955 2600 989 2619 ne
1000 2599 1097 2626 parum
1113 2596 1185 2619 esset
1200 2590 1274 2618 nuda
1289 2590 1412 2622 suadela,
1424 2590 1506 2617 etiam
1523 2590 1581 2617 loca
1599 2590 1626 2617 in
1643 2598 1705 2625 quae

916 2640 1066 2671 secederet,
1093 2638 1254 2666 oﬂercbant.
1272 2647 1281 2664 ι
1305 2637 1363 2664 Non
1389 2644 1457 2664 curo
1474 2637 1539 2672 quid
1555 2637 1704 2665 adversarii

917 2686 1005 2714 nostri
1023 2685 1168 2717 dixissent,
1187 2684 1210 2711 si
1224 2691 1258 2710 eo
1278 2688 1400 2717 tempore
1422 2682 1593 2710 adfuissent:
1612 2691 1705 2718 quaaro

917 2732 984 2767 quid
999 2731 1095 2759 fecerit
1106 2731 1133 2757 S.
1151 2729 1314 2765 Cyprianus.
1335 2737 1344 2753 ι
1363 2727 1410 2756 ille
1423 2735 1488 2755 vero
1500 2728 1557 2763 jam
1573 2729 1706 2756 mundum

918 2786 1051 2814 suspensa
1066 2778 1099 2805 ad
1114 2777 1214 2805 coelum
1233 2780 1323 2803 mente
1341 2775 1507 2811 neglexerat,
1523 2782 1573 2803 nec
1587 2775 1708 2803 suadelis

918 2824 1124 2853 blandientibus
1157 2822 1306 2850 annuebat.
1351 2820 1473 2849 Fecisset
1500 2820 1616 2848 fortasse
1643 2825 1708 2849 tune

919 2872 1012 2905 etiam,
1027 2870 1099 2906 quod
1114 2878 1129 2898 a
1149 2868 1274 2905 pluribus
1289 2871 1316 2896 et
1331 2867 1456 2896 ﬁdelibus
1469 2866 1628 2902 petebatur;
1644 2865 1668 2894 si
1681 2871 1708 2894 et
