1850 3072
148 177 200 206 367

638 172 666 199 S.
688 171 860 200 IGNATIUS.
879 186 913 190 -—-
927 168 1190 196 PROLEGOBIENA.

1726 162 1778 190 363

149 238 243 264 divino
267 236 383 272 imperio
407 235 557 271 juberetur.
575 244 584 260 ι
608 233 676 261 Nam
705 238 736 260 ιιι
753 233 809 268 ipse
821 232 934 259 Pontius
950 234 973 262 Α
988 230 1080 257 clcsim
1095 229 1280 257 vetustissima
1297 229 1411 264 epistola
1434 231 1644 263 reprmsenlatur
1663 224 1780 252 Germa—

148 285 229 312 docet
245 292 272 311 tn
288 284 380 318 priore
394 290 525 311 secessu:
550 291 558 308 I
579 281 695 308 Domino
718 280 848 307 latebram
870 283 935 305 tunc

146 329 253 364 jnheuti
274 328 375 363 paruit.
393 337 403 354 ι
421 327 542 363 Populus
556 330 646 354 autem
659 325 746 353 ﬁdelis
760 324 935 360 S.Cypriano

147 375 183 403 ad
204 375 368 410 supplicium
390 375 474 401 ducto
502 377 606 400 tantum
634 372 748 399 aberant
774 371 808 398 ab
829 369 935 396 orando

150 421 233 448 Deum
252 425 282 448 ut
303 420 341 448 illi
361 423 537 454 parceretur.
554 422 602 445 aut
622 417 721 452 quovis
739 416 821 444 modo
836 420 936 450 marty-

149 467 218 494 rium
237 465 418 500 impediendo,
447 468 478 492 ut
504 463 586 491 simul
601 471 664 490 cum
691 462 738 489 illo
753 466 845 496 potius
864 462 934 488 mori

148 517 287 548 cuperent.
316 521 325 537 ι
341 511 472 544 Quamvis
504 510 578 537 enim
604 517 658 537 non
686 508 806 544 potuerit
827 508 934 536 evenire

147 558 218 593 quod
235 557 365 593 optabant
381 561 444 584 vota
464 555 632 587 communia,
651 559 681 583 ut
699 554 839 581 consortio
860 553 934 588 paris

147 604 242 639 gloria:
266 603 348 631 simul
366 602 442 637 plebs
462 606 519 629 tota
539 604 694 636 pateretur;
712 599 867 634 quicunque
883 599 934 626 sub

145 649 247 677 Christi
260 648 409 683 spectantis
432 648 520 675 oculis
535 652 563 674 et
584 647 635 674 sub
653 646 766 674 auribus
785 646 933 673 sacerdotis

145 703 177 721 ex
194 694 287 722 animo
301 694 357 729 pati
375 693 470 725 voluit,
493 701 541 727 per
556 693 684 720 idoneum
703 692 756 718 voti
771 692 814 719 sui
837 695 933 718 testem

147 741 289 775 legationis
305 739 509 774 quodammodo
533 738 640 765 litteras
666 738 698 765 ad
714 737 799 765 Deum
818 738 903 766 misit.
921 748 931 764 ι

151 785 180 812 S.
201 785 382 820 llierouymus
394 785 428 812 de
446 784 505 811 Vita
522 783 598 810 Pauli
613 783 740 811 Eremiuc
755 793 762 810 ε
779 793 788 810 ι
807 783 863 812 Sub
880 784 933 812 De-

145 832 189 858 cio
205 836 232 859 et
247 831 390 859 Valeriano
402 831 640 866 persecutoribus,
655 838 711 865 quo
729 835 851 865 tempore
864 830 933 858 Cor—

146 879 234 907 nelius
252 877 355 910 Romae,
374 883 400 905 et
413 877 738 913 CyprianusCarthagine
753 876 822 905 felici
835 885 932 904 cruore

145 924 267 952 damnati
284 928 359 956 sunt,
374 924 474 951 multas
491 923 563 958 apud
579 923 728 958 IEgypunn
745 928 772 950 et
791 923 930 950 Thebaida

146 971 283 998 Ccclesias
298 975 444 1006 tempestas
467 978 538 998 εωιά
561 971 689 1005 populata
716 974 767 998 est.
786 971 850 998 Voti
866 975 931 997 tunc

145 1018 309 1045 Christianis
319 1023 387 1049 erat,
406 1025 454 1052 pro
471 1017 574 1047 Christi
589 1018 699 1045 nomine
710 1017 801 1051 gladio
815 1018 930 1052 percuti.

147 1062 248 1091 Verum
264 1063 354 1090 hostis
367 1063 493 1096 callidus,
505 1063 582 1090 tarda
601 1063 634 1090 ad
655 1067 773 1090 mortem
798 1063 931 1097 supplicia

146 1110 325 1145 conquirens,
341 1110 448 1137 animas
463 1109 589 1144 cupiebat
600 1109 741 1145 jugulare,
758 1116 812 1136 non
835 1116 932 1143 corpo-

146 1166 194 1189 ra;
212 1161 249 1187 et,
267 1161 296 1184 ut
307 1156 365 1191 ipse
380 1156 426 1191 qui
441 1155 475 1183 ab
489 1163 522 1183 eo
539 1163 639 1190 passus
654 1161 696 1183 est
706 1155 860 1190 Cyprianus
875 1155 930 1181 ait:

148 1203 308 1231 Volentibus
324 1203 393 1230 tnori
406 1210 459 1231 non
475 1202 683 1237 permittebatur
693 1202 791 1229 occidi.
805 1211 813 1227 ι
832 1201 931 1229 Notum

146 1255 188 1278 est
205 1254 232 1278 et
249 1250 315 1277 illud
326 1249 355 1276 S.
372 1249 514 1284 Polyearpi
529 1249 658 1284 martyris
673 1249 706 1276 ad
722 1249 912 1284 proconsulem
924 1269 931 1278 .

146 1303 219 1323 nunc
236 1295 355 1327 bestias,
368 1303 441 1322 nunc
462 1295 586 1322 ﬂammas
606 1295 644 1322 illi
660 1295 848 1327 minitantem,
865 1295 933 1322 ἀλλὰ

145 1342 171 1369 τί
195 1341 345 1378 βραδύνεις,
372 1342 438 1378 φέρε
457 1342 471 1368 ὃ
486 1342 585 1376 βούλει,
601 1352 611 1368 (
629 1342 699 1375 Quid
721 1346 811 1369 autem
838 1350 932 1370 moras

146 1388 250 1416 trahis?
266 1388 332 1415 alfer
354 1388 427 1422 quod
449 1388 534 1419 velis.
553 1398 562 1414 ι
581 1388 666 1415 ταῦτα
682 1387 728 1414 καὶ
739 1387 807 1415 ἄλλα
823 1388 934 1415 πλείονα

145 1433 232 1471 λέγων
258 1433 373 1470 θάρσους
399 1434 445 1461 καὶ
470 1435 558 1470 χαρᾶς
582 1434 787 1469 ἀνεπίμπλητο,
807 1443 815 1459 ι
835 1435 892 1462 haec
906 1439 934 1461 et

146 1481 224 1516 plura
239 1480 292 1508 alia
315 1488 377 1507 eum
391 1480 494 1508 diceret
510 1500 518 1512 .
535 1481 633 1508 ﬁducia
651 1485 677 1508 et
698 1480 788 1507 l:ctitia
806 1481 933 1515 impletus

147 1532 200 1560 est,
217 1537 226 1553 ι
243 1532 272 1554 ιιι
285 1527 468 1554 vetustissima
481 1527 542 1563 ejus
555 1527 622 1554 Acta
635 1532 778 1555 testantur.
794 1527 873 1554 Plura
887 1535 933 1554 au-

986 278 1080 309 nieus,
1094 277 1172 312 quasi
1186 277 1254 304 alter
1266 275 1387 311 lgnatius
1397 296 1404 308 ,
1423 275 1566 310 ἐπισήμως
1585 271 1780 308 θηριομαχῶν,

989 333 997 349 ι
1014 323 1129 359 insignis
1141 328 1168 351 et
1182 323 1280 351 nobilis
1295 322 1468 350 bestiarius.»
1481 320 1552 354 Quid
1565 324 1656 347 autem
1671 317 1783 353 judicio

985 370 1184 404 antiquissimae
1202 369 1333 397 Ecclesiae
1343 369 1488 403 ἐπίσημον,
1500 367 1606 402 insigne
1619 371 1667 393 aut
1686 364 1784 392 nobile

985 417 1012 444 in
1034 417 1095 451 ejus
1113 416 1244 452 martyrio
1261 415 1380 443 breviter
1401 415 1538 449 descripto
1555 412 1713 441 invenitur?
1736 411 1782 438 An

986 463 1090 498 placida
1107 462 1256 490 ethumilis
1272 466 1299 489 et
1312 461 1435 488 modesta
1455 461 1515 495 ejus
1532 461 1624 487 anima
1640 457 1781 486 describi-

985 515 1040 541 tur,
1051 517 1134 544 quam
1147 509 1234 537 solam
1247 507 1399 535 admiratur
1411 508 1436 535 in
1454 514 1504 534 suo
1516 504 1783 541 martyreDallzeus?

984 553 1063 581 Nullo
1075 554 1227 581 modozsed
1237 553 1303 579 illud
1311 553 1412 587 potius,
1424 552 1496 588 quod
1505 556 1534 578 ut
1548 559 1681 586 praeceps.
1697 550 1777 586 quod

985 601 1160 637 utjuvenile,
1173 601 1246 636 quod
1264 606 1294 628 ut
1305 601 1362 628 leve
1376 600 1403 627 in
1415 600 1518 634 lgnatio
1536 600 1581 627 ille
1599 600 1780 626 condemnat.

984 647 1150 683 Βουλομένου
1180 647 1231 682 γὰρ
1250 647 1297 674 τοῦ
1314 646 1469 673 ἀνθυπάτου
1492 645 1596 672 πείθειν
1621 644 1702 672 αὐτὸν
1729 644 1781 671 καὶ

983 694 1083 729 λέγειν,
1096 694 1138 721 vel
1151 693 1179 720 λέ
1188 701 1287 727 (οντος,
1304 693 1352 728 τὴν
1364 692 1471 728 ἡλικίαν
1482 691 1565 719 αὑτοῦ
1575 692 1781 726 κατοικτεῖραι,

984 741 1073 776 ἐαυτῷ
1087 741 1261 767 ἐπεσπάσατο
1271 740 1301 766 τὸ
1317 739 1411 775 θηρίον
1424 738 1670 774 προσ-ϐιασάμενος,
1693 741 1732 769 et,
1746 742 1780 764 ut

984 787 1066 814 habet
1080 786 1224 819 Eusebius,
1238 785 1402 821 παροξύνας.
1418 794 1428 810 ι
1439 784 1510 812 Cum
1527 784 1600 811 enim
1624 784 1778 818 proconsul

985 834 1093 861 ﬂectere
1109 840 1172 860 eum
1187 832 1277 864 vellet,
1293 832 1448 866 diceretque
1463 838 1492 858 se
1507 830 1594 858 aetatis
1609 830 1670 864 ejus
1688 829 1777 857 mise-

985 880 1049 912 reri,
1066 879 1179 906 attraxit
1207 879 1258 906 sibi
1276 878 1392 905 bestiam
1408 877 1434 904 vi
1457 885 1516 905 eam
1532 877 1644 912 ndigens
1656 897 1664 908 ,
1680 880 1709 903 et
1725 876 1778 903 sti-

984 925 1102 957 mulans.
1116 933 1125 950 I
1139 923 1196 951 lloc
1210 924 1283 951 enim
1299 923 1397 951 fecisse
1409 928 1549 953 narratur,
1564 927 1594 950 ut
1608 922 1777 957 martyrium

983 971 1158 998 acceleraret.
1174 970 1237 998 Inde
1250 975 1342 997 autem
1358 969 1461 997 factum
1473 974 1525 1001 est,
1542 973 1573 996 ut
1583 977 1678 996 omnes
1689 969 1777 996 etiam

982 1018 1084 1044 ethnici
1098 1017 1181 1044 etiam
1198 1022 1388 1052 persecutores
1399 1016 1448 1052 τὴν
1460 1016 1636 1051 γενναιότητα
1652 1015 1699 1042 τοῦ
1714 1015 1777 1041 Θεο-

984 1063 1076 1098 φιλοῦς
1090 1064 1137 1090 καὶ
1152 1062 1293 1095 θεοσεϐοῦς
1308 1063 1404 1097 γένους
1427 1062 1480 1088 τῶν
1494 1061 1665 1098 Χριστιανῶν
1682 1061 1776 1088 admi-

985 1114 1121 1137 rarentur.
1139 1109 1277 1145 llleigitur
1293 1108 1485 1141 Germanicus,
1498 1115 1579 1142 quem
1594 1112 1624 1134 ut
1637 1107 1775 1141 insignem

983 1161 1010 1183 et
1024 1155 1145 1183 nobilem
1166 1155 1194 1182 in
1212 1155 1310 1190 primis
1326 1159 1473 1190 martyrem
1494 1153 1637 1189 proposuit
1660 1153 1778 1188 antiqua

983 1207 1010 1229 et
1023 1202 1136 1230 celebris
1151 1201 1274 1229 Ecclesia
1298 1201 1474 1237 Smyrnensis
1485 1221 1492 1233 ,
1517 1200 1597 1235 cujus
1615 1201 1651 1227 ob
1666 1199 1779 1234 insigne

985 1249 1091 1276 facinus
1115 1248 1217 1276 ethnici
1239 1248 1290 1283 ipsi
1319 1247 1494 1274 nobilitatem
1514 1252 1540 1274 ct
1562 1247 1779 1282 generositatem

983 1295 1148 1322 Christianae
1162 1294 1252 1330 gentis
1278 1294 1405 1322 admirati
1423 1299 1498 1326 sunt,
1515 1293 1583 1321 nihil
1601 1293 1675 1320 aliud
1695 1293 1776 1326 fecit,

985 1341 1036 1367 nisi
1051 1341 1125 1375 quod
1145 1341 1264 1376 lgnatius
1279 1348 1308 1368 se
1326 1340 1463 1367 facturum
1477 1339 1565 1372 dixit;
1582 1339 1639 1366 imo
1659 1339 1712 1368 hoc
1733 1339 1778 1367 ἰε-

985 1387 1056 1414 cisse
1088 1387 1149 1414 ideo
1163 1387 1282 1419 videtur,
1307 1387 1379 1422 quod
1407 1386 1528 1422 lgnatius
1543 1386 1782 1419 dixerat;eadem

984 1433 1057 1460 enim
1069 1441 1137 1461 voce
1154 1433 1240 1460 utitur
1256 1433 1378 1460 Ecclesia
1401 1433 1577 1468 Smyrnensis
1588 1453 1595 1465 ,
1612 1432 1684 1459 unde
1703 1432 1778 1460 hanc

983 1479 1128 1513 epistolam
1146 1479 1180 1507 ad
1195 1478 1336 1506 Romanos
1350 1479 1464 1507 dederat
1483 1478 1614 1514 lgnatius,
1631 1478 1665 1506 ad
1686 1479 1779 1514 expri-

984 1527 1113 1554 mendum
1131 1526 1286 1555 Germanici
1308 1526 1410 1554 factum
1423 1546 1430 1559 ,
1445 1534 1498 1561 qua
1516 1525 1638 1561 lgnatius
1654 1525 1688 1554 ad
1711 1526 1775 1552 ani-

147 1578 201 1600 tem
217 1573 263 1600 illa
275 1580 336 1607 qua:
351 1572 511 1600 fortitudine
522 1577 549 1599 et
565 1573 749 1600 exsultatione
763 1573 859 1607 plenus
870 1579 931 1606 pro-
945 1578 966 1607 α
983 1572 1021 1598 mi
1035 1572 1077 1599 sui
1089 1573 1213 1599 ardorem
1230 1572 1405 1600 indicandum
1421 1580 1487 1600 usus
1500 1571 1588 1599 fuerat
1603 1571 1772 1608 ῖὲγὼπροσ-

145 1618 282 1646 ιιιιιιιίιινίι
293 1619 414 1653 ,qualia,
436 1619 553 1651 amabo,
570 1618 661 1651 fuere,
674 1619 697 1646 si
716 1627 771 1646 non
784 1618 932 1654 lgnatianis

145 1665 264 1692 similia?
278 1665 301 1692 si
317 1672 371 1692 non
391 1665 428 1691 illi
444 1665 502 1691 voci
511 1671 643 1695 consona,
661 1673 745 1699 quam
757 1673 772 1692 e
800 1665 870 1692 caelo
886 1673 933 1692 au-

145 1711 223 1742 divit,
238 1710 328 1745 Ἰσχυε
356 1710 402 1737 καὶ
418 1709 559 1745 ἀνδρίζου,
582 1710 745 1746 Πολύκαρπε
756 1730 763 1742 ,
781 1718 835 1737 non
849 1721 855 1738 :
873 1710 932 1738 M0-

145 1757 240 1784 destus
260 1761 329 1786 esto.
352 1757 399 1783 sed
412 1766 419 1783 :
434 1765 443 1781 ι
459 1755 576 1784 Fortiter
595 1761 622 1783 et
641 1756 756 1783 viriliter
775 1764 841 1792 age,
855 1756 934 1792 Poly-

146 1810 238 1835 carpe.
253 1812 262 1828 ι
278 1802 425 1830 Notissima
439 1807 480 1830 est
491 1803 573 1830 etiam
589 1803 634 1830 illa
645 1802 761 1830 Romani
772 1803 932 1831 Caesareen-

147 1850 186 1878 sis
200 1850 307 1877 diaconi
319 1858 370 1878 vex
384 1849 536 1877 Antiochiae
549 1850 652 1883 audita,
677 1850 729 1877 ποῦ
748 1859 792 1886 μοι
813 1850 844 1878 τὸ
866 1850 932 1887 πῦρ,

151 1907 159 1922 ι
181 1897 290 1924 ubinam
305 1896 372 1923 mihi
386 1896 476 1932 ignis?
492 1905 502 1922 ι

185 1942 310 1969 Secunda
324 1941 448 1977 exceptio
455 1941 489 1968 ab
497 1941 530 1969 iis
538 1941 648 1976 petitur,
656 1949 717 1977 qua:
723 1941 756 1968 de
762 1948 791 1969 se
797 1941 934 1975 spondere

148 1988 250 2015 dicitur
267 1988 386 2023 Ignatius
401 1997 407 2014 2
420 1988 525 2015 scilicet
540 1987 613 2022 quod
624 1995 654 2015 se
669 1987 771 2015 bestias
783 1988 817 2014 ad
839 1995 934 2015 necem

147 2043 224 2063 suam
251 2034 455 2062 accelerandam
479 2038 691 2069 provocaturum
708 2034 818 2066 scribat,
834 2038 862 2061 et
882 2034 934 2062 hoc

146 2081 228 2108 etiam
247 2081 306 2108 sine
322 2080 457 2115 exemplo.
477 2079 538 2108 Duo
551 2080 633 2107 verba
651 2084 716 2107 sunt
730 2088 791 2115 qum
808 2080 845 2107 illi
863 2080 934 2107 mira

147 2126 291 2157 videntur,
319 2126 477 2153 κολακεύσω
496 2132 522 2154 et
538 2126 757 2162 προσδιάσομαι,
784 2136 794 2152 ι
809 2126 935 2153 blandiar

148 2173 223 2206 leris,
238 2173 292 2200 imo
304 2181 410 2205 cogam.
424 2183 432 2199 ι
450 2182 459 2198 ι
475 2171 497 2198 0
508 2173 594 2206 diras,
606 2173 710 2207 inquit,
724 2178 751 2200 et
765 2172 934 2200 truculentus

146 2219 244 2245 voces!
260 2218 316 2245 imo
329 2226 394 2245 vero
405 2223 526 2251 sanctas,
541 2223 568 2245 et
582 2217 678 2250 fortes,
693 2223 720 2245 et
733 2218 810 2245 omni
821 2225 934 2245 Venera-

983 1617 1125 1653 ὁιάσομαι,
1153 1618 1243 1654 inquit
1269 1618 1330 1651 ille,
1356 1618 1401 1645 hic
1435 1618 1614 1644 ἀπεσπάσατε)
1642 1618 1778 1654 προσδια-

984 1665 1110 1700 σὰμενος.
1123 1663 1200 1692 Unde
1217 1665 1299 1692 etiam
1318 1669 1381 1692 ante
1396 1665 1572 1696 monuimus,
1590 1665 1707 1691 dubium
1721 1673 1777 1691 non

982 1719 1053 1744 esse,
1070 1712 1136 1746 quin
1151 1711 1224 1739 hunc
1241 1711 1331 1746 ipsum
1347 1711 1437 1739 locum
1450 1712 1572 1746 epistolae
1587 1711 1620 1738 ad
1634 1710 1778 1739 Romanos

983 1758 1150 1793 respexerint
1161 1757 1354 1794 Smyrnenses,
1367 1766 1429 1786 cum
1444 1759 1496 1786 ista
1507 1759 1668 1786 scriberent.
1681 1758 1715 1786 Et
1727 1759 1780 1785 ob.

984 1805 1118 1832 servanda
1135 1809 1200 1832 sunt
1213 1805 1297 1832 verba
1313 1804 1495 1840 Martyrologii
1510 1804 1645 1832 Romani:
1659 1814 1668 1830 I
1680 1804 1777 1840 Smyr-

985 1857 1027 1877 nae
1053 1849 1158 1878 Natalis
1183 1849 1214 1877 Β.
1241 1850 1397 1877 Germanici
1412 1851 1557 1886 martyris.
1576 1851 1699 1885 quicum
1716 1852 1775 1886 pti-

984 1904 1075 1924 matvaa
1101 1896 1190 1924 aetatis
1210 1900 1354 1924 venustate
1370 1896 1490 1929 ﬂoreret,
1506 1897 1560 1924 sub
1578 1896 1676 1924 Marco.
1687 1898 1777 1924 Anto-

983 1943 1049 1971 nino
1062 1947 1089 1971 et
1105 1943 1191 1970 Lucio
1205 1942 1317 1970 Aurelio
1331 1950 1379 1977 per
1392 1943 1507 1977 gratiam
1520 1943 1631 1970 virtutis
1647 1941 1695 1970 Dei
1717 1951 1777 1970 me-

983 1995 1040 2018 tum
1055 1997 1193 2025 corporea:
1217 1988 1374 2024 fragilitatis
1390 1988 1538 2016 cxcludens
1554 1993 1650 2024 sponte
1669 1997 1778 2024 praepa-

984 2042 1069 2064 ratam
1093 2036 1146 2064 sibi
1171 2036 1288 2063 bestiam
1302 2036 1449 2063 damnatus
1462 2043 1478 2062 a
1493 2035 1587 2069 judice
1598 2035 1776 2070 provocavit,

983 2083 1062 2118 cujus
1075 2083 1204 2110 dentibus
1219 2083 1408 2110 comminutus
1423 2090 1487 2109 vero
1503 2082 1566 2116 pani
1581 2082 1698 2109 Domino
1709 2081 1777 2110 .Iesn

984 2129 1094 2157 Christo
1118 2136 1167 2163 pro
1193 2129 1253 2164 ipso
1273 2129 1394 2156 moriens
1418 2128 1518 2155 meruit
1548 2128 1744 2163 ineorporari:
1764 2138 1774 2154 ι

985 2179 1013 2202 ιιι
1027 2174 1090 2202 hinc
1103 2175 1186 2202 etiam
1202 2174 1308 2210 lgnatio
1325 2175 1482 2202 simillimus
1505 2179 1609 2210 martyr
1624 2182 1778 2209 reprzescn~

985 2226 1066 2248 tetur.
1090 2220 1173 2248 Miror
1194 2221 1286 2256 itaque
1306 2220 1435 2248 Dallzeum
1457 2221 1580 2248 scribere
1594 2223 1730 2256 potuisse,
1747 2223 1776 2250 iu

147 2266 222 2293 tione
234 2264 422 2298 accipiendas!
441 2272 495 2292 non
509 2264 562 2291 alia
583 2264 675 2291 anima
687 2264 784 2300 dignas
803 2272 887 2299 quam
901 2271 932 2291 ea
949 2268 970 2294 D
987 2265 1196 2302 Smyrnensium
1212 2271 1363 2302 martyrum
1376 2266 1452 2294 Actis
1472 2267 1539 2294 nihil
1555 2268 1692 2302 epistolici
1704 2271 1779 2297 seri.

147 2318 208 2345 quae
222 2310 283 2336 vita:
296 2318 352 2337 sua:
368 2314 494 2344 pertaesa,
511 2310 670 2345 lucemque,
686 2310 759 2345 quod
781 2314 860 2345 poeta
875 2309 931 2342 ait,

147 2364 244 2391 perosa
258 2356 285 2382 in
308 2360 423 2383 mortem
442 2363 562 2390 praeceps
575 2357 630 2383 ruit
659 2356 763 2390 (instar
781 2355 934 2390 mancipio-

148 2410 209 2430 rum
216 2402 306 2434 saeculi
319 2401 563 2436 desperandorum,
573 2405 602 2429 ut
613 2402 733 2436 loquitur
743 2401 936 2437 Blondellus),»

149 2449 205 2476 imo
228 2456 259 2475 ea
289 2448 380 2475 anima
408 2447 593 2482 dignissimas,
607 2455 667 2482 quae
689 2448 831 2482 praesentis
842 2448 934 2475 saaculi

148 2494 242 2521 omnia
261 2493 422 2524 contemnit,
437 2500 499 2527 qrue
510 2493 621 2520 disSolvi
634 2497 734 2521 etcum
750 2493 860 2521 Christo
874 2501 935 2521 esse

149 2540 235 2574 cupit,
249 2547 310 2574 quae
329 2540 362 2567 ad
377 2538 487 2573 praemia
505 2540 636 2574 martyrio
655 2540 791 2574 promissa
816 2541 933 2575 aspirat,

149 2594 210 2620 qua:
227 2585 391 2612 Christiame
419 2585 559 2620 religionis
586 2586 809 2620 propagationem
825 2586 935 2614 deside-

150 2636 202 2663 rat,
214 2638 276 2665 qua:
293 2630 346 2656 vim
369 2634 396 2657 et
415 2630 535 2665 vigorem
552 2628 670 2664 Spiritus
693 2630 767 2658 intus
785 2630 935 2663 habitantis

149 2677 305 2712 exprimere
319 2681 446 2709 canatur,
458 2684 518 2710 qum
533 2676 647 2711 gentiles
659 2680 685 2704 et
703 2677 862 2705 idololatras
875 2685 931 2705 om-

149 2731 198 2750 nes
213 2722 317 2757 pudore
333 2722 500 2755 suﬂundere,
519 2723 546 2750 in
566 2723 776 2751 admirationem
793 2725 934 2760 abripere,

150 2770 183 2797 ad
215 2770 435 2804 desperationem
452 2778 562 2805 cogere,
592 2775 638 2798 aut
652 2772 686 2798 ad
704 2771 783 2798 tidem
801 2771 936 2800 Christia-

149 2825 212 2845 nam
225 2817 440 2851 amplectendam
457 2825 613 2852 permovere
625 2818 782 2846 contendit!
793 2819 833 2845 An
844 2827 936 2846 exem-

149 2864 224 2898 plum
241 2863 322 2897 hujus
336 2864 374 2890 rei
388 2863 530 2898 qua-ritur,
543 2872 604 2891 cum
618 2869 657 2891 tot
670 2872 738 2898 pene
751 2870 857 2891 exstent
868 2870 935 2899 quot

150 2910 216 2937 Acta
244 2909 285 2936 vel
303 2911 439 2937 tncmorizc
461 2910 628 2944 martyrum?
645 2909 673 2936 ιιι
692 2909 868 2944 Smyrnensis
881 2910 934 2938 Ec-

987 2313 1073 2348 ptoris
1097 2313 1217 2341 sermoni
1241 2313 1330 2341 simile
1356 2313 1486 2348 reperiri:
1506 2315 1584 2349 quasi
1612 2315 1774 2345 Germanici

985 2359 1090 2394 insigne
1106 2359 1206 2387 factum
1221 2364 1268 2386 aut
1283 2359 1351 2386 nihil
1368 2360 1414 2392 sit,
1431 2364 1478 2387 aut
1489 2369 1543 2388 non
1561 2361 1704 2396 lgnatiano
1715 2371 1775 2390 ser-

986 2406 1058 2433 moni
1073 2406 1171 2438 simile,
1188 2413 1250 2433 cum
1263 2406 1358 2434 eodem
1375 2407 1508 2434 vocabulo
1521 2408 1703 2442 exprimatur.
1721 2409 1776 2436 Ne-

985 2459 1038 2486 que
1062 2455 1168 2479 tanturn
1192 2451 1306 2485 bestiis,
1323 2452 1369 2479 sed
1384 2456 1412 2479 et
1428 2452 1478 2487 ipsi
1491 2453 1577 2486 judiei
1593 2454 1647 2481 vim
1675 2455 1778 2483 intule-

986 2503 1051 2526 runt
1068 2503 1219 2534 martyres,
1243 2503 1273 2526 ut
1291 2498 1433 2526 Romanus
1449 2500 1493 2526 ille
1505 2508 1538 2527 ex
1557 2499 1701 2529 Palwstina
1717 2503 1778 2530 dia-

986 2553 1088 2577 conus,
1103 2545 1149 2572 scd
1173 2545 1340 2578 Antiochiae,
1362 2545 1434 2572 unde
1452 2545 1572 2580 lgnatius
1598 2551 1703 2575 tractus
1719 2553 1775 2582 est,

987 2590 1056 2618 forte
1083 2591 1247 2618 constitutus
1259 2612 1266 2624 ,
1294 2601 1303 2617 ‹
1317 2599 1380 2618 cum
1398 2592 1499 2619 multos
1517 2592 1617 2620 milites
1642 2594 1775 2622 cecidisse

987 2636 1113 2664 Ecclesia:
1139 2637 1308 2669 invenisset,
1333 2645 1385 2664 non
1400 2642 1442 2665 est
1467 2646 1564 2673 passus
1584 2639 1650 2667 dare
1665 2641 1776 2667 diabolo

986 2689 1016 2710 ut
1037 2683 1200 2715 exsultaret,
1213 2684 1260 2711 sed
1281 2684 1463 2712 exsultantem
1475 2685 1596 2719 judicem
1613 2687 1648 2714 de
1664 2687 1709 2714 his
1728 2688 1774 2722 qui

986 2729 1093 2756 fuerant
1104 2729 1223 2763 superati
1237 2730 1394 2764 aggreditur
1411 2731 1463 2757 vim
1475 2730 1590 2763 faciens,
1608 2740 1694 2767 regno
1711 2740 1776 2760 vero

985 2779 1073 2810 rapto,
1098 2779 1125 2802 et
1148 2775 1214 2802 dicit
1231 2785 1238 2802 :
1255 2775 1315 2802 Non
1342 2777 1452 2805 recedes
1473 2778 1566 2811 laetus;
1592 2779 1676 2807 habet
1701 2781 1774 2808 enim

986 2819 1056 2847 Deus
1074 2820 1174 2847 milites
1191 2820 1238 2854 qui
1255 2821 1377 2854 superari
1396 2829 1450 2848 non
1470 2826 1594 2856 possunt,
1614 2833 1624 2848 ι
1643 2827 1673 2850 ιιι
1692 2824 1776 2850 tradit

985 2865 1129 2898 Eusebius,
1156 2865 1195 2892 De
1217 2867 1406 2893 resurrectione
1430 2867 1478 2894 lib.
1494 2876 1524 2894 ιι.
1541 2868 1631 2903 Atque
1648 2869 1686 2896 ita
1712 2878 1774 2904 pro-

985 2911 1024 2938 dit
1039 2911 1245 2939 αὺτοκέλευστον
1278 2913 1384 2948 ἱερεῖον,
1417 2923 1425 2939 ι
1442 2915 1552 2942 victima
1580 2920 1747 2950 spentancu,
1763 2927 1772 2940 ι
