1850 3072
101 147 144 175 36:)
473 147 499 175 J.
520 147 704 174 PEARSONII
726 147 831 175 Vl'NDﬂ

592 147 704 174 R505“
726 147 886 175 VINDICL'E
907 146 1119 176 ΙΟΝΛΤΙΛΝΑ-Ξ.
1139 162 1175 170 -
1193 147 1283 174 PARS
1296 145 1322 175 ll

1685 147 1738 174 370

102 212 128 233 ut
140 205 264 241 loquitur
285 211 385 233 auctor
402 207 537 235 orationis
556 208 683 235 secunda:
694 207 890 244 Chrysostomo
906 212 927 241 Α
942 213 1034 235 autent
1048 207 1105 234 lucc
1130 215 1183 234 non
1205 212 1311 234 tantum
1329 214 1390 234 vera
1411 214 1472 234 esse
1492 206 1597 240 dicunt,
1611 206 1658 234 sed
1677 212 1737 234 tan-

103 252 232 287 ascriptaz.
246 252 301 280 Sed
318 252 426 287 reliqua
440 253 563 288 exempla
585 261 812 288 percenseamus,
829 254 892 289 qui-

103 299 148 326 bus
167 306 278 333 semper
308 299 335 326 in
363 298 487 326 Ecclesia
512 299 556 326 illa
583 305 734 335 martyrum
762 299 893 326 fortitudo

101 345 240 372 decantata
255 350 312 378 est,
330 353 386 380 qua
408 345 588 373 instrumenta
602 346 678 374 necis
690 346 723 373 ad
740 354 816 373 suam
830 354 893 380 pas-

101 392 204 419 sionem
234 392 446 419 accelerandam
476 392 620 427 urgebant.
646 392 674 419 ltt
701 393 891 427 antiquissima

102 437 241 473 Perpetua‘
266 438 398 472 passione
423 438 481 465 hate
510 438 640 473 legimus:
669 448 678 464 ‹
695 438 828 474 Perpetua
844 447 892 466 au—

101 489 152 511 tem
177 487 208 511 ut
235 484 342 518 aliquid
366 484 471 512 doloris
498 489 639 519 gustaret,
655 485 727 512 inter
740 493 803 512 ossa
817 492 893 512 eom-

101 538 199 565 puncta
211 531 387 562 exululavit,
407 536 433 558 ct
457 536 594 558 errantem
614 531 736 567 gladium
761 522 891 560 tirunculi

101 576 261 610 gladiatoris
273 576 331 610 ipsa
349 577 376 602 in
389 576 516 611 jugulum
533 584 613 604 suum
634 577 783 604 transtulit.
804 586 813 602 ι
829 577 892 604 Dio-

101 622 194 658 nysius
208 622 385 650 Alexandria:
397 622 544 658 cpiscopus
559 622 732 657 Apolloniam
758 623 891 658 vtrgincm

100 677 269 704 magnopere
284 670 385 702 laudat,
401 670 474 704 quod
490 677 553 697 cum
570 669 621 705 ipsi
633 670 782 697 verberatis
795 670 891 698 maxil-

100 716 132 743 lis
158 716 253 743 cuncti
282 716 378 743 dentes
416 717 536 749 excussi,
571 716 744 751 llatnmreqnc
773 717 891 744 admota:

98 766 190 788 essent
200 782 208 793 ,
230 762 365 794 συντόνως
390 763 563 798 ὲπεπήὸησεν
576 763 615 794 εἰς
637 763 667 789 τὸ
680 763 735 798 πῦρ
747 764 793 790 καὶ
806 772 890 791 κατα-

98 808 264 842 πὲφλεκται,
280 819 288 833 ε
305 809 429 836 celeriter
442 809 468 836 in
481 809 570 844 ignem
583 809 680 838 insiliit
697 815 725 838 et
739 810 891 846 conﬂagra-

99 854 146 881 vit.
163 863 173 880 I
192 854 222 881 S.
247 853 369 882 llilarius
396 855 571 882 enarratiotte
598 856 624 883 in
647 856 782 891 psalmum
813 865 888 884 va:

101 910 111 926 ι
128 899 181 926 Alii
205 900 280 927 enim
312 900 339 926 in
355 901 472 928 vinculis
494 908 635 929 carcerum
658 903 828 937 gloriantur,
843 903 889 930 alii

98 946 160 973 cesi
177 946 206 973 in
225 946 388 974 verberibus
409 947 583 983 gratulantur
594 969 601 979 .
618 948 663 975 alii
680 949 806 983 potestati
819 949 889 976 irre-

98 991 262 1027 ligiosorum
278 992 431 1020 desecanda
452 993 570 1020 felicium
596 994 716 1029 capitum
738 994 808 1022 colla
823 995 890 1022 sub-

97 1039 226 1072 mittunt;
239 1037 332 1073 plures
346 1039 373 1066 in
385 1043 540 1067 exstructos
556 1048 637 1075 rogos
647 1047 780 1074 currunt,
795 1046 822 1068 et
836 1046 890 1070 tre-

96 1084 257 1118 pidantibus
291 1092 378 1120 pinna:
400 1085 536 1112 ministris
562 1085 652 1121 ignem
683 1087 755 1114 saltu
786 1087 890 1117 devotae

96 1131 287 1158 festinationis
313 1131 452 1158 insiliunt.
472 1141 480 1157 ι
497 1131 575 1160 llune
604 1133 630 1160 in
655 1133 822 1168 martyribus
840 1142 889 1168 pa-

95 1175 180 1202 tiendi
203 1174 332 1202 ardorem
351 1176 454 1210 optimc
468 1176 596 1205 describit
622 1177 650 1205 S.
676 1177 890 1214 Chrysostontus

95 1221 225 1248 oratione
239 1221 267 1248 in
288 1221 456 1254 Romanum,
471 1223 610 1251 diabolum
627 1225 664 1251 ita
681 1225 834 1260 loquentem
850 1225 892 1253 in—

95 1267 269 1294 troducens:
298 1268 453 1304 Ἀνορακας
478 1270 662 1306 ὑπεστόρεσα,
685 1273 710 1298 οἱ
733 1271 761 1298 δὲ
787 1272 824 1304 ὡς
845 1272 891 1299 ἐπὶ

92 1313 161 1348 ῥόδα
173 1314 297 1349 ἔτρεχον,
314 1324 323 1340 ι
337 1323 439 1349 prunas
454 1316 604 1348 substravi,
618 1317 747 1344 hiantem
761 1322 890 1353 tanquam

94 1358 129 1385 ad
151 1366 233 1386 rosas
257 1360 424 1394 currebant,
442 1371 450 1386 ι
475 1361 530 1397 πῦρ
544 1361 645 1397 ἀνῆψα,
659 1363 684 1388 οἱ
697 1363 725 1389 δὲ
737 1363 775 1395 ὡς
786 1364 826 1396 εἰς
839 1373 887 1400 πη-

93 1405 146 1438 γὰς
160 1405 268 1432 ὑδάτων
291 1406 404 1443 ψυχρῶν
424 1408 536 1440 ἑαυτοὺς
548 1409 679 1444 ἔρριψαν,
701 1419 711 1435 ‹
733 1410 823 1446 ignem
845 1419 891 1438 ac-

93 1454 187 1486 cendi,
204 1454 245 1480 illi
262 1459 354 1481 autem
381 1459 511 1489 tanquam
537 1455 563 1482 itt
583 1456 673 1484 fontes
687 1465 822 1492 aquarum
843 1458 891 1485 fri-

93 1499 223 1534 gidartun
245 1501 351 1535 seipsos
372 1501 563 1536 projiciebant,
582 1511 592 1528 ι
609 1503 655 1529 καὶ
670 1502 764 1540 ὥσπερ
780 1505 809 1531 ἐν
830 1505 892 1541 ἱερᾷ

91 1548 193 1581 πομπῇ
211 1546 372 1582 χορεύοντες
387 1548 435 1574 καὶ
446 1549 475 1574 ἐν
493 1548 607 1584 λειμῶνι
622 1549 765 1583 παίζοντες
776 1551 889 1587 χλοερῷ,
904 1562 924 1592 c

91 1592 167 1619 οὕτω
186 1592 238 1624 τὰς
253 1593 390 1630 τιμωρίας
403 1594 518 1627 ἕκαστος
532 1596 667 1632 ἥρπαζον,
681 1597 730 1632 οὺχ
744 1597 782 1629 ὡς
803 1606 889 1633 τιμω-

91 1638 158 1674 ρίας
171 1639 232 1665 ἀλλ’
247 1639 285 1671 ὡς
303 1640 371 1676 ἄνθη
390 1640 574 1676 λαμὸάνοντες
590 1643 687 1678 ἐαρινὰ
697 1664 703 1675 ,
726 1644 773 1670 καὶ
789 1652 888 1679 στεφα-

93 1684 233 1720 νούμενοι.
261 1686 308 1712 καὶ
326 1688 358 1722 τῇ
381 1687 432 1722 τῆς
450 1687 553 1720 οἰκείας
572 1689 728 1724 προθυμίας
754 1690 889 1726 ὑπερϐολῇ

91 1731 144 1763 τὰς
159 1732 231 1767 ἐμὰς
245 1733 417 1769 προέφοανον
431 1730 576 1771 τιμωρίας,
593 1745 602 1760 ι
618 1740 646 1763 et
661 1740 792 1771 tanquam
807 1738 834 1764 in
846 1746 890 1765 sa-

93 1786 142 1805 cra
168 1786 268 1813 pompa
286 1780 401 1807 choreas
424 1785 544 1815 agentes.
563 1785 591 1809 et
610 1782 637 1809 in
652 1782 732 1810 viridi
754 1787 832 1818 prato
847 1788 891 1811 tu-

93 1825 205 1858 dentes,
220 1826 257 1852 ita
269 1830 404 1853 tormenta
421 1827 536 1862 quisque
549 1828 677 1864 arripuit,
690 1837 743 1856 non
758 1835 889 1865 tanquam

94 1877 212 1904 pinnas,
227 1871 274 1898 sed
295 1871 371 1898 velut
389 1880 489 1899 vernos
506 1873 587 1900 flores
601 1875 767 1909 accipientes
777 1896 784 1909 ,
801 1881 826 1903 et
841 1884 889 1903 co-

94 1916 187 1943 ronati
200 1936 209 1949 ,
221 1920 248 1943 et
260 1917 378 1951 propria:
388 1918 540 1946 alacritatis
551 1927 666 1948 excessu
679 1925 815 1948 tormenta
829 1930 888 1949 utea

92 1963 301 1998 prteripiebant.
322 1974 332 1990 ›

131 2009 227 2045 Neque
246 2010 345 2038 mirum
366 2015 409 2038 est
428 2012 534 2047 aliquos
550 2012 652 2042 bestias
663 2014 718 2049 jam
734 2019 844 2048 paratas
855 2015 888 2042 ad

95 2057 219 2091 ipsorum
234 2065 326 2084 necem
340 2065 519 2092 provocasse,
532 2064 580 2086 aut
601 2061 769 2089 crudelitatis
784 2061 889 2089 instruo

93 2108 189 2130 menta
206 2103 233 2130 in
247 2103 390 2138 procinctu
406 2104 493 2139 posita
511 2103 545 2132 ad
559 2105 768 2134 accelerandum
785 2112 888 2143 marty—

95 2150 171 2176 rium
184 2150 255 2177 ultro
276 2150 457 2184 adhibuisse;
473 2159 535 2178 cum
556 2153 708 2180 certissime
724 2158 846 2187 constet,
864 2155 889 2181 id

94 2195 170 2229 quod
187 2195 273 2222 multo
289 2196 381 2230 majus
396 2201 448 2229 est,
462 2198 683 2232 quamplurimas
705 2204 819 2226 mortem
840 2206 889 2235 pro

944 261 1026 288 quam
1053 261 1192 281 summum
1217 253 1356 288 religionis
1375 253 1535 281 Christiana:
1556 253 1640 281 decus
1667 261 1736 288 prte-

944 300 1045 327 dicant.
1070 299 1195 327 Justinus
1222 304 1326 335 martyr
1359 299 1458 326 fatetur
1490 299 1677 327 Christianum
1706 308 1736 326 se

945 345 1047 372 factum
1062 354 1138 378 esse,
1155 346 1227 381 qttod
1244 346 1268 373 ei
1290 353 1370 373 nemo
1395 345 1483 372 malus
1503 345 1639 372 videretur
1653 345 1735 373 Θάνα-

943 401 988 418 τον
1005 391 1192 425 ἀσπάζεσθαι,
1209 393 1258 428 οὐχ
1273 393 1314 419 ὅτι
1331 392 1426 419 ἑαυτὸν
1449 392 1615 428 κατήγγελλε
1638 400 1734 427 φονευ-

943 437 1101 473 θησύμενον,
1115 447 1123 463 ‹
1136 437 1236 465 nedum
1249 443 1278 464 ιιι
1288 438 1432 472 quisquam
1448 438 1566 472 scipsum
1580 438 1732 464 necandum

944 483 1017 510 ultro
1036 484 1162 518 proderet
1185 491 1217 510 ac
1233 483 1369 515 deferret,
1391 493 1400 509 ι
1419 483 1493 518 qttod
1505 482 1652 512 Christiani
1670 488 1734 508 tuna:

944 528 1074 564 temporis
1096 530 1228 557 fecerunt.
1253 530 1379 557 Clemens
1396 530 1505 565 quidem
1534 528 1734 556 Alexandrinus

943 581 1038 603 contra
1064 575 1272 603 Valentinianos
1295 577 1441 612 disputatts
1463 576 1637 611 reliquosque
1663 575 1735 602 Gno-

943 623 1041 654 stieos,
1060 623 1106 657 qui
1131 631 1241 650 omnem
1264 631 1314 657 pro
1338 623 1454 650 veritate
1477 623 1633 658 passionem
1653 629 1734 655 nega-

943 669 1018 701 bant,
1041 668 1200 696 Gnosticunt
1227 677 1308 697 suum
1335 670 1370 697 ita
1396 669 1531 700 instituit,
1553 675 1582 696 ttt
1603 676 1657 695 non
1679 669 1732 695 nisi

943 719 1054 743 coactus
1069 716 1231 751 martyrium
1243 716 1357 748 subeat,
1371 716 1568 743 fateturtamen
1581 715 1650 742 alios
1662 723 1734 743 mar-

944 766 1015 797 tyres
1039 762 1118 789 aliter
1143 762 1280 789 animatos
1305 762 1400 794 fuisse,
1417 761 1620 796 Gnosticusque
1635 761 1670 788 ab
1687 761 1734 789 illo

941 808 1100 836 eil'ormatus
1123 809 1224 836 dicitur
1254 818 1259 835 :
1286 808 1378 844 Ταύτῃ
1399 807 1454 834 τῶν
1474 807 1560 835 ἄλλων
1581 807 1734 843 λεγομένων

943 853 1088 891 μαρτύρων
1105 854 1297 890 χωριζόμενος,
1348 855 1372 880 οἱ
1391 854 1439 890 μὲν
1456 853 1583 889 ἀφορμὰς
1600 853 1734 888 παρέχον-

941 899 986 931 τές
1004 908 1093 934 σφισιν
1110 900 1201 931 αὐτοῖς
1218 900 1443 935 ὲπιῤῥιπτοῦντες
1460 899 1553 931 αὐτοῖς
1575 901 1631 931 τοῖς
1648 899 1734 926 κινδύ-

941 952 1007 977 νοις,
1025 944 1075 970 oux
1091 942 1138 971 οἷδ’
1154 945 1239 975 ὅπως,
1258 944 1400 980 εὐστομεῖν
1414 943 1469 979 γὰρ
1482 943 1594 975 δίκαιον,
1608 954 1617 969 t
1629 944 1679 971 hac
1690 953 1734 971 ra-

942 990 1016 1018 tione
1029 996 1173 1026 separatus
1182 991 1216 1017 ab
1228 991 1289 1018 aliis
1300 991 1347 1026 qui
1358 990 1488 1018 dicuntur
1500 995 1644 1026 martyres,
1658 991 1733 1026 qttod

942 1036 987 1064 alii
999 1037 1108 1072 quidem
1122 1037 1174 1063 sibi
1194 1037 1260 1072 ipsis
1272 1037 1422 1071 praebentes
1434 1037 1618 1067 occasionem,
1636 1044 1675 1070 se,
1686 1044 1733 1063 ne-

941 1084 1000 1111 scio
1014 1082 1163 1118 quomodo,
1179 1083 1206 1109 in
1225 1084 1283 1118 ipsa
1296 1083 1415 1117 pericula
1428 1082 1552 1117 injiciant
1567 1082 1647 1117 (bene
1659 1083 1733 1110 enim

941 1130 1015 1165 loqui
1031 1137 1080 1164 par
1093 1129 1157 1165 est),
1179 1140 1187 1154 ι
1210 1129 1257 1157 sed
1271 1137 1324 1156 non
1341 1129 1376 1156 ab
1394 1129 1448 1156 illis
1460 1134 1565 1156 tantum
1578 1134 1732 1164 separatur,

941 1178 987 1213 qui
1000 1177 1072 1204 ultro
1089 1184 1118 1204 se
1128 1176 1296 1209 obtulerunt,
1310 1184 1405 1203 verum
1416 1176 1499 1203 etiarn
1516 1175 1551 1203 ab
1568 1175 1612 1209 iis,
1631 1175 1676 1210 qui
1691 1176 1733 1203 vel

941 1224 977 1251 ob
993 1229 1095 1250 metum
1110 1230 1208 1258 pense,
1225 1227 1272 1249 attt
1287 1221 1322 1249 ob
1339 1229 1415 1256 spent
1431 1222 1525 1249 aeterni
1537 1222 1638 1256 przetnii
1657 1222 1732 1257 passi

941 1273 1015 1301 sunt,
1029 1269 1125 1305 quales
1138 1269 1236 1304 opinor
1249 1275 1346 1294 omnes
1361 1267 1394 1295 de
1407 1268 1508 1303 quibus
1522 1268 1638 1303 legimus
1658 1275 1733 1296 mar-

942 1319 1015 1351 tyrcs
1033 1314 1124 1346 fuere;
1145 1318 1219 1341 certe
1237 1313 1274 1340 ita
1293 1321 1323 1340 se
1342 1313 1369 1340 itt
1384 1313 1491 1347 judicio
1505 1313 1642 1348 explicare
1658 1314 1732 1342 sole-

942 1362 1017 1389 bant.
1033 1361 1217 1388 Tertullianus
1234 1361 1268 1387 ad
1287 1359 1430 1394 Scapulam
1447 1368 1507 1395 cap.
1526 1360 1536 1386 Ι
1555 1368 1562 1386 :
1582 1370 1591 1386 ι
1602 1359 1658 1392 Nos
1672 1362 1734 1396 qui-

941 1409 1002 1435 dem
1019 1416 1068 1435 ncc
1087 1406 1295 1442 expavescimus
1317 1414 1367 1434 nec
1382 1406 1602 1441 pertimescimus
1624 1415 1656 1434 ea
1671 1415 1733 1442 qua:

940 1455 976 1482 ab
987 1455 1178 1490 ignorantibus
1190 1453 1310 1488 patimur
1325 1462 1331 1480 ε
1351 1461 1413 1480 cutn
1429 1453 1462 1480 ad
1476 1453 1545 1481 hanc
1559 1458 1662 1481 sectam
1677 1454 1732 1481 uti-

942 1509 996 1537 que
1011 1505 1139 1536 suscepta
1154 1499 1311 1528 conditione
1333 1499 1394 1535 ejus
1418 1499 1490 1534 pacti
1514 1500 1678 1533 venerimus,
1702 1506 1732 1528 ut

942 1549 1024 1576 etiam
1042 1548 1150 1576 animas
1164 1551 1273 1574 nostras
1290 1546 1446 1573 auctoritati
1459 1545 1485 1572 in
1506 1546 1554 1574 has
1568 1554 1672 1581 pugnas
1684 1554 1732 1574 ac-

941 1595 1082 1626 cedamus,
1097 1602 1129 1622 ea
1145 1601 1206 1629 qua:
1223 1593 1296 1620 Deus
1311 1592 1476 1627 repromittit
1491 1593 1621 1628 consequi
1635 1597 1733 1628 optan-

943 1646 992 1674 tes,
1019 1645 1046 1668 ct
1069 1648 1100 1668 ea
1117 1648 1179 1675 quae
1199 1639 1313 1666 diversae
1336 1638 1397 1665 vite
1417 1638 1603 1665 comminatur
1621 1639 1676 1673 pati
1699 1639 1733 1666 ti-

942 1692 1057 1716 mentes.
1076 1687 1199 1722 Denique
1219 1693 1283 1713 cum
1298 1684 1372 1713 omni
1391 1683 1495 1712 saevitia
1513 1688 1602 1711 vestra
1617 1692 1731 1712 concer-

943 1738 1034 1761 tamus
1061 1733 1142 1761 etiam
1170 1733 1242 1760 ultro
1258 1735 1433 1767 erumpentes
1455 1732 1595 1767 magisque
1611 1731 1732 1758 damnati

941 1790 1023 1817 quam
1047 1781 1164 1809 absoluti
1185 1781 1347 1816 gaudemus.
1370 1791 1378 1807 ι
1399 1781 1472 1808 Idem
1490 1781 1580 1816 cap.‘2
1597 1790 1603 1808 :
1625 1790 1634 1806 ε
1654 1780 1734 1807 Absit

942 1833 971 1856 ut
984 1828 1094 1864 indigne
1107 1827 1229 1855 feramus
1241 1835 1271 1855 ea
1290 1836 1340 1855 nos
1355 1829 1410 1863 pati
1428 1836 1488 1862 qua:
1509 1827 1651 1862 optamus!
1673 1836 1683 1852 ›
1701 1825 1733 1853 Et

940 1883 1002 1910 cap.
1016 1875 1032 1901 ιι
1048 1885 1054 1902 :
1076 1884 1085 1901 ι
1098 1874 1165 1902 Vide
1179 1879 1284 1901 tantum
1303 1882 1336 1901 tte
1353 1875 1405 1902 hoc
1420 1875 1482 1910 ipso
1503 1874 1575 1909 quod
1588 1874 1651 1900 talia
1668 1881 1731 1900 sns-

942 1922 1072 1954 tinemus,
1085 1921 1119 1948 ad
1132 1921 1183 1948 hoc
1195 1921 1284 1948 solum
1300 1921 1442 1948 videamur
1459 1928 1614 1955 erumpere,
1633 1924 1663 1946 ut
1680 1920 1731 1947 hoc

941 1967 1030 2003 ipsum
1050 1968 1217 2003 probemus,
1241 1975 1291 1995 nos
1312 1967 1369 1995 haec
1391 1975 1445 1994 tton
1463 1967 1569 1997 timere.
1587 1966 1634 1994 sed
1660 1966 1733 1993 ultro

941 2022 1049 2041 vocare.
1064 2014 1146 2040 Arius
1171 2013 1308 2041 Antonius
1324 2014 1350 2040 in
1364 2014 1429 2041 Asia
1443 2021 1506 2041 cum
1520 2017 1732 2048 persequeretur

942 2061 1086 2093 instanter,
1101 2069 1196 2088 omnes
1213 2061 1287 2087 illius
1299 2060 1418 2088 civitatis
1437 2060 1584 2087 Christiani
1603 2064 1664 2087 ante
1681 2060 1732 2087 tri-

941 2106 1050 2133 bunalia
1065 2114 1094 2133 se
1109 2115 1191 2133 manu
1206 2106 1276 2133 facta
1296 2106 1470 2139 obtulerunt;
1484 2114 1546 2134 cum
1567 2106 1623 2139 ille,
1636 2106 1732 2141 paucis

940 2152 1004 2179 duci
1019 2152 1121 2186 jussis,
1137 2153 1251 2187 reliquis
1276 2153 1314 2179 ait
1335 2160 1341 2178 :
1361 2150 1396 2178 Ὦ
1411 2152 1503 2184 δειλοὶ,
1521 2153 1545 2178 εἰ
1562 2152 1652 2178 θέλετε
1669 2152 1733 2179 ἁπο-

942 2197 1077 2234 Θνήσκειν,
1095 2199 1233 2234 κρημνοὺς
1249 2198 1266 2234 ἢ
1284 2198 1396 2234 βρόχους
1413 2198 1497 2234 ἔχετε.
1518 2197 1573 2225 Hoc
1586 2198 1609 2225 si
1624 2198 1720 2233 placue

94 2241 197 2269 Christi
218 2242 328 2269 nomine
347 2243 528 2277 appetivisse,
551 2251 615 2271 cum
636 2245 663 2271 in
681 2244 801 2272 ltostium
814 2252 890 2280 pote-
905 2240 928 2267 ι)
942 2245 977 2271 rit
992 2244 1080 2271 ct-hic
1098 2244 1167 2277 fieri,
1181 2244 1247 2279 quid
1262 2244 1346 2272 facies
1359 2245 1392 2271 de
1407 2245 1490 2272 tantis
1504 2245 1626 2271 millibus
1641 2244 1731 2271 homi-

95 2291 167 2314 state
182 2295 235 2314 non
248 2292 352 2320 essent,
366 2287 472 2323 seipsos
489 2289 639 2322 indicasse,
655 2290 801 2325 hostesque
816 2291 891 2326 ipsos

94 2335 130 2360 ad
144 2333 307 2368 supplicium
325 2334 502 2369 infligendum
515 2343 690 2370 provocasse.
706 2336 743 2364 De
756 2337 891 2366 Christia-

95 2379 139 2406 nis
156 2380 199 2407 sui
218 2380 349 2415 temporis
365 2379 502 2408 Lucianus
518 2381 544 2408 in
560 2382 701 2416 Peregrina
715 2390 723 2409 :
740 2383 890 2411 Πεπείκασι

94 2425 150 2461 γὰρ
170 2426 269 2457 αὐτοὺς
290 2427 315 2452 οἱ
340 2426 537 2462 κακοδαίμονες
558 2426 589 2453 τὸ
611 2427 660 2463 μὲν
680 2428 740 2455 ὅλον
762 2428 890 2456 ἀθάνατοι

94 2471 204 2499 ἔσεσθαι
228 2472 275 2499 καὶ
302 2471 449 2507 βιώσεσθαι
471 2473 516 2500 τὸν
537 2474 580 2501 ἀεὶ
596 2475 701 2510 χρόνοψ
727 2476 791 2511 παρ’
813 2476 827 2501 ὃ
844 2477 890 2502 καὶ

94 2519 298 2555 καταφρονοῦσι
314 2518 361 2545 τοῦ
380 2519 494 2546 θανάτου
504 2541 512 2552 ,
530 2521 577 2547 καὶ
593 2521 700 2553 ἑκόντες
716 2523 814 2555 αὐτοὺς
831 2523 890 2550 ἐπι-

93 2565 212 2592 διδόασιν
228 2567 252 2592 οἱ
269 2565 373 2592 πολλοὶ.
396 2575 405 2590 ι
424 2565 516 2593 Miseri
533 2566 659 2594 homines
677 2576 691 2594 a
716 2568 814 2602 seipsis
828 2576 890 2603 per-

93 2613 180 2645 suasi,
196 2612 255 2640 fore
268 2620 298 2640 se
310 2613 417 2647 integre
431 2612 609 2645 immortales,
628 2622 790 2649 semperque
803 2615 890 2642 vietu-

94 2666 150 2690 ros,
162 2663 280 2686 mortem
293 2662 484 2690 contemnunt,
498 2659 634 2693 multique
646 2659 718 2686 ultro
728 2659 833 2694 seipsos
843 2659 890 2686 de-

94 2705 171 2732 dunt.
191 2714 200 2730 )
221 2704 391 2732 Tiberianus
415 2703 567 2731 Palaestinae
588 2712 689 2739 prases
706 2705 757 2732 sub
774 2705 889 2740 imperio

94 2749 205 2784 Trajani
219 2750 254 2777 de
266 2749 388 2777 Galilzeis
402 2750 459 2777 sive
473 2749 639 2777 Christianis
656 2751 690 2778 ita
703 2751 840 2785 loquitur:
858 2752 889 2778 οὺ

94 2804 226 2822 παυονται
244 2795 359 2826 ἑαυτοὺς
378 2795 525 2830 μηνύοντες
534 2797 574 2827 εἰς
581 2796 611 2822 τὸ
628 2796 807 2832 ἀναιρεῖσθαι,
820 2805 889 2824 «non

93 2846 202 2869 cessant
219 2842 255 2869 ad
275 2841 379 2868 eadem
405 2849 465 2869 sese
486 2841 664 2876 patefacere.)
690 2842 752 2870 Haec
768 2842 802 2870 de
818 2844 890 2870 anti-

93 2888 237 2925 quissimis
255 2887 424 2923 martyribus
438 2888 552 2922 gentiles
565 2891 699 2917 testantur
716 2897 722 2915 :
741 2889 889 2919 Christiani

942 2299 1006 2317 ttutn
1024 2294 1062 2317 tot
1078 2290 1145 2318 viris
1159 2295 1186 2317 et
1201 2290 1322 2323 feminis,
1337 2291 1428 2318 omnis
1450 2299 1532 2318 sexus
1545 2311 1553 2323 ,
1578 2291 1730 2326 dignitatis,

941 2336 1119 2364 oﬂ‘erentilnts
1140 2344 1170 2364 se
1182 2337 1248 2364 tibi?
1262 2346 1271 2363 ι
1296 2337 1326 2364 S.
1351 2336 1524 2372 Cyprianus,
1543 2344 1606 2364 cum
1628 2341 1731 2372 marty-

941 2384 1013 2411 rium
1028 2383 1150 2418 impense
1163 2383 1313 2417 laudasset,
1328 2384 1368 2411 sic
1378 2383 1565 2419 praefationem
1577 2383 1728 2410 concludit:

943 2439 953 2455 ι
967 2429 1160 2464 Amplectenda
1184 2438 1228 2457 res
1243 2434 1286 2456 est
1309 2434 1336 2457 et
1352 2431 1480 2465 optanda,
1496 2435 1522 2457 et
1537 2430 1666 2457 omnibus
1680 2437 1731 2464 po-

941 2475 1121 2503 stulationum
1138 2482 1294 2502 nostrarum
1318 2474 1445 2509 precibus
1460 2473 1626 2508 expetenda,
1643 2477 1672 2500 ut
1684 2473 1731 2507 qui

941 2521 1011 2549 servi
1030 2521 1077 2549 Dei
1094 2529 1201 2554 sumus,
1219 2521 1306 2548 simus
1322 2525 1349 2548 ct
1359 2521 1451 2548 amici.
1469 2529 1477 2546 ι
1492 2519 1531 2547 Ac
1543 2527 1639 2547 rursus
1652 2519 1685 2546 ad
1698 2520 1731 2546 ti-

941 2576 1002 2595 nem
1018 2568 1079 2594 libri
1094 2576 1100 2593 2
1118 2576 1127 2592 ι
1146 2567 1214 2600 Quis
1232 2567 1314 2602 igitur
1330 2574 1384 2593 non
1404 2566 1533 2593 omnibus
1551 2558 1656 2592 viribus
1675 2565 1732 2592 cla-

941 2615 1030 2646 boral,
1045 2614 1079 2641 ad
1101 2618 1205 2640 tantam
1227 2613 1378 2640 claritatem
1402 2611 1544 2646 pervenire
1557 2632 1564 2644 ,
1582 2616 1612 2638 ut
1625 2611 1730 2638 amicus

941 2658 988 2686 Dei
1003 2659 1060 2691 fiat,
1080 2663 1109 2685 ut
1127 2666 1189 2685 cum
1204 2657 1315 2685 Christo
1331 2657 1424 2684 statim
1452 2657 1568 2692 gaudeat
1581 2677 1589 2687 .
1620 2661 1649 2683 ιιι
1670 2662 1731 2691 post

940 2709 1077 2732 tormenta
1090 2709 1118 2731 et
1131 2704 1265 2739 supplicia
1280 2708 1386 2730 terrena
1404 2704 1516 2738 praemia
1531 2703 1622 2730 divina
1639 2703 1730 2738 perci—

940 2751 1014 2786 piat?
1029 2760 1038 2776 ›
1057 2751 1093 2778 De
1109 2758 1181 2777 nona
1198 2750 1386 2784 persecutione
1398 2750 1556 2785 Sulpicius:
1576 2759 1586 2775 ε
1598 2749 1730 2777 Certatim

940 2797 1060 2833 gloriosa
1082 2797 1109 2824 in
1122 2796 1274 2824 certamina
1291 2797 1439 2830 ruehatur;
1461 2797 1602 2831 multoque
1622 2786 1730 2824 aviditis

941 2848 998 2870 tum
1010 2843 1142 2878 martyria
1153 2842 1280 2878 gloriosm
1292 2843 1426 2870 mortibus
1436 2843 1638 2877 quwrebantur,
1647 2851 1729 2878 quam

940 2897 1014 2918 nunc
1029 2889 1203 2925 episcopatus
1218 2890 1314 2924 pronis
1326 2889 1522 2918 ambitionibus
1536 2894 1729 2924 appetuntum
