1850 3072
142 140 190 167 571

618 138 647 167 S.
665 139 841 168 lGNATIUS.
862 156 895 160 —
915 139 1181 168 PROLECOMENA.
1720 138 1772 165 372

144 199 217 228 Idem
230 200 312 235 epist.
333 201 362 237 μ
387 200 421 228 de
435 200 465 228 Β.
483 200 599 229 Martino
615 210 621 227 :
645 211 654 227 ι
668 200 744 234 Quod
765 201 788 228 si
806 201 830 228 ei
844 200 929 229 Nero-
944 205 967 232 Α
981 205 1039 228 tum
1056 201 1084 228 in
1106 201 1267 236 sanguinem
1290 201 1398 235 piorum
1419 199 1578 231 desaeviret,
1596 198 1771 233 obiurgant:

144 246 235 274 nianis
249 245 429 281 Decianisque
441 247 610 281 temporibus
624 247 652 274 in
668 247 713 273 illa
729 254 790 282 quae
806 250 871 274 tunc
882 254 929 273 ex-

145 291 217 319 stitit
231 291 362 319 dimicare
377 292 572 327 congressione
591 292 725 326 licuisset,
744 296 828 320 testor
846 292 931 320 Deum

143 337 206 366 cceli
223 341 304 372 atque
322 341 410 371 terrae,
425 343 522 373 sponte
535 339 682 374 equuleum
695 339 874 371 ascendisset,
890 338 931 365 ul-

144 386 187 410 tro
207 390 236 410 se
253 383 361 418 ignibus
376 383 548 412 intulisset...
566 383 595 411 Si
610 391 676 412 vero
693 384 814 419 gentium
831 384 931 411 Docto-

143 430 183 458 ris
200 430 324 465 exemplo
337 430 428 466 gladio
450 431 608 466 deputatus,
623 432 694 459 inter
708 431 792 463 alias,
813 435 843 458 ut
861 439 932 466 saepe

142 476 278 510 provenit,
291 476 416 508 victimas
431 477 587 510 duceretur,
601 477 708 513 primus
722 477 856 510 omnium,
869 485 931 504 car-

143 522 225 549 nilice
246 522 387 558 compulso
400 544 408 556 ,
430 523 548 558 palmam
570 523 713 560 sanguinis
731 528 901 558 occupasset.
919 532 928 549 ι

143 567 309 596 Valerianus
325 567 503 597 Cemeliensis
515 570 670 604 episcopus,
684 569 798 598 homilia
812 569 851 596 De
865 568 931 596 bono

142 615 268 649 martyrii
295 623 304 642 :
329 624 338 641 ι
367 615 435 649 Quis
456 623 511 643 non
532 616 642 651 sapiens
666 620 820 651 contempta
850 616 931 651 hujus

141 661 211 689 lucis
241 669 343 696 usura,
372 662 396 691 si
419 663 457 690 ita
477 671 546 691 usus
573 663 687 697 venerit,
713 664 746 692 ad
770 663 931 700 martyrium

141 707 287 734 ambitiose
300 707 420 741 festinet,
437 716 499 736 cum
515 708 606 736 videat
619 709 653 736 ad
666 709 774 736 lucrum
793 709 855 736 vitae
870 716 932 744 per-

140 752 228 781 tinere
238 753 337 781 anima:
351 759 465 781 mortem
478 754 644 789 dcputasse?
660 754 752 788 Quare
766 760 857 782 autem
875 763 931 783 non

141 799 226 829 homo
238 799 271 827 ad
287 804 342 827 tam
355 800 507 836 pretiosum
523 809 592 836 opus
606 801 722 829 devotus
744 806 882 836 occurrat,
899 810 932 830 ac

142 852 172 872 se
188 845 216 872 in
227 845 376 880 impiorum
389 854 488 877 manus
502 847 633 879 audacter
644 848 766 884 objiciat,
781 855 861 884 quem
880 856 933 876 coe-

982 255 1051 282 quos
1064 247 1108 274 ille
1122 247 1253 274 continuo
1265 254 1314 281 pro
1333 245 1434 274 Christi
1450 245 1561 272 nomine
1574 244 1673 272 bestiis
1689 243 1775 270 tradi—

982 292 1022 319 dit
1037 292 1216 320 dev0randos.
1232 300 1241 317 ›
1259 291 1399 318 Romanus
1421 289 1604 317 Caesareensis
1623 289 1772 318 diaconus.

984 339 1080 367 videns
1098 339 1199 366 multos
1215 337 1411 369 sacriﬁcantes,
1425 336 1497 373 ζήλῳ
1514 336 1672 367 θεοσεϐείας
1689 334 1776 371 1:963.-

982 394 1053 417 εισι,
1073 386 1152 413 «zelo
1175 385 1259 413 divini
1280 384 1371 412 cultus
1393 384 1482 419 ipsum
1504 384 1636 412 incitante
1658 382 1775 418 propius

983 431 1097 464 accedit,
1108 441 1117 457 )
1140 435 1167 459 et
1188 435 1317 459 contenta
1329 437 1394 458 voce
1409 429 1562 458 inclamans
1576 436 1624 457 eos
1641 428 1776 464 objurga—

983 477 1030 512 vit,
1040 477 1137 512 judici,
1151 482 1181 504 ut
1195 481 1258 504 ante
1275 477 1412 510 diximus,
1426 477 1481 503 vim
1503 475 1576 507 fecit,
1594 480 1622 502 et
1636 474 1675 502 ob
1689 474 1775 501 auda—

982 523 1052 551 ciam
1068 523 1293 558 comprehensus,
1309 522 1496 557 γενναιότατος
1516 523 1540 549 εἰ
1560 521 1608 549 καί
1627 529 1673 552 τις
1696 519 1776 551 ἄλλος

981 569 1167 598 ἀποδέδεικται
1196 570 1300 606 μάρτυς
1325 570 1375 605 τῆς
1398 568 1541 605 ἀληθείας,
1561 578 1571 594 (
1594 573 1733 603 generoso
1751 566 1774 593 si

982 617 1044 652 quis
1064 617 1134 644 alius
1151 616 1282 652 martyrio
1302 626 1311 641 ι
1337 620 1487 644 coronatus
1507 619 1560 642 est.
1578 613 1683 642 Euseb.
1700 613 1720 640 Ι.
1735 621 1773 644 1x,

982 671 1007 691 c.
1028 663 1055 690 2.
1078 662 1231 696 Quinetiam
1253 663 1413 698 Apphianus
1442 661 1563 688 fervente
1582 659 1774 695 persecutione

982 709 1052 737 clam
1063 709 1192 737 omnibus
1202 709 1229 736 in
1240 709 1335 736 eadem
1349 708 1432 735 domo
1443 706 1605 742 degentibus
1615 709 1644 733 et
1655 705 1773 732 militum

982 755 1064 783 etiam
1081 755 1204 788 cohorte,
1221 754 1326 782 Urbani
1339 753 1463 789 praesidis
1488 753 1583 781 dextra
1600 752 1774 787 apprehensa

983 801 1148 830 sacriﬁcium
1163 801 1290 829 omittere
1305 800 1405 836 coegit,
1423 803 1450 827 et
1462 798 1636 834 gravissimis
1651 802 1774 829 tormen-

983 848 1018 876 tis
1031 855 1091 876 sese
1105 847 1206 875 dedens
1219 854 1318 882 passus
1334 851 1388 874 est.
1406 845 1435 872 ld
1455 849 1546 872 autem
1565 843 1721 875 Eusebius.
1736 843 1772 870 illi

141 891 220 919 lestis
239 893 326 927 gratia
344 893 572 922 remunerationis
595 895 753 929 exspectat?
767 905 776 920 1
800 894 829 921 S.
847 894 934 931 Chry-
949 889 970 916 Β
985 894 1138 928 familiaris,
1150 902 1212 922 eum
1229 894 1326 922 fecisse
1340 892 1489 928 judicavit,
1505 892 1556 927 τῆς
1571 891 1618 917 ἐπὶ
1635 890 1711 917 τοῦτ’
1728 890 1773 916 αὺ-

141 943 284 966 sostomus
297 939 460 968 observabat
471 940 522 967 sub
537 940 652 975 imperio
662 939 763 968 Juliani
773 942 864 968 πᾶσαν
877 941 931 976 ἡλι-

140 985 204 1012 κίαν
220 985 314 1017 ἁπλῶς
340 986 386 1012 καὶ
410 986 490 1021 φύσιν
508 987 657 1022 ἑκατέραν,
675 987 804 1023 πηδῶσαν
821 988 866 1014 ἐπὶ
881 988 931 1020 τὰς

141 1031 212 1066 ὑπὲρ
238 1031 287 1066 τῆς
311 1031 452 1064 εὐσεϐείας
475 1033 600 1067 σφαγάς,
621 1040 751 1060 «omnem
775 1038 881 1061 aetatem
905 1038 932 1061 et

140 1082 288 1113 utrumque
300 1086 394 1106 sexum
409 1079 443 1106 ad
456 1086 571 1106 mortem
585 1087 635 1115 pro
648 1088 712 1108 vera
725 1080 856 1116 religione
868 1081 932 1108 sub-

139 1124 258 1151 eundam
281 1125 462 1153 exsilientem.
479 1135 488 1151 ι
509 1125 585 1154 Hanc
607 1127 739 1153 rationem
763 1126 867 1160 reddit,
882 1134 932 1154 cur

139 1170 265 1198 Julianus
280 1171 410 1206 Apostala
426 1176 548 1207 apertam
572 1177 668 1200 contra
682 1172 854 1200 Christianos
872 1180 933 1208 per-

141 1217 309 1244 secutionem
331 1217 421 1244 moliri
443 1218 576 1250 noluerit,
599 1218 659 1254 ⁴ᾔδει
675 1217 745 1253 γὰρ,
764 1217 822 1253 ᾔδει
839 1218 932 1252 σαφῶς

139 1263 181 1290 ὄτι
197 1263 276 1291 τοῦτο
291 1264 478 1300 τολμήσαντος
495 1263 578 1291 αὑτοῦ
591 1286 597 1298 ,
622 1265 722 1297 πάντες
745 1265 778 1292 ἂν
799 1265 869 1301 ὑπὲρ
884 1264 932 1291 τοῦ

140 1308 259 1344 Χριστοῦ
274 1309 323 1341 τὰς
340 1309 445 1336 ἑαυτῶν
454 1309 613 1346 προῦδωκαν
623 1310 721 1346 ψυχάς.
737 1320 746 1336 ι
756 1310 837 1338 Novit
845 1310 931 1343 enim,

140 1359 233 1388 aperte
250 1355 336 1389 novit,
354 1356 439 1391 quod,
454 1356 477 1383 si
493 1356 545 1384 hoc
562 1350 678 1384 auderet
699 1357 758 1389 ille,
774 1364 870 1384 omnes
883 1363 932 1391 pro

140 1400 251 1428 Christo
267 1401 374 1429 animas
394 1409 460 1429 suas
483 1402 675 1437 prodidissent.
698 1412 707 1428 ι
738 1403 842 1434 Πάντες
858 1402 931 1438 γὰρ,

140 1448 234 1484 φησὶν,
251 1447 289 1480 ὡς
305 1449 350 1475 ἐπὶ
368 1449 463 1485 κηρίον
481 1449 602 1485 μέλιτται
618 1449 727 1485 ἥξουσιν
743 1449 781 1481 ὡς
797 1449 842 1476 ἐπὶ
861 1449 932 1485 μαρ-

139 1494 232 1530 τύριον
249 1495 403 1531 πετόμενοι,
424 1505 433 1521 ι
451 1491 553 1523 Omnes
575 1496 659 1529 enim,
678 1496 778 1531 inquit,
793 1500 822 1522 ut
843 1495 877 1522 ad
891 1495 931 1523 fa-

139 1547 204 1569 Vll‘ﬂ
220 1549 296 1576 apes,
312 1542 346 1569 ad
361 1542 523 1578 martyrium
541 1542 735 1570 convolabunt.
751 1552 761 1568 ι

175 1584 269 1621 Neque
279 1594 345 1614 vero
360 1591 466 1614 tantum
479 1586 560 1615 fortia
572 1587 656 1615 locuti
672 1592 736 1616 sunt
747 1589 867 1624 antiquae
878 1587 927 1616 Ec-

140 1631 232 1669 clesia:
242 1633 405 1666 Christiani,
422 1633 470 1661 sed
485 1639 512 1661 et
528 1627 618 1662 fecere
632 1639 660 1662 et
671 1635 745 1670 passi
763 1640 836 1663 sunt.
852 1634 928 1663 Cele—

140 1680 190 1707 bre
209 1679 335 1714 inprimis
351 1679 404 1707 fuit
421 1687 521 1708 nomen
536 1679 634 1708 Phocze
646 1681 785 1717 martyris,
803 1682 851 1716 qui
865 1689 927 1709 cum

139 1726 251 1754 lictores
277 1725 348 1754 forte
374 1726 492 1761 hospitio
518 1727 687 1762 accepisset,
712 1727 759 1763 qui
781 1728 929 1756 narrabant

141 1774 242 1801 missos
256 1781 285 1800 se
299 1773 332 1800 ad
355 1773 574 1801 interficiendum
591 1773 727 1808 Phocam,
744 1774 871 1810 promisit
884 1774 929 1802 die

141 1819 262 1846 crastino
275 1826 305 1847 se
316 1819 435 1847 Phocam
448 1819 502 1847 illis
516 1823 701 1853 ostensurum,
717 1824 743 1848 et
761 1821 820 1848 loco
833 1820 866 1848 ad
886 1828 929 1848 se—

140 1865 279 1900 pulturam
304 1865 380 1900 prius
400 1870 553 1900 praeparato
575 1870 670 1894 astans
684 1866 724 1894 eis
738 1866 827 1894 dixit:
847 1876 857 1892 ι
871 1866 929 1902 Ego

140 1910 186 1938 ille
199 1909 315 1940 Phocas.
330 1920 339 1936 ι
355 1911 394 1938 llli
413 1919 476 1939 cum
490 1911 547 1946 jam
563 1911 723 1940 hazsitarent
734 1933 741 1944 ,
764 1912 871 1940 animos
888 1912 928 1940 eis

140 1960 172 1983 ut
186 1956 276 1991 ipsum
291 1957 474 1985 interﬁcerent
486 1957 677 1985 exhortatione
697 1957 823 1990 addebat,
842 1956 926 1990 εἶπεν,

140 2003 260 2036 ἔπεισεν,
278 2003 387 2036 ἔπαθεν,
406 2004 452 2030 ναὶ
467 2003 516 2039 τὴν
525 2003 646 2039 κεφαλὴν
654 2004 823 2040 ἀποτμηθεὶς
832 2005 929 2040 ἱερεῖον

139 2048 179 2084 τῷ
195 2048 255 2084 Θεῷ
271 2050 468 2085 κεχαρισμένον
486 2049 638 2085 προσήχθη,
659 2060 668 2076 ι
683 2050 762 2082 dixit,
779 2052 927 2085 persuasit,

139 2102 239 2130 passus
251 2099 302 2128 est,
315 2103 347 2123 ac
360 2096 447 2131 capite
459 2101 603 2124 truncatus
617 2101 693 2132 grata
706 2095 762 2124 [leo
775 2096 865 2124 hostia
880 2097 929 2124 ob-

140 2141 213 2171 latus
235 2145 294 2175 est;
314 2151 323 2167 i
351 2146 382 2171 ut
399 2142 520 2177 loquitur
541 2142 667 2170 Asterius
683 2142 847 2174 Amasenus,
865 2143 928 2177 Epi—

139 2189 243 2224 phanio
257 2188 439 2224 Synchronus.
449 2188 506 2217 Sub
520 2188 656 2216 Valeriani
668 2190 858 2224 persecutione
867 2188 928 2220 Pri-

981 941 1027 968 τὸν
1044 941 1216 977 προαγούσης
1237 940 1330 968 ἐνθέου
1352 939 1493 975 δυνάμεως
1510 938 1653 975 μονονουχὶ
1672 937 1772 974 βοώσης

982 987 1025 1014 διὰ
1040 987 1086 1014 τοῦ
1103 987 1258 1022 γινομένου,
1279 997 1288 1012 ‹
1315 987 1407 1014 divina
1430 986 1533 1013 virtute
1553 985 1587 1013 ad
1609 985 1665 1012 hoc
1685 984 1770 1019 ipsum

983 1034 1138 1069 impellente
1148 1037 1271 1067 ,tantum
1285 1041 1340 1060 non
1353 1040 1400 1068 per
1416 1032 1468 1059 hoc
1480 1030 1587 1059 facinus
1603 1031 1768 1062 clamantep

982 1080 1031 1115 qui
1045 1085 1073 1108 et
1084 1080 1238 1113 Edesium,
1252 1080 1324 1107 idem
1339 1079 1413 1115 quod
1427 1087 1443 1106 a
1456 1077 1539 1106 fratre
1554 1077 1661 1106 factum
1673 1076 1772 1110 est,fa-

983 1134 1044 1154 cere
1055 1130 1195 1160 conatum,
1207 1126 1302 1154 eodem
1315 1126 1396 1153 modo
1407 1132 1519 1160 passum
1534 1128 1637 1151 narrat.
1650 1123 1768 1158 Longum

983 1177 1056 1201 esset
1069 1180 1164 1201 omnes
1176 1180 1328 1205 recensere,
1343 1180 1413 1208 quos
1426 1171 1562 1199 Eusebius
1576 1170 1681 1205 aliique
1693 1178 1722 1198 se
1731 1168 1770 1196 al-

984 1223 1026 1247 tro
1034 1219 1099 1247 etde
1109 1219 1243 1247 industria
1257 1219 1387 1254 martyrio
1397 1218 1531 1246 obtulisse
1542 1221 1766 1245 commemorant.

1019 1265 1072 1293 Sed
1091 1265 1212 1294 «Christi
1231 1270 1374 1301 martyres,
1391 1265 1528 1300 inquiunt,
1546 1268 1665 1291 mortem
1680 1270 1768 1298 exspe-

983 1315 1067 1345 ctant,
1080 1319 1134 1339 non
1152 1316 1306 1339 accersunt.
1324 1321 1334 1338 ι
1356 1311 1426 1339 Eant
1450 1311 1550 1346 igitur,
1567 1315 1595 1338 et
1613 1317 1711 1337 omnes
1723 1308 1766 1344 qui

984 1364 1014 1388 se
1024 1357 1199 1392 passionibus
1216 1358 1289 1384 ultro
1304 1356 1477 1389 obtulerunt,
1495 1364 1529 1383 ex
1550 1355 1655 1384 Christi
1671 1358 1766 1389 marty-

983 1410 1044 1430 rum
1064 1410 1179 1430 numero
1202 1407 1373 1438 expungant,
1401 1406 1429 1430 et
1455 1407 1557 1437 tropaea
1585 1402 1621 1429 de
1647 1400 1764 1436 gentibus

983 1453 1074 1477 erecta
1087 1449 1207 1482 diruant,
1224 1453 1251 1476 et
1264 1449 1347 1476 unius
1358 1448 1500 1476 modestiae
1517 1451 1662 1483 praetextu,
1677 1453 1765 1474 omnes

984 1494 1111 1522 heroicas
1125 1495 1242 1522 virtutes
1263 1494 1422 1522 obliterent!
1447 1493 1533 1521 Aliter
1552 1492 1660 1527 antiqui
1678 1490 1764 1518 Patres

982 1538 1147 1575 loquuntur,
1165 1539 1213 1575 qui
1227 1539 1366 1567 cruciatus
1386 1542 1413 1566 et
1429 1542 1566 1566 tormenta
1585 1537 1631 1565 vel
1645 1537 1695 1572 ipsi
1709 1543 1763 1571 per-

979 1587 1052 1623 pessi
1064 1591 1137 1619 sunt,
1151 1587 1193 1615 vel
1210 1587 1280 1615 alios
1302 1586 1405 1622 perpeti
1422 1586 1559 1614 viderunt.
1575 1584 1638 1612 Non
1657 1584 1695 1611 illi
1708 1590 1762 1610 mo-

978 1634 1092 1663 destiam
1104 1638 1255 1669 martyrum
1268 1633 1349 1663 nobis
1369 1632 1488 1660 maxime
1499 1632 1589 1660 solent
1602 1637 1762 1666 pr0ponere,

979 1679 1027 1707 sed
1042 1679 1154 1715 ἀρετὴν,
1172 1679 1308 1715 ἀνδρείαν,
1321 1677 1507 1713 γενναιόσητα,
1517 1676 1598 1712 ζῆλον
1605 1673 1761 1705 θεοσεϐείας,

979 1724 1171 1760 ἀνδραγαθίαν,
1190 1722 1396 1760 παῤῥησίαν,τὸ
1405 1722 1515 1759 θάρσος,
1527 1722 1576 1758 τὴν
1592 1721 1704 1756 τόλμαν,
1719 1719 1761 1753 τὴν

979 1771 1183 1808 προθυμότητα,
1200 1771 1250 1808 τὴν
1266 1770 1425 1807 προαίρεσιν
1440 1769 1577 1805 γενναίαν,
1595 1768 1631 1795 τὰ
1647 1766 1761 1802 ἐγχειρή-

981 1827 1064 1854 ματα,
1082 1817 1116 1845 τὰ
1131 1817 1376 1853 ἀνδραγαθήματα,
1393 1816 1427 1844 τὰ
1444 1815 1647 1851 κατορθώματα
1664 1813 1760 1846 aliaque

978 1864 1136 1901 huiusmodi
1166 1868 1296 1899 tanquam
1317 1862 1468 1890 certissima
1493 1860 1541 1888 τοῦ
1558 1860 1710 1896 πνεύματος
1723 1865 1760 1883 τε-

979 1911 1086 1947 κμήρια
1101 1909 1253 1942 celebrare,
1273 1909 1376 1944 quibus
1398 1908 1456 1935 haec
1471 1906 1588 1942 epistola
1604 1905 1704 1934 referta
1714 1908 1758 1931 est.

979 1955 1043 1983 Haec
1055 1959 1146 1983 autem
1162 1954 1300 1990 praecipue
1319 1954 1346 1981 in
1371 1953 1476 1988 lgnatio
1490 1952 1584 1980 laudat
1601 1951 1758 1987 Chrysosto-

979 2010 1051 2030 mus.
1083 2001 1136 2033 Τοῦ
1161 2000 1281 2037 Χριστοῦ
1298 2000 1437 2035 λέγοντος,
1454 2000 1495 2026 ὅτι
1518 1998 1545 2025 '0
1561 1997 1675 2033 ποιμὴν
1690 1998 1706 2023 ὁ
1718 2004 1760 2022 κα·

979 2049 1034 2082 λὸς
1050 2048 1107 2082 τὴν
1122 2047 1229 2082 ψυχὴν
1244 2046 1338 2074 αὑτοῦ
1359 2046 1479 2079 τίθησιν
1495 2043 1571 2078 ὑπὲρ
1587 2043 1648 2070 τῶν
1663 2039 1759 2077 προϐά-

980 2103 1052 2127 των,
1077 2094 1147 2129 μετὰ
1167 2093 1258 2128 πάσης
1282 2092 1408 2128 ἀνδρείας
1429 2090 1514 2126 αὐτὴν
1536 2089 1675 2116 ἀπέδωκεν
1699 2086 1759 2122 ὑπὲρ

980 2140 1033 2167 τῶν
1050 2139 1202 2175 προῦάτῳν.
1223 2147 1233 2164 ‹
1245 2137 1314 2165 Cum
1331 2137 1457 2164 Christus
1471 2136 1574 2164 diceret
1589 2144 1595 2161 :
1611 2134 1707 2162 Pastor
1718 2133 1759 2159 bo-

981 2193 1030 2212 nus
1053 2185 1128 2220 ponit
1144 2183 1262 2210 animum
1279 2191 1355 2210 suam
1372 2190 1420 2217 pro
1440 2181 1530 2209 ovibus
1539 2181 1585 2214 “,'
1605 2188 1669 2208 cum
1693 2178 1758 2207 omni

140 2243 215 2268 scus,
231 2234 364 2267 Malchus,
377 2239 404 2262 et
423 2235 587 2268 Alexander,
607 2236 715 2271 seipsos
729 2235 845 2263 invicem
867 2235 930 2263 insi-
946 2240 968 2267 υ
982 2231 1141 2260 fortitudine
1154 2231 1241 2266 ipsam
1254 2236 1304 2265 pro
1323 2229 1421 2257 ovibus
1433 2227 1555 2256 tradidit.
1572 2236 1582 2253 ›
1602 2227 1692 2255 Monet
1703 2225 1757 2260 qui-

140 2281 283 2308 mulabant
296 2284 429 2315 tanquam
452 2280 566 2315 ignavos
586 2285 614 2308 et
628 2280 747 2314 desides,
761 2281 835 2316 quod
851 2289 930 2309 occa-

139 2330 219 2356 sione
239 2327 330 2354 oblata
353 2326 443 2354 adhuc
459 2332 629 2360 ceSsassent,
653 2328 690 2364 μὴ
714 2328 775 2363 οὐχὶ
791 2329 929 2364 προαρπάσ

139 2372 231 2405 ζοντες
247 2373 294 2399 τὸν
310 2372 357 2398 τοῦ
376 2372 526 2408 μαρτυρίου
543 2373 688 2407 στέφανον,
708 2383 718 2399 ‹
739 2381 790 2401 nec
807 2374 930 2409 martyrii

140 2426 270 2447 coronam
289 2418 511 2453 praaripuissent;
530 2427 540 2444 ι
553 2425 638 2453 quare
651 2419 769 2453 judicem
781 2419 880 2452 adorti,
894 2419 928 2447 ad

139 2465 245 2493 bestias
268 2463 442 2491 condemnati
461 2463 526 2499 θείῳ
552 2464 796 2501 κατεκοσμήθησαν
823 2474 929 2502 μαρτυέ

142 2511 193 2547 ρίῳ
207 2521 215 2536 ι
226 2510 320 2538 divino
329 2510 461 2545 martyrio
472 2510 596 2537 coronati
609 2514 685 2542 sunt,
698 2519 708 2536 ι
726 2515 756 2538 ut
769 2515 863 2538 narrat
872 2511 928 2538 Eu-

141 2557 234 2585 sebius
252 2556 300 2583 lib.
315 2563 365 2587 vn,
383 2563 407 2583 c.
423 2555 466 2582 12.
483 2553 560 2582 Unde
583 2554 804 2591 Martyrologium
826 2556 928 2584 Roma-

140 2611 208 2631 num
219 2602 316 2637 quinto
327 2601 387 2628 Kal.
397 2601 513 2636 Aprilis:
526 2609 536 2625 (
547 2600 679 2629 Caesarea:
690 2601 718 2629 in
725 2601 870 2630 Paltestina
880 2610 929 2630 na-

142 2649 204 2677 talis
219 2648 270 2674 SS.
288 2651 438 2682 martyrum
465 2646 563 2679 Prisci,
581 2647 680 2675 Malchi
693 2667 700 2681 ,
718 2652 745 2676 et
761 2648 926 2680 Alexandri.

141 2695 189 2729 qui
205 2693 232 2721 in
247 2691 438 2727 persecutione
457 2690 605 2725 Valeriani,
632 2700 694 2719 cum
717 2693 746 2719 in
768 2692 927 2720 suburbano

140 2738 228 2774 agello
243 2736 406 2772 supradictae
420 2737 496 2764 urbis
510 2732 673 2770 habitarent,
691 2742 774 2772 atque
785 2738 814 2764 in
826 2745 858 2764 ea
872 2744 927 2764 ca:-

141 2784 222 2811 lestes
239 2782 364 2818 martyrii
382 2786 599 2817 proponerentur
612 2790 735 2815 coronaa;
750 2781 844 2809 divino
865 2782 927 2809 ﬁdei

142 2830 233 2855 calore
246 2827 389 2859 succensi,
407 2827 479 2856 ultro
498 2828 616 2862 judicem
632 2829 764 2857 adeuntes
775 2848 782 2860 ,
802 2835 851 2856 cur
867 2831 928 2857 tan-

177 2887 199 2905 ³⁸
214 2886 293 2928 loan.
309 2895 335 2921 ι,
354 2887 397 2916 ll.
437 2888 457 2905 ³⁷
475 2887 542 2918 Luc.
560 2887 674 2930 ιμπιϋ.

982 2278 1043 2306 dem
1059 2277 1088 2305 S.
1106 2276 1260 2312 Cyprianus
1276 2275 1392 2310 epistola
1406 2274 1433 2307 6,
1449 2273 1625 2303 confessores
1640 2272 1757 2303 humiles,

981 2324 1170 2357 et’modestos,
1194 2328 1221 2350 et
1240 2323 1347 2358 quietos
1365 2329 1427 2351 esse
1442 2321 1556 2353 debere;
1575 2321 1624 2349 sed
1645 2318 1758 2353 intelligit

982 2371 1144 2399 modestiam
1163 2377 1228 2405 erga
1241 2370 1397 2404 superiores
1411 2368 1438 2396 in
1455 2367 1597 2396 Ecclesia:
1616 2367 1645 2395 in
1659 2367 1701 2399 iis,
1711 2365 1756 2393 sci-

982 2418 1054 2451 licet,
1077 2424 1161 2455 rqute
1180 2417 1330 2444 secundum
1351 2415 1557 2451 Scripturarum
1579 2413 1755 2450 magisterium

980 2463 1165 2492 ecclesiastica
1174 2462 1319 2497 disciplina
1332 2462 1474 2497 deposcat.
1490 2469 1500 2487 ι
1516 2460 1649 2494 Quamvis
1663 2466 1708 2486 nec
1717 2457 1755 2484 hic

982 2511 1082 2538 desunt
1093 2511 1170 2546 signa
1184 2509 1326 2537 modestia
1337 2507 1492 2542 manifesta,
1504 2507 1589 2535 utubi
1603 2507 1656 2535 ait:
1668 2515 1677 2532 ι
1688 2505 1755 2532 Nunc

981 2557 1082 2592 incipio
1096 2557 1247 2592 discipulus
1264 2563 1335 2589 esse,
1347 2564 1357 2581 ι
1376 2554 1450 2590 quod
1465 2561 1610 2590 perperam
1625 2558 1652 2581 et
1663 2554 1753 2580 incom-

981 2603 1061 2630 mode
1079 2602 1182 2634 dictum
1194 2601 1352 2637 pronuntiat
1360 2607 1458 2628 censor
1474 2600 1636 2627 acerrimus.
1651 2599 1691 2626 An
1698 2602 1753 2624 vero

981 2649 1035 2684 qui!
1050 2649 1139 2684 probe
1154 2648 1232 2676 novit
1249 2647 1390 2680 Christum
1412 2646 1501 2681 ipsum
1518 2645 1637 2678 dixisse,
1656 2644 1686 2672 Si
1702 2642 1751 2678 quis

981 2695 1050 2722 venit
1070 2694 1105 2721 ad
1121 2702 1162 2721 me
1175 2698 1200 2720 et
1215 2701 1268 2720 non
1286 2692 1343 2720 odit
1355 2692 1481 2726 jant'mam
1495 2699 1589 2725 suam,
1608 2699 1660 2719 non
1677 2692 1750 2724 potui

980 2748 1053 2767 meus
1068 2748 1123 2768 esse
1141 2738 1287 2774 discipulus
1295 2739 1317 2754 ³⁷
1331 2746 1338 2771 ;
1363 2745 1426 2766 cum
1440 2737 1498 2773 jam
1520 2738 1597 2764 novit
1621 2736 1698 2764 etiam
1715 2740 1751 2760 se—

981 2786 1071 2821 ipsum
1088 2786 1165 2821 plene
1185 2792 1346 2820 persuasum
1366 2791 1427 2812 esse
1448 2783 1481 2811 ad
1498 2782 1582 2810 vitam
1597 2789 1646 2818 pro
1654 2779 1753 2808 Christo

981 2829 1169 2868 deponendam
1182 2838 1232 2859 nec
1246 2830 1397 2863 terroribus
1409 2833 1457 2870 aut
1471 2828 1611 2858 blanditiis
1622 2827 1656 2858 ab
1667 2833 1697 2855 ea
1711 2831 1743 2861 vti
