1850 3072
55 144 106 170 5ῖὸ

56 251 119 278 bere
132 250 225 285 potuit
241 259 249 276 :
273 259 282 274 ι
294 248 375 275 Nunc
391 247 490 281 incipio
514 245 666 280 discipulus
684 245 762 272 esse?
775 254 785 269 r
801 243 856 270 An-

58 303 111 322 non
127 295 176 329 qui
193 295 250 322 ista
265 293 373 321 Christi
387 292 466 319 verba
478 291 579 326 legerat
592 299 599 317 :
613 289 666 322 Qui
682 297 734 316 non
751 288 856 323 bajutat

58 350 160 369 crucem
181 349 267 368 suam
294 345 319 368 et
352 339 422 366 renit
439 343 497 372 post
516 345 573 370 me,
599 344 651 363 mm
675 340 758 371 potest
782 343 854 362 metu

58 397 112 415 esse
133 387 346 422 discipulus”,
372 385 440 413 satis
462 383 607 411 commode
629 383 720 410 dicere
745 382 855 417 potuit:

61 444 69 460 ι
81 434 162 462 Tunc
185 441 238 461 ero
259 432 414 467 discipulus
431 437 512 458 verus
529 429 594 457 Jesu
614 428 733 460 Christi,
749 427 858 463 quando

59 490 148 517 neque
170 488 279 516 corpus
302 486 393 507 meum
417 477 536 505 mundus
560 476 671 509 videbit,
691 485 700 501 ι
731 475 782 502 hoc
805 478 857 506 est,

60 529 175 563 quando
190 527 318 555 maxime
340 525 405 553 Jesu
426 524 536 552 Christo
553 522 704 551 conformis
729 521 806 548 fuero
832 525 860 548 et

60 573 170 607 Agnum
188 578 303 606 sequar.
317 569 411 604 Neque
425 569 498 596 enim
513 568 575 595 inde
588 567 712 602 sequitur
722 566 857 593 neminem

60 618 164 645 Christi
177 617 350 652 discipulum
362 623 432 648 esse,
445 615 525 650 cujus
540 621 641 648 corpus
652 620 708 640 non
723 612 805 640 fuerit
818 612 859 639 vel

62 665 218 694 bestiarum
240 664 283 691 vel
306 663 477 690 ﬂammarum
502 662 528 689 vi
547 662 734 696 absumptum,
752 660 816 696 quia
833 664 860 686 et

65 714 118 741 hac
159 711 267 747 insigni
302 716 330 739 et
357 711 409 738 alia
445 710 551 738 ratione
587 708 641 736 dici
676 707 739 742 quis
772 710 861 742 potest

64 759 169 787 Christi
188 758 354 793 discipulus.
386 756 422 784 Ut
440 754 621 784 vetustissimi
645 753 814 781 Viennenses
834 756 861 780 ct

65 804 269 840 Lugdunenses
287 801 454 834 Christiani,
477 800 510 828 de
533 799 622 826 Vettio
642 796 798 832 Epagatho,
814 795 859 830 qui

67 857 202 886 tanquam
220 849 370 876 advocatus
381 847 601 875 Christianorum
614 845 686 872 ultro
699 850 797 878 passus
806 845 859 873 est,

67 899 221 932 loquuntur
239 904 246 922 :
263 892 318 921 Ἦν
334 894 389 929 γὰρ
405 893 451 920 καὶ
468 892 525 919 ἔστι
546 892 656 927 γνήσιος
678 888 796 925 Χριστοῦ
814 897 860 924 μα-

68 945 153 980 θητὴς
170 941 326 970 ἀκολουθῶν
347 940 386 976 τῷ
405 940 491 976 ἀρνίῳ
510 940 577 966 ὅπου
600 938 632 965 ἂν
650 937 751 972 ὑπάγῃ.
773 945 782 962 ι
799 935 861 963 Fuit

67 991 142 1019 enim
165 994 195 1017 et
212 991 256 1016 est
271 994 418 1023 germanus
444 985 545 1014 Christi
571 984 722 1019 discipulus
744 990 860 1018 sequens

67 1038 178 1072 Agnum
197 1041 364 1070 quocunque
380 1032 451 1060 ierit.
471 1041 481 1058 ι
500 1031 633 1059 Eusebius
651 1030 698 1057 lib.
713 1037 739 1060 v,
754 1036 814 1064 cap.
834 1028 859 1055 l.

68 1083 201 1110 Christus
219 1089 268 1108 eos
286 1084 366 1107 vocat
380 1079 499 1111 amicos,
515 1077 561 1113 qui
578 1077 745 1104 voluntatem
764 1074 810 1102 Dei
825 1073 862 1101 ἴς)-

69 1130 159 1162 ciunt,
172 1128 226 1155 hoc
238 1130 280 1155 est
301 1125 348 1161 qui
363 1125 434 1153 servi
448 1125 507 1160 ejus
526 1127 607 1156 sunt;
622 1127 649 1150 et
667 1127 756 1150 tamen
773 1120 862 1156 S.Cy-

70 1175 189 1210 prianus
202 1180 258 1200 non
270 1172 304 1199 ad
317 1171 476 1207 martyrium
493 1170 670 1201 exhortatur,
682 1172 712 1196 ut
725 1167 771 1203 qui
792 1167 862 1194 servi

72 1222 121 1249 Dei
143 1228 259 1253 sumus,
278 1219 366 1247 simus
388 1222 416 1246 et
434 1217 533 1250 amici,
552 1221 579 1244 et
600 1215 728 1243 omnibus
758 1213 863 1242 viribus

71 1268 275 1296 elaborandum
293 1273 354 1294 esse
370 1265 467 1295 docet.
485 1268 515 1291 ut
531 1263 593 1298 quis
609 1270 643 1289 eo
660 1261 742 1289 modo
758 1262 863 1288 amicus

75 1315 122 1342 Dei
140 1316 200 1342 tiat.
222 1313 290 1347 Quis
312 1317 404 1340 tamen
429 1311 491 1339 inde
513 1311 621 1346 colligat
637 1309 791 1341 neminem,
811 1308 863 1335 nisi

73 1367 137 1396 post
159 1365 314 1393 tormenta,
332 1359 452 1387 amicum
475 1357 523 1385 Dei
545 1364 606 1385 esse
628 1356 732 1392 posse?
754 1354 864 1383 Veteres

75 1409 114 1436 illi
132 1409 161 1436 in
185 1407 326 1435 Gallicana
347 1406 468 1433 Ecclesia
490 1409 624 1440 martyres
645 1403 749 1431 nobiles
766 1403 793 1430 in
810 1402 866 1437 pri-

75 1456 141 1487 mis,
149 1463 213 1482 cum
223 1455 259 1482 ab
275 1453 404 1481 omnibus
421 1451 553 1479 fratribus
569 1453 632 1486 post
640 1449 726 1476 multa
743 1454 865 1476 tormen-

75 1506 103 1529 ta
116 1506 201 1536 atque
216 1501 355 1529 cruciatus
370 1499 480 1527 nomine
495 1501 645 1532 martyrum
654 1495 865 1531 appellarentur,

76 1548 144 1576 illud
161 1547 345 1580 recusabant;
364 1546 418 1574 imo
434 1544 597 1580 eos,quivel
610 1550 738 1571 sermone
752 1541 793 1570 vel
806 1541 865 1576 epi-
880 1556 901 1585 ο

76 1595 157 1622 stolis
174 1594 250 1629 ipsos
266 1601 299 1621 eo
316 1592 396 1620 titulo
411 1591 593 1623 honorabant,
611 1589 793 1624 objurgabant
806 1595 867 1624 gra-

76 1641 168 1674 viter;
186 1644 342 1668 asserentes
365 1637 506 1666 Christum
531 1637 619 1665 solum
636 1643 698 1663 esse
709 1639 867 1670 martyrem,

75 1693 103 1716 et
117 1696 168 1716 eos
184 1687 267 1715 etiam
284 1693 356 1721 quos
369 1685 414 1713 ille
430 1685 558 1720 dignatus
574 1688 616 1711 est
632 1682 746 1714 assumi,
762 1686 789 1708 et
800 1689 869 1716 quo-

77 1742 139 1763 rum
157 1734 263 1762 exitum
285 1733 344 1768 ipse
366 1731 530 1766 obsignavit.
548 1730 602 1757 Alii
625 1734 716 1756 tamen
734 1735 789 1755 non
806 1728 870 1755 inde

77 1781 252 1816 colligebant
263 1786 312 1806 eos
329 1778 376 1813 qui
392 1778 472 1806 tidem
480 1777 664 1804 Christianam
677 1782 770 1802 coram
780 1773 869 1809 genti-

79 1828 152 1855 libus
170 1834 234 1854 cum
251 1826 313 1854 vita:
329 1824 489 1853 discrimine
505 1822 623 1858 professi
638 1826 711 1855 sunt,
729 1824 756 1848 et
772 1828 869 1855 quam—

78 1875 199 1910 plurima
217 1876 352 1901 tormenta
369 1870 490 1907 perpessi
506 1874 580 1901 sunt,
594 1868 701 1896 etiamsi
711 1869 739 1895 in
751 1872 872 1895 tormen—

79 1923 115 1950 tis
123 1929 182 1950 non
199 1924 383 1950 morerentur,
397 1922 532 1953 martyres
548 1915 724 1951 appellandos
732 1922 785 1941 non
793 1921 869 1946 esse;

80 1974 128 1997 aut
145 1968 300 1996 catholicos
321 1966 368 2001 qui
387 1965 450 1992 illos
472 1963 595 1999 epistolis
618 1966 666 1990 aut
688 1968 815 1989 sermone
831 1967 872 1987 sa-

80 2016 221 2048 lutabant,
238 2014 330 2041 minus
347 2012 456 2048 proprie
472 2018 521 2038 eos
536 2010 680 2038 salutasse.
701 2008 781 2036 Tales
798 2007 870 2034 enim

81 2063 158 2090 viros
174 2069 207 2089 ac
223 2065 299 2088 tanta
316 2067 368 2095 pro
384 2058 495 2087 Christo
511 2065 625 2093 passos,
643 2054 751 2084 etiatnsi
769 2054 796 2081 in
816 2057 872 2080 tor-

81 2107 184 2135 mentis
201 2115 255 2135 non
273 2104 501 2136 obdormiverint,
518 2103 647 2130 novimus
663 2107 771 2135 semper
788 2099 872 2127 aban-

82 2155 169 2190 tiquis
185 2159 214 2182 et
230 2154 328 2181 merito
344 2156 480 2188 martyres
496 2149 646 2186 appellatos
663 2148 758 2176 fuisse.

115 2201 178 2228 lam
195 2208 261 2227 vero
276 2199 357 2227 tertia
369 2198 493 2233 exceptio
508 2197 590 2232 plane
609 2194 688 2222 nihili
706 2198 747 2221 est
763 2202 770 2220 :
786 2199 874 2227 neque

82 2248 237 2284 quidquam
261 2247 368 2283 lgnatio
387 2245 530 2280 indignum
550 2242 683 2271 continet.
707 2239 785 2273 Quod
799 2239 871 2266 enim

84 2299 172 2330 optat,
187 2294 227 2320 ita
242 2292 334 2320 vorari
353 2295 437 2326 atque
449 2289 557 2317 absumi
577 2294 674 2316 omnes
691 2286 735 2314 sui
749 2283 875 2319 corporis

85 2328 247 2376 particulas,
264 2342 293 2365 ut
305 2343 401 2365 earum
418 2335 487 2362 nihil
510 2333 544 2362 ad
558 2332 728 2368 sepulturam
743 2328 873 2365 supersit,

87 2375 113 2415 id
130 2395 144 2414 a
159 2386 263 2421 pietate
274 2381 539 2412 consummatissimi
558 2379 703 2415 martyris,
723 2382 751 2405 et
764 2375 875 2411 quidem

87 2434 173 2469 Ipsius
197 2431 294 2467 lgnatii
318 2430 433 2458 minime
452 2428 592 2456 abhorret.
615 2424 771 2453 Asserimus
785 2423 874 2457 ipsutn

87 2478 221 2514 lgnatium
235 2477 381 2511 scripsisse
398 2483 405 2501 :
424 2484 432 2500 ι
446 2473 624 2501 Frumentum
636 2478 697 2499 sum
713 2470 772 2502 Dei,
791 2473 818 2496 et
829 2475 877 2502 per

89 2525 182 2553 dentes
195 2524 347 2552 bestiarum
369 2522 469 2553 molor,
482 2524 513 2548 ut
526 2518 648 2547 mundus
659 2517 739 2552 panis
753 2515 878 2543 inveniar

90 2570 208 2602 Christi;
230 2580 239 2595 ι
259 2569 361 2596 fatetur
387 2567 508 2595 Dallazus
532 2568 589 2593 haec
604 2563 738 2600 lgnatium
753 2562 876 2595 dixisse;

92 2617 184 2644 laudat
209 2616 331 2643 Irenaaus
353 2618 484 2649 tanquam
510 2610 725 2648 pulcherrimam
751 2608 879 2644 martyris

91 2663 272 2696 sententiam;
285 2661 355 2689 nihil
371 2660 455 2696 igitur
471 2660 499 2686 in
515 2666 547 2686 ea
561 2656 698 2686 sententia
712 2655 772 2683 viro
791 2655 879 2681 mati-

93 2718 135 2738 mo
147 2709 292 2745 indignum
313 2707 421 2736 censeri
440 2706 530 2733 debet.
547 2704 582 2731 At
595 2702 745 2738 quomodo,
768 2700 877 2732 amabo,

93 2761 219 2791 tanquam
244 2756 414 2781 frumentum
431 2759 481 2787 per
491 2751 586 2779 dentes
601 2749 751 2776 bestiarum
764 2746 880 2774 molere-

93 2808 133 2830 tur
151 2807 181 2829 ut
194 2801 277 2837 panis
293 2801 380 2832 ﬁeret,
398 2798 452 2826 nisi
465 2804 562 2826 omnes
575 2795 699 2831 corporis
712 2793 852 2829 particulae
865 2802 880 2820 a

95 2850 184 2882 bestiis
201 2847 259 2875 illis
270 2845 451 2874 vorarcntur?
465 2854 475 2870 ‹
487 2843 556 2872 Audi
570 2850 645 2876 vero,
658 2840 758 2876 inquit,
770 2846 886 2876 gravem.

162 2905 186 2923 ³³
200 2902 338 2937 υιὶᾱηΞἹ.

439 141 466 168 J.
485 135 668 166 PEARSONII
690 134 850 163 VINDICIJE
869 131 1077 161 ICNATIANE.
1098 146 1131 150 —
1151 128 1240 157 PARS
1253 129 1285 155 ll.

55 205 158 232 luntatc
171 203 315 231 dimoveri
324 208 416 237 posse,
429 204 486 228 tum
498 206 552 227 non
565 199 619 226 nisi
629 204 772 233 perperam
788 196 856 223 scri-
870 202 893 230 Α
907 197 934 220 et
958 196 1034 220 tanto
1055 191 1115 217 viro
1139 190 1248 225 dignam
1272 186 1418 214 rationem.

1500 159 1505 164 ἢ
1639 121 1691 148 an

1448 182 1486 211 Nc
1505 189 1567 211 cum
1593 180 1692 208 obdor-

907 239 1003 272 micro,
1030 237 1163 264 molestus
1187 234 1315 268 cuiquam
1334 231 1466 259 inveniar.
1484 239 1493 255 ι
1520 227 1595 256 Hanc
1619 231 1692 254 certe

908 292 1016 321 gravem
1028 288 1055 310 et
1068 287 1144 309 Lutto
1158 281 1217 308 viro
1230 280 1339 314 dignam
1355 277 1487 304 rationem
1500 274 1631 310 putabant
1643 280 1694 300 an—

908 319 1056 366 tiquissimi
1071 326 1231 359 Cbristiani,
1244 325 1289 360 qui
1306 323 1402 359 lgnatii
1418 327 1551 357 tempora,
1563 324 1590 347 et
1602 319 1692 354 ipsum

908 377 990 404 etiam
1005 379 1150 410 martyrem
1159 373 1261 408 optime
1273 370 1381 398 novisse
1387 372 1541 396 censentur.
1550 365 1611 393 Haec
1619 365 1692 392 enim

908 422 1026 457 legimus
1042 421 1070 448 in
1085 417 1279 447 vetustissimis
1286 414 1443 451 ejusActis:
1455 423 1464 438 ι
1476 411 1621 440 Sicbestiis
1629 418 1693 438 cru-

908 456 1017 497 delibus
1033 467 1067 494 ab
1081 466 1173 501 impiis
1188 463 1386 499 apponebatnr,
1402 465 1432 488 ut
1448 458 1591 487 confestim
1606 456 1693 484 sancti

911 515 1038 551 martyris
1052 512 1146 548 lgnatii
1158 510 1340 545 compleretur
1352 507 1528 537 desiderium,
1544 504 1693 532 secundum

910 549 989 598 quod
1005 559 1137 594 scriptum
1163 561 1204 584 est
1221 565 1228 582 :
1249 553 1415 582 Desiderium
1430 552 1499 587 justi
1517 549 1694 585 ucceptabt‘le,

911 612 940 634 ut
955 607 991 634 sit
1011 605 1078 632 nulli
1095 603 1210 631 fratrum
1233 601 1325 636 gravis
1347 607 1398 634 per
1418 596 1605 626 collectionem
1631 594 1693 621 reli-

910 653 1049 688 quiarum,
1067 648 1219 677 secundant
1237 646 1312 682 quod
1328 651 1523 681 przeoccupans
1538 642 1564 669 in
1580 640 1695 677 epistola

911 699 1048 735 propriam
1067 694 1238 731 concupiscit
1251 694 1308 721 fieri
1323 691 1492 719 fruitionem.
1507 698 1517 715 ι

947 744 1009 772 Hmc
1029 744 1112 780 igitur
1130 741 1223 770 omnia
1242 748 1304 768 cum
1326 739 1381 774 pia,
1399 736 1531 772 legitima,
1554 733 1694 770 prteclara,

911 779 1049 826 martyris?
1059 787 1234 824 cogitatione,
1249 784 1367 813 consilio
1380 787 1408 811 et
1429 789 1512 817 opere
1532 780 1600 808 satis
1615 779 1695 814 digna

911 845 973 865 esse
990 836 1145 867 videantur,
1171 840 1268 860 vereor
1292 838 1326 858 ne
1350 829 1476 857 odiosum
1504 827 1540 854 sit
1563 833 1696 858 aesererc,

876 881 897 909 Β
912 884 983 910 hanc
997 881 1140 916 epistolam
1156 887 1210 907 non
1223 878 1277 905 alia
1290 877 1324 904 de
1335 882 1418 903 causa
1430 874 1463 901 ad
1478 873 1616 900 Romanos
1626 872 1696 899 scri-

911 934 984 965 ptam
999 936 1069 961 esse,
1081 934 1163 962 quam
1177 930 1207 953 ut
1220 925 1270 952 has
1281 923 1332 950 viri
1350 922 1451 958 glorias
1462 919 1586 948 viderent
1598 923 1626 946 et
1639 923 1698 946 stu-

911 964 1014 1012 perent.
1030 974 1111 1002 Certe
1130 973 1153 1001 si
1169 973 1227 1000 haec
1249 970 1370 1006 legitima
1386 973 1413 996 et
1428 968 1472 1003 pia
1490 966 1555 998 sint,
1575 972 1625 992 nec
1646 964 1697 991 im-

911 1026 1049 1058 poslorem
1072 1020 1135 1048 talia
1154 1024 1297 1049 exarasse,
1319 1023 1369 1043 nec
1389 1014 1443 1042 alio
1464 1012 1557 1040 animo
1578 1019 1609 1038 ea
1629 1010 1698 1038 seri-

912 1070 1000 1106 psisse
1021 1066 1226 1096 sanctissimum
1254 1067 1401 1099 martyrem
1425 1068 1475 1096 par
1499 1063 1542 1087 est
1565 1057 1696 1089 credere,

912 1102 995 1151 quam
1011 1118 1042 1141 ut
1056 1114 1150 1141 eadem
1166 1110 1305 1138 Romanos
1320 1108 1421 1143 pietate
1442 1105 1587 1136 imbueret,
1610 1103 1643 1130 ad
1660 1102 1698 1130 si-

913 1162 1005 1189 milem
1022 1165 1192 1188 terrenarum
1206 1163 1296 1184 rerum
1312 1156 1500 1188 contemptum
1516 1152 1697 1186 permoveret,

913 1209 948 1236 ad
961 1205 1192 1242 exspectationem
1207 1203 1307 1231 futurae
1318 1202 1380 1228 vitae
1393 1199 1518 1235 erigeret,
1534 1197 1567 1225 ad
1583 1200 1698 1224 mortem

913 1255 1041 1289 denique,
1055 1253 1078 1280 si
1089 1252 1144 1279 Deo
1159 1251 1196 1278 ita
1207 1250 1296 1277 visum
1310 1247 1401 1278 fuerit,
1417 1253 1467 1281 pro
1482 1244 1534 1272 ﬁde
1545 1242 1700 1270 Christiana

914 1288 1112 1329 cumisumma
1137 1296 1278 1324 alacritate
1303 1291 1482 1328 oppetendam
1503 1289 1647 1317 animaret.
1670 1288 1698 1314 In

914 1345 1015 1381 quibus
1030 1343 1096 1370 nihil
1114 1341 1251 1377 putidum,
1264 1339 1332 1366 nihil
1346 1337 1473 1366 odiosum
1484 1355 1491 1368 ,
1507 1333 1576 1362 nihil
1590 1331 1698 1363 inscite,

916 1395 963 1418 aut
973 1388 1158 1424 imprudenter
1167 1386 1298 1421 scriptum
1313 1387 1364 1411 est.

1224 1439 1338 1471 CAPUT
1358 1438 1392 1466 Χ.

923 1493 1059 1521 Veracitas
1072 1490 1101 1518 S.
1121 1489 1220 1525 Ignatit'
1231 1486 1393 1525 defenditur:
1412 1481 1536 1525 Quidhsit
1548 1480 1625 1525 arida.
1638 1480 1700 1520 ὲτςι-

952 1515 1206 1563 Eé'éiﬁ‘éxpiiétimr.
1226 1515 1355 1563 Epistula:
1371 1519 1399 1547 S.
1410 1515 1497 1563 fanti
1525 1516 1559 1563 (id
1573 1515 1700 1563 Ephesios

956 1552 1210 1596 singularis
1223 1552 1391 1596 describitur.
1410 1553 1477 1596 V‘ern
1486 1552 1600 1592 lectio'et
1613 1555 1702 1596 auclo-

955 1585 1250 1632 Ir'it'ttetwintegpolutoris
1264 1592 1402 1632 asseritur.
1418 1589 1517 1632 ductor
1531 1585 1702 1632 arista-larum

955 1620 1006 1661 τιδῆ
1021 1620 1085 1660 dicit
1094 1620 1271 1659 vserCVIirisntm
1284 1628 1312 1654 in
1326 1633 1404 1654 curne
1416 1624 1519 1661 vidisse.
1532 1620 1616 1649 Graeci
1630 1620 1703 1661 cotti-

955 1679 996 1698 cec
1011 1676 1116 1700 omnes,
1134 1671 1159 1693 et
1178 1670 1292 1692 veterum
1312 1665 1434 1700 carcerpta
1462 1656 1534 1691 οἶδα,
1560 1664 1611 1683 non
1635 1653 1704 1696 εἶδον

955 1691 1244 1740 ZHnS$Ek1.'ith/jip_as
1264 1703 1290 1726 et
1311 1691 1538 1740 librariilteft‘tunt
1556 1691 1704 1740 corrupisse

956 1726 1358 1768 :nud'levdicnntur."Hieronymi
1364 1730 1513 1758 auctoritas
1529 1729 1557 1755 in
1565 1726 1704 1768 tenendis

957 1775 1056 1803 ercis
1074 1778 1149 1800 tanta
1163 1780 1213 1798 non
1226 1774 1275 1800 est,
1291 1760 1319 1795 ut
1338 1766 1489 1803 Grtecorunt
1499 1763 1617 1803 cluuiaru
1631 1760 1705 1803 cndi-

957 1796 1357 1845 SJK/inpii};attaining}.
1369 1800 1507 1845 ,Ηιςθιξπξε
1519 1796 1705 1845 G‘rqt-i‘inlefpl’i:

1246 1840 1311 1872 Quia
1331 1831 1460 1879 habentur
1479 1835 1509 1879 in
1522 1831 1705 1879 Δςιῖὶὶςιιέέιξλρῗ

957 1881 1035 1908 stella
1047 1867 1129 1914 nm'gia
1145 1867 1321 1914 viansteinere
1332 1873 1505 1914 scriptannon
1514 1867 1590 1914 sunt.
1600 1867 1706 1914 Eadm:

1256 1910 1337 1951 seculi
1349 1902 1419 1935 sunt.
1432 1906 1567 1951 Christum
1583 1902 1666 1944 editae
1681 1904 1713 1927 et.

957 1938 1052 1978 Zibisse
1064 1955 1121 1985 post
1134 1947 1350 1975 resurrectionem
1362 1951 1412 1970 non
1427 1941 1499 1968 male
1512 1938 1650 1966 asseritur.

957 1998 1051 2032 Capite
1066 1996 1099 2024 i9
1115 1995 1149 2023 ad
1164 1994 1215 2021 alia
1240 1990 1362 2028 procedit
1373 1997 1396 2017 a.
1407 1986 1553 2015 veracitate
1573 1988 1601 2012 et.
1616 1990 1706 2011 rerum

923 2045 1076 2072 divinarum
1087 2040 1242 2076 cognitione
1255 2038 1359 2070 aliena;
1375 2042 1436 2070 qua:
1448 2032 1556 2068 quidem
1571 2030 1620 2057 tria
1633 2035 1707 2059 sunt,

923 2098 1041 2127 quorum
1057 2089 1111 2116 duo
1126 2087 1161 2114 ab
1175 2084 1378 2119 interpolatore,
1400 2087 1484 2107 unum
1502 2086 1517 2106 a
1534 2082 1630 2104 nostro
1647 2082 1709 2110 pru-

923 2123 984 2165 fert.
999 2135 1078 2170 Quod
1092 2142 1108 2162 e
1122 2137 1216 2161 nostro
1231 2130 1309 2157 all‘ert
1322 2129 1373 2155 hoc
1386 2131 1428 2155 est
1438 2135 1445 2153 ε
1457 2135 1466 2151 ι
1483 2123 1633 2158 Scripsisse
1646 2128 1708 2148 eum

924 2183 994 2211 falso
1005 2166 1042 2209 ad
1058 2179 1193 2215 Ephesios
1207 2177 1322 2204 Paulum
1345 2172 1501 2209 apostolum
1522 2170 1549 2198 in
1563 2168 1638 2197 omni
1652 2166 1711 2201 epi—

888 2229 909 2256 D
925 2229 993 2257 stola
1005 2227 1166 2255 memoriam
1181 2232 1275 2252 eorum
1290 2221 1379 2250 facere
1392 2220 1419 2247 in
1431 2218 1495 2246 Jesu
1509 2216 1630 2244 Christo.
1641 2224 1651 2240 ›
1668 2213 1710 2240 An

925 2277 983 2304 haec
998 2279 1088 2302 autem
1104 2272 1174 2300 falso
1186 2270 1288 2304 scripta
1303 2266 1383 2296 sunt?
1394 2273 1447 2292 non
1460 2263 1541 2292 credo
1555 2271 1561 2289 :
1573 2259 1711 2297 quomodo

925 2323 1022 2359 probat
1044 2321 1086 2349 vir
1104 2316 1300 2348 doctissimus?
1321 2323 1357 2342 ne
1375 2321 1432 2341 uno
1456 2311 1565 2346 quidem
1586 2308 1709 2336 verbulo.

927 2356 1034 2399 —Siccine
1045 2369 1121 2397 decet
1134 2365 1333 2397 Christianum,
1347 2360 1475 2389 falsitatis
1489 2356 1711 2392 antiquissimum

926 2417 1085 2452 scriptorem
1101 2412 1274 2444 insimulare,
1289 2414 1317 2437 et
1331 2406 1518 2436 accusationis
1531 2403 1633 2431 nullam
1653 2408 1714 2428 om-

927 2465 993 2491 nino
1010 2462 1144 2490 rationem
1160 2456 1290 2486 reddere?
1310 2455 1386 2482 Fecit
1400 2454 1452 2480 hoc
1472 2456 1536 2478 ante
1551 2457 1613 2476 eum
1632 2447 1714 2474 Blon-

927 2510 1034 2543 dellus,
1058 2506 1240 2542 obiectionem
1267 2502 1339 2530 nuda
1366 2499 1518 2536 qumstione
1544 2494 1711 2531 proposuit:

931 2567 941 2584 ι
956 2557 997 2584 An
1021 2541 1085 2583 vere
1096 2541 1139 2582 Vde
1157 2550 1282 2587 Ephesiis
1306 2547 1453 2582 scriptum,
1470 2542 1577 2574 Παῦλος
1593 2543 1623 2568 ὲν
1639 2541 1716 2576 πάσῃ

928 2602 1056 2638 ἐπιστολῇ
1075 2598 1237 2636 μνημονεύει
1254 2595 1347 2631 ὑμῶν;
1362 2603 1371 2619 ι
1390 2591 1489 2627 (ιυωι-ὶι
1508 2598 1543 2617 an
1563 2596 1637 2621 vere,
1649 2587 1715 2615 sub-

929 2634 1301 2680 indicat"falsorscriptum;
1326 2642 1353 2669 in
1374 2647 1429 2675 quo
1455 2637 1561 2665 falsitas
1576 2634 1714 2666 consistit,

929 2705 984 2725 non
1013 2693 1141 2722 ostendit.
1166 2679 1330 2718 Mentionem
1355 2686 1454 2714 fecisse
1480 2682 1660 2718 Ephesiorum
1685 2679 1714 2708 S.

930 2743 1044 2772 Paulum
1061 2746 1138 2769 extra
1159 2737 1273 2767 dubium
1293 2738 1345 2766 est,
1359 2738 1387 2761 ct
1402 2731 1513 2767 quidem
1536 2729 1563 2756 in
1581 2727 1714 2762 epistola:

931 2791 976 2819 illa
1000 2795 1090 2818 tamen
1107 2785 1245 2822 lgnatiana
1271 2781 1350 2813 falsa,
1366 2784 1395 2807 ut
1418 2778 1526 2813 opinor,
1546 2775 1716 2806 existimant,

931 2837 1003 2874 quod
1029 2836 1055 2863 in
1079 2833 1155 2863 omni
1180 2829 1292 2868 epistola
1320 2827 1346 2856 id
1371 2834 1426 2854 non
1450 2825 1560 2856 fecerit;
1587 2822 1724 2859 putabant
