1850 3072
133 119 186 147 3'15

610 115 639 144 S.
659 115 834 143 IGNATIUS.
853 130 887 134 ——
913 113 1178 142 PROLEGOMENA.

1708 114 1764 142 576

133 179 207 207 cnim
222 188 231 205 ι
247 179 275 206 in
289 178 364 206 omni
379 177 494 207 epistola
510 187 519 203 ›
538 176 608 204 idem
620 184 682 205 esse
698 176 772 212 quod
790 186 798 202 ι
814 176 841 203 in
860 184 921 204 om-
935 179 959 208 Α
973 176 1027 211 psit
1040 175 1069 203 S.
1085 175 1216 210 lgnatius,
1230 174 1259 202 S.
1273 174 1387 203 Paulum
1406 173 1433 201 in
1450 178 1504 201 tota
1521 173 1637 208 epistola
1655 181 1765 201 memo-

134 226 216 253 nibus
231 225 363 261 epistolis.
376 234 384 250 ι
405 224 456 251 Sed
475 224 574 256 mirum
598 224 677 251 nobis
700 224 860 259 scriptorem
876 231 920 250 re-

133 276 318 305 praesentant;
337 271 394 299 sive
407 271 430 298 is
443 270 575 306 lgnatius,
588 270 645 298 sive
660 270 723 306 quis
740 270 811 298 alius
827 269 919 297 fuerit.

135 315 202 349 Quis
225 316 297 343 enim
323 315 374 343 vel.
386 315 438 343 sub
455 315 585 351 Trajano,
600 315 643 343 vel
666 315 718 343 sub
741 315 921 343 Constantino

134 363 174 390 sic
193 362 340 390 scriberet?
354 362 395 389 An
410 362 532 389 ﬁctorem
556 369 636 391 suum
665 362 746 390 talem
761 362 850 390 virum
868 362 921 389 tin-

134 414 197 442 gere
220 411 377 442 potuerunt,
395 406 443 442 qui
466 406 495 434 S.
511 406 626 435 Paulum
650 407 678 435 in
701 407 829 436 omnibus
851 415 922 443 quas

133 452 244 487 scripsit
257 452 381 488 epistolis
399 452 581 488 Ephesiorum
597 453 756 482 meminisse
774 454 920 488 putaverit,

133 503 181 526 aut
197 499 277 526 talem
297 499 459 527 sententiam
479 500 585 535 lgnatio
599 500 723 529 tribuere
737 508 771 528 ex
785 501 921 529 industria

132 545 268 573 voluerit?
283 545 345 573 Sive
359 545 455 573 Latina
477 550 594 581 spectes,
609 555 619 572 (
633 546 661 574 in
677 547 752 574 omni
767 547 894 582 epistola,
909 557 919 573 ι

132 592 189 619 sive
210 591 303 619 Graeca
315 612 322 624 ,
344 593 373 618 ὲν
390 592 464 630 πάσῃ
480 591 626 628 ἐπιστολῇ,
645 592 720 626 aliud
738 593 852 621 omnino
877 601 922 621 so-

131 642 208 671 nant,
223 637 293 665 idem
311 646 408 673 nempe
428 638 501 673 quod
521 637 549 665 in
576 643 634 666 tota
655 639 780 674 epistola.
796 639 875 668 Certe
891 639 920 668 S.

130 682 235 717 lgnatio
249 684 324 710 πᾶσα
339 684 477 720 ἐπιστολή,
492 689 533 712 est
547 694 556 710 ι
573 688 629 712 tota
643 685 768 720 epistola,
782 694 792 711 »
804 690 836 712 ιιι
847 686 922 713 πᾶσα

130 729 290 765 Ἐκκλησία,
310 739 320 756 ‹
336 734 391 758 tota
406 730 559 766 Ecelesia.r
578 731 616 759 ita
629 732 701 759 enim
716 731 850 766 Ephesios
865 732 922 768 ipse

130 775 282 810 alloquitur
304 785 310 803 :
332 776 364 803 Εἰ
389 776 444 814 γᾶρ
469 777 528 810 ἑνὸς
558 778 604 805 καὶ
629 778 756 814 δευτέρου
782 778 921 816 προσευχὴ

128 823 264 858 τοσαύτην
281 823 357 858 ἰσχὺν
373 823 440 859 ἔχει,
460 825 535 861 πόσῳ
553 825 652 861 μᾶλλον
672 826 690 862 ἥ
704 831 732 850 τε
743 825 791 852 τοῦ
813 826 922 854 ἐπισκό-

129 877 183 895 που
200 869 247 896 καὶ
262 869 352 905 πάσης
368 869 542 906 Ἐκκλησιας.
559 880 569 896 ‹
582 870 611 899 Si
626 871 700 904 enim
714 871 798 898 unius
817 876 844 899 et
856 871 922 899 alte-
936 861 958 891 Β

130 914 190 941 rius
213 915 301 942 oratio
322 919 423 942 tantam
445 916 500 944 vim
522 916 620 951 habet,
641 921 746 952 quanto
765 917 853 953 magis
874 918 920 946 illa

130 960 252 996 episcopi
279 966 307 989 et
329 963 419 991 omnis
447 962 613 991 Ecclesiae!»
634 962 686 991 Ubi
711 965 785 991 πᾶσα
807 964 921 1001 Ἐκκλη-

132 1007 178 1048 crta
197 1013 239 1035 est
255 1017 264 1033 ι
280 1013 337 1036 tota
361 1008 483 1037 Ecclesia
497 1019 506 1036 ι
524 1010 576 1039 sub
597 1011 725 1046 episcopo
740 1019 791 1039 suo
806 1018 921 1047 congre-

131 1059 203 1089 gata.
221 1054 268 1083 Sic
286 1055 387 1090 Latini,
401 1056 442 1084 sic
462 1056 549 1084 ϐπ·εοί
568 1056 728 1092 loquuntur.
750 1057 789 1085 Ita
806 1057 919 1085 Cicero:

134 1111 145 1127 ι
161 1101 278 1137 Sanguis
293 1109 342 1138 per
362 1110 447 1131 venas
460 1102 489 1130 in
504 1110 586 1131 omne
600 1110 701 1139 corpus
719 1104 890 1138 diﬁunditnr,
907 1115 917 1131 ι

130 1146 159 1176 id
169 1152 210 1174 est
227 1155 281 1175 non
298 1148 325 1176 in
341 1148 432 1176 omnia
447 1155 574 1184 corpora,
585 1149 679 1177 sedtin
691 1154 776 1178 totum
790 1158 916 1186 corpus.»

130 1189 204 1232 idem
215 1200 227 1218 τ
239 1201 248 1217 t
265 1191 294 1218 In
306 1191 359 1220 hoc
375 1193 515 1228 singulare
526 1194 660 1229 judicium
675 1202 758 1223 causa
774 1197 865 1224 omnis
878 1197 921 1224 in-

129 1237 284 1266 cluderetur
296 1247 326 1272 ,ι
347 1239 374 1267 id
400 1245 442 1268 est
463 1248 517 1268 non
532 1248 628 1270 omnes
647 1249 754 1277 causae,
769 1243 817 1271 sed
844 1253 853 1270 ι
865 1247 919 1272 tota

130 1291 242 1311 causa.»
253 1283 305 1321 Qui
321 1285 404 1317 etiam
424 1296 433 1312 ι
446 1291 501 1317 tota
515 1292 616 1321 mente,
630 1297 640 1314 ι
650 1292 677 1316 et
690 1297 700 1314 ‹
716 1290 790 1317 omni
806 1290 917 1317 animo»

129 1330 224 1357 eadem
247 1331 447 1366 signiﬁcatione
472 1332 551 1361 dixit.
576 1333 747 1370 Hesychius,
764 1335 832 1368 Πᾶς,
849 1336 918 1369 ὅλος,

128 1375 255 1409 ἕκαστος.
274 1376 434 1412 Homerum,
447 1383 478 1406 ut
488 1379 569 1412 solet,
581 1381 742 1416 respiciens,
755 1381 827 1417 apud
838 1390 919 1417 quem

128 1427 247 1461 utroque
262 1431 345 1452 sensu
356 1432 388 1452 ea
406 1432 460 1452 vox
477 1426 626 1461 accipitur;
645 1432 740 1455 nostro
755 1434 856 1462 autem,
872 1429 920 1464 ubi

128 1468 163 1496 de
179 1468 296 1498 Hectore
316 1471 381 1506 agit.
413 1471 471 1503 Πᾶς
487 1472 510 1499 δ’
521 1472 576 1508 ἄρα.
591 1473 684 1509 χαλκῷ
700 1473 796 1510 λάμφ’,
817 1484 826 1500 ι
846 1480 919 1504 totus

128 1521 182 1541 tere
199 1514 366 1549 Splendebat,
378 1524 387 1541 ι
407 1520 435 1543 ut
449 1516 482 1544 de
493 1517 587 1544 eodem
608 1516 756 1552 Sophocles
770 1528 776 1546 :

231 1560 337 1594 Κεῒνος
352 1561 386 1588 δὲ
399 1562 481 1597 λύπῃ
493 1562 552 1596 πᾶς
564 1563 708 1596 ἐλήλαται
724 1563 810 1599 κακῇ.

129 1604 181 1638 Ubi
190 1605 352 1634 Triclinius:
362 1607 398 1634 Τὸ
407 1607 467 1641 πᾶς
476 1606 563 1640 εἶπεν,
571 1608 615 1635 ἵνα
622 1607 697 1645 δείξῃ
704 1608 742 1641 ὡς
749 1609 809 1641 ὅλος
814 1610 863 1645 τῆς
871 1609 919 1636 λύ-

128 1657 184 1685 πης
199 1650 304 1684 γέγονε.
326 1660 335 1676 ε
348 1649 422 1678 Dixit
439 1652 503 1683 πᾶς,
524 1657 554 1679 ut
578 1653 734 1680 ostenderet
755 1659 816 1679 eum
832 1657 918 1680 totum

128 1695 214 1723 fuisse
221 1696 316 1724 dolore
325 1697 496 1732 absorptum.
503 1707 512 1725 ι
524 1697 644 1725 Hincilla
657 1698 787 1733 loquendi
801 1698 918 1727 formula

128 1742 231 1778 Graecis
239 1742 392 1777 familiaris,
400 1743 491 1772 Suidte
497 1744 638 1773 observata
651 1754 658 1772 :
669 1744 747 1777 Ὄλος
758 1745 805 1772 καὶ
811 1746 874 1777 πᾶς.
886 1745 919 1773 Ut

128 1789 212 1824 igitur
221 1790 295 1816 πᾶσα
306 1790 503 1826 γραφή,νειει·ἰ
511 1790 662 1826 interpreti,
678 1800 687 1816 ι
698 1791 787 1819 omnis
801 1791 919 1826 scriptu-

127 1843 168 1867 ra,
176 1844 185 1861 ›
200 1834 436 1871 TheodoroBczae,
446 1845 456 1862 ί
466 1841 522 1864 tota
530 1837 681 1872 scriptura;
694 1847 702 1862 ι
715 1837 750 1864 ita
758 1836 835 1864 hicév
843 1837 918 1875 πάσῃ

128 1881 267 1918 ἐπιστολῇ,
284 1893 293 1908 ι
308 1882 336 1910 in
353 1883 440 1917 omni,
451 1893 460 1909 ι
475 1883 527 1911 hoc
534 1889 577 1915 est
590 1893 600 1909 ι
614 1883 641 1910 in
659 1888 712 1911 tota
725 1883 866 1918 epistola.»
883 1883 919 1920 Ut

128 1928 254 1956 Clemens
268 1928 469 1957 Alexandrinus
483 1928 614 1966 Stromat.
631 1930 678 1958 lib.
696 1938 725 1963 ν,
738 1930 783 1958 illa
797 1930 826 1958 S.
839 1930 917 1958 Pauli

127 1976 132 2000 Ζ
139 1982 178 2001 να
183 1974 422 2011 παραστήσωμεν
428 1975 526 2003 πάντα
531 1976 687 2010 ἄνθρωπον
693 1976 808 2004 τέλειον
812 1977 847 2004 ἐν
852 1979 917 2012 Χρι-

126 2020 199 2052 στῷ.
212 2021 415 2056 interpretatur,
429 2023 459 2049 οὺ
478 2023 568 2050 πάντα
582 2023 677 2056 ἁπλῶς
684 2023 838 2059 ἄνθρωπον,
855 2025 917 2051 ἐπεὶ

126 2066 213 2099 οὐδεὶς
234 2067 268 2094 ἃν
283 2066 317 2104 ἦν
333 2068 457 2101 ἄπιστος·
475 2069 536 2096 οὐδὲ
559 2070 611 2106 μὴν
628 2070 717 2097 πάντα.
736 2070 782 2097 τὸν
803 2071 916 2101 πιστεύ-

125 2121 190 2140 οντα
204 2113 305 2141 τέλειον
321 2116 350 2142 ὲν
367 2115 491 2151 Χριστῷ,
507 2116 574 2143 ἀλλὰ
590 2116 689 2144 πάντα
703 2117 860 2152 ἄνθρωπον
875 2118 917 2145 λέ-

125 2168 180 2194 γει,
196 2161 235 2193 ὠς
251 2162 349 2195 εἰπεῖν,
366 2162 426 2189 ὅλον
441 2162 487 2190 τὸν
503 2162 657 2199 ἄνθρωπον,
675 2162 731 2191 οἷον
747 2164 854 2200 σώματι
870 2167 916 2193 καὶ

972 223 1041 250 riam
1056 229 1150 249 eorum
1165 221 1253 249 facere
1266 221 1294 248 in
1309 220 1374 249 Jesu
1389 220 1516 248 Christo?
1531 219 1594 248 Hac
1608 227 1622 247 a
1640 225 1765 255 martyre

972 277 1028 296 nou
1042 269 1131 296 otiose
1146 273 1195 296 aut
1208 267 1316 302 frigide,
1330 267 1377 295 sed
1398 275 1472 299 vere,
1488 267 1543 294 imo
1569 266 1712 302 signanter
1735 270 1765 293 et

971 315 1115 352 vigilanter
1131 315 1202 343 dicta
1225 319 1299 342 sunt.
1317 313 1386 342 Tota
1401 313 1474 340 enim
1495 312 1611 348 epistola
1626 312 1660 340 ad
1672 311 1766 347 Ephe-
1788 328 1791 330 -

971 363 1029 390 sios
1045 363 1156 398 scripta,
1170 363 1245 398 ipsos
1263 361 1406 397 Ephesios,
1421 367 1572 395 eorumque
1584 360 1720 387 honorem
1734 362 1777 389 et.

971 417 1066 438 curam
1081 409 1202 437 maxime
1217 413 1332 444 spectat,
1346 412 1374 436 et
1389 414 1495 435 summe
1517 406 1698 434 honoriﬁcam
1713 412 1766 432 eo-

971 464 1032 484 rum
1056 455 1218 484 memoriam
1247 456 1281 483 ad
1302 459 1425 490 posteros
1449 453 1619 485 transmittit.
1642 451 1670 479 In
1697 452 1765 485 aliis

971 503 1094 538 epistolis
1105 501 1252 537 Apostolus
1269 509 1315 529 eos
1327 501 1359 529 ad
1376 508 1444 536 quos
1457 500 1562 532 scribit,
1574 506 1646 534 saepe
1659 498 1765 526 acriter

971 550 1109 585 objurgat,
1124 553 1171 576 aut
1184 553 1257 576 certe
1277 548 1349 576 haud
1361 547 1483 579 omnino,
1497 546 1539 573 vel
1553 553 1635 580 parce
1648 544 1764 577 laudat;

971 595 1013 622 vel
1027 595 1061 622 de
1074 595 1157 622 rebus
1171 594 1206 622 ad
1222 594 1302 621 ﬁdem
1327 592 1538 629 pertinentibus,
1560 595 1608 620 aut
1631 591 1667 619 de
1685 597 1766 625 quae.

972 641 1109 670 stionibus
1131 640 1289 669 decidendis
1305 639 1387 668 latius
1407 639 1539 674 disputat.
1565 637 1617 664 llic
1630 636 1765 668 omnibus

972 688 1062 722 modis
1081 691 1212 722 perpetuo
1228 693 1257 714 se
1273 685 1400 720 Ephesiis
1419 684 1547 722 applicat,
1563 682 1680 717 illosque
1697 685 1765 708 tan-

971 742 1055 770 quam
1065 733 1189 769 egregios
1203 732 1376 761 Christianos
1390 734 1499 761 tractat,
1514 728 1664 763 Evangelia
1683 728 1765 755 salu—

971 782 1007 812 tis
1023 781 1136 809 lirmiter
1156 779 1308 812 credentes,
1320 782 1347 809 et
1358 777 1457 813 spiritu
1479 775 1670 812 promissionis
1685 775 1765 802 obsi—

971 834 1079 863 gnatos,
1091 826 1220 855 concives
1232 829 1391 853 sanctorum
1405 828 1433 851 et
1451 823 1618 851 domesticos
1631 821 1695 855 Dei;
1712 829 1765 857 pro

973 875 1007 904 iis
1021 882 1092 910 saepe
1113 873 1241 902 ardenter
1263 876 1335 904 orat,
1349 871 1425 906 ipsos
1446 871 1582 902 hortatur,
1594 869 1763 906 obtestatur,

972 921 1076 956 laudat,
1102 926 1211 947 omnem
1233 921 1352 950 aetatem,
1368 921 1515 951 utrumque
1540 922 1638 943 sexum
1663 913 1765 942 sedulo

971 967 1093 999 instruit,
1106 973 1186 993 suum
1199 972 1263 999 erga
1276 971 1323 992 eos
1339 961 1505 998 singularem
1520 961 1646 989 affectum
1659 960 1765 995 ubique

971 1014 1070 1050 prodit.
1094 1011 1200 1048 Πολλῆς
1215 1011 1269 1038 ἔδει
1284 1009 1323 1045 τῷ
1339 1008 1437 1044 Παύλῳ
1459 1007 1576 1043 σπουδῆς
1597 1007 1667 1044 πρὸς
1687 1006 1765 1034 ἐκεί·

971 1068 1032 1092 νους
1054 1059 1200 1095 γράφοντι,
1218 1056 1308 1092 inquit
1332 1055 1362 1083 S.
1386 1055 1609 1091 Chrysostornus,
1634 1063 1645 1080 ε
1660 1060 1764 1089 magno

971 1114 1033 1135 cum
1060 1105 1151 1134 studio
1173 1105 1207 1132 ad
1228 1103 1362 1139 Ephesios
1388 1101 1515 1130 scribit.»
1530 1100 1647 1135 Λέγεται
1661 1100 1691 1127 δὲ
1713 1103 1765 1128 καὶ

972 1153 1107 1189 βαθύτερα
1131 1151 1186 1178 τῶν
1210 1150 1352 1186 νοημάτων
1377 1149 1468 1180 αὐτοῖς
1490 1146 1686 1184 ὲμπιστεῦσαι,
1712 1147 1763 1174 ἅτε

970 1199 1021 1235 ῇδη
1037 1197 1246 1233 κατηχημένοις.
1265 1205 1275 1222 ‹
1294 1195 1399 1223 Dicitur
1420 1198 1511 1222 autem
1531 1197 1559 1221 et
1574 1192 1764 1228 profundissi-

970 1251 1032 1272 mos
1055 1247 1203 1277 conceptus
1218 1242 1252 1269 iis
1266 1239 1478 1273 concredidisse,
1492 1238 1567 1281 quod
1580 1238 1639 1273 jam
1657 1237 1764 1265 fuerint

971 1291 1005 1319 ab
1020 1291 1080 1326 ipso
1091 1289 1218 1322 instituti,
1230 1298 1239 1315 ι
1250 1293 1348 1316 etcum
1358 1287 1391 1314 iis
1402 1286 1577 1314 Timotheum
1591 1284 1762 1320 reliquisset,

970 1335 1043 1363 unde
1055 1341 1102 1362 eos
1113 1333 1220 1360 Παύλου
1238 1332 1401 1368 συμμύστας
1413 1335 1491 1359 vocat
1502 1329 1632 1366 lgnatius,
1646 1330 1762 1365 quibus,

970 1380 1075 1409 scilicet
1090 1380 1136 1407 ille
1152 1383 1241 1407 totum
1265 1377 1412 1406 consilium
1429 1375 1478 1404 Dei
1495 1376 1679 1412 patefecisset.
1698 1374 1763 1403 Ori-

970 1435 1052 1464 genes
1060 1427 1172 1454 homilia
1183 1426 1228 1460 15,
1236 1433 1366 1461 magnum
1379 1425 1507 1453 observat
1518 1423 1589 1452 inter
1599 1422 1762 1450 Corinthios

969 1478 997 1502 et
1011 1473 1146 1509 Ephesios
1166 1472 1316 1500 discrimen
1329 1480 1336 1498 :
1351 1480 1361 1497 ι
1376 1470 1444 1498 Vide
1459 1469 1599 1505 quomodo
1611 1469 1646 1496 ad
1662 1468 1762 1496 Corin-

970 1520 1043 1548 thios
1058 1519 1162 1547 Paulus
1175 1517 1405 1553 loquiturzLacte
1418 1524 1468 1545 vos
1484 1515 1587 1552 potavi,
1603 1523 1660 1543 non
1674 1515 1738 1543 cibo
1749 1524 1759 1543 :

972 1567 1082 1594 necdum
1095 1567 1164 1593 enim
1181 1566 1324 1601 poteratis;
1339 1565 1384 1592 sed
1406 1573 1486 1600 neque
1508 1572 1577 1595 nunc
1596 1564 1707 1599 potestis
1725 1563 1760 1590 ".

971 1612 1004 1643 Et
1029 1613 1093 1648 quia
1115 1613 1184 1640 lacte
1210 1612 1309 1640 adhuc.
1323 1611 1495 1647 indigebant,
1512 1618 1544 1638 ea
1565 1610 1678 1638 discunt
1697 1617 1761 1645 qua:

970 1658 1076 1686 discere
1091 1657 1197 1693 parvuli
1222 1657 1311 1686 solent
1330 1666 1338 1685 :
1357 1657 1464 1690 Bonum
1485 1661 1524 1684 ut
1551 1656 1689 1684 mulierem
1706 1663 1761 1683 non

971 1711 1078 1740 tangere
1095 1713 1104 1732 :
1121 1709 1228 1740 propter
1245 1704 1448 1739 [amicatt'onem
1467 1708 1556 1731 autem
1570 1702 1605 1737 ⁵ο,
1615 1707 1668 1730 etc.
1687 1701 1761 1729 Rur-

970 1757 1086 1785 sumque
1102 1749 1293 1783 instituuntur,
1311 1756 1344 1776 ne
1357 1748 1508 1783 idolothyta
1528 1748 1685 1776 comedant.
1704 1747 1760 1776 Ista

970 1796 1061 1823 omnis
1081 1795 1204 1823 doctrina
1219 1795 1269 1830 ,lac
1289 1794 1466 1830 parvulorum
1489 1799 1549 1827 est,
1564 1799 1592 1822 et
1609 1794 1699 1821 adhuc
1716 1793 1759 1820 iu-

969 1841 1084 1869 fantium
1097 1841 1124 1868 in
1135 1841 1255 1868 Christo.
1272 1841 1388 1874 Quando
1398 1848 1463 1868 vero
1473 1840 1601 1876 Ephesiis
1615 1841 1758 1872 scribitur,

969 1888 1086 1917 solidum
1109 1888 1163 1916 illis
1187 1888 1289 1924 prabet
1310 1888 1414 1915 cibum.
1433 1886 1495 1915 Non
1522 1887 1634 1915 auditur
1656 1887 1760 1922 quippe

969 1935 996 1962 in
1014 1935 1122 1970 Epheso
1145 1934 1305 1968 tornicatio;
1322 1941 1376 1961 non
1392 1933 1502 1962 auditur
1524 1934 1553 1962 in
1572 1933 1682 1969 Epheso
1698 1933 1759 1961 ido-

969 1981 1089 2017 lolatria,
1100 1985 1127 2009 et
1138 1988 1202 2009 esus
1218 1980 1441 2016 idolothytorum.
1460 1989 1470 2006 ι

1003 2028 1072 2056 Mira
1093 2032 1157 2056 sunt
1172 2035 1234 2063 quae
1248 2027 1294 2055 hic
1308 2027 1343 2055 de
1361 2027 1555 2062 interpolatore
1569 2026 1759 2056 comminisci-

968 2078 1013 2108 tur
1037 2073 1164 2101 Dallaaus.
1189 2072 1237 2100 Ille
1258 2072 1346 2106 enim,
1362 2072 1468 2108 inquit,
1483 2073 1548 2108 quia
1572 2072 1758 2107 Ephesiorum

967 2119 1068 2147 factam
1089 2119 1117 2146 in
1134 2119 1210 2146 omni
1225 2118 1341 2154 epistola
1353 2126 1368 2146 a
1383 2118 1469 2146 Paulo
1485 2118 1652 2146 mentionem
1675 2126 1757 2154 repe-

967 2166 1069 2199 riebat,
1085 2172 1136 2200 pro
1158 2165 1240 2198 vobis,
1262 2173 1325 2197 nos;
1345 2172 1394 2200 pro
1416 2165 1540 2200 epistola,
1560 2165 1696 2193 orationes
1715 2165 1758 2194 sic

125 2205 196 2243 ψυχῇ
214 2208 386 2243 ἡγνισμένον.
400 2218 410 2234 ε
426 2208 484 2236 Νοη
498 2217 608 2238 omnem
623 2211 762 2238 hominem
775 2211 913 2244 absolute,

1003 2213 1124 2246 hstituit,
1145 2211 1176 2244 ὃς
1191 2211 1307 2238 πάντοτε
1324 2213 1353 2238 ἐν
1368 2212 1429 2244 ταῖς
1444 2211 1568 2247 δεήσεσιν
1584 2211 1669 2239 αὐτοῦ
1688 2221 1757 2248 μνη-

126 2253 258 2287 quoniam
271 2254 364 2282 nullus
380 2259 455 2291 esset
469 2255 602 2290 inﬁdelis;
618 2256 664 2284 sed
679 2264 729 2284 nec
741 2264 850 2291 omnem
867 2258 915 2293 qui

126 2299 221 2332 credit,
235 2299 383 2335 perfectum
405 2301 434 2328 in
455 2301 581 2336 Christo;
598 2303 645 2331 sed
666 2311 769 2331 omnem
785 2303 851 2332 dicit
867 2295 916 2331 Ito-

125 2344 233 2378 minent,
249 2346 362 2380 perinde
377 2354 411 2374 ac
425 2340 582 2380 sti-diceret,
598 2352 686 2376 totum
703 2349 853 2383 hominem,
869 2354 913 2382 ut-

125 2395 189 2424 pote
206 2398 322 2428 corpore
337 2397 364 2420 et.
379 2392 471 2419 anima
485 2393 696 2431 sanctiﬁcatum.
708 2404 718 2421 ι

162 2436 235 2465 Vidit
253 2437 312 2465 haec
325 2438 570 2473 praestantissimus
581 2439 690 2468 lsaacus
704 2441 828 2476 Vossius,
840 2451 915 2471 eam-

124 2482 243 2517 demque
255 2483 507 2518 interpretationem
520 2484 659 2513 Blondello
673 2487 783 2522 obiecit.
798 2489 849 2517 Cui
867 2489 915 2519 ille

125 2528 184 2555 hac
200 2529 342 2563 reposuit:
359 2539 369 2555 ι
383 2529 425 2556 An
441 2537 505 2557 vero
525 2529 824 2569 lgnatiumquisquam
846 2535 915 2563 adeo

125 2574 279 2608 desipuisse
289 2575 444 2608 crediderit,
457 2580 487 2603 ut
498 2575 631 2612 Ephesios
643 2579 677 2606 ad
690 2587 719 2607 se
734 2584 817 2608 totam
830 2572 914 2617 quam

125 2619 228 2646 Paulus
244 2619 354 2654 scripsit
370 2620 513 2655 epistolam
535 2622 646 2650 missam
662 2626 814 2654 monendos
829 2631 912 2662 puta-

128 2666 199 2693 rit‘h
217 2666 273 2692 lmo
289 2674 353 2694 vero
371 2674 405 2694 an
420 2666 465 2694 ille
486 2675 536 2696 nos
556 2668 624 2696 adeo
647 2670 770 2706 desipere
786 2672 912 2706 credidit,

128 2716 158 2738 ut
172 2711 275 2739 nullum
291 2711 437 2740 discrimen
450 2714 666 2744 animadvertere
678 2724 830 2751 possemus,
843 2719 914 2746 inter

126 2766 157 2785 ea
175 2767 235 2793 quae
250 2759 307 2794 ipse
323 2760 400 2792 dicit,
417 2765 501 2788 totam
516 2770 598 2797 quam
613 2762 714 2792 Paulus
733 2765 843 2800 scripsit
855 2766 913 2801 epi-

128 2805 223 2832 stolam
239 2807 273 2833 ad
293 2807 425 2842 Ephesios
441 2808 553 2836 missam
568 2817 639 2844 esse,
653 2816 681 2838 et
697 2811 743 2839 illa
763 2820 823 2847 qua:
841 2813 912 2840 scri-

163 2861 184 2878 ³⁹
197 2861 205 2888 l
219 2863 282 2891 Cor.
299 2871 341 2896 ιιι,
357 2864 383 2891 2.
423 2865 445 2882 ⁸ο
465 2865 552 2895 lCor.
568 2874 617 2898 vn,
632 2867 656 2903 ί,

968 2259 1076 2295 μονεύει
1092 2258 1181 2295 ἡμῶν,
1195 2268 1204 2284 ι
1217 2259 1264 2293 qui
1276 2266 1383 2294 semper
1397 2259 1425 2286 in
1437 2258 1495 2287 suis
1508 2259 1683 2287 orationibus
1695 2267 1756 2286 me-

966 2313 1028 2333 mor
1043 2309 1086 2333 est
1100 2305 1197 2333 nostri.
1212 2315 1221 2332 »
1233 2304 1302 2333 Nam
1314 2306 1416 2340 primo,
1429 2313 1479 2340 pro
1490 2315 1500 2332 ι
1514 2305 1619 2340 vobis,»
1631 2313 1680 2332 nos
1698 2313 1759 2333 non

966 2352 1110 2380 substituit
1120 2352 1310 2387 interpolator.
1329 2351 1392 2379 Tria
1409 2351 1542 2379 habemus
1553 2350 1648 2379 Graeca
1665 2351 1756 2378 inter-

965 2399 1097 2439 polatoris
1123 2398 1305 2433 exemplaria;
1324 2398 1352 2426 in
1378 2406 1435 2427 uno
1450 2399 1572 2434 quidem,
1591 2399 1756 2433 Augustano

966 2445 1085 2477 scilicet,
1101 2444 1201 2480 legitur
1217 2445 1305 2481 ἡμῶν,
1322 2445 1370 2474 sed
1387 2449 1530 2479 corrupte;
1548 2452 1611 2471 cum
1629 2444 1659 2478 in
1679 2443 1755 2480 Nyd«

964 2491 1113 2525 prucciano
1129 2497 1157 2519 et
1169 2492 1320 2527 Anglicano
1337 2492 1442 2526 legatur
1456 2490 1534 2526 ὑμῶν
1545 2510 1552 2524 ,
1570 2494 1601 2517 ut
1622 2489 1755 2526 Vulgatus

964 2537 1098 2573 interpres
1113 2538 1187 2573 legit,
1201 2538 1248 2573 qui
1261 2538 1378 2566 reddidit
1389 2547 1399 2564 ι
1413 2537 1505 2567 vestri.
1516 2547 1525 2563 ι
1546 2536 1620 2570 Quin
1637 2542 1665 2565 et
1681 2537 1756 2565 hanc

964 2583 1187 2612 substitutionem
1203 2584 1361 2612 vetustioris
1377 2583 1518 2619 scriptoris
1533 2584 1687 2612 auctoritas
1708 2591 1755 2611 re-

964 2630 1046 2663 tellit,
1061 2638 1124 2659 cum
1147 2631 1176 2659 in
1191 2622 1313 2659 Mediceo
1336 2630 1428 2658 codice
1447 2631 1552 2665 legatur
1568 2630 1663 2666 ὑμῶν,
1680 2635 1709 2658 et
1724 2631 1754 2667 in

963 2677 1047 2705 veteri
1064 2678 1212 2712 interprete
1229 2687 1240 2703 ι
1253 2677 1348 2705 vestri.
1359 2686 1370 2703 ι
1388 2677 1477 2705 Causa
1493 2676 1577 2712 igitur
1592 2677 1670 2705 nulla
1685 2677 1753 2711 fuit,

964 2730 1013 2750 cur
1027 2723 1109 2751 unius
1123 2724 1226 2752 codicis
1235 2723 1379 2752 lectionem
1390 2727 1484 2752 contra
1495 2723 1619 2751 omnium
1631 2724 1754 2760 reliquo-

964 2776 1026 2796 rum
1041 2776 1206 2797 consensum
1223 2770 1433 2805 amplecteretur
1456 2768 1601 2803 Usserius,
1617 2774 1666 2797 aut
1682 2771 1753 2798 arri-

963 2819 1039 2855 perct
1050 2814 1175 2845 Dallaaus.
1194 2814 1329 2849 Secundo,
1341 2822 1396 2844 non
1408 2818 1515 2847 constat
1526 2814 1754 2850 interpolatorem
