1850 3072
67 143 112 170 3ῖῖ

431 142 456 170 J.
478 142 664 170 PEARSONH
686 143 848 171 VINDICIE
869 142 1079 172 lCNATlANIE.
1096 159 1130 164 —
1147 142 1237 169 PARS
1254 141 1284 169 ll.

1633 141 1688 168 378

67 212 111 241 pro
133 203 267 238 cpistola,
296 205 429 230 oratione:
454 203 647 237 substituisse;
676 211 739 232 nam
762 205 853 240 potius
868 207 891 234 Α
905 210 990 236 ratur,
1000 203 1073 239 quod
1086 202 1236 231 fiedissime
1252 201 1415 236 interpolata
1429 201 1474 229 sit.
1487 211 1496 228 ι
1515 201 1549 229 At
1565 208 1616 229 nos
1630 201 1689 228 tusc

66 251 164 280 videtur
182 251 213 277 ὲν
236 250 317 286 πάσῃ
339 249 467 286 ἐπιστολῇ
491 249 644 278 reddidisse
659 258 707 285 per
723 251 850 281 πάντοτε.

68 301 90 324 et
104 297 131 322 ὲν
145 296 207 327 ταῖς
223 295 337 331 δεήσεσι
359 295 496 322 addidisse
520 295 554 322 ad
576 295 786 330 explicationem
803 295 851 322 τοῦ

70 341 235 377 μνημονεύει,
254 341 330 376 quod
348 341 451 369 videret
467 340 496 368 S.
510 341 624 369 Paulum
639 342 666 368 in
683 342 852 370 orationibus

68 395 109 422 per
119 392 203 414 totam
221 388 368 422 epistolam
384 387 487 422 sparsis
499 387 632 422 Ephesios
644 387 699 415 Deo
713 396 852 416 commen-

69 434 138 461 dasse
153 434 181 460 in
193 433 263 461 Jesu
272 433 393 468 Christo;
406 435 447 462 vel
459 435 492 462 ad
503 435 578 462 illum
590 435 756 463 versiculum
766 436 852 471 respi-

69 481 177 513 ceret,ot'i
187 480 316 516 παύομαι
325 480 492 517 εὐχαριστῶν
500 481 570 517 ὑπὲρ
581 481 658 517 ὑμῶν
669 482 764 517 μνείαν
775 482 852 518 ὑμῶν

69 528 221 563 amaritiem;
248 528 298 555 ἐπὶ
320 528 374 555 τῶν
399 529 556 564 προσευχῶν
573 537 633 564 μου.
655 539 664 555 ι
688 528 747 556 Non
774 537 853 557 cesso

70 575 161 609 gratias
171 582 259 609 agens
271 583 322 609 pro
333 575 410 602 vobis
419 594 426 607 ,
440 576 598 603 memoriam
611 577 694 604 Vestri
707 577 811 606 faciens
823 578 851 605 in

71 620 232 648 orationibus
249 622 331 648 meis.
343 631 352 646 ι
367 620 579 649 Laurentianum
590 623 713 650 codiCem
724 624 850 657 defendo,

71 667 254 694 confusionem
276 668 422 703 utriusque
444 668 547 696 codicis
563 669 598 696 ab
622 668 796 698 Hammondo
811 671 853 699 fa-

70 717 132 740 ctam
148 721 202 740 non
218 714 320 748 probo.

101 759 190 795 Capite
204 760 242 787 20
259 761 296 788 de
313 760 373 788 solo
394 760 470 788 Pauli
491 761 619 797 coniugio
637 763 703 798 agit,
725 767 752 791 et
768 763 853 791 inter-

71 807 208 842 polatorem
227 811 337 834 tantum
353 806 424 834 ferit.
442 807 531 842 Caput
540 809 572 835 21
587 813 705 844 quatuor
721 810 852 845 objectio-

72 860 114 881 nes
128 853 388 888 continet,quarum
403 860 458 880 una
470 854 503 881 de
517 853 663 882 Salomone
678 860 704 883 et
719 855 794 885 Josia
811 857 853 883 in-

72 899 255 931 terpolatorem
267 919 275 930 .
295 899 408 934 reliquae
423 905 562 928 auctorem
580 902 670 936 ipsum
690 907 796 937 petunt.
815 902 853 930 De

73 943 113 970 illo
125 943 180 972 hate
196 944 282 972 habet
296 954 303 972 :
320 954 330 970 ε
345 944 431 973 Homo
447 946 647 975 audacissimus
664 948 784 976 scribere
798 956 852 976 non

73 988 194 1016 dubitavit
212 989 359 1018 Christum
375 991 520 1020 Dominum
538 1000 554 1020 a
571 1001 601 1021 se
614 993 642 1021 in
653 1002 736 1022 carne
751 995 851 1022 visum.

73 1034 275 1071 Chrysostomus
305 1043 386 1074 negat
413 1040 547 1075 lguatium
573 1041 674 1068 vidisse
701 1041 852 1070 Christum.

73 1081 246 1116 Epistolarum
263 1092 332 1120 ergo
345 1086 464 1121 scriptor
481 1085 620 1114 manifesti
637 1088 770 1117 mendacii
788 1096 853 1116 con-

74 1128 210 1157 vincitur»
229 1130 296 1158 llaec
310 1132 464 1166 argumenti
481 1140 599 1160 summa.
617 1132 675 1166 Qua
692 1134 854 1162 certitudine

75 1175 162 1203 dixerit
177 1177 396 1213 Cbrysostumus
407 1178 547 1207 Christum
565 1179 599 1207 ab
614 1179 718 1215 lgnatio
735 1186 854 1217 martyre

75 1230 202 1259 nunquam
224 1225 319 1252 visum
345 1225 429 1253 fuisse
441 1246 449 1258 .
468 1233 518 1261 ego
539 1233 593 1253 non
613 1234 717 1261 quaero.
735 1226 815 1254 Certe
831 1228 854 1255 si

74 1270 237 1304 epistolarum
263 1271 385 1306 scriptor
405 1271 458 1299 200
476 1276 538 1307 post
561 1272 695 1308 lgnatium
712 1274 801 1306 annis,
826 1279 855 1302 ut

75 1317 124 1344 vult
138 1316 265 1350 Dallaeus,
277 1317 381 1345 dixerit
391 1318 530 1346 Christum
546 1326 560 1346 a
572 1327 601 1346 se
614 1319 640 1346 in
656 1327 739 1347 carne
753 1320 854 1353 visum,

75 1365 99 1388 et
110 1362 186 1390 homo
196 1364 401 1391 audacissimus
410 1369 437 1391 et.
446 1364 674 1393 mendacissimus
685 1365 750 1398 fuit;
761 1373 841 1400 quem
849 1380 856 1386 -

77 1407 208 1436 admodum
222 1409 452 1438 Pseudovadias
468 1418 522 1438 non
539 1411 598 1438 sine
614 1419 720 1439 summa
742 1412 856 1439 audacia

76 1458 198 1489 etaperto
221 1456 371 1483 mendacio
398 1456 487 1491 ipsum
514 1457 601 1484 oculis
629 1457 687 1485 suis
708 1457 855 1485 Dominum

76 1499 165 1528 vidisse
178 1506 273 1529 narrat
289 1502 453 1537 Apostolicaa
468 1503 589 1530 historiae
605 1503 651 1531 lib.
669 1511 710 1535 v1,
727 1511 789 1531 cum
807 1512 855 1532 eo-

77 1546 129 1574 dem
146 1547 215 1575 libro
234 1556 291 1576 non
319 1553 424 1576 tantum
451 1549 633 1585 Hegesippum
661 1551 854 1584 nominaverit,
869 1550 891 1582 ο

77 1592 117 1620 sed
130 1597 156 1620 et
177 1595 236 1629 ejus
254 1595 340 1622 verba
356 1602 390 1622 ex
407 1596 586 1623 translatione
603 1595 702 1623 RulIiui
724 1597 857 1624 transcri-

76 1640 159 1673 pserit.
176 1641 282 1669 Auctor
302 1641 410 1670 Politia
431 1641 483 1670 SS.
499 1641 613 1670 Patrum
633 1642 812 1678 Metrophanis
831 1648 856 1670 et

76 1685 210 1714 Alexandri
229 1688 305 1723 apud
322 1687 449 1716 Photium
466 1689 560 1716 codice
579 1689 648 1722 256,
664 1693 692 1716 et
709 1690 792 1717 homo
807 1697 856 1717 an-

77 1731 227 1762 dacissimus
243 1739 272 1762 et
288 1735 520 1764 mendacissimus
538 1735 600 1769 fuit,
620 1736 644 1764 si
669 1736 811 1771 scripserit
827 1745 856 1764 sc

77 1777 165 1807 vidisse
187 1780 403 1809 Constantinum
430 1781 501 1809 inter
517 1782 637 1817 ephebos
661 1787 810 1810 merentem
828 1783 856 1810 in

77 1822 207 1854 Palaestina
220 1827 274 1855 sub
291 1826 470 1855 Diocletiano.
491 1826 590 1855 Verum
603 1827 656 1855 hoc
668 1828 784 1863 scriptor
799 1829 856 1863 ipse

77 1876 124 1896 non
145 1871 226 1906 dixit,
242 1873 292 1901 sed
319 1873 506 1900 obscuriorem
530 1872 619 1900 Photii
641 1874 855 1905 contractionem

78 1915 110 1942 ita
124 1919 258 1946 transtulit
281 1918 428 1952 Schottus,
444 1920 523 1954 cujus
548 1920 796 1954 interpretationem
814 1928 856 1947 re-

78 1960 162 1991 lellunt
188 1966 285 1993 eadem
313 1965 382 1993 Acta
405 1966 512 2000 plenius
538 1973 553 1993 a
579 1965 745 1994 Combelisio
770 1973 857 2000 nuper

79 2007 155 2043 edita;
170 2017 202 2038 ex
219 2011 323 2046 quibus
353 2015 460 2038 constat
476 2018 528 2038 non
547 2011 719 2046 scriptorem,
735 2012 782 2039 sed
802 2012 860 2039 Ma—

80 2054 216 2084 ximianum
228 2062 298 2085 tunc
314 2058 416 2086 vidisse
431 2057 652 2086 Constantinum.
671 2057 737 2085 illud
755 2059 858 2093 pariter

79 2103 158 2135 ctego
173 2109 279 2136 assero,
303 2108 444 2131 auctorem
468 2103 659 2138 epistolarum,
674 2111 743 2137 quas
763 2103 857 2131 dcl‘cn-

80 2145 322 2185 dimus,nunquam
338 2149 492 2184 scripsisse,
504 2149 645 2177 Christum
658 2157 672 2176 a
688 2157 717 2177 se
731 2149 758 2177 in
774 2157 857 2177 carne

81 2191 168 2220 visum.
186 2194 214 2222 Si
231 2195 291 2223 haec
308 2195 475 2230 scripsisset,
495 2195 646 2223 Salmasius
659 2200 686 2223 et
699 2195 856 2223 Blondellus

81 2243 124 2270 pro
138 2245 184 2266 sua
199 2240 226 2267 in
243 2241 287 2268 his
304 2240 386 2267 rebus
401 2240 521 2274 solertia,
540 2240 566 2267 id
583 2240 730 2275 praeterire,
746 2240 854 2275 opinor,

83 2283 235 2320 noluissent;
257 2286 306 2314 sed
319 2286 432 2314 omnino
447 2294 500 2313 non
515 2287 633 2321 scripsit.
655 2286 783 2314 Auctoris
799 2287 857 2322 cpi--

83 2330 147 2358 stolae
167 2333 247 2360 verba
264 2333 324 2360 haec
341 2337 405 2360 sunt
429 2333 463 2360 de
482 2332 693 2367 ϋιιιτίειοεἘγὼ
715 2333 770 2370 γὰρ
788 2332 856 2368 μετὰ

83 2373 124 2408 τὴν
146 2375 290 2404 ἀνάστασιν
315 2378 345 2404 ὲν
370 2378 451 2414 σαρκὶ
477 2378 558 2408 αὐτὸν
583 2376 641 2405 οἶδα
666 2378 713 2405 καὶ
737 2378 857 2405 πιστεύω

83 2419 147 2448 ὄντα.
162 2421 200 2450 ita
216 2424 242 2451 in
260 2424 356 2452 codice
372 2424 556 2452 Laurentiano
572 2425 686 2460 legitur;
704 2425 799 2453 cadem
816 2425 856 2452 lc-

85 2466 131 2494 ctio
144 2470 210 2504 apud
226 2470 377 2498 Eusebium
394 2471 547 2504 invenitur;
565 2471 688 2499 eamdem
706 2479 856 2506 repratsen-

86 2516 119 2540 tat
132 2513 332 2550 Theodoretus;
346 2517 469 2544 eamdem
485 2518 659 2544 retinuerunt
674 2516 760 2544 Graeci
779 2517 858 2545 codi-

87 2566 125 2588 ces
141 2563 248 2598 vulgati,
265 2569 325 2591 tum
341 2563 577 2599 Nydpruccianus,
595 2568 653 2591 tum
676 2564 854 2600 Tylinganus,

88 2610 136 2634 tum
150 2608 323 2645 Anglicanus,
336 2617 432 2639 omnes
449 2618 464 2637 a
486 2618 570 2637 manu
586 2610 789 2645 interpolatoris
806 2612 857 2638 hoc

90 2653 141 2681 loco
154 2655 236 2683 liberi.
254 2655 387 2684 Summus
403 2656 448 2684 hic
464 2656 548 2692 igitur
562 2660 590 2683 et
605 2656 743 2689 codicum,
758 2661 786 2683 et
808 2664 857 2684 ex-

89 2704 226 2734 cerptorum
237 2710 404 2737 consensus;
421 2710 502 2738 quem
519 2707 610 2730 tamen
625 2702 702 2731 miris
718 2703 857 2738 conjectu-

91 2743 124 2771 ris
142 2745 296 2777 labefactare
319 2753 435 2777 conatur
452 2749 489 2777 vii
514 2749 700 2782 doctissimus,
719 2750 766 2784 qui
791 2749 855 2777 alibi

92 2791 226 2822 exclamare
251 2795 331 2829 solet,
352 2795 459 2831 quoties
475 2795 567 2830 aliqua
591 2801 713 2823 veterum
729 2794 855 2822 codicum

94 2835 162 2872 lectio
172 2840 336 2869 sollicitatur.

123 2881 222 2922 ifrittro:
238 2896 247 2914 ‹
261 2886 412 2916 Editioncm
429 2887 552 2922 Gt‘mca‘m
568 2887 704 2921 vulgatam
720 2887 787 2916 nihil
798 2894 856 2915 mo-

871 2224 893 2251 D

904 251 986 278 verba
997 250 1072 277 omni
1084 248 1293 283 interpolatione
1304 247 1389 275 libera
1400 254 1433 275 ex
1449 255 1481 274 ea
1494 247 1686 282 producimus;

902 298 1006 326 scilicet
1021 295 1098 324 Μετὰ
1114 295 1163 331 τὴν
1180 295 1325 322 ἀνάστασιν
1341 294 1369 320 ὲν
1381 294 1462 330 σαρκὶ
1475 293 1557 320 αὑτὸν
1571 291 1628 319 aiio
1643 293 1690 319 καὶ

902 343 1023 370 πιστεύω
1047 342 1121 369 ὅντα.
1138 341 1313 375 Quaecunque
1338 339 1420 375 igitur
1443 338 1604 374 interpolata
1621 339 1688 370 sint,

903 390 961 417 haec
982 393 1055 417 certe
1079 395 1146 416 sana
1164 393 1193 415 et
1214 387 1318 422 integra
1335 389 1492 420 supersunt,
1517 393 1578 412 cum
1596 384 1689 412 codice

903 435 1098 467 Laurentiano,
1112 433 1242 466 Eusebio,
1253 437 1280 460 et
1297 431 1470 459 Theodoreto
1481 431 1687 458 cottsentientia.

903 481 1041 512 Secundo,
1056 481 1083 508 in
1099 479 1218 507 Eusebio
1234 478 1385 506 hariolatur
1396 478 1439 504 vel
1455 477 1633 511 antiquarios,
1647 476 1689 504 vel

903 527 1040 555 Bullinum
1062 534 1112 561 pro
1141 523 1211 552 εἷδον
1232 524 1408 559 rescripsisse
1427 521 1495 549 οἶδεν
1523 531 1554 550 ex
1580 522 1688 549 Eusebii

903 574 981 602 libris
1004 572 1037 600 ad
1064 571 1285 603 Theodorctum,
1303 574 1331 598 et
1355 570 1516 605 scriptorem
1540 567 1690 595 Florentini

903 621 1006 649 codicis
1022 620 1188 647 dimanasse.
1206 618 1228 646 0
1244 618 1364 654 lepidum
1380 616 1582 645 commentum!
1604 615 1690 642 Eusc-

903 667 941 696 bii
957 666 1075 694 llistoria
1086 669 1195 692 centum
1207 664 1292 691 ferme
1306 664 1385 691 annis
1395 663 1555 698 priusquam
1569 661 1692 688 Bullinus

902 721 962 741 eam
981 713 1008 740 in
1025 711 1153 739 Latinum
1170 711 1261 742 vertit,
1271 710 1298 737 in
1312 709 1440 737 manibus
1453 707 1575 735 omnium
1589 706 1690 739 fuerat;

902 759 1068 794 exemplaria
1085 766 1133 794 per
1148 762 1232 785 totam
1250 755 1399 784 Ecclesium
1413 754 1576 782 Orientalem
1592 753 1693 788 ubique

903 804 1026 838 dispersa
1042 808 1069 831 et
1085 810 1182 838 magna
1199 801 1322 829 omnium
1339 807 1402 827 eum
1416 798 1597 826 admiratione
1615 805 1693 827 acce-

904 855 961 886 pta.
978 851 1020 877 An
1043 850 1128 886 igitur
1151 848 1275 876 Rullinus
1294 848 1321 875 in
1347 846 1468 874 Ecclesia
1485 845 1582 872 Latina
1599 853 1692 872 vocem

905 898 1015 926 uniCam
1032 897 1059 924 in
1080 903 1132 924 suo
1149 896 1243 924 codice
1266 895 1299 923 de
1315 894 1448 922 industria
1466 899 1572 921 mutare
1594 893 1692 926 voluit,

904 947 953 970 aut
973 943 1169 971 correctionem
1185 949 1264 970 suam
1287 942 1315 969 in
1341 941 1446 976 reliqua
1464 939 1556 966 omnia
1573 938 1694 966 Orientis

904 990 1070 1025 exemplaria
1092 989 1276 1024 recipiendam
1296 987 1355 1015 fore
1377 994 1488 1022 sperare
1510 985 1618 1021 potuit?
1633 984 1693 1012 Non

905 1037 973 1064 adeo
998 1037 1110 1064 demens
1134 1035 1185 1062 fuit
1210 1034 1351 1066 Itullinus;
1376 1032 1527 1068 praesertim
1552 1038 1614 1058 cum
1634 1030 1690 1065 jam

905 1082 1057 1110 acerrimus
1081 1081 1141 1116 ejus
1167 1080 1255 1108 hostis
1277 1078 1459 1114 Hieronymus
1479 1080 1520 1104 tot
1536 1076 1615 1103 annis
1630 1082 1693 1102 ante

905 1129 977 1156 hanc
1001 1127 1156 1155 versionem
1184 1126 1341 1161 catalogum
1365 1131 1446 1151 suum
1467 1122 1608 1150 edidisset.
1635 1120 1693 1149 Non

905 1179 947 1203 est
966 1174 1058 1209 itaque
1072 1174 1147 1208 jnsta
1171 1171 1303 1206 suspicio,
1321 1169 1459 1198 Ruﬁnum
1475 1168 1582 1196 Eusebii
1600 1166 1694 1194 Histo-

905 1221 976 1249 riam
1004 1220 1086 1247 verba
1113 1218 1285 1246 immolando
1315 1216 1482 1251 corrupisse.
1510 1214 1549 1241 De
1576 1213 1694 1241 librariis

906 1271 995 1295 autem
1011 1266 1085 1300 quod
1107 1264 1229 1299 coniicit,
1243 1263 1325 1291 verba
1342 1262 1438 1298 lgnatii
1453 1261 1488 1288 ab
1506 1259 1625 1288 Eusebio
1639 1263 1695 1286 tra-

905 1312 961 1339 dita
974 1311 1101 1339 consulto
1117 1318 1164 1338 eos
1179 1308 1368 1337 animadversa
1384 1308 1424 1335 rei
1440 1306 1621 1338 absurditate,
1633 1312 1694 1332 cor-

906 1358 1026 1391 rexisse,
1048 1357 1083 1384 ab
1105 1355 1181 1383 omni
1200 1353 1440 1382 verisimilitudine
1464 1352 1603 1380 abhorret.
1626 1351 1695 1385 Quis

905 1404 979 1432 enim
1007 1410 1055 1430 eos
1079 1401 1204 1429 librarios
1230 1407 1351 1435 unquam
1378 1399 1546 1427 existimabit
1565 1400 1593 1426 in
1618 1405 1696 1425 com-

906 1456 989 1478 mune
1014 1447 1203 1479 consuluisse,
1225 1446 1259 1473 de
1284 1445 1394 1480 scriptis
1421 1445 1531 1472 Eusebii
1559 1444 1693 1479 judicium

907 1495 1012 1526 tulisse,
1033 1497 1061 1521 et
1084 1493 1119 1520 de
1145 1490 1296 1519 mutatione
1317 1489 1393 1516 vocis
1417 1487 1607 1516 consensisse?
1627 1487 1694 1520 Quis

906 1549 954 1568 eos
986 1539 1104 1567 Eusebio
1137 1538 1214 1573 ipso,
1253 1539 1366 1564 auctore
1396 1535 1439 1562 sui
1471 1533 1602 1568 temporis
1636 1539 1694 1560 ma-

906 1588 982 1617 ximo
998 1585 1177 1621 sapientiores
1197 1582 1342 1619 judicabit,
1360 1588 1431 1616 quos
1452 1580 1527 1607 omni
1549 1587 1606 1607 aevo
1619 1579 1694 1606 viros

907 1634 993 1662 fuisse
1018 1633 1152 1661 bonarum
1180 1631 1333 1658 litterarum
1358 1628 1486 1663 ignaros,
1509 1627 1634 1654 mercede
1659 1626 1694 1654 ad

905 1679 1117 1709 exscribendum
1141 1675 1330 1704 tantummodo
1355 1674 1516 1706 conductos,
1531 1673 1580 1700 viri
1598 1679 1694 1700 omnes

907 1727 978 1754 docti
989 1730 1015 1753 et
1032 1726 1061 1752 in
1083 1725 1126 1752 his
1143 1724 1225 1752 rebus
1239 1723 1340 1751 versati
1357 1726 1384 1750 et
1402 1722 1566 1748 conlitentur
1581 1725 1609 1748 et
1624 1727 1693 1755 que-

907 1772 1023 1800 runtur?
1040 1771 1069 1799 Si
1082 1770 1185 1806 aliquid
1200 1770 1226 1796 in
1242 1768 1353 1796 Eusebii
1366 1767 1459 1795 codice
1475 1771 1609 1794 tentatum
1625 1765 1694 1805 luis-

907 1825 959 1853 set,
980 1821 1042 1857 quis
1059 1820 1134 1847 dabit
1149 1826 1181 1846 ea
1198 1817 1368 1846 correctione
1390 1814 1563 1843 Tlteodoreto
1580 1814 1694 1850 imposi~

908 1873 964 1895 tum
982 1866 1077 1900 fuisse,
1094 1866 1140 1901 qui
1164 1870 1205 1893 tot
1221 1864 1273 1892 alia
1293 1864 1352 1891 loca
1376 1870 1431 1890 non
1451 1870 1483 1890 ex
1501 1861 1629 1894 Eusebio,
1646 1861 1693 1888 sed

906 1922 939 1941 ex
952 1913 1021 1948 ipsis
1036 1913 1132 1948 lgnatii
1148 1911 1271 1947 epistolis
1288 1909 1480 1944 transcripsit‘.’
1495 1908 1562 1942 Quis
1579 1911 1694 1943 praesta-

907 1960 946 1988 bit
962 1959 1124 1994 scriptoreut
1150 1956 1328 1986 Laurentiani
1353 1956 1470 1988 codicis,
1487 1954 1582 1981 relicto
1599 1960 1693 1980 exem-

906 2006 975 2041 plari
993 2013 1058 2037 suo,
1078 2008 1125 2031 aut
1148 2003 1257 2032 Eusebii
1281 2002 1441 2034 Historiam,
1461 2005 1507 2028 aut
1530 1998 1693 2027 Theodoreti

907 2052 1106 2088 disputationes
1128 2051 1155 2078 in
1177 2050 1323 2078 consilium
1340 2048 1509 2076 adhibuisse.
1538 2045 1625 2073 Nimis
1649 2045 1693 2073 di-

907 2099 971 2126 lutas
987 2101 1052 2126 sunt
1073 2098 1114 2124 ha:
1133 2096 1312 2131 conjecturae;
1328 2101 1354 2123 et
1375 2093 1531 2129 aequissima
1546 2091 1693 2127 postulatio

907 2150 960 2180 est,
979 2149 1009 2172 ut
1022 2152 1054 2171 ea
1072 2151 1120 2179 pro
1136 2143 1226 2171 verbis
1242 2142 1418 2177 epistolarum
1441 2139 1560 2167 auctoris
1575 2138 1694 2165 habean-

907 2198 963 2224 tur,
978 2197 1039 2225 quae
1062 2189 1096 2217 ab
1111 2189 1239 2216 omnibus
1254 2187 1356 2216 Graecis
1372 2185 1584 2221 exemplaribus,
1602 2188 1629 2211 et
1645 2191 1693 2211 ve-

908 2237 1010 2264 teribus
1021 2235 1155 2270 excerptis
1166 2237 1361 2270 agnoscuntur.
1379 2232 1414 2260 lis
1428 2236 1518 2259 autem
1533 2231 1625 2258 verbis
1638 2237 1693 2257 non

907 2283 1006 2310 dicitur
1019 2282 1045 2309 id
1057 2282 1128 2317 quod
1142 2289 1157 2308 a
1174 2281 1233 2309 solo
1245 2279 1345 2306 Dallzeo
1356 2279 1492 2314 objectum
1505 2281 1557 2310 est,
1570 2276 1599 2304 S.
1615 2276 1694 2310 lgna-

908 2329 975 2356 tium
986 2329 1014 2355 in
1026 2335 1108 2355 carne
1116 2326 1256 2354 Christum
1268 2326 1379 2353 vidisse.
1394 2324 1474 2352 Aliud
1486 2324 1557 2351 enim
1570 2327 1611 2350 est
1622 2320 1691 2354 οῖδα,

906 2375 980 2402 aliud
996 2372 1064 2401 εἶδον
1087 2373 1129 2401 vel
1146 2373 1209 2400 ἴδον·
1227 2380 1281 2399 non
1303 2371 1434 2406 scriptum
1456 2374 1497 2397 est
1517 2367 1601 2403 εἶδον,
1619 2369 1693 2404 quod

906 2426 949 2449 est
964 2420 1066 2449 Graecis
1086 2430 1095 2446 ‹
1109 2420 1175 2453 vidi,
1189 2429 1198 2445 ι
1218 2418 1265 2446 sed
1287 2416 1359 2450 οἶδα,
1376 2417 1449 2452 quod
1466 2417 1562 2443 iisdem
1585 2423 1693 2450 semper

906 2473 949 2498 est
976 2478 986 2495 ι
1001 2469 1096 2502 ηονί,›
1118 2469 1161 2496 vel
1186 2467 1274 2495 «scio.
1289 2477 1298 2493 ι
1326 2466 1364 2494 ita
1393 2467 1491 2493 harum
1513 2465 1692 2500 epistularum

906 2520 1002 2544 auctor
1024 2515 1087 2543 alibi
1104 2514 1255 2550 distinguit.
1273 2513 1314 2541 Ad
1328 2513 1459 2548 Ephesios
1472 2512 1526 2539 :At’
1536 2509 1573 2539 ὦν
1588 2512 1694 2542 πάντας

908 2562 979 2598 ὑμᾶς
995 2561 1066 2588 κατὰ
1082 2561 1192 2597 ἀγάπην
1209 2558 1288 2593 εἶδον,
1308 2569 1318 2586 ι
1330 2567 1377 2595 per
1393 2566 1462 2594 quos
1474 2566 1522 2586 vus
1538 2565 1634 2586 omnes
1649 2565 1693 2585 se-

907 2609 1026 2636 cundum
1042 2607 1201 2635 charitatem
1218 2606 1283 2634 vidi.
1297 2615 1306 2631 ι
1321 2605 1362 2633 Ad
1376 2603 1529 2640 Magnesios
1544 2613 1551 2630 :
1568 2601 1634 2630 Οἶδα
1649 2603 1692 2630 ὅτι

906 2655 936 2682 οὑ
953 2653 1108 2689 φυσιοῦσθε,
1137 2662 1146 2678 ‹
1158 2652 1222 2679 novi
1238 2651 1368 2687 quoniam
1385 2658 1438 2678 non
1461 2648 1602 2682 inllamini,
1613 2657 1622 2674 ι
1642 2652 1691 2676 et:

907 2698 972 2727 Οἶδα
995 2700 1036 2726 ὅτι
1059 2697 1237 2734 ὲντρέπεσθε,
1257 2706 1266 2723 ι
1282 2697 1343 2724 novi
1368 2695 1497 2731 quoniam
1522 2694 1693 2722 verecunda-

906 2745 1005 2773 mini.»
1022 2744 1061 2772 Ad
1083 2743 1319 2778 Philadelphicos,
1336 2741 1406 2768 οἶδεν
1430 2741 1484 2776 γὰρ
1508 2740 1591 2767 πόθεν
1612 2739 1692 2775 ἔρχεν

906 2802 961 2824 ται,
975 2793 1021 2819 καὶ
1037 2790 1088 2818 ποῦ
1105 2791 1216 2825 ὑπάγει,
1229 2800 1237 2815 ι
1251 2790 1325 2818 novit
1340 2789 1412 2816 enim
1423 2788 1495 2815 unde
1504 2788 1626 2821 venit,et
1636 2793 1692 2821 quo

906 2839 990 2867 vadit.
1004 2847 1012 2863 ι
1025 2837 1087 2866 llzec
1105 2837 1194 2872 primo
1210 2843 1259 2871 pro
1274 2835 1357 2864 certis
1371 2839 1399 2862 ct
1413 2833 1575 2862 imlubitatis
1590 2832 1690 2861 habeo.

946 2885 999 2919 Sed
1024 2885 1144 2921 disputat
1172 2883 1288 2919 Dallmus
1310 2890 1343 2918 cx
1365 2881 1448 2915 veteri
1473 2880 1608 2916 versione,
1631 2884 1694 2916 qua;
