1850 3072
131 120 184 148 379

603 122 633 150 ὃ.
653 122 826 150 lGNATIUS.
841 139 875 143 —
890 123 1158 152 PROLEGOMENA.

1700 118 1759 145 389

131 182 214 210 verba
229 182 352 210 auctoris
363 182 398 209 ita
414 184 913 218 repraesentat,«postresurrectionem
928 187 951 216 Α
965 185 1085 213 Atbenas
1093 183 1236 217 subvertit,
1246 193 1256 209 1
1265 190 1314 218 pro
1324 182 1459 217 καθαίρει,
1472 180 1599 212 «lustrat;
1610 188 1621 205 ι
1633 178 1681 213 qui
1693 179 1758 205 ἀπ’·

133 229 161 254 111
177 235 259 255 carne
271 235 333 255 eum
350 228 416 255 vidi.
430 238 439 254 1
455 228 555 256 Verum
570 237 625 257 non
638 230 779 265 quaeritur,
794 231 859 265 quid
870 231 897 258 in
907 246 914 250 -

132 276 237 308 terpres
250 273 354 306 fecerit,
368 273 415 301 sed
428 273 494 308 quid
509 279 606 302 auctor
618 275 739 310 epistola:
759 276 914 311 scripserit,

133 323 161 346 et
173 326 207 345 an
219 319 256 345 ita
271 319 403 353 interpres
415 319 459 346 ille
471 320 593 347 auctoris
603 321 684 347 verba
694 321 806 348 reddere
817 322 918 349 debue—

134 366 178 393 rit.
194 365 400 400 Simplicitatem
417 370 444 393 et
456 366 536 394 ﬁdem
551 367 578 393 in
592 375 625 394 eo
639 367 759 401 laudem,
774 368 800 394 in
823 368 915 403 lingua

134 411 225 439 Grzcca
240 411 364 446 peritiam
377 412 447 439 haud
463 412 537 440 item.
549 412 633 445 'Quod
647 421 741 440 errare
754 416 873 448 potuerit
888 415 916 442 in

133 458 275 492 scriptoris
294 457 378 485 Graeci
402 464 493 486 mente
517 459 690 493 explicanda,
710 467 809 494 negare
836 469 916 488 nemo

133 509 236 540 potest;
249 504 321 539 quod
339 505 390 532 hoc
408 505 469 532 loco
489 506 631 538 erraverit,
645 505 761 535 aﬂirmo.
776 505 827 534 Sed
840 511 918 534 vetu-

134 550 256 578 stissimo
270 550 409 584 interpreti
430 550 509 585 plane
522 550 648 585 congruit
661 549 844 586 Hieronymus
855 572 863 584 ,
878 551 918 580 fa-

133 599 214 623 teor:
230 603 324 622 verum
339 599 400 630 post
421 595 616 631 Hieranyuium
631 596 759 623 dissentit
776 596 915 632 Bullinus;

133 641 266 675 quaeritur
291 642 354 676 quis
379 647 497 670 mentem
526 642 648 670 auctoris
672 644 765 677 potius
786 644 917 679 attigerit,

133 686 325 722 Hieronymus,
342 695 377 713 an
401 686 536 719 Bullinus,
555 687 728 722 Usserianus,
746 697 779 716 an
793 691 917 725 vulgatus

135 733 283 768 interpres;
300 733 326 759 id
347 737 388 761 est
417 733 450 760 ad
474 734 529 760 vim
545 739 572 761 et
595 735 823 770 signiﬁcationem
843 737 918 764 vocis

134 777 193 805 οἶδα
211 779 324 806 omnino
339 779 508 806 redeundum
532 784 583 807 est.
601 781 661 815 Ipse
685 790 737 809 non
755 783 836 810 audet
855 791 917 810 cum

135 824 170 852 iis
181 825 345 852 contendere
356 825 402 859 qui
419 829 518 861 negant
532 826 642 853 verbum
660 824 717 853 οἶδα
739 835 787 862 pro
800 828 854 855 uidi
873 836 919 856 ac-

136 870 189 904 cipi
203 877 293 905 posse.
303 870 356 897 Sed
365 858 528 898 autillivcum
537 871 570 899 iis
583 858 799 900 contendendum
809 879 859 906 est,
869 879 918 902 aut
934 858 956 886 Β

135 923 236 943 manus
246 916 353 943 dandm.
367 916 435 944 Cum
447 918 522 945 enim
535 926 597 946 vera
613 919 693 946 lectio
706 919 762 954 jam
778 925 855 948 extra
867 921 920 948 duc

135 961 211 989 bium
233 962 321 997 posita
344 963 389 996 sit,
412 963 480 990 nihil
505 964 579 991 aliud
601 965 628 992 in
650 967 833 994 controversia
857 967 921 1002 poni

135 1013 236 1042 potest,
248 1009 301 1035 nisi
313 1017 374 1044 qua:
391 1010 426 1037 sit
439 1010 565 1037 vocabuli
581 1019 644 1038 vera
657 1016 684 1039 et
704 1014 822 1046 genuina
837 1013 923 1049 signi-

135 1055 237 1082 ﬁcatio.
260 1054 311 1082 Sed
324 1060 352 1083 et
371 1065 381 1081 1
399 1055 585 1091 Sophronius,
599 1058 699 1093 inquit,
715 1059 740 1086 id
755 1060 843 1094 ipsum
859 1068 921 1095 per-

135 1101 231 1134 spicue
248 1101 384 1129 reddidit:
401 1112 411 1128 1
437 1102 507 1136 Ἐγὼ
527 1103 557 1130 δὲ
575 1103 644 1139 μετὰ
663 1105 712 1140 τὴν
726 1105 872 1132 ἀνάστασιν
893 1107 922 1133 ὲν

136 1146 244 1182 σώματι
257 1147 337 1175 αὑτὸν
352 1147 431 1175 εἶδον.
444 1149 526 1183 Quid,
539 1158 643 1185 quaeso,
657 1156 700 1178 est
711 1152 737 1178 id
750 1152 837 1187 ipsum
849 1153 922 1188 quod

137 1193 310 1228 Sophronius
333 1196 476 1230 perspicue
494 1196 631 1224 reddidit?
645 1197 708 1225 "non
726 1198 791 1226 illud
814 1199 848 1226 de
869 1207 923 1233 quo

135 1240 285 1274 quaeritur;
302 1240 328 1267 id
341 1242 414 1268 enim
427 1247 479 1275 est,
493 1243 558 1277 quid
573 1248 669 1271 auctor
679 1245 801 1279 epistola:
811 1246 925 1280 scripse-

136 1285 189 1318 rit;
208 1285 381 1321 Sophronius
396 1292 488 1315 autem
502 1296 556 1315 non
570 1290 708 1317 transtulit
721 1290 864 1325 lgnatium,
876 1292 922 1319 sed

136 1330 235 1365 lgnatii
261 1332 437 1368 interpretem
461 1333 670 1370 Hieronymum.
703 1335 731 1363 Si
759 1344 788 1364 se
818 1336 923 1372 lgnatio

137 1376 308 1406 Scholiasten
321 1379 481 1414 praebuisset
493 1380 537 1407 ille
548 1380 675 1415 quisquis
688 1386 730 1408 est
742 1382 787 1416 qui
803 1382 925 1417 Sophro-

137 1423 200 1450 nius
217 1424 328 1456 dicitur,
350 1433 489 1460 nunquam
511 1423 569 1452 οἶδα
592 1434 639 1461 per
658 1425 727 1454 εἶδον
751 1428 922 1456 reddidisset.

138 1468 192 1496 Sed
208 1478 270 1498 cum
286 1470 444 1506 Hieronymi
468 1472 568 1499 librum
585 1473 779 1508 interpretatus
803 1479 860 1507 est,
875 1474 921 1509 qui

966 232 1087 268 ροδόξους
1104 241 1113 257 1
1128 239 1177 258 eos
1199 231 1246 265 qui
1267 230 1355 257 aliena
1377 237 1393 256 a
1408 228 1464 255 Deo
1485 226 1580 262 gloriae
1601 225 1759 260 cupiditate

965 279 1035 313 rapti
1049 282 1123 310 sunt,
1141 287 1149 304 1
1166 277 1303 303 διάλεκτον
1314 275 1486 311 ἀνθρωπίνην
1506 285 1516 300 1
1533 275 1682 301 humanam
1697 271 1759 298 fra—

965 325 1108 359 gilitatem,
1130 333 1139 350 1
1157 323 1191 350 τὰ
1204 323 1378 358 διαφέροντα,
1400 331 1408 348 1
1425 321 1589 353 diil‘erentia,
1606 329 1614 345 I
1639 317 1758 355 μείζονα

965 370 1012 397 τοῦ
1022 370 1111 397 λαλεῖν
1125 379 1134 396 1
1149 370 1253 404 majora
1272 369 1357 404 loqui,
1375 379 1384 395 1
1405 368 1635 404 πεντηκόνταρχον
1649 376 1658 391 1
1669 365 1758 400 quin—

966 417 1173 451 quagenarium,
1193 425 1202 442 1
1215 416 1366 451 πυροφόρον
1378 425 1387 440 1
1405 414 1623 445 frumentarium,
1634 421 1643 438 1
1653 411 1757 438 omo:—

966 462 1075 493 τοῦντες
1088 462 1246 497 ἁθετήματα
1262 472 1270 487 1
1281 462 1327 496 qui
1348 465 1508 496 spreverunt
1519 464 1728 488 contemnentes
1742 467 1754 483 1

966 508 1162 542 interpretatus
1186 513 1242 541 est;
1266 507 1313 542 qui
1326 514 1359 534 ex
1377 506 1448 533 male
1469 505 1613 534 intellectis
1638 503 1758 531 Eusebii

967 553 1068 581 Grmcis
1085 554 1257 588 Apollonium
1272 557 1422 580 senatorem
1441 551 1514 582 fecit.
1537 551 1644 586 insigne
1660 549 1686 577 ei
1703 557 1758 576 vo-

967 598 1061 626 lumen
1087 599 1222 631 attribuit,
1241 599 1385 634 ipsumque
1407 598 1434 625 in
1454 598 1614 632 Catalogum
1632 597 1756 631 scripto-

968 653 1029 673 rum
1059 645 1308 673 ecclesiasticorum
1332 643 1442 670 retulit?
1464 642 1502 669 Ex
1518 643 1598 675 male,
1621 641 1757 676 inquam,

968 690 1112 718 intellectis
1133 689 1242 717 Eusebii
1257 689 1358 718 Graecis
1373 698 1380 716 :
1399 689 1556 722 conjectura
1573 689 1647 716 enim
1671 687 1758 714 lose-

968 737 1015 772 phi
1032 736 1162 772 Scaligeri
1179 736 1292 763 omnino
1304 735 1471 771 repudianda
1485 739 1537 767 est,
1551 735 1598 769 qui
1617 734 1759 769 Hierony-

968 791 1054 816 mum,
1080 790 1142 810 cum
1170 782 1215 810 illa
1239 782 1382 814 scriberet,
1408 789 1462 808 non
1491 781 1614 809 Graecum
1639 779 1759 808 Eusebii

969 827 1117 862 exemplar,
1147 827 1194 855 sed
1222 826 1320 854 Rudini
1345 827 1598 862 interpretationem
1624 825 1761 853 manibus

971 874 1101 902 habuisse
1118 873 1227 901 asserit.
1245 873 1272 900 Id
1287 873 1360 900 enim
1377 873 1435 900 tieri
1453 873 1527 901 nullo
1550 872 1632 899 modo
1649 872 1761 906 potuit,

972 929 1034 948 cum
1058 924 1099 947 tot
1122 920 1201 947 annis
1222 919 1383 955 Catalogum
1399 919 1540 954 scripserit
1556 918 1761 953 Hieronymus.

972 970 1119 1001 antequam
1142 965 1252 993 Eusebii
1269 965 1419 993 Historiam
1435 969 1553 993 verteret
1569 964 1706 992 Rullinus.
1730 963 1761 990 Si

973 1013 1000 1040 in
1014 1012 1143 1040 omnibus
1160 1013 1204 1040 his
1219 1012 1297 1045 locis,
1315 1012 1431 1047 aliisque
1451 1011 1637 1046 compluribus
1655 1020 1665 1037 1
1685 1011 1709 1038 is
1723 1010 1763 1038 sit

972 1059 1132 1088 verissimus
1158 1067 1267 1091 sensus,
1289 1067 1369 1094 quem
1395 1059 1506 1087 exhibet
1530 1058 1725 1093 Hieronymus,
1750 1067 1760 1083 1

972 1105 1097 1133 dabimus
1111 1109 1159 1132 aut
1172 1103 1230 1131 οἶδα
1246 1104 1400 1140 signiﬁcare
1416 1114 1425 1129 1
1444 1104 1508 1137 vidi,
1524 1113 1533 1130 1
1549 1108 1595 1131 aut
1610 1111 1704 1131 veram
1722 1103 1764 1130 le-

972 1150 1091 1178 ctionem
1107 1158 1167 1178 esse
1189 1148 1267 1177 εἶδον.
1285 1150 1337 1177 Sed
1352 1151 1418 1176 cum
1441 1149 1496 1182 ille,
1520 1149 1562 1176 vel
1586 1157 1634 1183 per
1658 1157 1764 1184 prope-

972 1197 1111 1228 rantiam,
1146 1197 1188 1223 vel
1223 1204 1272 1231 per
1299 1196 1557 1226 halluciuationcm.
1584 1203 1637 1222 non
1666 1195 1764 1223 minus

973 1241 1048 1268 hunc
1071 1241 1161 1269 locum
1178 1249 1260 1276 quam
1288 1241 1357 1269 alios
1383 1241 1543 1269 innumeros
1566 1241 1658 1268 minus
1685 1246 1765 1268 recte

973 1287 1086 1315 reddere
1099 1287 1229 1321 potuerit,
1245 1295 1309 1315 vera
1326 1287 1407 1315 lectio
1418 1287 1541 1322 epistolae
1551 1287 1654 1315 Gratcaa
1668 1295 1764 1322 neque

973 1333 1104 1361 mutanda
1120 1337 1214 1361 contra
1232 1333 1355 1361 omnium
1371 1333 1497 1361 codicum
1516 1341 1696 1366 consensum,
1712 1342 1764 1361 ne-

973 1387 1027 1414 que
1041 1380 1129 1407 aliena
1147 1380 1370 1415 interpretatione
1383 1380 1568 1415 detorquenda
1583 1385 1637 1413 cst,
1663 1385 1762 1407 contra

973 1425 1102 1460 loquendi
1128 1426 1240 1452 modum
1267 1425 1370 1454 Grzccis
1394 1425 1652 1454 familiarissimum.
1679 1425 1763 1453 Certe

975 1472 1146 1507 Freculpbns
1162 1473 1326 1508 prtecellenti
1345 1471 1502 1508 Hieronymi
1527 1471 1682 1499 eruditione
1706 1470 1762 1497 mi-

136 1516 192 1542 vidi
208 1516 363 1551 scripserat,
381 1517 446 1544 illud
465 1525 513 1552 per
527 1516 595 1545 εἶδον
608 1519 735 1552 reddidit,
751 1527 798 1554 per
811 1518 868 1546 οἶδα
880 1527 923 1546 re-
936 1530 958 1558 ε
975 1518 1048 1546 nime
1062 1521 1164 1549 motus,
1181 1526 1242 1546 cum
1261 1526 1294 1545 ex
1312 1519 1358 1546 illo
1372 1518 1532 1554 plerumque
1547 1518 1640 1545 omnia
1657 1516 1751 1543 exscri

136 1566 180 1588 cte
203 1562 316 1590 reddere
331 1570 385 1589 non
402 1564 498 1598 potuit.
518 1563 553 1590 Ut
567 1571 633 1592 voce
656 1573 665 1590 1
681 1565 845 1597 Quadratus,
860 1575 869 1591 1
895 1566 923 1592 ὲν

143 1607 275 1635 Ἐλευσῖνι
290 1609 433 1644 γενόμενος
448 1609 526 1643 dixit,
539 1609 697 1643 Hieronymi
713 1610 818 1643 Latina,
832 1612 923 1638 1111νί-

136 1661 202 1681 sens
212 1652 381 1686 Eleusinum,
395 1655 569 1690 irespiciens,
578 1663 631 1682 non
645 1660 734 1682 autem
743 1656 787 1684 illa
798 1665 858 1691 quae
867 1656 924 1684 Hie-

138 1707 270 1734 ronymus
289 1707 344 1734 pra:
361 1700 448 1728 oculis
466 1701 570 1732 habuit,
592 1701 741 1728 Ἐλευσίνια
756 1703 921 1730 ἐποπτεύων.

175 1745 289 1779 Verum,
303 1756 313 1772 1
328 1751 465 1781 utcunque
477 1755 507 1774 se
516 1754 560 1775 res
572 1747 681 1779 haheat,
693 1749 849 1783 praecellens
861 1749 923 1777 Hie-

140 1793 246 1827 ronymi
263 1793 381 1820 eruditio
395 1793 521 1820 dubitare
543 1801 596 1820 non
615 1793 690 1826 sinit,
704 1795 770 1829 quin
789 1795 824 1822 sit
839 1795 863 1823 is
878 1804 924 1823 ve-

139 1837 266 1865 rissimus
281 1846 389 1871 sensus,
405 1846 486 1873 quem
503 1839 559 1873 ipse
571 1839 692 1867 exhibet.
707 1840 784 1868 Absit
803 1841 875 1868 enim
895 1847 924 1869 ut

139 1881 229 1909 virum
252 1887 356 1909 tantum
374 1883 524 1911 nescivisse
546 1889 653 1918 putem,
668 1885 733 1919 quid
749 1885 784 1912 sit
796 1885 842 1911 τοῦ
857 1883 923 1912 οἶδα

139 1927 175 1954 ab
186 1926 269 1954 εἶδον
281 1928 322 1955 vel
335 1927 450 1962 ἑώρακα
460 1929 619 1959 discrimen!
636 1939 645 1954 1
657 1929 713 1956 Hoc
726 1934 798 1956 certe
811 1931 922 1958 unicum

139 1977 331 2008 argumentum
348 1974 381 2000 ad
399 1974 470 2003 hanc
487 1982 544 2001 rem
560 1975 731 2009 appositum;
748 1977 819 2010 quod
832 1981 922 2004 tamen

141 2017 298 2054 Hieronymi
313 2019 339 2046 in
354 2019 448 2047 Grzeca
465 2019 557 2055 lingua
572 2021 757 2055 perspicaciae.
771 2026 797 2048 et
811 2022 837 2048 in
860 2031 923 2050 ver-

140 2065 222 2091 tendo
245 2072 318 2091 cura:
331 2069 413 2100 atque
426 2065 573 2100 diligentia:
592 2070 721 2100 tanquam
747 2066 923 2095 fundamento

140 2110 276 2137 innititur.
294 2109 333 2137 De
348 2110 492 2144 posteriori
508 2111 652 2138 audiamus
666 2112 753 2146 ipsum
775 2111 802 2138 in
825 2112 922 2146 prmia-

140 2156 215 2183 tione
229 2155 358 2183 Chronici
382 2156 527 2184 Euscbiani
546 2166 552 2183 :
572 2159 588 2182 (
600 2156 729 2190 Obsecro,
746 2161 776 2185 ut
790 2158 921 2192 quidquid

973 1565 1037 1592 bere
1053 1564 1163 1595 soleret,
1177 1563 1228 1591 ista
1246 1569 1335 1591 tamen
1348 1564 1375 1592 in
1387 1565 1444 1592 haec
1453 1565 1534 1592 verba
1549 1565 1675 1596 mutaVit,
1690 1569 1761 1592 tom.

973 1609 1005 1641 ll,
1022 1610 1069 1637 lib.
1088 1618 1118 1642 11,
1137 1617 1197 1644 cap.
1216 1610 1245 1636 11
1264 1618 1296 1637 11
1316 1609 1372 1645 Ego
1386 1617 1451 1638 vero
1464 1614 1491 1637 et
1504 1614 1567 1644 post
1580 1610 1764 1637 resurrectio-

973 1664 1034 1683 nem
1052 1656 1078 1683 in
1092 1663 1175 1683 carne
1187 1664 1248 1682 eum
1263 1655 1348 1683 fuisse
1359 1656 1427 1689 scio,
1443 1660 1471 1683 et
1485 1656 1567 1683 credo
1580 1655 1644 1690 quia
1660 1655 1731 1683 scio.
1748 1664 1758 1681 1

1009 1701 1061 1728 Sed
1077 1709 1188 1729 sensum
1204 1701 1239 1728 ab
1250 1699 1415 1737 Hieronymo
1429 1700 1566 1728 redditum
1583 1701 1762 1728 verissimum

972 1755 1034 1775 esse
1049 1747 1192 1774 contendit
1204 1747 1245 1774 vir
1265 1747 1442 1775 doctissimus
1457 1755 1490 1775 ex
1513 1757 1522 1773 1
1541 1747 1613 1775 fama
1625 1748 1661 1775 de
1676 1747 1763 1776 Chri-

973 1797 1016 1820 sto
1030 1793 1064 1820 ab
1078 1793 1181 1827 lgnatio
1197 1793 1224 1819 in
1241 1800 1324 1820 carne
1340 1793 1409 1826 viso,
1422 1801 1484 1828 qua:
1496 1793 1574 1820 'unde
1588 1794 1641 1820 nisi
1655 1802 1689 1821 ex
1708 1794 1763 1822 hoc

973 1838 1094 1872 epistolae
1117 1838 1178 1865 loco
1204 1841 1353 1873 propagata
1370 1837 1417 1870 sit,
1443 1838 1534 1865 dicere
1555 1839 1598 1865 vel
1623 1838 1762 1873 suspicari

972 1883 1130 1911 dimcillime
1150 1887 1201 1916 est,
1218 1883 1369 1918 praesertim
1386 1883 1458 1918 apud
1472 1883 1583 1911 Grtecos
1599 1884 1763 1912 Latinorum

973 1929 1030 1956 fere
1044 1929 1176 1956 librorum
1195 1929 1358 1957 incuriosos.
1377 1937 1388 1955 1
1404 1928 1505 1957 Demus
1523 1929 1634 1957 Graecos
1648 1929 1763 1957 Latino.

972 1982 1034 2002 rum
1060 1974 1191 2001 librorum
1219 1974 1375 2002 incuriosos
1400 1974 1495 2008 fuisse,
1516 1983 1609 2003 nonne
1632 1975 1762 2003 Graecum

971 2021 1072 2047 librum
1100 2021 1264 2053 habuerunt,
1287 2028 1321 2048 ex
1346 2028 1401 2055 quo
1416 2029 1479 2048 eum
1500 2029 1624 2048 errorem
1649 2021 1764 2048 haurire

973 2071 1129 2100 potuerunt.
1150 2065 1286 2100 Quidquid
1313 2075 1323 2092 1
1339 2066 1392 2093 vidi
1407 2075 1416 2092 1
1442 2066 1515 2100 apud
1541 2066 1763 2102 Hieronymum,

973 2112 1043 2139 idem
1060 2109 1128 2138 εἶδον
1142 2111 1211 2145 apud
1227 2111 1411 2145 Sophronium
1429 2111 1536 2139 edicere
1560 2112 1653 2146 potuit
1671 2121 1678 2138 :
1703 2118 1766 2139 erat

974 2162 1063 2184 autem
1082 2156 1229 2191 Sophronii
1240 2157 1332 2183 vei-sio
1343 2155 1445 2185 Graecis
1459 2157 1636 2191 sequentium
1649 2158 1765 2185 saeculo-

140 2201 193 2229 hoc
209 2202 380 2230 tumultuarii
393 2203 484 2237 operis
492 2207 545 2235 est,
557 2203 721 2236 amicorum,
734 2211 787 2231 non
797 2203 921 2238 judicum
938 2211 960 2238 ι)
975 2210 1035 2229 rum
1061 2202 1145 2236 probe
1167 2202 1286 2237 cognita.
1313 2202 1412 2230 Suidas
1434 2209 1496 2228 cum
1514 2202 1669 2237 saepissime
1686 2208 1764 2230 tran-

139 2249 234 2275 animo
249 2249 376 2283 relegatis
391 2260 397 2277 :
412 2250 560 2284 praescrtim
575 2258 638 2277 cum
654 2255 681 2277 et
696 2251 811 2282 notario,
825 2255 855 2278 ut
867 2252 923 2278 sci.

139 2293 185 2325 tis,
202 2294 373 2321 velocissime
386 2295 555 2322 dictaverim.
573 2305 583 2321 1
599 2295 704 2322 Mallem
721 2295 836 2322 aliorum
849 2296 923 2330 judi-

139 2340 212 2367 cium
239 2347 321 2374 quam
347 2348 437 2367 meum
459 2341 492 2368 de
515 2342 636 2375 utraque'
653 2341 789 2375 accipiant
811 2341 921 2370 eruditi.

143 2396 153 2413 1
171 2386 245 2419 Quot
259 2391 286 2413 et
300 2390 403 2420 quanta
420 2386 540 2420 peccavit
559 2386 697 2413 maximus
714 2387 765 2418 vir.
785 2394 859 2414 nunc
875 2395 923 2421 per

140 2432 354 2468 properantium,
376 2439 449 2458 nunc
470 2439 518 2464 per
534 2431 784 2463 hallucinationem,
801 2441 810 2457 1
829 2433 924 2459 obser-

141 2477 215 2504 vavit
235 2476 372 2510 Josephus
393 2475 522 2510 Scaliger.
548 2475 581 2502 Et
597 2476 691 2510 quidni
710 2477 753 2504 ille
775 2478 922 2505 discrimen

142 2524 213 2550 inter
227 2520 286 2548 οἶδα
299 2527 326 2548 et
340 2519 410 2547 εἶδον
426 2529 479 2547 11011
498 2521 734 2559 animadverteret,
748 2523 795 2557 qui
811 2532 924 2559 στρατη-

142 2567 205 2602 γίαν
221 2574 282 2593 cum
306 2566 428 2600 στρατιᾷ,
449 2564 606 2599 στρατεύειν
621 2573 681 2593 cum
701 2567 844 2601 μάχεσθαι,
872 2568 924 2600 ἕως

142 2612 238 2638 τούτου
255 2619 317 2638 cum
333 2611 396 2646 περὶ
419 2610 511 2637 τούτου
533 2610 672 2645 confudit;
690 2614 736 2647 qui
751 2613 872 2649 γνώμην,
898 2614 924 2641 id

143 2661 185 2684 est
203 2666 212 2682 1
226 2656 399 2689 sententiam,
419 2665 428 2682 1
446 2664 495 2690 pro
513 2666 522 2682 1
538 2657 660 2684 subsidio
678 2668 687 2684 1
707 2658 817 2693 habuit;
831 2660 882 2694 .qui
894 2659 924 2686 τὸ

145 2702 292 2738 βασιλειᾷν,
305 2702 330 2728 id
343 2706 384 2728 est
395 2702 564 2729 affectionem
577 2704 664 2738 regni,
682 2712 730 2738 pro
747 2705 820 2740 regia
834 2705 924 2733 indole

144 2747 261 2782 accepit;
277 2748 323 2782 qui
333 2747 400 2783 μετὰ
411 2748 465 2774 τῶν
476 2748 630 2775 ἀποστόλων
649 2759 657 2775 1
673 2755 733 2784 post
749 2751 899 2785 apostolos;
911 2762 920 2777 1

145 2794 173 2826 te
193 2794 306 2825 ἐκείνου,
330 2794 382 2821 hoc
405 2797 447 2821 est
463 2803 472 2818 1
489 2794 523 2821 ab
545 2794 594 2822 illo
618 2799 749 2829 tempore,
767 2805 775 2821 1
796 2796 823 2822 in
845 2796 922 2830 hujus

148 2838 342 2873 (mutilationem
367 2838 499 2872 reddidit;
524 2840 572 2875 qui
597 2840 664 2868 dixit
685 2849 690 2867 :
725 2849 734 2866 1
751 2839 922 2880 Epimenides

975 2247 1071 2274 scribit
1091 2257 1097 2276 :
1116 2252 1143 2275 et
1160 2252 1224 2274 ante
1239 2246 1352 2275 Suidam
1375 2247 1492 2280 Photius
1510 2247 1639 2275 eumdem
1660 2257 1765 2284 cogno-

973 2292 1046 2320 visse
1061 2293 1284 2327 deprehenditur.
1309 2292 1345 2321 Ut
1364 2293 1446 2328 igitur
1461 2292 1619 2329 Hieronymi
1639 2293 1763 2324 Latinis,

975 2339 1011 2365 ita
1027 2338 1176 2373 Sophronii
1188 2339 1278 2366 versio
1292 2339 1395 2368 Graecis
1413 2338 1502 2369 fraudi
1515 2347 1577 2366 esse
1594 2339 1696 2373 potuit.
1711 2339 1763 2366 Sed

973 2391 1033 2410 eam
1047 2384 1146 2412 famam
1159 2392 1192 2411 ex
1215 2385 1267 2411 hoc
1283 2385 1343 2411 loco
1355 2390 1441 2412 ortam
1456 2392 1518 2411 esse
1536 2385 1690 2412 verisimile
1709 2393 1764 2412 non

973 2435 1016 2458 est
1036 2439 1042 2458 :
1069 2431 1113 2458 hic
1131 2430 1203 2457 enim
1229 2431 1356 2464 traditur,
1383 2434 1413 2458 ut
1432 2431 1470 2457 illi
1492 2431 1599 2462 volunt,
1625 2430 1763 2465 lgnatium

973 2482 1035 2510 post
1051 2477 1278 2504 resurrectionem
1294 2477 1436 2504 Christum
1451 2477 1478 2503 in
1492 2484 1576 2504 carne
1592 2476 1716 2505 vidisse:
1736 2482 1764 2504 at

975 2522 1019 2548 illa
1035 2521 1106 2549 fama
1119 2523 1186 2549 nihil
1200 2523 1253 2550 tale
1264 2522 1385 2554 tradidit,
1401 2523 1447 2549 sed
1459 2522 1596 2557 lgnatium
1610 2522 1687 2550 inter
1700 2530 1763 2558 par-

973 2569 1051 2595 vulos
1068 2569 1101 2595 ad
1125 2568 1264 2596 Christum
1290 2569 1423 2599 adductos
1445 2567 1530 2596 fuisse
1551 2568 1641 2603 ipsius
1659 2569 1762 2596 Christi

975 2614 1101 2641 manibus
1115 2619 1269 2649 exceptum.
1285 2613 1347 2642 Haec
1363 2619 1453 2642 autem
1469 2614 1525 2641 duo
1543 2619 1609 2642 sunt
1624 2615 1706 2650 plane
1725 2615 1764 2642 di-

974 2667 1062 2687 versa.
1080 2659 1109 2688 Si
1126 2661 1247 2696 lgnatius
1260 2661 1375 2691 dixisset
1391 2668 1420 2688 se
1441 2660 1545 2688 vidisse
1568 2661 1715 2688 Christum
1736 2660 1762 2688 in

975 2713 1056 2733 carne
1069 2711 1130 2741 post
1142 2705 1381 2739 resurrectionem,
1411 2713 1445 2732 an
1459 2706 1608 2741 quisquam
1624 2706 1691 2734 inde
1707 2706 1764 2734 col-

975 2751 1082 2786 ligerel,
1093 2752 1218 2779 eumdem
1232 2751 1310 2786 quasi
1332 2751 1488 2786 puerulum,
1508 2752 1642 2779 manibus
1660 2751 1763 2783 Christi

975 2801 1110 2831 gestatum
1138 2797 1225 2825 fuisse
1248 2801 1310 2824 ante
1338 2796 1400 2832 ejus
1422 2797 1560 2824 mortem?
1579 2805 1665 2824 nemo
1687 2805 1763 2824 sane.

975 2842 1090 2875 Aliunde
1120 2842 1201 2878 igitur
1214 2851 1246 2870 ea
1268 2843 1338 2870 fama
1358 2847 1417 2870 orta
1437 2847 1494 2876 est;
1511 2850 1601 2881 neque
1623 2842 1650 2870 id
1675 2842 1766 2881 suspi-
