1850 3072
58 151 98 181 381
404 152 429 180 J.
458 153 641 182 PEARSONII
661 154 822 184 VlNDlCIAE
843 155 1052 185 IGNATIANA‘I.
1065 172 1099 177 -—
1119 157 1210 185 PARS
1224 157 1256 186 ll.

1624 157 1677 186 38!

60 211 106 238 cari
116 210 232 246 difﬁcile,
249 211 301 240 sed
319 212 346 240 in
361 219 488 250 promptu
501 219 553 242 est.
572 214 612 242 Ex
631 216 743 244 nomine
762 217 835 245 enim
851 221 872 249 Α
888 225 1086 253 pervacaneum
1111 223 1168 251 est,
1196 218 1242 246 sed
1268 226 1316 254 per
1340 223 1488 255 utrumque
1510 218 1676 246 describitur

60 257 179 293 θεοφόρου
192 265 208 285 a
226 259 429 294 posterioribus
448 260 580 289 Graeculis
595 262 709 290 conﬁcta
722 267 765 290 est
783 268 837 291 tra-

60 304 116 331 ditio
127 304 181 338 illa,
194 305 280 340 cujus
298 306 371 334 nulla
389 307 442 334 alia
453 308 570 343 vestigia
582 309 653 343 apud
668 309 838 344 antiquiores

61 355 163 378 exstant.
186 351 241 385 Qui
271 352 348 380 illam
376 353 496 381 fabulam
523 355 724 390 excogitarunt,
743 356 838 385 dicunt

61 397 110 424 ideo
123 397 257 433 lgnatium
276 399 412 436 Θεοφόρον
431 400 551 434 dictum;
575 401 622 429 sed
637 402 724 429 multo
738 403 837 431 verisi-

61 443 138 470 milius
157 449 199 471 est
211 444 290 478 {ideo
307 452 367 472 eam
383 445 503 474 fabulam
526 447 708 482 excogitatam
731 448 816 476 fuisse
827 469 836 482 ,

60 489 112 523 quia
124 497 183 517 eum
199 490 341 527 Θεοφόρον
357 492 460 520 dictum
477 498 672 528 cognoverant,
697 494 770 529 quod
788 502 838 522 no-

61 544 111 564 men
124 537 180 572 ipsa
205 537 304 565 fabula
331 538 412 574 longe
433 540 575 575 antiquius
595 545 638 568 est
660 543 790 577 :dejqua
806 549 838 570 re

61 586 141 616 postea
158 583 210 610 erit
221 583 418 611 disserendum
436 584 530 613 latius.

88 628 144 656 llaec
158 637 222 657 cum
240 630 278 658 ad
294 631 376 658 ﬁdem
393 631 551 660 Graecorum
566 634 692 662 codicum
708 635 836 663 tuendam

62 681 83 702 et
101 683 186 702 rerum
204 676 355 712 scriptoris
379 685 489 706 sensum
507 686 522 706 a
547 680 639 714 pravis
661 680 838 709 versionibus

62 722 239 750 vindicandum
263 723 391 752 suﬁicere
405 729 534 760 possent;
553 726 667 754 ulterius
687 727 838 754 observan-

62 769 114 796 dum
134 774 173 797 est
201 770 451 805 prudentissimum
476 771 573 799 harttm
603 780 695 799 rerum
717 772 837 807 iudicem

62 814 185 850 llugonem
210 815 342 844 Grotium
364 817 399 845 de
422 818 473 845 bac
490 819 548 853 ipsa
574 819 762 846 controversia
787 819 838 846 ista

62 861 89 888 ad
103 862 213 890 Matthaai
228 871 294 898 cap.
311 872 398 891 xxvut
418 864 581 892 adnotasse:
598 875 607 891 ι
627 865 655 892 Si
670 865 732 900 quis
746 865 837 893 locum

62 906 143 941 lgnatii
156 916 217 936 cum
237 917 308 937 cura
329 909 466 945 inspiciat,
488 910 590 939 videbit
603 915 704 939 rectam
721 912 839 940 esse.|e-

63 954 163 982 ctionem
177 953 246 988 οἴδα,
263 963 358 991 neque
370 956 403 984 de
423 957 501 985 visus
515 965 599 986 sensu
614 958 652 986 ibi
669 959 723 994 agi,
741 959 788 986 sed
805 959 839 987 de

65 999 115 1034 ﬁde,
135 1008 213 1037 quam
230 1010 289 1030 non
315 1011 377 1035 suo,
394 1003 440 1032 sed
462 1004 579 1032 aliorum
599 1005 757 1033 testimonio
773 1013 840 1033 con-

64 1047 147 1076 ﬁrmat.
165 1059 174 1075 ›
205 1048 385 1078 Rectissime.
404 1049 502 1079 Adhuc
527 1056 617 1079 tamen
635 1051 752 1080 Dallmus
779 1053 840 1081 loco

64 1093 167 1129 inspecto
182 1096 276 1125 videre
295 1098 349 1125 sibi
364 1098 440 1127 visus
455 1102 498 1127 est
514 1099 600 1127 multo
613 1107 674 1127 esse
689 1099 840 1135 appositio-

65 1148 110 1168 rem
123 1140 365 1178 Hieronymianum
382 1151 463 1179 quam
485 1142 645 1171 Grotianum
659 1151 789 1177 sensum;
802 1144 840 1172 id-

64 1193 108 1220 que
120 1187 152 1215 ob
170 1188 238 1216 duas
252 1189 397 1222 rationes,
421 1183 537 1224 quarum
559 1189 650 1224 prima
672 1197 688 1217 a
704 1190 839 1225 particula

66 1231 109 1267 γὰρ
119 1234 224 1267 petitur,
249 1243 336 1271 quam
355 1235 498 1263 ostendere
511 1235 569 1263 vult
598 1235 756 1271 scriptorem
777 1244 839 1264 ver-

65 1275 100 1303 bis
114 1279 286 1313 sequentibus
308 1280 370 1315 ejus
392 1280 465 1316 quod
481 1281 695 1316 praecedentibus
717 1281 838 1316 dixerat,

67 1323 180 1352 rationem
207 1325 318 1354 aﬁ‘erre.
347 1325 458 1354 Dixerat
485 1330 576 1354 autem
604 1326 745 1355 Christum
776 1335 840 1356 vere

66 1374 186 1398 mortuum
202 1376 229 1399 et
253 1373 450 1400 resuscitatum
471 1382 478 1400 :
494 1374 573 1408 cujus
586 1373 626 1401 rei
644 1374 776 1410 optimum
795 1383 840 1402 ar—

67 1422 216 1451 gumentum,
228 1418 304 1454 quod
319 1419 410 1454 ipsum
425 1419 452 1447 in
464 1427 546 1448 carne
557 1421 749 1449 resuscitatum
762 1421 839 1449 vide~

67 1460 103 1488 rit.
113 1461 164 1490 lmo
176 1471 238 1492 vero
253 1473 308 1492 nec
320 1465 457 1500 particula
470 1467 523 1502 γάρ
537 1467 672 1495 rationem
689 1467 838 1502 superioris

68 1509 209 1538 Itsertionis
223 1511 362 1543 continet,
378 1519 466 1547 neque
491 1513 563 1541 visio
579 1514 636 1548 illa,
652 1521 735 1549 quam
755 1513 837 1549 lgna-

890 265 1038 300 Ap05tolus
1053 264 1279 300 πληροφορηθείς.
1296 263 1367 297 Quin
1378 269 1406 292 et
1427 264 1490 292 alibi
1502 264 1671 300 coniunctim

889 310 1033 346 expressit,
1050 309 1097 336 καὶ
1119 309 1198 336 τοῦτο
1218 309 1355 342 πεποιθὼς
1378 307 1446 343 οἶδα,
1471 308 1568 345 Philip.
1594 318 1612 341 1,
1627 309 1674 337 ‘25.

889 356 975 390 Quem
1000 356 1123 384 imitatus
1146 360 1188 383 est
1208 354 1238 383 S.
1259 355 1425 384 Athanasius
1449 360 1518 383 orat.
1542 356 1555 382 1
1585 361 1675 383 rcntra

889 402 1002 429 Arianos
1020 410 1029 429 :
1044 400 1109 429 Οἶδα
1130 401 1184 438 γὰρ
1207 402 1254 428 καὶ
1269 401 1419 437 πέπεισμαι
1442 402 1482 429 ὅτι
1498 403 1555 434 τοῖς
1574 402 1677 438 ὑπομέο

889 456 980 474 νουσιν
1000 447 1076 474 ἔσται
1095 447 1190 483 μισθὸς
1211 446 1266 474 ἀπὸ
1278 447 1324 474 τοῦ
1337 447 1462 483 Σωτῆρθς
1475 456 1483 476 :
1499 457 1508 474 ε
1526 448 1589 475 Scio
1602 449 1674 476 enim

888 496 915 520 et
930 497 1034 520 certum
1056 492 1145 520 habeo
1166 493 1310 527 prtemium
1328 493 1362 520 iis
1381 493 1427 528 qui
1449 493 1586 521 sustinent
1601 494 1678 521 retri-

888 539 1027 567 bucndum
1040 547 1101 567 esse
1113 547 1128 567 a
1145 539 1297 567 Salvatore.
1315 548 1325 566 ι
1344 539 1379 566 Ut
1396 539 1468 567 idem
1488 540 1525 567 sit
1538 540 1608 574 apud
1623 549 1673 567 llth

889 590 985 612 strum.
1001 582 1065 611 Οἶδα
1078 585 1125 611 καὶ
1144 584 1275 618 πιστεύω,
1291 585 1364 619 quod
1381 584 1458 617 εξδὼς
1481 585 1610 618 πιστεύω,
1629 591 1676 614 aut

889 629 1024 657 πιστεύων
1040 627 1107 656 οἶδα.
1123 629 1196 656 Nihil
1208 629 1280 656 enim
1295 629 1368 656 aliud
1386 636 1468 664 quam
1483 628 1637 656 ﬁrmitatem
1649 635 1677 656 ct

889 676 1080 704 certitudinem
1094 675 1155 703 ﬁdei
1168 675 1225 703 haec
1233 675 1398 711 loquuntur:
1411 684 1420 701 ε
1435 675 1486 702 Sed
1499 682 1561 702 cum
1570 674 1625 702 duo
1635 675 1676 702 di-

888 730 968 750 versa
979 722 1061 750 verba
1076 722 1209 757 posuerit,
1224 721 1345 750 ostendit
1358 729 1387 749 se
1402 720 1543 749 Christum
1558 721 1584 748 in
1594 728 1677 748 carne

889 767 975 796 fuisse
986 768 1064 796 aliter
1077 775 1159 796 nosse
1172 776 1254 804 quam
1269 775 1332 796 cum
1344 767 1371 794 in
1386 767 1480 795 eadem
1490 774 1564 794 nunc
1576 774 1647 794 esse.
1663 775 1674 793 ι

889 812 938 841 llic
946 818 1019 842 certe
1029 814 1151 841 omnium
1162 813 1189 840 in
1199 813 1250 841 hac
1259 820 1287 840 re
1298 820 1433 844 errorum.
1445 817 1475 840 ut
1485 812 1551 840 milii
1560 811 1675 844 videtur,

890 859 952 888 fons
968 864 1020 887 est.
1042 858 1102 887 Non
1124 859 1234 886 aliunde
1255 859 1453 886 hallucinatum
1479 858 1564 886 fuisse
1588 858 1677 893 primo

854 893 875 922 Β
889 905 1096 942 llierOnymum,
1109 905 1171 933 dein
1182 905 1368 940 interpretem,
1381 912 1413 932 ac
1426 905 1534 932 tandem
1549 904 1676 932 Dallaaum

889 952 1019 982 arbitror.
1035 952 1094 980 Duo
1109 952 1259 988 signiﬁcari
1281 951 1431 979 Dominicze
1447 951 1539 978 carnis
1555 955 1676 986 tempora

888 998 1046 1031 voluerunt,
1061 1002 1123 1032 post
1145 997 1375 1025 resurrectionem
1398 997 1426 1023 in
1441 997 1532 1028 terris,
1550 1001 1613 1032 post
1632 1004 1678 1024 as-

889 1044 1044 1072 censionem
1069 1044 1096 1070 in
1110 1043 1198 1076 etelis,
1216 1050 1277 1078 qua:
1292 1050 1307 1069 a
1324 1046 1414 1069 mente
1436 1042 1580 1077 scriptoris
1600 1050 1679 1077 pror-

889 1099 937 1119 sus
948 1091 1035 1118 alieua
1051 1094 1123 1118 sunt.
1140 1089 1248 1117 Fictum
1261 1094 1302 1116 est
1315 1089 1380 1116 illud
1398 1098 1406 1114 ι
1422 1088 1517 1121 fuisse,
1534 1098 1544 1115 ι
1560 1089 1633 1124 quod
1645 1099 1678 1117 ex

891 1137 1028 1165 Vairlenio
1052 1137 1208 1172 proferunt.
1235 1135 1358 1172 lgnatius
1386 1139 1492 1163 tantum
1520 1136 1589 1164 dixit
1614 1136 1679 1164 ὄντα

889 1185 962 1220 quod
978 1192 1040 1212 cum
1063 1185 1092 1211 ὲν
1109 1184 1191 1220 σαρκί
1209 1183 1430 1219 coniungendum
1447 1188 1499 1211 est.
1526 1183 1596 1211 Illud
1617 1184 1680 1211 uni-

889 1237 952 1259 cum
964 1234 1006 1256 est
1024 1229 1097 1264 quod
1112 1229 1158 1257 hic
1179 1228 1300 1264 lgnatius
1315 1229 1383 1257 dixit
1398 1237 1428 1257 se
1450 1230 1529 1265 plena
1547 1229 1599 1256 ﬁde
1620 1237 1680 1256 am-

889 1276 981 1311 plecti,
1002 1274 1145 1302 Christum
1168 1275 1198 1302 ὲν
1222 1276 1305 1310 σαρκὶ
1314 1275 1389 1309 ὄντα,
1407 1276 1497 1303 adhuc
1511 1276 1594 1303 etiam
1617 1281 1680 1311 post

889 1323 1118 1350 resurrectionem
1133 1331 1142 1346 ι
1158 1321 1185 1347 in
1197 1329 1279 1349 carne
1294 1322 1483 1350 exsistentem.
1501 1332 1510 1349 ι
1528 1322 1566 1350 De
1585 1331 1679 1351 ascen-

889 1369 967 1398 sione
991 1369 1059 1395 nihil
1086 1369 1130 1395 hic
1160 1368 1240 1401 dixit,
1266 1368 1333 1396 nihil
1357 1369 1495 1403 probavit.
1521 1369 1679 1398 Ridiculum

889 1419 932 1443 est
947 1415 1107 1450 scriptorem
1124 1414 1180 1441 duo
1195 1415 1297 1448 dicere,
1319 1422 1436 1449 quorum
1457 1415 1576 1443 alterum
1595 1415 1679 1450 vidit,

890 1462 1006 1490 alterum
1029 1461 1160 1494 credidit;
1177 1461 1277 1489 deinde
1298 1463 1378 1497 plura
1402 1463 1559 1490 testimonia
1582 1463 1680 1490 aﬁ'errc

890 1516 940 1543 pro
956 1515 989 1535 eo
1003 1507 1076 1543 quod
1097 1507 1217 1540 viderat;
1234 1515 1284 1543 pro
1297 1516 1329 1536 eo
1340 1509 1412 1543 quod
1422 1508 1548 1540 credidit,
1561 1508 1678 1536 nullum.

67 1552 111 1580 tius
124 1559 224 1589 poterat
236 1557 400 1590 obtendere,
415 1565 465 1593 pro
477 1558 599 1594 legitimo
613 1564 775 1595 argumento
787 1559 838 1587 ha-
852 1566 874 1595 c
890 1553 988 1582 Omnia
1000 1554 1073 1582 enim
1089 1561 1151 1589 quae
1169 1559 1323 1589 sequuntur
1348 1555 1539 1583 tantummodo
1562 1555 1680 1590 probant

69 1599 114 1627 beri
129 1602 221 1635 potuit.
239 1602 382 1631 Particula
406 1605 460 1640 γάρ
478 1604 559 1633 habet
574 1605 657 1632 aliam
673 1605 838 1640 particulam

68 1646 106 1672 καί
116 1647 282 1683 adjunctam,
304 1657 367 1685 quae
385 1651 503 1678 ostendit
519 1651 680 1686 scriptorem
707 1651 740 1678 ad
757 1651 840 1678 aliam

69 1696 210 1724 sententiam
236 1697 342 1731 dilabi;
358 1698 417 1726 sive
432 1697 466 1725 ad
484 1698 643 1726 ulteriorem
667 1698 840 1726 adversario-

68 1747 117 1767 rum
131 1743 344 1772 confutationem
360 1745 497 1779 progredi.
509 1744 672 1772 Asseruerat
687 1749 750 1772 ante
762 1744 841 1772 Chri—

70 1789 129 1814 stum
142 1796 202 1817 vere
217 1798 343 1825 passum,
358 1794 386 1817 et
401 1797 464 1818 vere
477 1790 598 1825 seipsum
612 1790 803 1824 resuscitasse,
814 1794 841 1818 et

70 1838 119 1866 post
131 1835 225 1863 nudam
242 1837 426 1864 assertionem
449 1844 527 1864 suam
545 1837 697 1869 haereticos,
713 1837 759 1872 qui
780 1844 840 1864 eam

71 1886 114 1907 non
128 1880 315 1916 admittebant,
329 1882 513 1911 daemoniacos
527 1886 687 1916 vocaverat;
703 1883 777 1910 addit
789 1883 839 1918 igi—

72 1929 106 1951 tur
120 1931 168 1954 tam
181 1935 282 1956 severae
298 1928 498 1964 objurgationis
514 1930 646 1957 rationem
662 1929 842 1957 assertionem

71 1972 149 2007 aliam,
170 1982 252 2009 quam
271 1976 355 2011 plena
368 1975 422 2004 ﬁde
445 1976 566 2011 seipsum
592 1976 719 2012 amplecti
741 1976 841 2010 docet,

71 2018 168 2052 scilicet,
185 2021 330 2049 Christum
355 2025 417 2056 post
442 2022 673 2049 resurrectionem
701 2022 791 2049 adhuc
814 2021 842 2049 in

72 2070 140 2092 carne
164 2067 312 2099 exsistere,
341 2066 457 2102 ideoque
480 2067 574 2096 statim
603 2067 730 2102 plurimis
760 2075 843 2103 argu-

72 2111 162 2144 mentis,
184 2120 215 2141 ex
242 2113 363 2144 aliorum
392 2114 549 2144 testimonio
576 2113 729 2142 confirmat.
754 2114 844 2149 Argu—

73 2162 175 2185 mentum
192 2164 285 2187 autem
304 2167 320 2187 a
339 2165 488 2195 conspectu
504 2159 601 2195 lgnatii
614 2165 662 2188 aut
675 2167 726 2195 pro
740 2159 844 2190 levissi-

72 2209 110 2229 mo
131 2203 230 2238 haberi,
247 2211 297 2234 aut
322 2213 373 2241 pro
388 2207 463 2234 nullo
482 2207 575 2242 potius
593 2206 697 2234 debuit.
716 2205 745 2234 Si
768 2207 841 2234 enim

889 1599 1041 1633 Christum,
1049 1599 1114 1626 dum
1127 1600 1154 1626 in
1163 1600 1243 1627 terris
1251 1604 1333 1632 esset,
1349 1600 1376 1627 in
1383 1608 1467 1628 carne
1475 1600 1576 1634 fuisse;
1591 1608 1679 1635 neque

889 1645 1000 1672 aliunde
1016 1645 1069 1672 hoc
1084 1646 1159 1672 novit
1171 1649 1218 1672 aut
1231 1645 1348 1673 credidit
1364 1645 1494 1681 lgnatius,
1508 1646 1560 1674 nisi
1575 1654 1608 1674 ex
1625 1647 1680 1675 illis

890 1699 951 1727 quae
969 1697 1122 1727 sequuntur
1129 1693 1301 1720 testimoniis.
1314 1692 1460 1721 Hueetiam
1468 1694 1594 1728 pertinet,
1602 1695 1676 1730 quod

891 1742 987 1772 putant
1003 1736 1061 1765 οἶδα
1079 1739 1208 1773 prazteriti
1224 1740 1356 1774 temporis
1381 1739 1609 1774 signiﬁcationem
1633 1741 1683 1768 ha-

890 1783 956 1810 bere
973 1784 1092 1810 πιστεὺω
1113 1785 1266 1819 praesentis.
1287 1784 1344 1812 Hoc
1356 1790 1446 1812 autem
1460 1786 1561 1821 pariter
1580 1786 1680 1815 falsum

891 1835 942 1858 est.
960 1829 1078 1858 Verbum
1092 1831 1164 1858 enim
1176 1829 1235 1858 οἶδα
1249 1832 1311 1859 licet
1323 1832 1410 1860 forma
1423 1833 1460 1860 sit
1473 1833 1603 1868 praeteriti
1616 1838 1682 1860 tern-

891 1876 977 1911 poris,
984 1877 1054 1912 apud
1062 1872 1181 1911 Graecos,
1192 1883 1282 1905 tamen
1291 1879 1491 1915 signiﬁcatione
1500 1889 1619 1916 praesens
1627 1884 1680 1912 est,

891 1927 919 1951 et
937 1931 1000 1950 cum
1021 1923 1107 1951 verbo
1121 1924 1262 1959 praesentis
1282 1926 1413 1960 temporis
1434 1926 1530 1954 eadem
1547 1925 1682 1962 signiﬁca-

892 1969 968 1998 tione
989 1970 1111 2005 ponitur,
1125 1975 1155 1998 ut
1167 1971 1238 2006 apud
1251 1970 1419 2000 Homerum:

958 2038 1058 2073 Αὐτὰρ
1072 2038 1130 2074 ἐγὼ
1145 2038 1228 2074 θυμῷ
1243 2038 1318 2066 νοέω
1330 2039 1378 2067 καὶ
1393 2038 1459 2066 οῖδα
1469 2039 1592 2066 ἕκαστα.

928 2109 1046 2144 ideoque
1062 2108 1152 2136 Latini
1167 2109 1330 2144 interpretes
1343 2108 1428 2136 verbo
1446 2109 1591 2144 praesentis
1612 2114 1682 2138 tent-

892 2156 970 2192 poris
984 2156 1111 2188 ederunt,
1128 2159 1159 2182 ut
1171 2155 1267 2182 Matth.
1284 2163 1321 2188 v1,
1333 2155 1368 2182 5‘2
1381 2164 1388 2183 :
1405 2155 1473 2182 Οἵδε
1485 2155 1540 2191 γὰρ
1554 2157 1570 2183 ὁ
1580 2155 1681 2190 Πατὴρ

893 2200 987 2235 ὑμῶν,
1014 2199 1071 2228 Scit
1090 2201 1160 2227 enim
1183 2201 1266 2227 Pater
1281 2205 1382 2233 vester;
1399 2209 1473 2234 xxtv,
1491 2201 1526 2228 '56
1547 2210 1554 2228 :
1577 2201 1682 2235 Οὐδεὶς

74 2247 109 2275 ille
119 2249 169 2284 iam
181 2251 214 2280 30
229 2252 318 2280 ferme
332 2252 413 2280 armis
426 2257 488 2287 post
504 2252 660 2287 passionem
675 2251 782 2279 Domini
793 2259 842 2279 su-
858 2242 881 2271 D
893 2246 966 2280 οἶδε,
992 2246 1078 2274 Nemo
1106 2247 1166 2273 scit.
1190 2245 1362 2274 Glossarium
1388 2245 1485 2274 Vetus:
1504 2243 1580 2280 Οἶδα,
1614 2243 1681 2278 scio,

74 2299 162 2324 perstes
186 2297 370 2331 asseruisset,
395 2305 425 2324 se
451 2297 542 2325 adhuc
571 2297 714 2333 parvulum
742 2297 846 2324 vidisse

75 2337 194 2368 Christum
216 2343 242 2370 in
258 2351 345 2371 carne
365 2347 425 2378 post
442 2343 682 2375 resurrectionem,
700 2342 762 2377 quis
778 2341 845 2369 illud

76 2386 241 2416 testimonium
257 2389 293 2417 ad
318 2390 458 2416 veritatem
476 2389 604 2416 humana:
622 2393 726 2416 natura:
743 2387 845 2416 Christi

76 2431 205 2466 quidquam
219 2436 313 2463 valere
338 2434 519 2463 concederet?
533 2435 574 2461 An
591 2442 623 2462 ea
648 2434 757 2462 aetatula
777 2433 845 2461 satis

78 2483 138 2506 certo
156 2482 275 2516 judicare
301 2483 400 2519 potuit,
423 2488 517 2510 utrum
534 2490 596 2510 vere
618 2490 652 2509 an
675 2481 845 2517 phantastice

77 2523 184 2555 Christus
205 2530 326 2565 seipsum
349 2529 521 2557 exhibuerit?
544 2528 656 2556 Nullum
678 2532 752 2556 certe
773 2527 844 2555 Gro-

80 2571 141 2601 tiano
153 2578 238 2604 sensui
256 2577 408 2613 periculum
424 2584 458 2604 ex
475 2576 610 2612 particula
626 2575 691 2611 γάρ.
707 2574 843 2607 Secundo,

80 2616 163 2653 il“luit,
180 2631 189 2648 ι
204 2623 231 2650 Si
255 2624 281 2651 id
304 2624 386 2651 vellet
411 2623 546 2658 scriptor,
569 2621 642 2658 quod
659 2621 698 2648 ait
715 2620 842 2652 Grotius.

82 2670 288 2699 llliterrticaneum
303 2670 355 2697 erit
369 2669 482 2697 verbum
498 2665 567 2695 οῖδα.
584 2677 594 2693 ι
615 2667 752 2694 Fortasse.
772 2665 843 2692 Fieri

82 2711 141 2738 enim
152 2719 232 2747 potest
241 2721 272 2743 ut
285 2716 313 2744 in
328 2716 433 2751 optimo
446 2715 580 2750 scriptore
600 2713 747 2749 aliquando
761 2719 843 2740 voca-

84 2755 160 2786 bulum
174 2762 310 2790 redundet.
328 2762 381 2790 Sed
393 2768 626 2797 supervacaneum
640 2768 693 2788 non
705 2764 757 2793 est,
770 2759 843 2794 quod

85 2799 134 2828 ﬁdei
151 2805 331 2835 certitudinem
355 2813 383 2834 et
399 2807 585 2843 πληροφορίαν
610 2806 744 2842 adjuugit.
770 2805 844 2833 Dixit

87 2845 110 2874 ὃ.
122 2847 211 2880 Paulus
225 2864 230 2881 :
247 2854 318 2881 Οῑδα
333 2854 381 2881 καὶ
397 2854 558 2891 πέπεισμαι
570 2853 709 2888 ἐνΚυρίῳ
730 2852 841 2888 Ἰησοῦ,

87 2891 151 2930 (lora.
167 2906 215 2932 xiv.
230 2900 270 2935 ll,
288 2900 335 2929 ubi
351 2909 440 2937 neque
453 2898 512 2930 οἶδα
528 2908 617 2938 neque
633 2900 783 2935 πέπεισμαι
798 2908 843 2937 su-

895 2299 970 2325 πονο,
985 2300 1082 2325 noceo;
1110 2296 1138 2319 et
1150 2292 1224 2320 aliud
1246 2293 1417 2322 Glossarium
1429 2303 1436 2320 -.
1448 2291 1522 2325 Scio,
1535 2290 1604 2318 οἶδα..
1620 2290 1682 2327 Ety-

894 2338 1048 2373 mologicon
1062 2339 1179 2370 εοῖσθα,
1191 2338 1252 2365 ἀντὶ
1265 2339 1323 2371 τοῦ,
1331 2337 1586 2373 γινώσκεις-,Ιὶεεὶθ
1600 2338 1682 2373 igitur

894 2383 952 2411 οἶδα
966 2388 1066 2412 etcum
1080 2383 1200 2411 πιστεύω
1214 2383 1402 2419 conjungitur,
1418 2387 1446 2411 et
1465 2383 1498 2411 ad
1510 2383 1581 2417 ιὃνται
1599 2383 1682 2411 refer-

895 2437 950 2465 tur,
962 2436 993 2459 ut
1004 2432 1037 2459 ad
1057 2431 1264 2466 Xenophontem
1280 2428 1338 2457 οῐδα
1350 2430 1466 2466 ἐμαυτὸν
1485 2430 1585 2465 ἥττονα
1600 2428 1680 2461 ὄντα,

895 2482 969 2505 recte
990 2478 1101 2505 unicum
1124 2477 1170 2504 hic
1183 2477 1321 2512 objectum
1337 2477 1400 2504 ﬁdei
1415 2476 1586 2513 agnoscitur,
1607 2475 1681 2510 quod

894 2524 1076 2559 sequentibus
1092 2524 1257 2553 testimoniis
1270 2524 1456 2554 conﬁrmatur.
1468 2522 1562 2557 Neque
1573 2529 1638 2549 vero
1648 2528 1681 2548 ea

894 2571 986 2599 minus
1008 2570 1142 2606 lgnatium
1162 2570 1273 2603 decent,
1290 2574 1337 2597 aut
1356 2569 1390 2597 ad
1407 2575 1519 2597 sensum
1540 2566 1682 2602 scriptoris

894 2618 1044 2646 eruendum
1062 2618 1150 2653 magis
1166 2618 1267 2650 valent,
1286 2616 1360 2652 quod
1383 2623 1437 2644 non
1450 2615 1547 2642 iisdem
1567 2620 1682 2649 prorsus

894 2665 985 2695 verbis
1000 2664 1202 2698 concipiantur,
1215 2671 1276 2699 quae
1289 2671 1363 2690 nunc
1380 2663 1407 2690 in
1425 2662 1580 2698 Evangeliis
1591 2662 1682 2697 legun-

895 2718 949 2740 tur.
961 2711 1001 2739 Ad
1015 2719 1075 2739 eam
1088 2719 1145 2738 rem
1165 2710 1346 2746 probandam,
1361 2718 1443 2746 quam
1465 2710 1584 2745 scriptor
1604 2716 1682 2736 asse-

895 2763 996 2791 ruerat,
1015 2756 1134 2786 maxime
1150 2757 1355 2784 accommodata
1373 2760 1452 2790 sunt;
1465 2761 1493 2784 at
1508 2756 1532 2784 si
1543 2755 1679 2791 duplicem

895 2806 1076 2834 assertionem
1091 2804 1234 2837 faciamus,
1249 2811 1338 2838 neque
1350 2811 1444 2836 unam,
1463 2810 1551 2837 nequc
1566 2802 1680 2830 alteram

895 2853 1021 2888 probant.
1038 2850 1097 2880 Non
1112 2850 1229 2886 probant
1242 2849 1375 2884 lgnatium
1395 2849 1535 2877 Christum
1555 2852 1617 2884 post
1636 2857 1680 2875 rea

895 2898 1093 2931 surrectionem
1107 2897 1225 2930 vidisse;
1245 2903 1297 2924 non
1312 2895 1458 2931 ostendunt
1470 2895 1607 2929 Christum
1619 2897 1682 2930 post
