1850 3072
151 147 204 176 335

636 145 666 172 S.
687 143 860 173 lGNATlUS.
873 142 1181 171 ——PROLEGOMENA.

1730 134 1795 164 584

152 205 344 234 asceusionem
369 207 398 234 in
423 213 507 234 carne
536 213 614 238 esse,
645 205 828 240 undecunque
857 204 941 240 igitur
955 206 979 236 Α
994 211 1103 239 cunque
1116 203 1189 231 dicta
1202 201 1362 233 videamur,
1377 200 1410 228 ad
1429 201 1502 227 hunc
1516 198 1606 233 ipsum
1627 194 1728 231 lgnatii
1745 195 1797 222 lo—

154 257 265 287 sumpta
279 256 353 285 sunt,
370 251 521 280 secundum
546 259 658 278 sensum
675 251 844 278 Dallaaanum
864 250 942 278 nihili

155 303 230 325 sunt.
258 298 296 325 De
322 297 477 333 apocrypho
501 302 564 324 ante
585 297 669 324 latius
691 297 859 332 disputatum
882 302 941 330 est;

154 344 200 372 hic
228 345 310 377 igitur
331 344 466 371 concludo
489 349 629 371 auctorem
654 344 778 378 epistolae
801 351 942 378 nunquam

154 390 296 424 scripsisse
311 389 451 417 Christum
466 397 480 417 a
493 398 522 417 se
534 390 561 417 in
574 398 656 417 carne
671 390 772 417 visum.

189 435 254 468 Quae
266 436 347 463 habet
359 437 392 463 de
404 436 482 463 stella
497 436 584 471 magis
596 436 762 471 prmlueente
775 436 850 463 nullo
862 435 944 463 modo

155 482 279 509 lictitium
297 481 430 517 Iguatium
451 483 585 517 probant;
603 490 692 516 neque
704 483 762 517 ipse
774 482 876 518 aliquid
894 483 943 510 ob-

152 527 222 562 jicit,
240 527 290 554 nisi
303 528 378 562 quod
394 527 449 554 sint
463 532 567 554 temere
589 527 706 561 scripta;
726 532 754 554 et
772 528 845 562 quod
863 535 944 555 nemo

154 574 334 608 interpretum
361 581 393 600 ea
416 574 453 601 sit
478 578 600 601 secutus.
628 573 714 600 Verba
741 572 837 608 lgnatii
859 578 942 601 sunt:

160 619 259 655 Ἀστὴρ
272 620 302 646 ὲν
315 619 422 655 οὐρανῷ
441 619 561 655 ἔλαμψεν
582 619 652 655 ὑπὲρ
668 619 770 650 πάντας
787 619 850 651 τοὺς
863 619 945 646 ἀστέ-

154 675 213 701 ρας,
230 666 277 692 καὶ
289 666 318 692 τὺ
333 665 390 700 φῶς
402 665 484 692 αὑτοῦ
502 665 682 700 ἁνεκλάλητον
694 663 743 700 ἦν·
759 665 806 691 καὶ
820 664 946 699 ξενισμὴν

155 715 284 748 παρεῖχεν
296 715 313 748 ἡ
329 713 457 748 καινότης
472 712 552 739 αὑτοῦ
561 721 567 727 “
578 712 614 739 τὰ
626 713 654 738 δὲ
665 711 746 738 λοιπὰ
759 712 846 739 πάντα
857 712 945 748 ἄστρα

154 759 212 794 ἅμα
225 759 293 794 ἡλίῳ
308 760 354 786 καὶ
366 759 466 795 σελήνῃ
478 759 557 794 χορὸς
570 759 678 793 ἐγένετο
692 758 730 794 τῷ
741 758 850 794 ἀστέρι·
865 759 946 790 αὐτὸς

153 805 182 831 δὲ
195 803 228 840 ἦν
241 805 418 840 ὑπερϐάλλων
434 805 463 832 τὺ
480 804 537 839 φῶς
555 804 637 831 αὐτοῦ
653 805 724 841 ὑπὲρ
742 805 840 832 πάντα.
855 805 946 840 Ταρα-

154 852 188 886 χή
206 851 228 877 τ’
242 848 286 885 ἦν,
300 850 381 877 πόθεν
395 852 411 887 ἡ
430 851 557 886 καινότης
572 851 588 886 ἡ
612 851 738 886 ἀνόμοιος
757 851 848 882 αὐτοῖς
859 859 865 865 '
883 850 945 877 ὅθεν

153 896 247 923 ἐλύετο
264 897 338 923 πᾶσα
356 897 467 932 μαγεία.
486 896 571 924 Vetus
589 897 724 932 interpres
738 906 744 924 :
761 906 771 922 ι
792 898 903 924 Astrum
917 897 944 923 in

154 943 224 970 ccelo
239 943 409 977 resplenduit
421 951 503 978 super
514 943 607 971 omnia
619 948 704 976 astra,
716 948 744 970 et
756 944 846 970 lumen
859 942 945 977 ipsius

155 989 292 1017 inell‘abile
305 993 409 1022 erat,et
422 994 561 1024 stuporem
569 990 778 1017 tribuitnovitas
790 987 946 1024 ipsius.Re—

154 1033 229 1069 liqua
243 1042 308 1062 vero
321 1035 412 1062 omnia
430 1039 504 1062 astra
521 1034 603 1062 simul
616 1042 678 1062 cum
695 1035 753 1062 sole
767 1039 793 1062 et
806 1035 870 1062 luna
882 1035 947 1062 cho-

154 1088 204 1107 rus
214 1080 278 1108 facti
294 1085 359 1107 sunt
370 1081 408 1108 illi
423 1085 499 1108 astro
513 1090 519 1107 :
537 1081 627 1115 ipsum
648 1085 738 1108 autem
752 1086 810 1108 erat
822 1080 946 1116 superfe-

154 1135 218 1154 rens
234 1127 325 1154 lumen
340 1135 420 1154 suum
433 1135 515 1161 Super
526 1127 629 1154 omnia.
641 1126 774 1154 Turbatio
787 1132 876 1154 autem
889 1131 948 1154 erat

155 1173 228 1200 unde
242 1173 351 1200 novitas
363 1181 426 1208 qum
445 1172 590 1200 dissimilis
602 1172 687 1207 ipsis;
700 1180 734 1200 ex
751 1180 806 1208 qua
826 1173 948 1200 solveba-

155 1223 200 1246 tur
216 1219 305 1247 omnis
318 1219 419 1254 magia.
438 1229 447 1244 ι
469 1218 532 1246 llaec
544 1223 644 1246 temere
659 1219 732 1246 dicta
744 1219 801 1246 vult
811 1218 928 1246 Dallzeus
938 1239 945 1252 ,

157 1269 250 1300 utpote
267 1274 277 1290 ‹
295 1265 460 1299 aScriptura
483 1264 583 1298 aliena,
597 1269 626 1291 et
640 1264 675 1291 ab
691 1264 751 1299 ipso
762 1263 845 1299 hujus
861 1264 947 1292 stella).

156 1319 209 1339 usu
222 1311 409 1344 abhorrentia,
424 1310 458 1337 ad
469 1311 593 1344 domum,
607 1309 948 1341 scilicetBethelehemJn-

155 1357 314 1390 dicandam,
331 1356 378 1383 ubi
390 1361 470 1384 natus
484 1362 543 1383 erat
555 1357 693 1384 Christus.
711 1366 720 1382 ι
742 1357 795 1384 Sed
809 1357 947 1391 quomodo

157 1403 214 1430 Ilzec
229 1410 244 1429 a
256 1402 396 1438 Scriptura
410 1403 498 1439 magis
512 1403 600 1430 aliena
615 1407 689 1436 sunt,
703 1403 786 1438 quam
804 1403 848 1430 illa
859 1423 866 1435 ,
887 1411 948 1438 qua:

156 1449 203 1476 alii
215 1449 248 1476 de
263 1450 359 1476 eadem
377 1449 457 1477 stella
477 1449 657 1483 tradiderunt,
679 1457 734 1476 non
748 1450 836 1477 video.
853 1448 947 1484 Neque

157 1496 235 1522 illum
250 1504 336 1523 unum
356 1504 436 1524 usum
451 1497 597 1531 quisquam
618 1497 708 1524 adhuc
721 1496 832 1532 agnovit
847 1496 880 1523 ad
898 1496 948 1523 do-

156 1549 232 1568 mum
242 1541 398 1569 Bctlllchetn
409 1542 593 1569 indicandam.
605 1541 670 1569 Diue
681 1541 792 1569 fuerunt
802 1542 877 1569 illius
887 1541 950 1569 stel-

157 1593 191 1614 la:
216 1587 323 1621 φάσεις,
348 1595 402 1614 una
429 1587 456 1614 in
479 1587 605 1620 Oriente,
627 1588 712 1614 altera
738 1587 946 1624 Hierosolymis.

159 1633 232 1660 llsus
242 1632 337 1667 prima:
352 1632 534 1667 apparitionis
549 1631 601 1658 fuit
613 1632 646 1659 ad
656 1640 752 1667 magos
764 1640 798 1659 cx
810 1641 861 1660 sua
875 1637 946 1660 terra

156 1678 191 1705 ad
205 1679 382 1712 quaerendum
404 1677 503 1714 Regem
524 1677 683 1705 Iudaeorum
700 1679 878 1713 excitandos;
902 1687 947 1706 se—

156 1724 254 1751 cunda:
276 1725 310 1751 ad
331 1725 444 1752 domum
469 1725 656 1752 indicandam.
679 1724 763 1752 Multa
787 1730 893 1753 veteres
914 1725 948 1752 de

158 1770 243 1805 priori
259 1771 419 1805 loquuntur,
438 1779 520 1806 quam
540 1770 680 1806 Scriptura
694 1771 883 1798 tantummodo
905 1771 949 1798 in—

157 1815 239 1848 dicat,
266 1824 352 1850 pauca
370 1815 515 1850 lgnatius:
537 1825 626 1852 neque
653 1818 708 1850 llic,
736 1825 824 1852 neque
852 1817 890 1844 illi
913 1825 948 1844 ex

158 1860 301 1896 Scriptura
327 1870 359 1889 ea
384 1869 446 1896 quae
461 1862 584 1890 dicerent
607 1869 794 1898 sumpserunt,
818 1864 866 1891 sed
881 1863 947 1898 quid

156 1908 210 1942 ipsi
225 1908 259 1935 de
275 1915 307 1935 ea
323 1916 351 1936 re
372 1908 505 1936 sentirent
525 1909 610 1937 libere
640 1910 862 1945 pronuntiabant.
897 1910 947 1938 Ubi

156 1956 252 1990 estqui
265 1960 343 1982 natus
360 1961 398 1982 est
416 1955 471 1982 Rea:
483 1954 648 1988 Judworum,
664 1956 790 1990 inquiunt
806 1957 888 1992 magi,
910 1958 948 1984 vi-

156 2001 246 2032 dimus
269 2001 338 2028 enim
362 2001 469 2029 stellam
494 2001 551 2036 ejus
579 2002 606 2028 in
629 2001 756 2032 Oriente.
782 2009 806 2030 et
831 2005 947 2032 venimus

157 2047 272 2073 adorare
300 2054 359 2074 eum
385 2047 418 2078 λ’,
447 2045 590 2079 Quomodo
611 2048 769 2082 apparuerit
789 2049 816 2075 in
837 2048 948 2077 Oriente

158 2092 238 2119 stella
266 2092 323 2124 illa,
338 2091 476 2125 quomodo
493 2092 564 2127 magi
579 2093 643 2120 inde
657 2094 822 2121 crediderint
846 2094 945 2130 Regem

155 2136 312 2164 Judteorum
330 2142 425 2164 natum
441 2145 512 2171 esse,
526 2140 666 2172 quomodo
685 2142 818 2169 commoti
839 2142 872 2169 ad
884 2150 947 2169 eum

155 2185 327 2212 adorandum
354 2185 489 2218 venerint,
513 2187 548 2213 ab
573 2187 703 2214 omnibus
728 2188 873 2223 quaesitum
895 2193 945 2217 est.

993 257 1056 277 cum
1081 250 1217 285 respicere
1239 248 1302 283 quis
1328 247 1450 280 dubitet,
1475 244 1532 273 sive
1556 243 1704 278 ξενισμὸν,
1728 241 1798 269 sive

993 295 1155 330 καινότητα,
1175 295 1232 322 sive
1246 293 1394 321 κατάλυσιν
1410 291 1534 327 spectet?
1557 290 1626 317 Nam
1645 295 1672 317 ct
1687 289 1799 324 ἀστρο-

995 341 1072 368 θεσία
1087 341 1166 376 quasi
1185 347 1328 376 magorum
1343 339 1486 374 disciplina
1496 358 1503 371 ,
1517 344 1531 364 a
1548 336 1657 364 diabolo
1672 335 1796 362 inventa

995 386 1112 414 Tatiano
1139 387 1249 414 dicitur.
1278 385 1317 413 De
1341 385 1411 413 mira
1435 385 1495 419 ejus
1526 384 1586 411 luce
1613 382 1794 416 reliquarum

993 434 1134 461 stellarum
1154 433 1326 468 splendorem
1352 435 1498 467 superante
1519 429 1574 458 Leo
1592 429 1720 463 Magnus,
1740 427 1797 454 lio—

993 480 1070 507 milia
1090 480 1103 507 1
1127 479 1166 506 De
1183 478 1350 506 Nativitate:
1368 488 1377 504 ι
1395 477 1425 504 1η
1442 477 1551 512 regione
1570 475 1686 503 orientis
1707 474 1794 501 stella

994 534 1072 554 nova:
1083 526 1217 554 claritatis
1232 525 1369 561 apparuit,
1380 531 1443 559 qua:
1456 522 1589 550 illustrior
1600 521 1708 549 ceteris
1725 521 1796 555 pul-

994 572 1140 607 chriorque
1163 570 1301 599 sideribus
1316 570 1394 598 facile
1412 570 1439 597 in
1454 577 1483 598 se
1497 569 1660 597 intuentium
1675 568 1797 595 animos

995 618 1144 653 oculosque
1157 622 1355 645 converteret.»
1366 617 1510 648 Maximus,
1527 615 1638 643 humilia
1647 615 1663 642 3
1675 624 1682 642 :
1697 623 1706 640 I
1719 613 1796 647 Quis

993 665 1067 692 enim
1087 664 1194 692 dubitat
1215 664 1303 699 ipsam
1325 664 1430 692 stellam
1446 663 1542 690 laetiori
1561 659 1623 689 lure
1636 666 1663 688 et
1679 661 1797 695 lulgen-

997 710 1111 738 tioribus
1123 710 1207 738 radiis
1217 717 1389 742 coruscasse,
1399 717 1460 744 quas
1474 709 1535 736 θωιὶ
1544 713 1679 742 terraeque
1693 708 1794 734 lumen

997 757 1124 784 humanis
1138 757 1224 784 oculis
1240 756 1396 793 ingerebat?
1410 755 1443 783 Et
1456 762 1566 783 necesse
1580 759 1639 782 erat
1656 758 1688 780 ut
1708 752 1796 780 stella

996 803 1055 831 haec
1069 811 1085 830 a
1096 803 1203 831 caeteris
1219 803 1359 830 sideribus
1375 802 1441 830 orbe
1456 803 1572 829 clariore
1586 799 1712 829 distaret.
1726 806 1797 834 qua:

996 850 1180 877 annuntiabat
1193 850 1346 883 Christum,
1365 849 1445 884 cujus
1459 849 1587 876 nativitas
1600 848 1634 874 ab
1648 847 1796 874 universis

997 897 1160 925 mortalibus
1173 895 1325 924 ditl‘erebat.
1339 905 1349 922 ι
1364 895 1394 923 S.
1409 894 1633 931 Cllrysostomus,
1649 893 1749 920 liomil.
1765 892 1794 923 6,

997 944 1025 970 in
1040 943 1199 970 Matthwum
1210 964 1218 976 ,
1233 943 1267 970 de
1286 942 1337 969 hac
1349 942 1424 969 stella
1439 951 1445 968 :
1463 941 1500 967 Οὐ
1517 940 1570 976 γὰρ
1588 941 1616 966 ὲν
1630 939 1710 967 νυκτὶ
1728 938 1797 973 φαί-

996 998 1070 1017 νεται
1083 989 1139 1016 ἀλλ’
1150 989 1179 1015 ὲν
1193 989 1284 1024 ἡμέρᾳ
1304 987 1374 1023 μέσῃ
1387 987 1542 1022 λάμποντος
1556 985 1642 1022 ἡλίου,
1656 987 1728 1021 ὅπερ
1742 985 1796 1011 οὐκ

997 1035 1054 1062 ἐστι
1074 1035 1214 1071 δυνάμεως
1232 1034 1364 1070 ἀστέρος,
1387 1034 1443 1061 ἀλλ’
1460 1033 1520 1060 οὐδὲ
1544 1032 1672 1068 σελήνης”
1694 1034 1711 1068 ἡ
1736 1032 1795 1068 γὰρ

996 1081 1124 1108 τοσοῦτον
1161 1081 1269 1108 πάντων
1295 1080 1467 1117 ὑπερέχουσα
1491 1079 1544 1106 τῶν
1579 1079 1706 1114 ἀστέρων
1742 1078 1796 1113 τῆς

996 1130 1104 1160 ἀκτῖνος
1117 1128 1245 1163 φανείσης
1260 1127 1307 1162 τῆς
1323 1127 1439 1163 ἡλιακῆς
1455 1125 1605 1162 κρύπτεται
1626 1126 1674 1151 καὶ
1690 1124 1794 1160 ἅψατε-

997 1174 1084 1208 ζεται.
1100 1172 1184 1206 Οὗτος
1202 1174 1230 1200 δὲ
1252 1175 1285 1210 τῇ
1300 1173 1351 1209 τῆς
1370 1173 1474 1205 οἰκείας
1491 1172 1683 1208 λαμπρότητος
1707 1172 1795 1207 ὑπερ-

997 1221 1073 1257 ϐολῇ,
1091 1221 1138 1248 καὶ
1153 1220 1202 1253 τὰς
1223 1221 1335 1252 ἀκτῖνας
1356 1220 1465 1254 ἐνίκησε
1485 1219 1534 1250 τὰς
1555 1217 1688 1254 ἡλιακὰς,
1706 1217 1793 1251 φανό-

997 1276 1076 1303 τερος
1097 1267 1212 1299 ἐκείνοις
1233 1267 1327 1302 φανεὶς
1350 1266 1397 1292 καὶ
1414 1266 1443 1292 ἐν
1460 1264 1580 1300 τοσούτῳ
1599 1265 1670 1299 φωτὶ
1696 1263 1792 1299 μεῖζον

997 1313 1117 1350 λάμψας.
1134 1322 1144 1340 ι
1157 1313 1217 1341 Νοη
1231 1314 1304 1341 enim
1323 1314 1356 1341 de
1374 1318 1453 1341 nocte
1468 1318 1594 1348 apparet,
1612 1313 1659 1340 sed
1675 1312 1793 1339 meridie

999 1361 1159 1396 splendente
1174 1360 1247 1394 sole;
1269 1367 1352 1396 quam
1368 1359 1525 1387 facultatem
1539 1366 1594 1386 non
1610 1359 1695 1386 modo
1712 1359 1792 1386 stella

997 1407 1082 1440 nulla,
1098 1407 1145 1435 sed
1161 1415 1195 1434 ne
1206 1407 1272 1434 luna
1286 1407 1396 1442 quidem
1409 1406 1532 1434 sortitur.
1545 1405 1593 1432 Illa
1605 1405 1679 1433 enim
1694 1413 1792 1433 omnes

998 1453 1091 1481 stellas
1106 1458 1249 1489 tantopere
1264 1460 1400 1488 superans
1414 1456 1476 1480 ortu
1499 1451 1566 1480 solis
1580 1452 1749 1479 obscuratur
1765 1457 1792 1478 et

999 1499 1131 1534 disparet.
1146 1499 1210 1527 Haec
1227 1503 1318 1527 autem
1338 1498 1423 1526 nativi
1444 1498 1596 1533 splendoris
1609 1498 1793 1525 exuberantia

1001 1548 1083 1574 etiam
1111 1547 1179 1574 solis
1203 1547 1295 1574 radios
1319 1546 1487 1581 superabat,
1510 1545 1647 1572 illustrior
1669 1544 1726 1571 illis
1742 1552 1792 1578 ap-

999 1601 1099 1628 parens
1112 1613 1119 1627 ,
1135 1601 1162 1621 et
1178 1593 1206 1620 in
1234 1597 1311 1621 tanta
1326 1593 1386 1620 luce
1400 1591 1488 1628 magis
1511 1599 1670 1619 coruscans.
1687 1601 1696 1617 ι
1715 1590 1794 1618 Unde

998 1640 1065 1668 illud
1086 1645 1183 1668 vocat:
1202 1640 1301 1675 ἄστρον
1327 1640 1398 1675 μέγα
1414 1639 1461 1666 καὶ
1482 1638 1696 1674 ἐξηλλαγμένον,
1720 1637 1793 1664 ὥστε

998 1687 1045 1714 καὶ
1068 1686 1108 1723 τῷ
1135 1686 1245 1722 μεγέθει
1266 1685 1314 1713 καὶ
1333 1685 1372 1721 τῷ
1389 1685 1482 1712 κάλλει
1500 1685 1551 1720 τῆς
1578 1685 1667 1719 ὂψεως
1693 1684 1794 1716 αὐτοὺς

998 1733 1146 1769 ἐκπλῆξαι-
1162 1742 1171 1758 ι
1184 1733 1289 1761 stellam
1305 1740 1433 1767 magnam
1449 1736 1477 1759 et
1490 1731 1660 1762 inusitatam,
1678 1730 1750 1758 adeo
1764 1735 1794 1756 ut

998 1779 1179 1815 amplitudine
1204 1783 1231 1807 et
1252 1784 1379 1814 aspectus
1401 1778 1526 1806 claritate
1546 1784 1642 1812 magos
1661 1776 1793 1812 percelle-

998 1831 1050 1854 ret.
1067 1836 1076 1852 ι
1097 1825 1160 1854 Hac
1185 1830 1277 1854 autem
1299 1825 1368 1853 dixit
1394 1826 1627 1860 Chrysostomus,
1644 1827 1791 1858 postquam

999 1872 1091 1900 omnia
1118 1880 1147 1900 se
1169 1872 1224 1900 ἀπὺ
1239 1872 1293 1899 τῶν
1312 1871 1513 1908 γεγραμμένων
1535 1869 1626 1897 αὐτῶν
1643 1879 1652 1894 ε
1673 1876 1708 1897 ex
1733 1869 1792 1904 ipsa

999 1918 1140 1954 Scriptura
1152 1928 1162 1944 ι
1178 1918 1316 1946 dicturum
1330 1918 1467 1953 pollicitus
1482 1922 1564 1945 esset.
1578 1916 1673 1952 Neque
1688 1917 1789 1943 mirum

998 1969 1050 1997 est,
1066 1965 1201 2000 lgnatium
1217 1964 1297 1992 nobis
1311 1964 1416 1991 stellam
1434 1964 1547 1999 reliquis
1559 1964 1689 1991 omnibus
1709 1968 1791 1998 atque

998 2011 1081 2038 etiam
1095 2011 1154 2038 sole
1179 2011 1238 2046 ipso
1254 2010 1464 2046 splendidiorem
1487 2015 1710 2045 repraesentasse,
1727 2018 1790 2037 cum

999 2058 1090 2092 gravis
1111 2062 1208 2085 auctor
1225 2056 1374 2092 Gregorius
1394 2056 1533 2093 Nyssenus
1553 2057 1579 2083 in
1603 2055 1664 2083 Vita
1677 2056 1790 2090 Moysis,

1000 2103 1173 2138 splendorem
1199 2103 1269 2131 rubo
1293 2103 1377 2131 solari
1399 2103 1531 2138 majorem
1553 2102 1676 2129 tribuat:
1700 2102 1791 2133 ‘I’wtb;

999 2150 1093 2185 ἐτέρου
1111 2150 1182 2186 ὑπὲρ
1200 2150 1231 2177 τὸ
1253 2150 1365 2186 ἡλιακὸν
1386 2149 1444 2184 φῶς
1459 2149 1508 2181 τὰς
1523 2149 1599 2184 ὄψεις
1623 2149 1792 2185 περιαστράς

998 2195 1109 2230 ψαντος,
1123 2205 1132 2221 ι
1147 2197 1199 2223 alia
1215 2196 1276 2223 luce
1291 2203 1372 2230 supra
1385 2196 1472 2223 lucem
1485 2195 1600 2224 solarem
1611 2195 1684 2222 circa
1696 2195 1791 2222 Oculos

156 2231 242 2278 Suam
269 2232 434 2278 sententiam
461 2232 554 2266 prodit
577 2231 710 2268 lguatius,
738 2233 845 2261 stellam
873 2234 947 2261 illam
964 2236 986 2264 D
1001 2241 1103 2277 Moysi;
1117 2242 1294 2278 cumgente”
1308 2242 1347 2269 De
1369 2242 1501 2269 munione
1523 2242 1618 2277 magia;
1641 2241 1791 2277 Gregorius

154 2277 275 2306 maxime
303 2277 375 2305 inter
399 2285 495 2306 omnes
517 2279 653 2306 illustrem
677 2279 774 2312 fuisse,
796 2285 822 2307 et
839 2288 872 2307 ex
898 2288 948 2308 sua

155 2324 321 2352 claritudine
335 2332 430 2360 magos
452 2324 657 2361 Hierosolymas
671 2326 831 2354 adduxisse.
856 2326 950 2361 Neque

155 2370 212 2397 haec
225 2370 361 2398 sententia
378 2370 447 2398 adeo
461 2371 580 2399 absurda
599 2372 656 2400 visa
667 2377 718 2405 est,
739 2378 769 2400 ut
780 2380 860 2400 nemo
874 2379 949 2401 vete-

156 2426 219 2449 tum
235 2426 296 2445 eam
313 2423 487 2453 sequeretur,
499 2420 572 2453 quod
583 2420 668 2447 miror
680 2421 806 2455 equidem
822 2429 837 2448 a
850 2421 948 2449 Dallaeo

156 2464 271 2491 dictum.
293 2463 368 2491 Nihil
383 2464 457 2491 enim
472 2464 528 2492 fere
543 2465 570 2492 in
589 2466 640 2493 hac
658 2468 793 2494 sententia
814 2469 947 2503 scriptum

153 2515 211 2542 est,
239 2511 312 2545 quod
342 2519 397 2538 non
419 2511 530 2546 plurimi
556 2517 650 2546 postea
680 2513 820 2542 dixerunt.
851 2514 948 2543 Omnia

153 2557 212 2584 lere
228 2556 323 2584 eadem
339 2561 490 2592 tanguntur
513 2558 561 2585 illo
583 2566 638 2585 uno
654 2559 802 2588 Clementis
825 2560 948 2588 Alexan-

153 2601 227 2628 drini
248 2602 308 2630 loco
332 2603 361 2630 in
388 2602 550 2638 Excerptis:
572 2605 623 2631 Διέι
649 2605 729 2632 τοῦτο
752 2606 872 2633 ἀνέτειλε
903 2607 947 2641 ξέ-

153 2656 198 2679 νος
232 2647 321 2684 ἀςτὴρ
358 2649 405 2676 καὶ
443 2649 535 2682 καινὸς
570 2651 711 2678 καταλύων
745 2652 795 2688 τὴν
829 2653 947 2680 παλαιὰν

152 2694 348 2730 ἀπτροῦεσίαν,
362 2696 448 2732 καινῴ
470 2697 539 2732 φωτὶ
553 2699 583 2724 οὐ
608 2698 735 2735 κοσμικῷ
759 2699 945 2735 λαμπόμενος.

155 2750 165 2765 σ
194 2739 340 2776 Propterea
376 2747 435 2770 orta
463 2749 506 2771 est
533 2745 676 2780 peregrina
695 2750 722 2772 et
745 2753 814 2772 nova
848 2745 946 2778 stella,

153 2787 305 2816 dissolvens
340 2793 459 2817 veterem
494 2791 686 2827 astrOIOgialn,
720 2799 791 2819 novo
827 2796 854 2819 et
893 2800 946 2819 non

154 2833 294 2863 mundano
316 2835 420 2864 lumine
443 2844 603 2866 coruscans.
621 2848 630 2864 ν
649 2838 715 2871 Quae
743 2838 825 2866 verba
845 2847 858 2865 a
877 2846 946 2875 quo-

190 2893 212 2909 "
229 2891 323 2921 Matth.
345 2901 376 2928 ll,
393 2896 420 2923 2.

999 2287 1209 2322 Nazianzenus,
1229 2289 1355 2316 oratione
1380 2289 1492 2324 prima:
1519 2289 1569 2315 Διὰ
1595 2288 1674 2315 τοῦτο
1702 2289 1790 2325 ἀστὴρ

998 2336 1164 2371 ἡγούμενος,
1190 2335 1237 2362 καὶ
1263 2335 1345 2370 μάγοι
1374 2335 1572 2371 προπίπτοντες
1596 2335 1644 2362 καὶ
1671 2334 1791 2371 δωροφο-

1001 2381 1120 2417 ροῦντες,
1135 2381 1167 2407 ἵν’
1189 2380 1380 2417 εἰδωλολατρία
1402 2382 1550 2417 καταλυθῇ.
1566 2391 1575 2407 ι
1590 2381 1696 2409 Idcirco
1713 2382 1789 2409 stella

999 2426 1132 2460 prwiens,
1157 2430 1184 2453 et
1209 2426 1282 2461 magi
1303 2433 1364 2453 sese
1392 2431 1596 2461 prosternentes
1617 2434 1651 2453 ac
1676 2434 1787 2454 munera

999 2472 1159 2505 oll'erentes,
1175 2477 1219 2506 ut,
1240 2473 1362 2507 scilicet,
1378 2473 1532 2500 idololatria
1553 2472 1759 2500 dissolveretur.
1776 2483 1784 2499 ι

999 2518 1073 2546 ldcm
1090 2519 1263 2547 Arcanorum
1279 2520 1401 2547 carmine
1420 2520 1448 2552 5,
1462 2527 1525 2547 cum
1541 2520 1692 2547 novitatem
1707 2519 1787 2547 stellae

999 2570 1121 2593 notasset
1132 2575 1138 2593 ζ

1003 2632 1108 2668 Τῆμος,
1117 2633 1159 2660 ὅτ’
1168 2632 1469 2668 ἀστρολόγοισινὸμοῦ
1480 2633 1555 2660 πέσε
1562 2633 1664 2668 μήδεα
1672 2638 1783 2669 τέχνης.

1000 2701 1032 2728 Et
1055 2701 1084 2729 S.
1100 2701 1219 2729 Basilius
1241 2701 1368 2728 oratione
1385 2702 1414 2728 in
1436 2700 1536 2728 Christi
1552 2700 1741 2735 Nutiritattm,
1755 2702 1785 2729 de

999 2748 1105 2783 magis:
1123 2747 1199 2783 Τάχα
1212 2747 1241 2774 δὲ
1259 2747 1306 2773 καὶ
1319 2747 1510 2782 ἀντικειμένης
1526 2746 1669 2782 δυνάμεως
1683 2750 1716 2784 τῇ
1731 2749 1785 2774 ἔτλα

998 2794 1097 2829 φανείᾳ
1117 2793 1164 2820 τοῦ
1188 2793 1291 2829 Κυρίου
1310 2793 1480 2829 ἀτονωτέρας
1499 2792 1592 2819 λοιπὸν
1621 2794 1784 2829 γενομένης,

998 2841 1152 2878 αἰσθόμενοι
1170 2841 1393 2878 καταργουμένας
1409 2840 1458 2872 τὰς
1473 2839 1610 2875 ἐνεργείας
1626 2840 1726 2876 αὐτῆς,
1743 2847 1785 2876 μευ
