1850 3072
63 178 105 206 385

396 176 421 203 J.
440 175 620 203 PEARSONII
639 174 798 203 VINDICLE
828 173 1038 203 ICNATIANAE.
1057 187 1090 193 —
1108 174 1199 202 PARS
1213 174 1248 202 ll.

1624 175 1677 203 538

64 238 137 272 γάλην
149 237 264 272 δύναμιν
276 236 443 271 τῷτεχθέντι
455 236 705 272 προσεμαρτύρουν.
719 235 782 263 Haec
796 236 841 264 ille

932 235 1024 262 ibitur
1053 235 1192 269 apostolos
1224 235 1426 269 manducasse;
1452 235 1581 263 scribitur
1605 237 1678 264 enim

65 283 224 311 considerans
235 283 342 318 ἀστέρα
352 282 442 309 καινὸν
455 283 501 309 καὶ
513 281 645 317 ἀσυνήθη.
654 281 840 317 Chrysologus

66 337 174 358 sermone
188 329 240 356 105
254 339 260 355 :
282 338 292 355 ι
312 328 339 356 Si
355 329 401 356 ubi
420 328 488 355 vidit
505 336 602 363 magus
629 327 764 354 humanas
776 334 838 362 per-

67 378 119 403 iisse
133 383 227 408 curas,
245 382 316 402 suas
342 374 477 402 defecisse
495 379 586 406 artes,
605 383 613 400 I
632 380 685 401 etc.
701 374 740 401 Ac
758 373 839 408 paulo

66 427 137 458 post:
165 431 173 447 ι
186 421 271 457 Ergo,
299 420 394 448 fratres
407 441 415 454 ,
439 421 555 448 lectione
573 421 699 455 praesenti
720 428 775 447 non
798 423 841 448 est

67 470 171 496 lirmatus
185 475 266 495 error
277 466 419 501 magicus,
437 466 484 493 sed
504 466 620 493 solutus.
640 475 650 491 ›
668 465 787 500 Nempe,
810 469 841 492 ut

66 515 174 543 observat
183 513 320 548 Origenes
330 513 378 540 lib.
391 520 410 546 t,
421 517 513 539 contra
523 511 646 539 Celsum:
658 511 728 546 Magi
741 511 840 542 ἰδόντες

66 561 196 598 “conplura
222 561 252 587 ὲν
284 558 392 595 οὐρανῷ
413 559 594 594 ἐστοχάσαντο
619 558 665 585 τὸν
697 557 767 585 κατὰ
792 557 839 584 τοῦ

67 609 149 644 ἄστρου
161 606 401 643 προφητευόμενον
412 605 553 641 ἄνθρωπον
565 604 790 640 ἐπιδεδημηκέναι
801 604 840 640 τῷ

69 655 116 689 βίῳ,
131 654 174 681 χαὶ
185 653 222 685 ὡς
240 653 352 679 πάντων
366 652 500 687 δαιμόνων
515 651 562 678 καὶ
575 651 630 678 τῶν
641 652 668 677 ὲν
682 651 736 677 ἔθει
748 651 840 682 αὐτοῖς

68 700 261 736 ςιινταζομὲνων
291 700 338 726 καὶ
364 698 545 735 ἐνεργούντων
571 698 712 734 κρείττονα
740 697 840 734 προλα-

69 748 145 779 αντες
167 746 358 782 προσκυνῆσαι
378 745 521 781 ἠθέλησαν.
544 754 553 770 ε
570 743 699 772 Videntes
719 745 745 771 in
769 744 840 772 coelo

68 793 204 827 prodigium
220 792 447 827 conjectaverunt
459 798 521 818 eum
539 790 585 825 qui
601 798 663 818 cum
683 790 760 818 stella
772 797 840 825 pra:-

70 839 192 869 nuntiatus
209 844 252 866 est
273 838 413 865 hominem
433 837 461 865 in
477 837 563 864 vitam
578 836 731 869 advenisse.
746 841 841 871 poten-

70 886 151 912 liorem
163 892 224 912 esse
239 884 373 912 omnibus
385 883 527 911 daemoniis
541 887 569 910 et
587 883 702 917 spectris
721 882 839 909 familia—

890 285 998 309 tantnm
1015 281 1154 309 Christum
1179 289 1273 309 coram
1297 282 1338 310 eis
1366 282 1465 310 edisse.
1484 282 1512 309 Si
1538 283 1565 310 id
1589 283 1680 310 dicere

891 335 946 355 non
962 328 1063 362 possis.
1078 327 1144 362 quia
1159 327 1248 355 Lucas
1263 327 1290 355 in
1305 328 1420 355 Actibus
1436 329 1545 360 asserit,
1560 328 1635 363 quod
1651 337 1679 355 ιιι

890 373 1038 409 Evangelio
1052 382 1108 401 non
1124 374 1245 407 dixerat;
1258 374 1330 402 idem
1344 374 1377 401 de
1393 374 1479 402 altero
1492 375 1575 401 etiam
1587 375 1681 402 dicen-

890 420 955 448 dum
972 421 1033 447 erit.
1051 419 1152 447 Eodem
1173 424 1246 447 certe
1272 420 1353 447 modo
1372 421 1496 447 συνέπιον
1512 420 1604 455 αὐτῷ,
1625 427 1681 455 quo

892 465 1041 500 συνέφαγον
1068 465 1160 500 αὐτῷ,
1179 469 1206 493 et
1233 466 1260 492 in
1285 466 1411 493 eumdem
1436 466 1516 493 ﬁnem
1537 475 1544 499 ;
1569 466 1681 493 Christo

891 519 983 542 autem
1009 515 1192 542 manducante
1219 515 1443 548 manducahant,
1473 515 1569 542 codem
1598 516 1681 551 igitur

890 560 1001 588 hibente
1023 560 1160 588 bibebant.
1186 559 1317 587 Neutrum
1344 560 1433 588 Lucas
1460 561 1487 587 in
1513 560 1679 595 Evangelio,

892 611 1039 642 utrumque
1067 607 1094 634 in
1122 607 1236 634 Actibus
1262 606 1388 634 allirmat.
1416 606 1455 634 Ita
1482 614 1536 634 non
1573 612 1679 634 tantum

891 654 1028 688 Ignatius,
1054 653 1100 680 sed
1121 657 1148 680 et
1171 652 1283 681 Patrum
1297 653 1448 680 doctissimi
1476 652 1505 680 S.
1527 653 1629 680 Lucam
1652 654 1681 680 in

891 699 1005 727 Actibus
1020 699 1233 726 intellexerunt:
1260 698 1442 734 Hieronymus
1456 700 1526 726 libro
1547 700 1680 726 Adversus

891 753 990 773 errores
1005 745 1119 772 Joannis
1136 744 1377 779 Hierosolymitani
1404 746 1462 772 haec
1493 753 1528 772 ex
1551 745 1680 781 Origene,

891 791 1006 826 opinor,
1023 791 1134 818 adducit
1147 791 1181 819 de
1199 791 1309 819 Christo
1327 800 1333 818 :
1350 801 1359 816 ι
1375 791 1499 819 Comcdit
1515 796 1575 826 post
1589 800 1681 820 resur-

891 837 1041 864 rectionem
1059 845 1148 870 suam,
1163 841 1191 865 et
1205 837 1282 870 bibit,
1303 842 1330 864 et
1344 837 1458 864 vestitus
1470 838 1604 872 apparuit,
1620 842 1682 864 tan-

893 883 1010 917 gendum
1026 891 1055 910 se
1069 883 1194 917 prtebuit,
1210 888 1240 910 ut
1252 883 1442 912 dubitantibus
1455 884 1586 918 apostolis
1599 884 1679 911 tidem

69 930 141 962 ribus,
154 931 336 958 decreverunt
347 937 408 957 eum
422 929 548 956 adorare.
565 938 574 954 I
593 921 787 960 Tertullianus,
801 927 840 954 De
856 929 878 959 Β
892 930 992 957 laceret
1007 929 1228 957 resurrectionis.
1252 939 1261 955 ι
1282 929 1313 956 Β.
1331 929 1520 956 Theodoretus
1538 929 1646 964 dialogo
1663 930 1683 956 9.

69 977 214 1009 idololatria,
231 984 295 1012 cap.
315 976 349 1003 9:
369 985 379 1002 Ι
395 975 432 1003 De
446 975 570 1008 Christo,
588 975 707 1008 scilicet,
725 980 767 1002 est
783 982 840 1001 ma-

70 1023 141 1050 thesis
154 1023 250 1056 hodie;
266 1023 376 1050 stellam
388 1021 501 1055 Christi,
517 1030 570 1049 non
583 1021 693 1049 Saturni
705 1025 732 1049 et
745 1021 840 1049 Martis

69 1073 90 1095 et
101 1069 222 1104 cujusque
232 1077 267 1096 ex
282 1069 380 1097 eodem
398 1069 492 1096 ordine
512 1073 699 1101 mortuorum,
714 1069 842 1096 observat

69 1115 226 1149 «praedicat.
247 1115 284 1142 At
300 1115 376 1142 enim
392 1115 505 1142 scientia
520 1115 572 1142 ista
586 1122 674 1149 usque
694 1115 728 1142 ad
752 1114 841 1142 Evan-

70 1160 156 1194 gelium
165 1160 215 1189 fuit
229 1169 376 1194 concessa,
390 1165 420 1189 ut
434 1160 543 1189 Christo
558 1160 641 1194 edito,
651 1168 731 1188 nemo
743 1160 841 1188 exinde

70 1206 218 1235 nativitatem
234 1208 357 1242 alicujus
373 1207 406 1234 de
421 1207 491 1235 coelo
511 1207 712 1242 interpretetur.
724 1217 733 1233 i
748 1205 840 1242 Neque

71 1253 139 1287 igitur
149 1259 247 1282 temere
260 1262 353 1289 neque
366 1254 484 1281 absurde
498 1261 529 1281 ea
546 1254 614 1281 dixit
632 1253 762 1289 lgnatius,
780 1261 841 1288 quze

72 1302 103 1325 tot
118 1299 164 1326 viri
176 1300 202 1327 in
216 1299 343 1327 Ecclesia
357 1299 425 1327 clari
437 1299 523 1326 secuti
538 1304 611 1327 sunt.

100 1344 172 1372 Levia
188 1346 245 1374 hac
265 1346 352 1373 nimis
369 1349 450 1379 sunt;
467 1349 494 1372 et
514 1349 604 1373 tamen
623 1345 690 1374 illud
707 1346 780 1381 quod
798 1353 842 1374 se-

72 1391 165 1425 quitur,
183 1392 242 1427 ipso
261 1392 367 1420 fatente
391 1392 508 1425 Dallaeo,
525 1392 611 1422 levius
633 1396 684 1420 est.
708 1402 717 1418 ι
735 1393 842 1420 Asserit

73 1437 149 1470 enim,
161 1438 264 1473 inquit,
281 1438 425 1466 Christum
454 1442 482 1465 et
506 1436 598 1466 edisse
614 1442 641 1465 et
656 1438 759 1466 bibisse
779 1442 842 1473 post

73 1485 299 1513 resurrectionem.
327 1485 362 1512 At
375 1485 465 1513 edisse
493 1492 526 1512 ex
548 1484 697 1520 Evangelia
713 1489 839 1518 constat;

73 1528 159 1557 bibisse
181 1539 233 1558 non
259 1536 380 1559 constat.
397 1540 407 1556 ι
431 1531 520 1558 Grave
541 1531 645 1562 crimen
659 1550 666 1562 ,
688 1530 719 1558 C.
738 1530 839 1558 Caesar.

74 1571 142 1605 Quasi
155 1584 217 1604 vero
234 1577 305 1605 illud
322 1577 396 1612 quod
419 1584 453 1604 ex
477 1576 624 1612 Evangelio
645 1583 699 1603 non
718 1581 841 1609 constat,

75 1621 93 1647 si
109 1629 137 1648 ex
155 1623 226 1651 Actis
250 1622 441 1658 apostolorum
461 1627 585 1656 constet,
597 1631 693 1650 verum
717 1630 772 1650 non
796 1622 842 1650 sit.

75 1666 137 1694 Μετὰ
162 1669 207 1705 τὴν
233 1669 385 1697 ἀνάστασιν
410 1670 558 1704 συνέφαγεν
581 1670 671 1702 αὐτοῖς
698 1670 744 1697 καὶ
767 1669 843 1696 συνέ-

76 1721 140 1746 πιεν,
164 1725 172 1742 ε
189 1715 252 1744 Post
276 1716 511 1744 resurrectionem
527 1716 653 1744 Christus
675 1724 737 1744 cum
758 1717 842 1744 disci-

76 1760 134 1793 pulis
154 1763 267 1791 comedit
283 1767 313 1790 et
335 1762 413 1796 bibit,
426 1772 435 1788 ι
453 1762 542 1797 inquit
559 1762 688 1798 lgnatius.
704 1762 775 1796 Quid
791 1770 842 1790 au-

77 1810 120 1834 tem
143 1807 169 1836 S.
186 1808 285 1838 Petrus
311 1809 372 1836 Act.
398 1817 429 1842 ι,
443 1809 500 1836 ιιι
529 1809 632 1840 Οἵτινες
656 1808 844 1844 συνεφάγομεν

77 1852 115 1878 καὶ
138 1855 296 1890 συνεπίομεν
323 1853 397 1888 αὐτῷ
421 1855 493 1882 κατὰ
507 1855 538 1882 τὺ
563 1854 714 1890 ἀναστῆναι
739 1855 771 1880 ὲκ
790 1854 844 1880 τῶν

78 1899 249 1934 ππρῶνΑΩυί
270 1902 434 1929 comedimus
455 1906 479 1928 et
493 1900 605 1927 bibimus
621 1908 680 1926 cum
704 1907 745 1931 eo,
771 1903 845 1933 post-

78 1949 295 1977 Μηίων-θεία
319 1956 336 1975 a
363 1948 486 1974 mortuis.
514 1956 526 1973 θ
552 1947 605 1980 At,
641 1946 740 1981 inquit,
761 1954 771 1971 ι
791 1945 845 1972 Ln-

78 1996 118 2018 ωδ
156 1993 247 2022 scribit
283 1993 427 2028 apostolos
460 2000 522 2021 cum
560 1992 671 2020 Christo
699 1995 845 2026 postquam

80 2041 253 2068 msurrexisset
274 2048 292 2068 a
308 2040 436 2072 mortuis,
456 2038 668 2067 manducavisse
680 2042 708 2065 et
722 2038 845 2070 bibisse;

80 2082 154 2116 ipsum
167 2094 227 2114 vero
243 2094 309 2114 cum
332 2086 374 2114 eis
391 2086 529 2113 Christum
553 2084 646 2119 (quod
672 2088 765 2111 noster
787 2083 847 2117 ait)

81 2130 267 2161 manducavisse
280 2137 308 2160 et
322 2131 426 2159 bibisse
441 2138 577 2166 nusquam
591 2130 666 2158 dicit.
682 2139 691 2156 ι
710 2129 768 2157 lmo
782 2136 848 2157 vero

82 2173 100 2199 si
116 2175 191 2209 prius,
209 2182 284 2205 certe
297 2182 326 2205 et
341 2177 478 2212 posterius
493 2175 580 2208 dixit,
594 2175 781 2212 συνεφάγομεν
800 2175 847 2202 καὶ

83 2222 221 2258 συνεπίομεν
235 2223 329 2258 αὐτῷ,
349 2223 376 2251 id
397 2227 439 2251 est
461 2223 530 2251 Beza
552 2225 715 2257 interprete,
744 2232 753 2248 ι
768 2229 846 2249 com-

83 2265 171 2296 edimus
179 2274 204 2296 et
216 2271 338 2298 bibimus
351 2278 404 2298 una
417 2278 479 2298 cum
492 2277 535 2302 eo,
550 2279 559 2296 ι
573 2277 627 2297 non
640 2269 710 2296 inter
720 2276 781 2301 nos,
798 2268 844 2295 sed
862 2283 883 2310 Β

87 2319 94 2335 ι
107 2320 150 2340 una
164 2322 220 2342 cum
233 2324 267 2343 co
291 2325 300 2342 ν
311 2315 345 2342 ln—
354 2317 437 2343 veteri
451 2315 527 2343 Bone
534 2316 629 2343 codice
643 2315 670 2342 in
680 2315 846 2342 Bibliotheca

85 2364 160 2387 nostra
184 2363 304 2390 additum
331 2366 381 2394 est,
396 2363 443 2389 καὶ
465 2362 698 2398 συνεστράφημεν,
714 2370 722 2386 ι
736 2365 763 2388 et
777 2368 846 2388 con-

84 2408 166 2434 vorsati
187 2417 291 2437 sumus.
309 2418 319 2435 ›
339 2408 424 2436 Erant
447 2409 520 2436 enim
543 2409 581 2436 illi
602 2412 685 2436 testes
698 2407 793 2440 electi,
819 2410 847 2434 et

86 2448 224 2482 familiarius
238 2454 368 2485 adhibiti,
383 2458 412 2481 ut
426 2453 551 2481 Christus
574 2461 591 2481 a
605 2457 692 2480 morte
710 2452 846 2480 excitatus

87 2494 112 2522 iis
124 2497 189 2526 lieret
203 2501 367 2535 conspicuus
384 2500 411 2526 in
432 2500 552 2527 humana
574 2503 672 2527 natura
693 2503 720 2526 et
732 2505 779 2533 per
797 2504 846 2525 eos

87 2542 154 2570 aliis:
168 2550 194 2572 ut
213 2547 265 2574 hoc
287 2546 363 2573 ﬁeret
375 2566 382 2578 ,
398 2555 407 2570 ε
427 2550 455 2572 et
477 2545 656 2572 comederunt
674 2548 701 2571 et
721 2543 848 2572 biberunt

89 2595 130 2616 una
143 2599 197 2619 cum
213 2601 254 2627 eo,
271 2603 281 2619 ι
298 2593 351 2620 hoc
369 2599 410 2620 est
423 2600 456 2620 eo
472 2592 630 2620 comedentc
643 2596 671 2618 et
686 2591 795 2618 bibente
808 2590 847 2617 illi

88 2634 154 2662 simul
167 2639 340 2666 comedebant
350 2643 377 2666 et
388 2638 529 2671 bibebant,
546 2643 627 2672 atque
641 2637 678 2664 ita
690 2640 752 2671 post
769 2643 846 2663 mor-

90 2684 147 2714 ιυῐη,
167 2685 390 2715 quemadmodum
413 2689 475 2712 ante
491 2689 605 2712 mortem
619 2702 627 2715 ,
643 2691 703 2710 cum
720 2691 752 2709 eo
765 2682 847 2709 fatui-

90 2725 174 2756 Earitcr
186 2731 335 2759 conversati
362 2735 436 2759 sunt.
457 2730 485 2758 Si
509 2735 601 2758 autem
627 2730 688 2756 ideo
702 2728 778 2756 dicas
799 2735 849 2755 eos

90 2778 133 2799 non
146 2774 237 2804 bibisse
250 2785 313 2806 cum
331 2776 455 2810 Christo,
470 2777 536 2811 quia
554 2776 643 2803 Lucas
659 2775 685 2802 in
701 2774 847 2809 Evangelio

91 2825 134 2846 non
159 2823 244 2853 scribit
265 2823 408 2853 Christum
432 2823 558 2856 bibisse;
588 2823 664 2850 dicas
689 2828 776 2856 neque
798 2827 848 2847 eos

92 2866 246 2898 manducasse
267 2878 330 2898 cum
354 2870 474 2904 Christo,
489 2869 555 2905 quia
578 2868 605 2896 in
632 2867 778 2903 Evangelia
793 2873 848 2893 non

120 2921 203 2953 “Act.
223 2935 248 2959 ι,
268 2928 316 2955 At.

892 979 969 1002 notat
985 975 1014 1002 S.
1031 974 1143 1002 Petrum
1165 976 1218 1003 hoc
1237 975 1338 1003 clarius
1352 975 1500 1003 docuisse:
1523 974 1552 1002 '0
1570 975 1597 1002 δὲ
1613 975 1683 1002 estb—

891 1031 971 1054 τατος
995 1022 1099 1057 Πέτρος
1121 1022 1287 1057 σαφέστερον
1307 1022 1434 1057 εἴρηκεν·
1456 1022 1570 1054 Οῖτινες
1590 1030 1682 1048 συνε-

891 1068 1024 1103 φάγομεν
1041 1068 1089 1094 καὶ
1109 1069 1293 1103 συνεπίομεν
1307 1067 1387 1101 αὐτῷ
1398 1068 1473 1102 μετὰ
1494 1067 1526 1094 τὸ
1546 1067 1681 1101 ἀναστῆ-

891 1123 940 1141 ναι
955 1113 1049 1140 αὑτὸν
1062 1114 1096 1140 ἐκ
1117 1113 1240 1147 νεκρῶν.
1260 1113 1368 1149 Ἐπειδὴ
1391 1112 1446 1149 γὰρ
1472 1113 1525 1140 τῶν
1542 1113 1612 1140 κατὰ
1636 1113 1683 1140 τὸν

892 1159 1013 1195 παρόντα
1028 1158 1084 1194 βίον
1107 1159 1172 1185 ῐδιον
1197 1159 1226 1185 τὸ
1250 1159 1360 1191 ἐσθίειν,
1375 1159 1532 1192 ἀναγκαίως
1545 1161 1559 1186 ὸ
1580 1160 1683 1194 Κύριος

891 1206 941 1241 τῆς
961 1206 1061 1243 σαρκὸς
1080 1206 1129 1243 τὴν
1143 1206 1292 1233 ἀνάστασιν
1306 1205 1349 1232 διὰ
1366 1205 1493 1241 βρώσεως
1509 1206 1555 1232 καὶ
1575 1206 1683 1238 πόσεως

892 1252 974 1286 ἔδειξε
997 1254 1052 1284 τοῖς
1073 1253 1109 1288 μὴ
1125 1251 1281 1288 νομίζουσιν
1301 1251 1399 1288 ἀληθῆ.
1419 1261 1429 1277 ι
1447 1251 1479 1278 Et
1493 1251 1683 1279 divinissimns

891 1297 988 1326 Petrus
1015 1299 1117 1326 clarius
1141 1299 1237 1326 dixit:
1259 1298 1311 1331 Qui
1337 1297 1497 1326 comedimus
1520 1302 1544 1324 et
1569 1297 1683 1325 bibimus

892 1353 951 1372 cum
977 1353 1023 1376 eo,
1040 1350 1178 1380 postquam
1214 1346 1358 1372 resurrexit
1377 1353 1393 1371 α
1421 1345 1532 1371 mortuis
1553 1344 1585 1371 δ’.
1611 1344 1680 1372 Cum

892 1391 965 1418 enim
991 1398 1086 1418 eorum
1102 1391 1149 1425 qui
1168 1391 1195 1417 in
1219 1391 1348 1425 presenti
1365 1397 1430 1418 sunt
1450 1391 1522 1423 vita,
1540 1391 1682 1426 proprium

892 1438 928 1465 sit
953 1437 1113 1470 comedere,
1138 1438 1294 1464 necessario
1307 1437 1440 1464 Dominus
1466 1445 1513 1471 per
1536 1437 1627 1464 cibum
1655 1442 1683 1464 et

891 1488 986 1520 potum
1003 1483 1095 1510 carnis
1110 1483 1339 1510 resurrectionem
1356 1482 1389 1509 de
1401 1482 1460 1516 ejus
1475 1482 1589 1509 veritate
1600 1482 1684 1509 dubi-

893 1530 1015 1556 tantibus
1036 1529 1244 1556 demonstravit.
1261 1537 1270 1553 ι
1294 1528 1322 1555 S.
1339 1527 1508 1563 Augustinus
1533 1528 1613 1562 epist.
1629 1528 1681 1554 ωε

896 1584 905 1600 ι
921 1575 995 1603 Sciat
1007 1583 1073 1603 sane
1093 1576 1139 1610 qui
1166 1575 1216 1602 has
1231 1575 1376 1610 proposuit
1400 1574 1585 1609 quaestiones,
1601 1573 1683 1600 Chri-

894 1628 967 1650 stum
980 1626 1042 1657 post
1066 1623 1295 1649 resurrectionem
1311 1621 1468 1653 cicatrices,
1485 1628 1540 1648 non
1558 1622 1682 1653 vulnera,

894 1669 1097 1696 demonstrasse
1123 1668 1334 1701 dubitantibus,
1365 1672 1475 1702 propter
1501 1674 1571 1702 quos
1599 1667 1685 1694 etiam

894 1716 986 1743 cibum
1007 1723 1039 1743 ac
1059 1719 1154 1750 potutn
1181 1723 1290 1743 sumere
1304 1714 1407 1747 voluit,
1430 1722 1483 1741 non
1510 1714 1609 1747 semel,
1635 1713 1683 1741 sed

896 1762 1012 1796 saepius,
1031 1769 1065 1788 ne
1088 1761 1155 1788 illud
1173 1769 1226 1787 non
1251 1767 1371 1795 corpus,
1396 1760 1444 1788 sed
1467 1760 1593 1795 spiritum
1620 1767 1684 1787 esse

896 1808 1111 1839 arbitrarentur,
1131 1811 1158 1834 et
1181 1807 1233 1834 sibi
1255 1814 1309 1834 non
1332 1807 1417 1834 solide
1438 1807 1485 1834 sed
1503 1806 1685 1841 imaginaliter

895 1861 1034 1890 apparere.

1202 1909 1316 1937 CAPUT
1338 1909 1384 1936 XI.

899 1960 1009 1987 Docetas
1027 1958 1166 1985 nonnullos
1181 1958 1213 1984 ab
1229 1958 1391 1984 euehat-istic
1413 1958 1572 1985 abstinuisse
1584 1966 1634 1992 par
1645 1963 1686 1986 cst

932 1995 1046 2022 credere.
1063 1993 1280 2028 Simoniant’rnuu
1289 1994 1381 2020 statim
1393 1998 1451 2028 post
1469 1998 1578 2020 mortem
1595 1994 1684 2020 Simo-

932 2031 973 2058 nis
997 2033 1167 2056 evanuerunt.
1194 2027 1259 2064 Non
1284 2027 1397 2062 apparet
1425 2028 1560 2064 Ignatt'um
1587 2030 1686 2056 diaisse

932 2065 1064 2091 Romanos
1084 2064 1174 2099 ﬁdeles
1196 2063 1274 2099 facile
1297 2065 1384 2098 ipsum
1404 2073 1420 2090 a
1440 2063 1567 2098 supplicio
1586 2065 1684 2098 eripere

933 2101 1058 2133 patuisse.
1084 2097 1179 2134 Neque
1196 2097 1221 2124 ai
1246 2098 1346 2134 dixerit
1359 2119 1367 2129 .
1392 2100 1561 2126 verucilatem
1581 2099 1637 2133 ejus
1658 2101 1685 2125 in

933 2136 1043 2162 dubium
1064 2133 1148 2161 vacui.
1169 2133 1262 2160 Potuit
1283 2134 1333 2160 sibi
1356 2134 1385 2161 S.
1408 2134 1530 2169 lgnatius
1552 2135 1684 2161 scribendi

934 2170 1076 2197 secundam
1103 2169 1239 2204 epistolam
1255 2169 1289 2195 ad
1309 2169 1435 2203 Ephesios
1461 2170 1685 2203 opportunitatem

934 2206 1063 2240 polliceri.
1090 2204 1241 2240 Redemptio
1256 2211 1273 2229 a
1291 2205 1426 2232 vexatione
1451 2205 1586 2240 militum,
1600 2210 1622 2240 et
1641 2205 1684 2238 fa-

934 2238 1020 2267 cultas
1037 2239 1126 2267 libera:
1143 2239 1285 2271 custodiw,
1301 2239 1493 2272 confessaribus
1509 2240 1541 2265 ab
1560 2238 1685 2265 Erclcsim

932 2276 1070 2310 procurari
1084 2276 1163 2302 solita
1173 2275 1253 2310 ,Vfusre
1268 2274 1435 2301 describitur.
1455 2274 1586 2310 Modestia
1609 2283 1685 2300 mar—

934 2312 1000 2345 tyris
1014 2316 1069 2337 tum
1089 2319 1152 2346 erga
1169 2309 1319 2337 Trallianos
1330 2330 1337 2343 ,
1353 2314 1408 2336 tum
1428 2318 1491 2345 erga
1505 2309 1685 2344 Polycarpuut

931 2346 1092 2380 defenditur.

931 2403 1027 2438 Capite
1037 2403 1073 2430 20
1088 2404 1144 2430 duo
1158 2407 1318 2438 argumenta
1334 2402 1522 2437 persequitur,
1536 2406 1562 2429 et
1577 2405 1685 2428 utrum-

897 2458 950 2485 que
974 2455 1098 2478 nostrum
1119 2449 1253 2485 lgnatium
1273 2449 1349 2484 petit.
1377 2448 1500 2476 Primum
1525 2452 1586 2480 est,
1611 2447 1684 2482 quod

898 2496 987 2524 tradat
1009 2496 1151 2523 haereticos
1173 2495 1208 2523 ab
1231 2495 1398 2523 cucharistia
1422 2494 1598 2522 abstinuisse.
1629 2493 1686 2521 Hoc

897 2547 989 2570 autem
1005 2542 1103 2570 falsum
1117 2549 1177 2569 esse
1190 2546 1286 2576 putat:
1301 2541 1391 2568 nullos
1405 2541 1504 2575 quippe
1515 2543 1592 2568 aetate
1605 2539 1685 2574 lgna-

898 2589 929 2616 tii
945 2589 996 2615 hoc
1011 2588 1117 2616 fecisse.
1142 2587 1201 2620 Qua
1218 2587 1302 2622 igitur
1319 2591 1397 2614 aetate
1417 2586 1470 2613 hoc
1482 2585 1627 2613 fecerunt?
1644 2584 1686 2611 An

899 2634 1024 2662 ducentis
1045 2638 1108 2668 post
1122 2633 1257 2668 lgnatium
1271 2632 1369 2664 annis,
1391 2639 1454 2659 cum
1471 2631 1603 2666 imposlor
1624 2629 1687 2657 Dal-

898 2681 1002 2708 lmanus
1016 2680 1068 2707 has
1089 2679 1219 2714 epistolas
1241 2678 1340 2705 tinxit?
1358 2677 1479 2705 Minime.
1494 2677 1535 2704 An
1551 2677 1608 2704 ull-1
1633 2675 1688 2703 alio

902 2732 965 2754 ante
982 2727 1008 2753 id
1032 2732 1138 2760 tempus
1164 2725 1242 2753 tero?
1256 2724 1484 2759 Haudquaquam.
1502 2723 1632 2750 Mentitus
1643 2727 1686 2749 est

900 2773 982 2808 igitur
996 2773 1133 2807 scriptor;
1154 2771 1227 2806 quod
1242 2771 1274 2798 de
1286 2770 1391 2806 lgnatio
1408 2770 1482 2798 credi
1496 2770 1573 2796 nullo
1591 2770 1687 2800 modo,

900 2819 935 2846 de
948 2819 1096 2853 impostore
1124 2817 1204 2846 facile
1227 2817 1300 2845 credi
1319 2821 1417 2852 potest.
1433 2815 1485 2843 Sed
1504 2823 1590 2851 quare
1609 2816 1689 2843 lictor

900 2865 927 2893 id
942 2865 1066 2900 lingeret,
1081 2864 1155 2900 quod
1171 2863 1275 2892 nullam
1293 2863 1405 2892 omnino
1418 2862 1687 2891 verisimilitudinem
