1850 3072
169 173 222 203 887

646 173 677 200 S.
693 172 867 202 IGNATIUS.
881 189 915 193 —
935 172 1202 203 PROLEGOMENA.

1754 172 1806 200 588

172 234 297 264 haberet.
313 234 387 269 quod
404 240 493 269 neque
504 233 688 269 aevolgnatii,
703 241 754 262 nec
775 241 827 262 suo
849 241 960 268 compe-
976 236 999 264 Α
1013 233 1131 268 attingit.
1153 231 1347 267 Antiquiorum
1371 231 1507 259 distincta:
1531 231 1654 259 haereses
1677 228 1737 265 jam
1750 234 1806 257 tum

171 279 263 307 teret?
276 279 356 308 Certe
366 281 390 308 si
410 280 478 308 nulli
496 288 619 315 unquam
636 280 671 308 ab
694 280 860 308 eucharistia
876 280 961 307 absti-

170 327 311 360 nuissent,
328 334 363 354 ne
384 326 465 355 ﬁctor
481 328 592 363 quidem
617 327 644 354 id
665 327 796 360 dixisset,
809 331 856 354 aut
878 327 960 361 hujus

170 373 286 400 inauditi
314 373 440 401 criminis
477 381 643 409 quemquam
676 377 844 402 accusasset.
879 372 960 400 Nullo

169 419 252 446 modo
267 418 350 454 igitur
373 419 555 447 dubitandum
579 424 638 453 est,
665 420 730 455 quin
746 420 815 448 tales
838 419 960 448 haeretici

169 464 282 493 fuerint".
306 465 360 494 Sed
377 475 387 492 ι
403 466 516 501 quinam
542 471 617 498 sunt,
631 476 640 492 ι
658 467 768 502 inquit?
791 467 820 494 Si
842 471 958 502 quaerat,

168 511 318 546 quaerimus
331 517 357 540 et
374 519 443 545 nos,
459 512 572 548 quinam
591 512 630 540 illi
645 512 764 540 haeretici
781 512 909 546 fuerunt,
926 513 960 541 de

168 557 268 591 quibus
279 557 402 592 loquitur
414 557 620 586 Tertullianus?
633 567 643 584 ι
657 557 753 585 Plures
766 566 817 585 nec
827 558 959 586 ecclesias

167 603 280 637 habent,
297 604 357 632 sine
371 608 475 637 matre,
491 604 551 632 sine
565 604 640 637 sede,
653 604 714 632 orbi
733 604 800 637 ﬁde,
815 608 940 633 extorres
950 625 958 638 ,

167 651 228 678 sine
244 651 301 678 lare
326 655 470 686 vagantur.
485 661 493 677 ι
510 651 626 684 Quando
637 671 645 683 ,
661 658 774 686 quaeso,
794 651 834 678 illi
856 651 959 678 eucha-

166 697 273 725 ristiam
295 697 490 725 celebrabant?
514 705 575 732 quae
593 697 647 726 illis
675 705 742 725 cura
764 697 908 725 viduarum
931 701 959 725 et

165 744 372 779 orphanorum?
388 743 440 771 Sed
462 744 577 772 ulterius
593 745 711 779 quaerit,
727 744 839 779 quinam
856 744 895 772 illi
912 746 958 780 qui

166 789 228 817 ideo
239 789 410 817 abstinerent
424 789 460 817 ab
474 789 652 821 eucharistia,
668 790 740 825 quod
755 797 815 817 eam
827 795 959 825 negarent

167 833 319 862 Salvatoris
332 842 393 862 esse
407 842 518 862 carnem
530 841 581 869 pro
596 835 677 862 nobis
687 835 816 870 passam?
832 834 957 870 Respon-

167 880 231 913 deo,
239 879 363 907 Docetz:
373 879 424 913 illi,
431 879 611 914 scilicetquos
619 879 751 907 describit
765 879 898 915 Ignatius,
909 879 956 915 qui

165 926 309 954 veritatem
325 926 454 954 humanae
465 930 570 954 uatum
584 927 611 953 in
623 926 734 953 Christo
749 926 956 962 impugnabant,
973 918 994 946 Β

164 972 213 1008 qui
225 972 382 1008 passionem
395 972 465 1007 ejus.
480 976 508 999 et
519 973 749 1000 resurrectionem
761 973 956 1008 pernegabant,

165 1026 181 1045 a
195 1019 297 1054 quibus
319 1019 470 1046 cavendum
496 1023 587 1046 monet
608 1017 740 1053 lgnatius,
768 1023 795 1046 et
809 1018 957 1054 Evangelto

165 1065 372 1098 adlizerendum,
387 1074 397 1090 ι
414 1065 442 1092 in
459 1073 514 1101 quo
528 1065 620 1100 passio
636 1065 715 1092 nobis
730 1069 841 1092 ostensa
865 1069 916 1098 est,
930 1070 958 1092 et

165 1112 332 1140 resurrectio
347 1111 467 1147 perfecta
490 1116 542 1140 est.
559 1121 568 1138 ι
587 1111 701 1139 Fatetur
715 1111 832 1139 Dallzeus
854 1112 957 1139 multos

164 1157 231 1185 olim
255 1157 339 1186 fuisse
360 1158 522 1190 haereticos,
543 1158 590 1193 qui
618 1158 689 1185 hunc
711 1157 773 1185 lidei
794 1157 957 1185 Christiana

165 1207 269 1237 partem
285 1207 428 1238 negarent,
446 1203 528 1237 idque
547 1211 608 1230 esse
624 1202 884 1237 compertissimum.
903 1201 956 1230 Sed

164 1250 262 1284 quaerit
282 1257 398 1277 rursus:
425 1248 494 1283 Quis
519 1249 553 1277 de
569 1249 703 1277 ha2reticis
727 1249 800 1277 illius
825 1251 956 1285 temporis

165 1295 315 1330 scripserit,
330 1303 379 1323 eos
391 1295 426 1323 ab
446 1295 612 1323 eucharistia
627 1295 816 1324 abstinuisse?
831 1295 957 1332 Respon-

164 1343 227 1374 deo,
241 1350 322 1370 nemo
332 1346 430 1377 praater
444 1341 578 1377 Iguatium
593 1342 627 1369 de
645 1341 726 1370 istius
744 1343 877 1378 temporis
900 1343 956 1371 hat-

165 1388 258 1416 reticis
272 1388 324 1416 hoc
339 1388 440 1415 diserte
453 1387 606 1416 alIirmavit.
620 1388 748 1423 Ejusdem
764 1393 854 1418 tamen
867 1391 954 1419 aetatis

164 1439 192 1462 et
206 1434 272 1461 anni
287 1434 416 1469 scriptor,
436 1434 465 1462 S.
478 1435 646 1470 Polycarpus
658 1455 666 1467 ,
682 1435 794 1463 eosdem
810 1436 954 1465 haereticos

164 1480 237 1514 ferit,
257 1480 464 1509 fundamentum
485 1481 568 1517 hujus
590 1481 765 1510 abstinentiae
779 1483 883 1511 indicat
896 1504 904 1517 ,
926 1487 955 1511 et

164 1528 270 1563 reliqua
285 1535 348 1556 cum
365 1527 470 1563 lgnatio
493 1528 664 1564 perstringit.
683 1528 746 1557 Haec
768 1530 841 1558 enim
860 1531 905 1558 ille
920 1531 954 1558 dc

163 1573 291 1602 Docetis:
315 1574 373 1606 Πᾶς
389 1573 444 1620 γαρ
458 1573 488 1606 ὃς
511 1574 544 1601 ἂν
562 1574 600 1610 μὴ
623 1574 740 1611 ὁμολογῇ
766 1575 868 1611 Ἰησοῦν
887 1577 955 1612 Χρι-
968 1589 990 1620 c

164 1619 226 1646 στὸν
239 1620 268 1646 ὲν
281 1620 361 1652 σαρκὶ
374 1619 543 1655 ἐληλυθέναι,
565 1619 748 1655 ’Λντίχριστός
768 1622 841 1647 ἐστι·
863 1621 911 1648 καὶ
925 1621 955 1653 ὃς

161 1665 196 1692 ἂν
212 1665 250 1700 μὴ
262 1664 378 1700 ὁμολογῇ
391 1665 421 1692 τὸ
434 1665 582 1701 μαρτύριον
598 1664 644 1691 τοῦ
661 1665 788 1701 σταυροῦ,
797 1666 829 1693 ἐκ
842 1666 888 1693 τοῦ
899 1666 956 1693 διει-

163 1711 241 1739 δόλου
253 1712 322 1739 ἐστί.
334 1712 390 1739 Καὶ
406 1712 436 1744 ὃς
452 1711 484 1739 ἂν
498 1711 629 1747 μεθοδεύῃ
645 1711 679 1738 τὰ
694 1711 771 1747 λόγια
785 1712 832 1739 τοῦ
851 1713 954 1747 Κυρίου

162 1758 232 1794 πρὸς
252 1757 302 1789 τὰς
324 1758 393 1789 ιδίας
407 1757 565 1792 ἐπιθυμίας,
583 1759 629 1785 καί
642 1759 708 1794 λέγῃ
722 1761 791 1794 μήτε
808 1758 955 1786 ἀνάστασιν

165 1804 233 1839 μήτε
245 1803 335 1839 κρίσιν
347 1801 427 1836 εἶναι,
437 1800 514 1835 οὗτος
527 1803 699 1840 πρωτότοκός
710 1805 768 1830 ἐστι
780 1803 826 1831 τοῦ
837 1804 953 1831 Σατανᾶ.

165 1859 175 1876 ‹
191 1850 323 1885 Quisquis
337 1851 409 1878 enim
424 1859 478 1878 non
501 1850 647 1879 conﬁtetur
664 1850 759 1879 Jesum
772 1851 913 1879 Christum
926 1852 954 1880 in

162 1903 246 1923 carne
258 1895 377 1928 venisse,
388 1896 574 1925 Antichristus
589 1900 648 1929 est;
669 1901 696 1924 et
711 1896 759 1932 qui
775 1904 829 1924 non
843 1897 956 1925 conﬁte-

162 1948 207 1970 tur
219 1943 381 1978 martyrium
393 1943 494 1977 crucis,
505 1950 539 1970 ex
555 1943 665 1971 diabolo
676 1948 736 1977 est;
749 1947 776 1970 et
786 1943 833 1978 qui
845 1944 954 1979 eloquia

163 1988 271 2016 Domini
287 1989 321 2016 ad
342 1990 470 2024 proprios
486 1989 600 2017 all‘ectus
617 1989 710 2022 trahit,
725 1989 847 2025 dicitque
864 1998 954 2025 neque

163 2034 394 2062 resurrectionem
423 2042 513 2070 neque
530 2034 667 2070 judicium
685 2042 764 2069 esse,
781 2036 826 2063 hic
846 2036 954 2071 primo-

163 2080 271 2116 genitus
289 2085 328 2108 est
351 2080 469 2109 Satanae.
487 2091 496 2107 ι
525 2081 630 2114 Quibus
650 2081 730 2109 docet
750 2090 799 2110 eos
822 2083 870 2118 qui
888 2088 954 2111 tunc

163 2127 307 2155 veritatem
329 2127 458 2155 humanae
486 2133 593 2156 naturae
617 2129 645 2155 in
663 2128 774 2156 Christo
797 2130 952 2164 negabant,

162 2177 278 2201 mortem
292 2173 352 2208 ejus
367 2174 470 2209 pariter
485 2182 611 2209 negasse,
628 2174 915 2210 resurrectionemque
926 2181 953 2204 et

158 2219 292 2255 judicium
309 2220 464 2248 sustulisse.
485 2219 539 2247 llos
558 2225 648 2248 autem
663 2220 742 2248 docet
762 2228 847 2249 vanos
863 2221 952 2249 homi-

1012 283 1091 307 eraut
1113 279 1282 314 superstites.
1300 278 1556 306 Valentinianorum
1573 277 1660 312 igitur
1679 276 1805 304 haeresim

1012 325 1131 353 lrenaeus
1157 329 1286 353 accurate
1306 325 1465 353 describens
1482 331 1657 359 operoseque
1681 323 1806 350 refutans

1011 372 1162 407 saepissime
1172 371 1288 399 lectores
1305 376 1406 403 monet,
1420 371 1517 399 iisdem
1541 371 1718 406 argumentis
1730 373 1806 396 vetu-

1011 417 1110 444 stiores
1122 417 1265 444 haereticos
1278 424 1340 444 esse
1360 416 1504 444 refutatos.
1519 415 1617 442 Mirum
1647 415 1736 450 igitur
1751 421 1805 441 non

1009 467 1062 496 est,
1077 463 1100 491 si
1118 462 1227 491 Docetze
1240 463 1325 498 aliqui
1338 463 1372 491 ab
1384 463 1551 491 eucharistia
1567 462 1744 490 abstinerent
1756 481 1763 492 .
1780 466 1804 488 et

1010 514 1102 537 tamen
1120 510 1195 538 illius
1206 510 1245 538 rei
1257 510 1361 537 nullam
1380 510 1499 538 Ireuaaus
1515 509 1609 537 iecerit
1620 509 1803 536 mentionem.

1045 555 1074 583 Id
1087 560 1178 583 tamen
1196 556 1275 583 docet
1291 557 1410 583 lrenaaus
1421 564 1477 591 quo
1492 557 1544 584 hoc
1559 556 1652 591 ipsum
1665 554 1743 590 quod
1758 563 1803 582 ro-

1010 601 1102 630 lumus
1116 603 1267 636 indicatur;
1280 610 1311 630 ex
1326 602 1465 630 Menandri
1487 603 1581 630 schola
1599 603 1743 638 prodiisse
1755 602 1801 631 ait.

1009 649 1056 684 qui
1071 649 1251 682 asserebant,
1276 657 1331 677 non
1352 657 1414 678 esse
1434 649 1601 686 credendum
1624 649 1654 676 in
1676 657 1743 676 eum
1758 648 1801 684 qui

1009 695 1157 723 cruciﬁxus
1171 701 1214 723 est
1229 706 1236 723 :
1249 704 1365 731 quorum
1381 697 1434 724 hoc
1444 695 1555 724 eﬂ‘atum
1566 700 1627 724 erat
1641 705 1648 722 :
1668 705 1678 721 (
1699 694 1728 722 Si
1742 695 1801 730 quis

1009 741 1156 769 conﬁtetur
1167 742 1342 775 cruciﬁxum,
1357 742 1447 770 adhuc
1461 742 1505 769 hic
1518 749 1613 770 servus
1636 747 1692 769 est.
1707 751 1716 768 ι
1729 740 1799 774 Quo-

1009 788 1092 815 modo
1106 788 1189 823 igitur
1206 788 1255 821 illi,
1268 788 1315 824 qui
1335 788 1476 816 Christum
1493 793 1634 815 mortuum
1649 795 1707 815 non
1722 793 1798 823 puta-

1011 833 1089 868 bant,
1104 834 1152 870 qui
1163 834 1244 862 ﬁdem
1262 835 1289 862 in
1300 842 1363 862 eum
1380 835 1427 870 qui
1443 834 1591 862 cruciﬁxus
1609 839 1656 862 est
1672 833 1797 868 repudia-

1010 880 1076 908 bant
1086 900 1094 913 ,
1108 881 1142 908 ad
1157 880 1352 909 eucharistiam
1364 882 1574 914 ‘convenirent,
1588 888 1654 916 qua-
1677 880 1797 908 instituta

1008 931 1050 954 est
1065 926 1099 954 ad
1114 918 1210 954 mortis
1227 918 1330 955 Christi
1346 927 1659 955 commemorationem?
1671 926 1798 963 Περιττὺς

1008 973 1063 1009 γὰρ
1075 974 1089 1000 ὁ
1105 973 1189 1004 τύπος
1202 973 1377 1010 ἀνῃρημένης
1389 973 1438 1008 τῆς
1454 973 1591 1009 ἀληθείας,
1609 983 1619 1000 ι
1635 980 1796 1008 supervaca-

1009 1027 1078 1047 neus
1092 1019 1165 1047 enim
1190 1024 1232 1047 est
1252 1024 1332 1056 typus
1352 1021 1443 1048 ablata
1456 1021 1588 1054 veritate,
1605 1030 1616 1047 ι
1636 1026 1668 1049 ut
1682 1021 1796 1057 loquitur

1008 1065 1039 1093 Β.
1050 1065 1248 1094 Theodoretus.
1264 1065 1302 1093 De
1314 1065 1482 1095 Simonianis
1496 1074 1558 1102 quae
1572 1066 1657 1095 habet
1670 1067 1795 1095 adversus

1007 1111 1202 1139 Bellarminum
1217 1112 1287 1140 nihil
1306 1112 1406 1140 valent.
1424 1112 1618 1148 Intelliguntur
1634 1121 1670 1141 eo
1691 1113 1795 1140 nomine

1007 1165 1062 1185 non
1077 1163 1183 1187 tantum
1197 1159 1226 1192 ii,
1242 1159 1289 1194 qui
1302 1158 1440 1186 Simonem
1458 1159 1594 1192 colebant,
1609 1160 1660 1188 sed
1675 1164 1703 1188 et
1716 1160 1793 1188 discis

1006 1205 1074 1240 puli,
1092 1205 1139 1240 qui
1154 1213 1188 1233 ex
1202 1205 1262 1240 ejus
1274 1204 1368 1232 schola
1383 1205 1550 1240 prodeuntes
1570 1206 1606 1234 ab
1621 1213 1657 1234 eo
1671 1211 1793 1241 ceperunt

1007 1252 1095 1284 initia,
1110 1256 1136 1279 et
1149 1251 1224 1279 illius
1238 1251 1401 1279 sententiam
1417 1251 1492 1279 varie
1505 1251 1752 1286 transformabant,
1768 1257 1792 1280 et

1006 1301 1069 1333 post
1084 1297 1144 1333 ejus
1160 1297 1302 1324 interitum
1322 1296 1375 1324 sub
1392 1296 1466 1324 illius
1482 1298 1594 1325 nomine
1605 1298 1792 1333 pestilentissi-

1006 1351 1082 1371 mum
1098 1343 1198 1378 dogma
1209 1343 1390 1371 tradiderunt.
1402 1342 1534 1376 Quamvis
1549 1349 1577 1372 et
1589 1344 1630 1372 illi
1642 1346 1690 1380 qui
1707 1344 1789 1372 Simo-

1005 1397 1067 1417 nem
1084 1389 1210 1417 colebant
1229 1389 1276 1417 diu
1293 1394 1356 1425 post
1380 1389 1440 1424 ejus
1460 1395 1578 1418 mortem
1598 1391 1790 1426 perdurabant.

1005 1433 1044 1462 De
1070 1440 1149 1464 aetate
1171 1444 1222 1464 sua
1247 1435 1373 1465 Justinus
1397 1441 1500 1473 martyr
1527 1438 1656 1473 apologia
1680 1438 1714 1465 2:
1741 1438 1789 1465 Καὶ

1005 1481 1098 1517 σχεδὸν
1113 1482 1213 1514 πάντες
1228 1483 1278 1518 μὲν
1291 1484 1439 1520 Σαμαρεῖς,
1456 1484 1541 1519 ὀλίγοι
1556 1484 1585 1511 δὲ
1601 1485 1654 1512 καὶ
1669 1485 1697 1511 ἐν
1709 1484 1789 1516 ἄλλοις

1004 1526 1109 1555 ἔθνεσιν
1134 1529 1171 1561 ὡς
1195 1528 1240 1556 τὸν
1260 1529 1368 1565 πρῶτον
1388 1530 1453 1558 Θεὸν
1478 1531 1582 1558 ἐκεῖνον
1603 1530 1787 1567 ὁμολογοῦντες

1006 1575 1110 1602 ἐκεῖνον
1136 1576 1184 1602 καὶ
1205 1576 1398 1612 προσκυνοῦσι.
1419 1586 1429 1602 ι
1447 1577 1486 1605 Ac
1516 1576 1685 1606 Samaritani
1714 1583 1787 1613 prope

1007 1628 1118 1653 omnes,
1135 1629 1168 1649 ex
1189 1622 1251 1650 aliis
1271 1623 1353 1650 etiam
1380 1623 1540 1651 nationibus
1562 1624 1707 1657 nonnulli,
1720 1624 1784 1651 illum

1006 1667 1087 1701 quasi
1104 1667 1222 1702 primum
1240 1668 1326 1696 Deum
1341 1669 1503 1697 conﬁtentes
1521 1669 1640 1698 adorant
1650 1677 1762 1706 quoque.
1774 1679 1782 1695 ι

1005 1712 1039 1740 Et
1060 1713 1088 1740 in
1114 1713 1210 1741 eadem
1229 1714 1353 1750 apologia
1372 1715 1471 1743 asserit
1494 1715 1636 1744 daemonas
1661 1717 1781 1745 excitasse

1005 1759 1118 1795 Σίμωνα
1131 1760 1179 1786 καὶ
1194 1760 1348 1796 Μένανδρον
1370 1762 1425 1788 ἀπὸ
1447 1762 1614 1798 Σαμαρείας,
1630 1764 1656 1790 οἳ
1679 1764 1723 1790 καὶ
1738 1771 1782 1798 μα’

1005 1805 1085 1840 γικὰς
1101 1806 1230 1842 δυνάμεις
1246 1809 1409 1843 ποιήσαντες
1429 1808 1543 1840 πολλοὺς
1558 1808 1730 1846 ἐξηπάτησαν
1745 1807 1783 1835 χαὶ

1004 1848 1046 1876 ἔτι
1059 1849 1258 1885 ἀπατωμένους
1272 1851 1374 1887 έχουσι,
1393 1862 1402 1878 t
1415 1854 1461 1888 qui
1478 1853 1561 1881 etiam
1574 1862 1651 1882 nunc
1670 1855 1782 1883 seductos

1003 1895 1157 1930 possident,
1174 1906 1183 1922 ι
1202 1905 1258 1924 non
1274 1902 1304 1925 ut
1324 1898 1470 1934 interpres,
1488 1909 1497 1926 ι
1511 1908 1582 1935 quos
1596 1901 1726 1929 seducant
1741 1901 1782 1927 ha-

1004 1941 1079 1969 bent.
1094 1952 1104 1967 »
1122 1942 1198 1970 Unde
1216 1944 1250 1971 de
1269 1945 1360 1980 seipso
1379 1946 1417 1973 ita
1439 1946 1560 1982 laquitur
1583 1947 1610 1975 in
1628 1949 1712 1976 altera
1725 1955 1781 1982 apo-

1003 1987 1074 2022 logia
1089 1996 1095 2014 :
1108 1988 1162 2014 Καὶ
1175 1988 1221 2015 τοῦ
1235 1990 1265 2015 ἐν
1276 1989 1315 2025 τῷ
1330 1990 1389 2026 ἐμῷ
1403 1990 1474 2018 ἔθνει
1491 1992 1608 2024 ὰσεὸοὖς
1626 1994 1674 2020 καὶ
1693 1993 1780 2020 πλάνου

1003 2033 1171 2069 Σιμωνιανοῦ
1199 2034 1333 2071 δόγματος
1354 2037 1557 2073 κατεφρόνησα.
1578 2048 1589 2064 ‹
1607 2039 1666 2075 Ego
1686 2047 1780 2075 quoque

1003 2080 1117 2115 impium
1139 2085 1167 2108 et
1187 2089 1332 2110 erroneum
1358 2083 1385 2110 in
1409 2090 1490 2119 gente
1511 2093 1572 2113 mea
1601 2086 1778 2115 Simouinnum

1002 2127 1101 2163 dogma
1116 2128 1238 2163 despexi.
1253 2139 1263 2155 ι
1287 2129 1395 2158 Pariter
1416 2131 1451 2159 de
1476 2132 1519 2159 sui
1543 2133 1595 2160 aevi
1627 2133 1779 2161 Simoniauis

1001 2173 1128 2202 Clemens
1155 2175 1380 2209 Alexandrinus,
1408 2176 1539 2205 Stromat.
1562 2179 1610 2207 lib.
1638 2188 1679 2208 tl:
1706 2180 1734 2206 οἱ
1755 2178 1778 2205 δὲ

1001 2220 1072 2255 ἀμφὶ
1087 2220 1131 2247 τὸν
1146 2221 1255 2256 Σίμωνα
1265 2222 1304 2257 τῷ
1323 2222 1447 2257 Ἐστῶτι,
1462 2224 1491 2251 ὃν
1507 2224 1641 2257 σέϐουσιν,
1654 2224 1777 2261 ἐξομοιοῦ-

161 2274 211 2294 nes
232 2266 392 2300 seduxtsse;
417 2266 568 2294 catholicos
592 2271 687 2294 monet
715 2271 746 2294 ut
770 2275 864 2295 eorum
887 2279 891 2292 ‹

1046 2275 1065 2292 ιι
1082 2266 1182 2302 τρόπον
1205 2267 1354 2302 βούλονται.
1373 2278 1382 2294 ‹
1398 2268 1518 2298 Simonis
1534 2275 1628 2299 autem
1645 2276 1776 2300 sectatores

161 2312 284 2347 ruptelas
301 2312 430 2345 vitantes,
446 2312 617 2339 orationibus
629 2313 781 2348 invigileut,
798 2319 826 2341 et
837 2313 951 2348 jejuniis

160 2359 328 2391 adhaereant;
339 2363 400 2393 post
411 2366 472 2393 qua:
481 2359 654 2386 notissimum
663 2364 705 2388 est
714 2360 908 2388 eucharistiam
919 2368 951 2389 ea

160 2409 239 2432 aetate
245 2405 376 2432 celebrari
385 2404 493 2432 solitam
501 2412 572 2438 esse;
581 2405 706 2432 hortatur
713 2406 796 2433 etiam
806 2411 835 2433 ut
843 2407 952 2435 visitent

160 2451 296 2485 inﬁrmos,
313 2451 421 2484 viduas,
436 2451 564 2486 pupillos,
577 2459 767 2486 pauperesque
780 2453 856 2480 nullo
869 2453 950 2481 modo

159 2497 309 2532 negligant,
325 2496 373 2531 qui
390 2503 488 2524 omnes
497 2503 529 2523 ex
546 2497 732 2525 oblationibus
744 2502 772 2525 et
787 2500 890 2534 agapis,
904 2500 950 2527 ubi

160 2543 329 2570 eucharistia
345 2543 544 2576 celebrabatur,
561 2544 708 2571 sustentari
719 2544 851 2574 solebant.
860 2545 951 2579 Quare

161 2589 234 2616 idem
251 2587 406 2615 subindicat
416 2587 595 2624 Polycarpus,
610 2589 683 2624 quod
699 2590 772 2618 clare
786 2591 894 2620 locutus
908 2597 951 2621 est

159 2633 293 2669 lgnatins.
306 2642 315 2658 ι
329 2632 383 2661 Sed
399 2634 422 2661 si
436 2642 531 2661 verum
549 2639 634 2669 esset,
651 2636 695 2663 vel
714 2636 748 2663 ab
769 2636 872 2665 Irenaeo
890 2646 950 2666 me-

161 2683 310 2712 moratum,
322 2679 364 2707 vel
376 2680 410 2707 ab
421 2680 476 2707 alio
487 2680 579 2715 aliquo
593 2686 675 2709 esset.
687 2690 697 2707 ι
711 2681 841 2710 Dedimus
853 2682 948 2716 alium,

159 2731 187 2754 et
201 2725 310 2760 quidem
325 2726 443 2753 maxime
458 2726 586 2754 idoneum
603 2731 699 2754 testem
714 2727 743 2755 S.
755 2727 947 2764 Polycarpum.

160 2772 278 2799 lrcuaeus
305 2777 396 2800 autent
414 2772 622 2800 cttriosissimus
639 2772 834 2802 Valentiniano:
862 2776 949 2802 haere—

159 2825 222 2846 SPOS
239 2819 396 2854 explorator
415 2817 484 2850 fuit,
500 2819 680 2854 omniumque
695 2827 757 2855 qua:
776 2820 811 2847 ab
830 2828 862 2848 ea
878 2825 949 2848 nata:

159 2868 225 2892 sunt
238 2864 463 2892 accuratissimus
482 2864 622 2900 indagator
638 2875 645 2893 :
661 2866 845 2894 vetustiorum
861 2867 948 2895 haere-

159 2911 276 2938 ticorum
290 2911 387 2940 deliria
401 2911 519 2940 breviter
530 2911 671 2947 describit,
679 2917 707 2941 et
718 2912 890 2948 disciplinam
901 2913 947 2941 vix

1004 2310 1092 2339 Stanti
1114 2320 1195 2348 quem
1221 2314 1317 2341 colunt
1339 2315 1436 2343 volunt
1458 2316 1604 2344 assimilari
1629 2319 1774 2346 moribus.»

1002 2358 1098 2386 Postea
1116 2359 1247 2395 Origenes
1270 2361 1318 2389 lib.
1333 2370 1361 2389 v1
1400 2368 1493 2390 contra
1514 2364 1620 2392 Celsum
1634 2374 1644 2392 :
1666 2363 1775 2399 Οὺδαμοῦ

1001 2404 1051 2440 τῆς
1067 2405 1229 2442 οἰκουμένης
1242 2407 1266 2433 οἱ
1282 2407 1453 2443 Σιμωνιανοί.
1469 2418 1477 2434 t
1493 2408 1594 2437 Nullihi
1611 2411 1726 2445 gentium
1741 2409 1775 2436 Si-

1003 2452 1154 2479 moniani.»
1172 2452 1231 2488 Ipse
1253 2458 1345 2481 tamen
1364 2454 1487 2489 ejusdem
1510 2456 1601 2490 operis
1616 2456 1665 2483 lib.
1680 2465 1704 2483 I:
1719 2454 1774 2481 Νυνὶ

1001 2499 1028 2525 δὲ
1041 2499 1104 2531 τοὺς
1117 2499 1222 2531 πάντας
1234 2501 1262 2527 ὲν
1270 2501 1303 2536 τῇ
1317 2500 1463 2536 οἰκουμένῃ
1475 2501 1525 2527 οὐκ
1538 2501 1596 2528 ἔστι
1607 2501 1772 2539 Σιμωνιανοῢς

1001 2545 1091 2580 εὑρεῖν
1111 2545 1158 2572 τὸν
1180 2545 1314 2582 ἀριθμὸν,
1340 2544 1433 2582 οἶμαι,
1455 2547 1624 2583 τριάκοντα,
1649 2549 1693 2576 καὶ
1716 2547 1772 2582 τάχα

1001 2590 1126 2624 πλείονας
1138 2589 1214 2618 εἷπον
1231 2592 1285 2619 τῶν
1304 2592 1399 2619 ὄντων.
1415 2592 1475 2618 Εἰσὶ
1493 2593 1522 2619 δὲ
1542 2595 1608 2630 περὶ
1626 2596 1675 2631 τὴν
1686 2593 1770 2621 Παλαι-

1002 2637 1093 2673 στίνην
1113 2639 1214 2674 σφόδρα
1234 2639 1384 2674 ἐλάχιστοι,
1402 2641 1453 2676 τῆς
1466 2641 1494 2668 δὲ
1515 2642 1613 2676 λοιπῆς
1629 2640 1770 2676 οἰκουμένης

1000 2683 1118 2719 οὐδαμοῦ
1132 2685 1162 2711 τὸ
1174 2684 1258 2720 ὄνομα
1272 2686 1355 2713 αὑτοῦ
1377 2687 1437 2713 καθ’
1452 2687 1485 2723 ἣν
1499 2688 1615 2723 ἠθέλησε
1632 2688 1706 2721 δόξαν
1719 2684 1769 2720 περὶ

1000 2729 1097 2756 ἑαυτοῦ
1123 2730 1307 2758 διασκεδάσαι.
1339 2741 1348 2757 ι
1369 2731 1448 2760 Nunc
1471 2738 1563 2760 autem
1589 2733 1617 2760 in
1640 2739 1693 2761 toto
1717 2730 1769 2758 orbe

999 2775 1096 2809 opinor
1111 2776 1156 2803 vix
1173 2777 1283 2812 triginta
1296 2777 1472 2806 Simonianos
1485 2779 1617 2814 reperiri;
1630 2788 1664 2808 ac
1672 2778 1769 2806 fortasse

1000 2827 1034 2847 ne
1048 2825 1087 2848 tot
1112 2822 1232 2856 quidem.
1249 2822 1319 2850 Sunt
1341 2823 1414 2851 enim
1430 2824 1458 2851 in
1473 2823 1620 2853 Palaestina
1634 2824 1708 2861 pauci
1728 2820 1768 2848 anl-

999 2867 1124 2900 modum,
1136 2869 1162 2895 in
1178 2868 1282 2904 reliquo
1293 2877 1358 2897 vero
1374 2870 1440 2898 orbe
1459 2878 1596 2907 nusquam
1612 2879 1705 2899 nomen
1720 2869 1768 2904 cjlm

999 2918 1041 2941 est
1067 2913 1094 2942 in
1111 2921 1143 2943 ea
1171 2915 1300 2950 opinione
1327 2916 1354 2944 in
1379 2924 1433 2952 qua
1460 2917 1518 2953 ipse
1542 2918 1637 2947 haberi
1663 2917 1766 2947 voluit.»
