1850 3072
105 143 154 175 $89

447 146 473 174 J.
494 145 676 174 PEARSONII
693 145 852 175 VINDICLE
871 146 1081 175 lGNATlAN/E.
1104 164 1137 169 —
1151 146 1243 176 PARS
1263 150 1295 177 lt.

1686 155 1739 183 590

106 207 210 236 Eusebii
231 211 317 236 atate
337 208 483 236 exstabant
500 209 547 243 qui
559 208 619 243 ejus
633 208 759 236 hzeresim
784 208 896 244 profitc-
912 211 935 239 Α
950 209 1072 245 ipsorum
1092 214 1225 245 potestate
1237 217 1292 237 non
1306 210 1444 239 videbam.
1457 209 1528 239 Fieri
1539 211 1621 239 etiam
1637 217 1739 248 potest,

106 255 216 287 bantur;
239 255 290 290 qui
306 261 371 282 cum
392 255 564 282 Christianos
580 263 611 282 se
632 255 826 289 simulassent,
839 256 896 283 da:-

105 309 212 329 monum
230 305 326 329 tamen
339 301 426 329 cultui
446 308 475 328 se
488 301 614 336 privatim
633 302 847 337 mancipabant,
867 308 897 330 ut

103 352 158 387 ipse
171 355 294 379 testatur
312 351 361 378 lib.
373 359 404 384 tt,
420 359 480 385 cap.
497 351 541 378 15.
562 350 684 378 Fuerunt
697 351 780 387 igitur
795 360 895 387 quam-

102 398 210 432 pluritni
226 402 311 425 aetate
327 398 423 433 lgnatii
438 398 602 430 Simoniani,
622 398 669 433 qui
686 398 804 426 nefanda
818 407 895 434 quaa-

102 447 160 472 dam
181 444 319 480 mysteria
343 444 537 475 celebrabant.
551 444 747 472 eucharistiam
764 445 893 478 minime,

100 492 145 527 qui
163 491 311 519 Simonem
338 491 446 526 quidem
474 491 618 524 colebant,
641 491 688 519 sed
714 492 767 519 sub
791 491 894 519 Christi

100 538 213 564 nomine
227 546 234 564 :
249 536 357 564 Πλάνου
372 537 421 572 μὲν
435 536 510 568 evre;
523 535 616 567 αὐτοῦ.
635 536 741 572 μορφὴν
754 536 781 563 δὲ
795 536 893 572 ὀνόμα-

98 592 144 615 τος
162 581 287 618 Χριστοῦ
313 581 510 618 ὲνδυσαμένου,
533 591 542 607 t
562 582 608 617 qui
634 581 741 609 tametsi
760 582 894 617 impostor

99 634 183 662 esset,
203 630 324 664 speciem
339 633 429 656 tamen
445 628 565 656 nominis
577 627 680 656 Christi
704 629 864 663 assumpsit,
879 638 888 655 ι

99 682 129 703 ut
143 680 265 704 testatur
287 675 468 710 Epiphanius.
480 673 547 708 Quae
559 682 621 702 cum
640 675 675 702 ita
691 675 762 707 sint,
780 679 892 710 apparet

100 722 278 749 Simonianos
303 721 355 748 sub
380 720 493 748 Claudio
515 719 628 746 minime
649 719 798 747 exstinctos
813 727 889 752 esse,

98 767 214 802 Traiani
238 772 267 795 et
283 767 430 802 lgnatianaa
444 766 581 801 passionis
601 765 771 801 temporibus
791 773 889 800 quam-

97 814 235 849 plurimos
249 812 405 845 exstitisse,
429 812 551 846 adeoque
574 811 609 838 de
624 811 678 838 illis
702 818 783 846 posse
803 811 889 846 accipi

96 868 159 895 qua:
172 868 188 887 a
201 859 334 893 scriptore
347 857 523 893 epistolarum
536 857 569 885 de
581 856 745 893 quibusdam
762 856 804 884 sui
817 861 888 885 tein-

97 905 173 940 poris
190 903 328 931 haereticis
344 903 416 931 dicta
433 906 506 930 sunt.

134 951 172 978 De
197 950 336 978 Marcioue
361 957 422 984 quae
445 948 566 982 disserit,
584 947 630 983 qui
659 948 763 976 Christi
787 956 888 983 corpus

94 998 303 1033 phantasticum
324 996 428 1029 docuit,
443 999 470 1023 et
493 999 585 1022 tamen
600 995 797 1022 eucharistiam
816 995 888 1023 cele—

93 1043 198 1077 bravit,
210 1043 246 1071 ad
259 1047 367 1070 atatem
384 1041 480 1077 lgnatii
495 1049 550 1069 non
564 1045 706 1076 spectant;
719 1048 807 1076 neque
820 1041 888 1076 quid

96 1090 209 1119 Doceue
233 1098 266 1117 eo
291 1097 349 1117 aevo
378 1088 503 1122 fecerint,
521 1088 680 1115 ostendunt.
698 1087 737 1114 Illi
757 1087 831 1114 cuitu
853 1087 888 1115 de

93 1141 186 1165 morte
201 1136 306 1164 Christi
324 1135 410 1163 multa
424 1135 587 1167 docuerunt,
598 1141 660 1169 quae
673 1133 795 1161 Marcion
811 1134 887 1161 nullo

93 1184 181 1210 modo
209 1183 351 1211 sustinuit.
366 1182 398 1209 Et
424 1181 610 1209 Tertullianus
637 1184 753 1208 testatur
771 1188 805 1208 eo
827 1180 886 1215 ipso

92 1230 167 1263 loco,
183 1230 230 1265 qui
248 1229 418 1264 producitur,
444 1227 611 1255 Marcionem
633 1231 806 1254 sacramenta
820 1234 884 1262 pro-

91 1277 152 1312 pria
175 1276 318 1304 habuisse.
338 1275 457 1311 lgnatius
471 1279 564 1301 autem
584 1274 617 1301 de
641 1273 769 1302 Ecclesiae
791 1281 886 1301 sacra-

91 1329 187 1351 mento
208 1323 268 1351 sine
290 1323 373 1350 dubio
388 1320 579 1357 intelligendus
600 1325 652 1354 est,
667 1328 682 1347 a
696 1328 752 1356 quo
767 1325 793 1348 et
810 1319 884 1348 Mar-

90 1370 154 1398 cion
168 1370 314 1398 abstinuit.
331 1369 451 1404 Denique
465 1376 526 1396 cum
542 1373 733 1403 argumentum
751 1368 786 1395 ab
798 1368 883 1395 inter-

92 1417 217 1451 polatore
232 1416 299 1451 petit
317 1415 344 1451 (a
359 1423 413 1450 quo
428 1421 569 1449 nunquam
590 1414 698 1441 videtur
712 1413 765 1441 nisi
780 1413 885 1442 doctior

90 1463 243 1498 recedere),
265 1462 311 1497 qui
331 1462 389 1489 hinc
413 1461 495 1488 verba
511 1460 639 1488 omisisse
663 1461 797 1493 videatur,
811 1460 884 1494 quod

89 1510 185 1537 minus
199 1517 264 1536 vera
275 1513 399 1544 putaret;
414 1507 514 1542 primo,
534 1507 726 1535 auctoritatem
747 1506 778 1534 B.
795 1506 884 1534 Theo-

88 1556 179 1584 doreti
194 1555 385 1591 interpolatori
403 1554 580 1589 opponimus,
596 1554 642 1589 qui
658 1554 715 1582 htec
728 1554 788 1587 ipsa
799 1553 881 1581 verba
896 1573 917 1602 ο

88 1607 223 1638 tanquam
241 1610 310 1637 pura
333 1605 397 1636 puta
419 1601 557 1636 lgnaliana
572 1605 600 1628 et
614 1601 757 1628 verissima
773 1601 881 1628 exscri-

86 1650 153 1685 psit,
170 1648 309 1676 haereticis
331 1648 374 1676 sui
399 1647 529 1682 temporis
548 1647 660 1682 obiecit,
676 1654 766 1682 neque
778 1647 881 1675 veritus

86 1702 130 1725 est
143 1705 179 1724 ne
195 1697 242 1724 illa
254 1695 337 1723 verba
353 1698 490 1722 auctorem
503 1693 682 1728 cpistolarum
699 1693 782 1720 alium
797 1701 880 1728 quam

87 1742 225 1780 lgnatium
265 1741 423 1776 episcopum
456 1739 655 1766 Antiochenum
684 1743 711 1766 et
732 1744 879 1774 martyrem

87 1790 246 1825 proderent.
264 1787 402 1820 Secundo,
417 1786 682 1821 interpolator‘ipse,
702 1785 749 1820 qui
765 1793 815 1820 pro
828 1793 877 1813 sua

87 1835 212 1867 libidine,
237 1839 408 1869 quaecunque
434 1831 521 1861 voluit
545 1831 675 1858 omittere
695 1831 794 1858 solitus
825 1834 878 1864 est,

86 1883 162 1909 nullo
180 1881 263 1908 modo
283 1887 314 1907 ea
328 1879 411 1906 verba
426 1877 562 1911 omisisse,
578 1877 651 1912 quod
665 1885 729 1905 vera
747 1884 808 1905 esse
822 1885 877 1905 non

86 1932 206 1964 putaret,
222 1925 360 1962 putandus
374 1929 427 1957 est,
442 1929 472 1951 ut
493 1931 526 1951 ex
556 1923 599 1951 his
622 1931 683 1959 quae
698 1931 792 1951 eorum
817 1924 878 1951 loco

85 1976 173 2010 posita
190 1972 257 2002 sunt
269 1976 400 2008 apparet:
415 1971 460 1998 τδν
477 1970 593 2006 σταυρὸν
609 1970 829 2006 ἐπαισχύνονται,
846 1971 877 1997 τὸ

84 2022 170 2053 πάθος
193 2018 366 2056 χλευάζουσι,
383 2017 432 2053 τὴν
456 2017 604 2044 ἀνάστασιν
620 2015 790 2052 κωμῳδοῦσι.
808 2016 876 2049 Quis

83 2068 155 2095 enim
168 2074 217 2094 eos
232 2065 407 2093 eucharistize
419 2066 592 2091 sacramento
605 2070 671 2090 usos
687 2062 771 2090 fuisse
786 2067 872 2097 putet,

83 2114 128 2149 qui
152 2122 162 2139 ι
188 2111 293 2139 Christi
323 2117 432 2138 crucem
455 2108 630 2142 erubescunt,
653 2108 701 2143 qui
718 2109 873 2142 passionem

82 2161 141 2196 ejus
154 2158 293 2190 derident,
305 2157 352 2193 qui
370 2156 597 2186 resurrectionem
613 2155 691 2183 ludos
704 2155 817 2188 faciunt,
826 2156 873 2190 qui

83 2206 219 2234 infidelem
245 2203 419 2232 inimicitiam
442 2210 505 2230 cum
523 2201 640 2229 invicem
658 2202 767 2229 habent.
785 2211 795 2228 ›
810 2201 872 2230 Haec

950 260 979 283 ut
1004 256 1071 283 illud
1099 257 1240 292 potuerint
1260 256 1359 290 facere,
1383 265 1433 285 nec
1462 261 1554 285 tamen
1581 257 1738 286 faciendum

947 304 1113 338 putaverint,
1130 304 1284 331 rationibus
1306 305 1341 332 ab
1356 304 1416 339 ipso
1427 304 1533 339 lgnatio
1549 305 1662 334 redditis
1675 313 1739 339 per-

947 349 1024 382 moti,
1046 349 1191 377 autetiam
1216 350 1308 377 ablata
1334 351 1490 384 occasione,
1505 355 1533 378 et
1562 351 1737 379 inimicorum

947 394 1041 424 furore
1064 396 1206 430 praeventi,
1235 404 1298 423 cum
1329 396 1451 432 lgnatius
1478 407 1489 423 ι
1515 397 1668 425 subductus
1695 402 1738 425 est

946 449 1008 469 cum
1033 441 1209 469 festinatione
1233 443 1260 470 in
1286 443 1529 478 amphitheatrum,
1545 454 1554 470 ι
1572 450 1601 472 ut
1624 446 1650 472 in
1677 445 1737 481 ejus

945 487 1021 515 Actis
1044 488 1171 523 legimus.
1196 487 1267 516 Fieri
1283 489 1402 525 denique
1427 495 1527 526 potest,
1545 497 1575 519 ut
1591 493 1660 520 illud
1676 494 1737 521 effi-

946 541 1009 562 cere
1023 542 1077 562 non
1091 535 1229 569 potuerint
1241 535 1300 563 sine
1311 534 1373 563 vita:
1384 537 1503 571 plurium
1513 537 1736 567 Christianorum

944 581 1079 615 periculo.
1097 581 1240 608 autetiam
1257 581 1316 609 sine
1329 588 1449 617 peccato.
1467 584 1501 610 At
1513 591 1568 611 non
1585 590 1679 619 peccat
1690 587 1737 621 qui

946 627 973 654 id
996 627 1061 654 boni
1085 635 1140 654 non
1168 628 1244 659 facit.
1261 636 1317 662 quo
1342 630 1433 663 majus
1448 630 1559 665 aliquod
1581 631 1681 660 bonttm
1700 632 1737 660 fa-

942 681 1004 700 cere
1032 673 1135 708 possit,
1163 678 1211 701 aut
1235 675 1306 709 quod
1336 674 1437 708 facere,
1455 677 1515 704 sine
1540 683 1652 712 peccato
1681 686 1737 706 non

942 719 1039 754 possit.
1060 728 1070 745 t
1086 718 1144 746 Non
1159 727 1262 755 quaero,
1286 720 1385 755 inquit,
1401 729 1463 756 quae
1485 723 1629 759 qualisque
1656 724 1737 752 fuerit

941 764 986 792 illa
1001 773 1063 800 quae
1079 764 1212 793 Romanis
1225 773 1241 794 a
1258 771 1352 793 nostro
1370 767 1500 795 tribuitur
1521 774 1651 804 potestas.
1669 780 1678 797 ι
1703 771 1737 799 At

942 811 1056 838 omnino
1064 811 1252 846 quaerendum,
1263 811 1319 838 imo
1329 813 1503 841 statuendum
1513 819 1572 842 erat
1580 816 1670 850 qualis
1679 817 1737 844 lite‘c

940 861 1062 892 potestas
1082 857 1172 890 fuerit,
1189 859 1349 894 priusquam
1368 861 1560 895 pronuntiaret
1574 863 1736 897 gravissime

904 895 924 923 Β
938 911 987 932 eos
1008 907 1179 938 peccaturos,
1194 905 1216 932 si
1235 905 1280 932 illa
1300 906 1339 933 uti
1360 905 1388 933 in
1405 907 1457 934 hac
1475 915 1558 936 causa
1573 895 1692 944 nollent;
1708 915 1737 938 et

939 955 1030 977 utrum
1042 950 1104 978 talis
1111 955 1193 983 esset,
1203 959 1264 986 qua:
1272 952 1326 980 illis
1337 952 1413 980 nullo
1422 954 1504 982 modo
1512 955 1617 990 subripi
1631 962 1732 991 posset.

974 995 1026 1023 Sed
1056 997 1102 1024 ille
1125 996 1183 1025 haec
1207 998 1289 1025 toties
1317 998 1485 1034 afﬁrmavit,
1511 1006 1539 1029 et
1564 1007 1655 1031 tamen
1682 1004 1734 1032 fal-

938 1049 1000 1069 sum
1028 1047 1080 1070 est.
1110 1042 1190 1076 Quod
1219 1044 1371 1073 afﬁrmasse
1392 1045 1513 1081 dicitur,
1543 1047 1643 1077 falsum
1673 1058 1734 1079 esse

938 1088 1061 1115 nondum
1089 1089 1235 1123 probatum
1263 1095 1320 1124 est,
1342 1099 1431 1127 neque
1458 1094 1569 1128 probari
1594 1096 1651 1123 ullo
1674 1104 1734 1126 mo-

936 1134 971 1162 do
992 1140 1096 1170 potest;
1114 1143 1150 1163 an
1172 1137 1253 1164 toties
1279 1137 1306 1164 id
1332 1137 1433 1167 dixerit
1457 1140 1592 1175 scriptor,
1614 1142 1672 1177 jam
1692 1143 1733 1171 vi-

937 1181 1067 1208 dendum.
1083 1181 1150 1209 Nam
1178 1183 1268 1218 primo
1290 1185 1338 1219 qui
1359 1185 1429 1212 dixit
1444 1193 1484 1220 se,
1505 1196 1514 1212 t
1533 1188 1557 1215 si
1573 1188 1611 1215 illi
1637 1190 1732 1218 volue-

937 1227 1002 1261 rint,
1016 1232 1044 1255 et
1070 1228 1092 1256 si
1123 1228 1161 1256 illi
1177 1237 1232 1256 non
1250 1230 1425 1265 impedirent,
1441 1241 1450 1258 ι
1472 1234 1649 1267 moriturum,
1676 1244 1731 1264 non

936 1274 1027 1300 statim
1043 1274 1122 1306 dixit,
1143 1284 1152 1300 ι
1172 1280 1288 1303 mortem
1304 1276 1375 1311 ejus,
1391 1277 1414 1304 si
1432 1278 1542 1310 vellent,
1559 1279 1661 1307 nullam
1684 1281 1729 1308 fu-

936 1323 1035 1346 turam.
1053 1329 1063 1345 ι
1076 1319 1188 1348 Diversa
1213 1322 1271 1349 haec
1284 1322 1365 1357 plane
1388 1328 1462 1351 sunt.
1477 1324 1557 1353 Novit
1572 1325 1602 1354 S.
1623 1333 1728 1364 martyr

935 1367 1048 1402 gentiles
1071 1374 1173 1398 omnes.
1193 1367 1334 1396 Romanos
1357 1371 1536 1405 cupidissime
1556 1373 1730 1407 imperatoris

935 1413 1074 1441 decretum
1103 1419 1283 1442 exsecuturos
1304 1420 1332 1443 et
1358 1417 1444 1450 ipsius
1468 1423 1557 1446 morte
1580 1420 1730 1450 delectatos

934 1458 1002 1487 fore.
1019 1459 1079 1487 Nisi
1108 1460 1192 1496 igitur
1218 1460 1337 1489 Romani
1364 1463 1457 1491 fideles
1481 1464 1689 1501 intercederent,
1703 1472 1730 1496 et

934 1506 1096 1542 martyrium
1119 1507 1179 1542 ejus
1197 1507 1291 1543 aliquo
1307 1509 1389 1537 modo
1404 1510 1537 1545 impedire
1548 1518 1727 1548 conarentur,

934 1552 1090 1580 certissima
1110 1553 1134 1580 ci
1157 1561 1234 1581 mors
1250 1558 1322 1582 utet
1338 1557 1545 1591 exoptatissima
1557 1566 1606 1593 pro
1618 1559 1729 1587 Christo

934 1597 995 1626 fuit.
1009 1598 1068 1626 Non
1091 1603 1180 1627 tamen
1200 1599 1263 1627 inde
1276 1602 1401 1636 sequitur
1411 1602 1515 1631 dixisse
1528 1611 1603 1636 eum,
1622 1605 1726 1634 nullam

934 1644 993 1672 fore
1017 1649 1144 1678 mortem,
1158 1646 1181 1673 si
1196 1645 1347 1674 Christiani
1364 1648 1511 1682 voluerint,
1526 1654 1574 1677 aut
1595 1650 1728 1686 impedire

933 1696 1100 1719 conarentur
1115 1701 1121 1718 :
1137 1692 1190 1719 hoc
1203 1692 1276 1719 enim
1293 1701 1328 1720 an
1343 1693 1452 1722 efficere
1463 1702 1586 1730 possent,
1602 1696 1726 1726 dubitare

932 1737 1014 1764 etiam
1031 1737 1077 1764 ille
1094 1737 1141 1772 qui
1159 1737 1217 1764 htec
1231 1737 1339 1766 dixerat
1353 1739 1452 1773 potuit.
1466 1739 1548 1767 Novit
1562 1741 1684 1770 infideles
1698 1748 1726 1771 et

931 1783 1054 1818 potuisse
1073 1787 1100 1810 et
1127 1783 1248 1811 voluisse
1275 1792 1338 1812 eum
1364 1785 1533 1818 interﬁcere;
1551 1793 1627 1815 certo
1642 1789 1726 1824 igitur

931 1829 985 1857 hoc
1009 1829 1133 1857 futurttm
1153 1835 1226 1863 erat,
1246 1831 1299 1858 nisi
1316 1831 1415 1866 aliquis
1430 1832 1583 1867 impediret.
1598 1833 1679 1862 Novit
1694 1843 1725 1864 se

929 1883 945 1903 a
962 1875 1018 1904 Deo
1035 1876 1067 1903 ad
1090 1876 1251 1912 martyrium
1271 1883 1399 1905 vocatum
1425 1886 1504 1912 esse;
1528 1879 1660 1916 impedire
1676 1890 1724 1909 vo-

929 1921 1014 1950 luisse
1039 1929 1121 1949 nemo
1143 1923 1285 1950 hominum
1302 1928 1401 1958 praeter
1428 1924 1602 1954 Christianos
1627 1926 1723 1955 Romae

929 1968 1097 1996 constitutos
1116 1969 1270 1996 credendus
1289 1969 1350 1996 fuit.
1370 1969 1398 1997 Si
1416 1970 1499 2006 igitur
1513 1971 1551 1998 illi
1563 1971 1633 2000 idem
1648 1973 1722 2008 quod

927 2014 966 2041 illi
987 2014 1096 2048 vellent,
1110 2019 1159 2041 aut
1174 2022 1229 2042 non
1245 2015 1421 2050 impedirent,
1435 2016 1589 2044 certissima
1607 2020 1720 2055 martyri

927 2068 1002 2088 mors
1025 2059 1087 2093 fuit,
1101 2061 1158 2088 sive
1174 2061 1213 2088 illi
1229 2068 1324 2088 revera
1336 2061 1468 2096 impedire
1482 2063 1647 2096 potuissent.
1663 2065 1721 2092 sive

928 2115 996 2135 non.
1023 2106 1101 2135 Multi
1126 2107 1198 2135 enim
1227 2107 1378 2136 Christiani
1400 2108 1575 2137 confessores
1592 2119 1608 2138 a
1632 2116 1720 2138 morte

928 2154 1047 2182 liberare
1064 2154 1155 2182 conati
1171 2159 1246 2187 sunt,
1263 2154 1310 2189 qui
1324 2154 1350 2182 id
1364 2154 1473 2183 efﬁcere
1486 2163 1539 2182 non
1561 2161 1717 2191 potuerunt.

925 2200 963 2228 De
984 2199 1132 2235 Peregrina
1159 2199 1298 2227 Lueianus
1315 2208 1322 2226 :
1351 2199 1432 2226 Ἐπεὶ
1454 2200 1482 2226 δὲ
1502 2198 1549 2226 οὖν
1565 2200 1678 2234 ἐδέδετο,
1693 2203 1718 2228 oi.

83 2260 148 2280 sane
160 2252 209 2279 ille
230 2252 332 2286 posuit,
347 2249 421 2285 quod
443 2249 514 2276 idem
526 2248 570 2276 his
585 2248 676 2275 verbis
690 2248 781 2275 doceri
794 2252 872 2283 puta-

963 2247 1084 2273 νιστιανοὶ
1106 2245 1249 2281 συμφορὰν
1267 2245 1425 2281 ποιούμενοι
1441 2245 1472 2272 τὸ
1488 2247 1604 2281 πρᾶγμα
1628 2247 1718 2274 πάντα

83 2304 123 2327 ret
133 2298 208 2334 quod
224 2298 260 2325 ab
273 2296 377 2333 lgnatio
391 2296 494 2323 dictttm
505 2295 539 2322 de
554 2295 588 2322 iis
598 2299 650 2325 est.
664 2295 709 2330 qui
721 2295 756 2322 ab
767 2295 870 2330 agapis,

83 2346 116 2374 ab
130 2344 312 2377 eucharistia,
334 2343 369 2371 ab
391 2342 576 2370 oblationibus
590 2342 772 2374 abstinebant,
788 2347 815 2370 et
837 2343 872 2371 ab

83 2393 202 2421 Ecclesia
218 2392 247 2419 in
263 2390 363 2418 diaboli
376 2393 465 2418 castra
483 2389 697 2416 transvolabant.

117 2438 275 2466 secundum
299 2436 383 2472 hujus
396 2436 494 2471 capitis
515 2440 706 2470 argumentum
726 2436 869 2470 epistolam

82 2486 112 2513 ad
133 2485 276 2512 Romanos
302 2487 418 2518 spectat,
446 2489 502 2517 qua
528 2481 661 2516 scriptum
686 2482 822 2518 significat
841 2483 868 2510 in

82 2539 172 2558 eorum
208 2532 344 2566 potestate
371 2527 456 2556 fuisse
479 2528 570 2563 ipsum
591 2527 724 2562 supplicio
741 2528 867 2556 liberare.

81 2575 214 2604 Fortasse.
229 2575 272 2602 An
300 2574 384 2608 igitur
410 2574 473 2601 inde
500 2573 625 2607 sequitur
652 2572 786 2608 lgnatium
806 2581 867 2601 eam

79 2622 218 2658 epistolam
247 2627 304 2648 non
330 2620 495 2654 scripsisse?
523 2618 654 2646 Profecto
684 2627 739 2646 non
777 2620 866 2654 capio.

81 2678 90 2695 ι
106 2668 184 2702 Quod
208 2667 232 2695 si
256 2667 294 2695 ita
321 2670 374 2700 est,
389 2666 486 2701 inquit,
500 2665 623 2700 sequitur
651 2664 791 2693 Romanos
805 2674 867 2701 gra-

77 2715 186 2743 viSsime
205 2719 338 2749 peccasse
353 2721 360 2739 :
377 2719 439 2740 eum
454 2711 526 2739 enim
542 2719 597 2739 non
618 2711 796 2739 liberarunta
811 2711 866 2739 lmo

76 2769 137 2789 vero
158 2766 215 2788 non
245 2758 383 2794 sequitur.
398 2757 472 2785 Fieri
500 2757 575 2785 enim
593 2761 683 2793 potest
698 2761 728 2784 ut
746 2757 864 2784 Romani

75 2807 221 2836 Christiani
251 2804 321 2833 illud
346 2803 451 2832 edicere
462 2811 516 2830 non
534 2803 685 2838 potuerint,
699 2803 773 2838 quod
786 2802 864 2839 lgna-

76 2856 123 2884 tius
140 2854 247 2890 putavit
268 2860 318 2881 eos
336 2852 425 2880 facere
441 2851 579 2886 potuisse;
595 2851 756 2887 gravissime
769 2856 861 2878 autent

74 2910 122 2930 non
143 2900 308 2938 prccabant,
323 2899 370 2934 qui
395 2897 462 2926 tlluti
490 2904 545 2925 non
578 2896 711 2931 fecerunt,
734 2897 808 2932 quod
831 2896 860 2924 in

923 2293 1030 2320 ἐκίνουν
1043 2291 1196 2328 ἐξαρπάσαι
1209 2292 1372 2327 πειρώμενοι
1385 2292 1467 2319 αὐτόν
1478 2301 1483 2307 ·
1501 2290 1552 2318 εἶτ’
1568 2293 1629 2319 ἐπεὶ
1638 2293 1717 2320 τοῦτο

921 2337 955 2375 ἦν
967 2339 1133 2374 ἀδύνατον,ἥ
1149 2347 1180 2373 γε
1199 2339 1264 2374 ἄλλη
1279 2338 1411 2374 θεραπεία
1422 2340 1494 2366 πᾶσα
1509 2339 1539 2365 οὐ
1557 2340 1714 2376 παρέργως,

921 2385 990 2412 ἀλλὰ
1007 2386 1056 2412 σὺν
1073 2385 1174 2420 σπουδῇ
1189 2385 1304 2419 ἐγίνετο.
1325 2394 1334 2410 ‹
1358 2384 1506 2420 Postquam
1528 2386 1636 2414 vinctus
1661 2391 1713 2419 est,

921 2429 1073 2458 Christiani
1089 2438 1167 2458 suam
1186 2430 1374 2458 infelicitatem
1387 2434 1528 2464 putantes,
1545 2431 1638 2459 omnia
1654 2439 1714 2458 mo-

920 2476 1020 2503 vebant
1037 2476 1115 2504 illum
1134 2476 1241 2510 eripere
1255 2476 1357 2503 conati.
1375 2475 1436 2503 Mox
1452 2476 1499 2503 ubi
1515 2476 1566 2504 hoc
1585 2477 1714 2512 impossi-

921 2524 975 2552 bile
999 2523 1064 2555 fuit,
1080 2524 1134 2550 alia
1159 2523 1249 2551 omnis
1273 2531 1340 2550 cura
1363 2530 1419 2550 non
1441 2523 1638 2559 perfunctorie,
1663 2525 1711 2553 sed

919 2571 1014 2598 sedqu
1031 2570 1153 2596 adhibita
1173 2574 1225 2596 est.
1245 2579 1254 2595 ι

952 2616 1012 2644 Duo
1026 2616 1110 2651 igitur
1122 2616 1180 2642 loca
1193 2622 1253 2650 qua:
1268 2615 1397 2650 produxit
1409 2615 1450 2642 vir
1457 2615 1708 2648 doctissimus,non

920 2663 946 2691 id
963 2662 1089 2690 efﬁciunt
1110 2661 1185 2696 quod
1209 2661 1254 2688 llic
1271 2661 1370 2694 voluit;
1394 2661 1441 2689 sed
1461 2661 1558 2689 tertius
1573 2661 1611 2688 illi
1632 2661 1709 2689 vide-

918 2709 998 2737 batur
1012 2715 1148 2741 asserere,
1164 2707 1190 2735 id
1205 2708 1272 2743 ipsis
1287 2707 1366 2734 facile
1383 2707 1478 2735 fuisse.
1498 2716 1507 2733 t
1525 2707 1607 2735 Vobis
1621 2708 1707 2742 enim.

917 2756 1016 2792 inquit,
1042 2755 1124 2782 facile
1145 2759 1188 2782 est
1212 2754 1240 2782 id
1263 2754 1338 2789 quod
1352 2754 1435 2782 vultis
1447 2754 1560 2782 facere:
1581 2763 1592 2781 ›
1610 2754 1708 2782 facilli-

916 2811 992 2829 mum
1018 2802 1102 2837 igitur
1126 2800 1293 2828 existimavit
1309 2800 1431 2835 epistolae
1445 2800 1561 2835 scriptor
1575 2799 1706 2828 Romanis

916 2849 1043 2876 ﬁdelibus
1055 2847 1150 2879 fuisse,
1167 2846 1300 2882 lgnatium
1313 2855 1328 2874 a
1342 2846 1478 2874 sententia
1493 2846 1666 2881 imperatoris
1678 2851 1706 2874 et

915 2900 1004 2924 morte
1026 2895 1154 2923 liberare.
1180 2893 1215 2921 At
1231 2894 1258 2922 in
1275 2893 1329 2921 illis
1356 2892 1449 2921 verbis
1469 2892 1502 2921 dc
1526 2897 1614 2921 morte
1636 2891 1706 2920 nihil
