1850 3072
146 156 190 183 591

610 157 638 185 5.
657 154 831 186 IGNATIUS.
849 170 884 176 --
905 154 1171 183 PROLEGOMENA.

1720 150 1767 178 392

146 216 251 244 dictum
269 220 327 250 est,
348 223 437 252 neque
457 223 489 245 ea
511 221 583 245 recte
602 217 716 252 intelligi
731 217 791 244 sine
812 224 932 252 sequen-
945 219 970 248 Λ
984 215 1119 251 suspicari
1149 221 1203 241 non
1232 216 1336 248 posset,
1350 216 1377 240 et
1401 219 1434 239 ex
1455 209 1503 238 tali
1522 208 1713 245 suppositione
1727 213 1772 235 aut

147 262 221 290 t‘t'bns
243 266 376 297 possunt;
393 270 470 296 quae,
491 262 515 290 si
538 270 605 290 sana
632 262 698 294 sint,
715 266 744 289 ut
760 262 832 297 apud
848 261 934 290 Meta-

148 307 276 342 phrasten
291 312 401 335 exstant
425 308 463 336 (in
484 308 576 336 codice
598 308 672 335 enim
692 307 876 335 Laurentiano
890 315 933 340 ea,

147 353 222 389 quod
239 353 386 381 dolendum
410 358 467 384 est.
488 361 543 380 non
563 353 708 382 habemur)
728 354 871 381 ostendere
893 354 934 381 vi—

148 401 246 428 dentur
268 405 407 428 auctorem
423 401 544 435 epistola:
558 405 668 435 putasse
685 400 822 428 liomanos
839 400 934 428 ﬁdeles

148 447 268 480 potuisse
281 453 343 474 eum
360 454 376 474 a
391 447 525 481 supplicio
540 446 656 473 liberare
671 455 678 473 ε
693 451 718 473 et
735 453 820 481 quare
836 445 862 472 id
875 446 920 473 exi

147 491 260 519 stimare
270 499 325 518 non
343 493 462 527 potuerit
474 493 606 527 lgnatius,
623 492 725 519 nullam
742 492 809 520 satis
823 499 933 527 gravem

147 545 259 565 causam
282 538 370 565 video.
392 538 504 573 Aliquot
523 539 595 566 enim
607 538 701 566 Romae
712 546 818 574 magnae
839 544 935 566 aucto-

147 584 235 611 ritatis
254 584 338 618 viros,
353 588 381 612 et
404 585 430 611 in
455 585 513 620 ipsa
528 585 611 612 etiam
628 585 689 612 anla
708 585 856 613 nonnullos
869 590 934 614 tunc

145 630 413 659 Christianissimum
428 630 470 657 vel
492 634 584 665 aperte
601 630 751 665 professos,
766 630 808 657 vel
828 634 934 657 secreto

145 677 289 711 amplexos
307 676 392 704 fuisse
416 677 596 704 dubitandum
610 685 662 704 non
676 681 733 709 est;
748 675 806 711 qui,
823 683 886 703 cum
899 676 934 704 ab

147 721 218 750 Urbe
235 723 385 758 imperator
401 723 518 757 abesset,
535 723 601 749 illud
617 727 691 750 certe
707 730 762 750 non
778 730 849 757 aegre
863 722 934 750 obti-

144 776 210 796 nere
225 770 348 804 potuisse
364 769 476 804 putandi
492 773 566 802 sunt,
580 773 610 796 ut
625 769 648 796 si
664 776 718 796 non
736 768 930 801 remitteretur,

145 815 240 842 saltem
268 815 422 843 differretur
458 815 599 843 sententia:
622 816 656 842 ab
679 816 844 850 imperatore
875 815 933 850 jam

144 861 256 889 absente
280 861 342 889 latae
365 862 517 890 exsecutio.
538 861 590 889 Sed
610 870 673 889 cum
703 863 730 889 in
756 863 847 890 verbis
867 863 934 897 ipsis

144 907 295 942 reperiatur
324 907 415 942 aliqua
440 908 635 943 discrepantia,
649 916 704 936 non
726 908 779 936 erit
797 913 844 936 aut
866 909 932 936 mihi

143 953 302 984 molestum.
326 959 374 981 aut
393 955 533 989 cuiquam,
550 955 589 982 uti
618 963 715 990 spero,
740 956 889 991 ingratum,
909 955 932 983 si

144 1000 308 1026 sententiam
338 1005 458 1027 nostram
481 1001 514 1028 de
539 1000 656 1028 lectione
669 1001 832 1036 jampridem
848 1001 932 1029 dubia

144 1046 327 1081 interponam.
338 1045 426 1074 Verba
440 1047 479 1074 sic
492 1055 521 1073 se
538 1047 650 1074 habent.
670 1048 749 1082 Ὑμῖν
759 1048 813 1084 γὰρ
823 1049 935 1085 εὐχερές

144 1093 219 1119 ἐστιν
235 1093 249 1119 ὃ
266 1093 356 1119 θέλετε
379 1094 490 1128 ποιῆσαι
502 1102 508 1108 ·
527 1094 588 1129 ἐμοὶ
603 1093 631 1120 δὲ
651 1094 780 1122 δύσκολόν
801 1096 859 1122 ἐστι
887 1096 934 1123 τοῦ

143 1138 211 1165 Θεοῦ
233 1140 381 1174 ἐπιτυχεῖν,
399 1139 446 1166 ἐὰν
463 1140 541 1175 ὑμεῖς
563 1139 692 1175 φείσησθέ
710 1149 771 1176 μου.
790 1141 826 1168 Ita
851 1141 935 1169 Meta-

144 1186 281 1220 phrastes.
303 1186 396 1213 Codex
417 1185 607 1222 Augustanus,
625 1187 662 1222 μὴ
675 1187 806 1222 φείσησοέ
828 1196 889 1223 μου,
908 1195 935 1217 et

144 1237 222 1259 vetus
236 1231 373 1266 interpres
390 1241 400 1257 ι
420 1239 474 1259 non
494 1232 606 1266 parcitis
620 1233 698 1260 mihi.
713 1243 722 1259 ι
737 1233 787 1261 llic
799 1235 934 1268 particula

145 1278 270 1313 negativa
298 1277 325 1305 in
342 1277 533 1313 Metaphrastc,
546 1279 640 1306 codice
661 1278 881 1314 Nydprucciano,
906 1286 936 1309 et

144 1323 262 1360 Vulgato
277 1324 424 1360 interprete
442 1325 520 1352 deest
537 1334 543 1352 :
561 1325 587 1352 in
605 1326 698 1354 codice
720 1326 893 1362 Augustano,
908 1333 935 1357 et

144 1375 235 1398 vetere
253 1370 399 1405 interprete
413 1371 582 1406 agnoscitur.
602 1372 630 1399 Si
647 1373 730 1408 igitur
750 1373 886 1408 judicium
900 1375 935 1403 de

144 1416 261 1444 lectione
276 1415 347 1444 ferre
360 1417 450 1451 liceat,
465 1422 530 1452 puto
547 1419 707 1453 particulam
720 1421 872 1455 negativam
886 1421 935 1448 ad-

144 1463 217 1490 mitti
235 1463 344 1496 debere,
363 1464 411 1492 sed
430 1471 485 1491 non
503 1472 536 1492 eo
554 1473 610 1501 quo
625 1465 735 1500 ponitur
751 1466 821 1497 loco,
840 1475 935 1495 verum

144 1513 208 1536 ante
222 1509 335 1536 verbum
350 1510 500 1545 ἐπιτυχεῖν,
516 1515 544 1537 ut
557 1510 672 1546 legatur,
689 1511 751 1547 ἐμοὶ
767 1511 794 1538 δὲ
807 1511 936 1539 δύσκολόν

144 1554 204 1581 ἐστι
232 1554 278 1581 τοῦ
301 1554 368 1603 Θεοῦ
392 1555 431 1591 μὴ
455 1556 603 1591 ἐπιτυχεῖν,
618 1557 672 1590 vel,
691 1558 765 1592 quod
786 1558 858 1586 idem
880 1563 934 1591 est,
949 1575 970 1603 ϐ

145 1600 300 1636 ἀποτυχεῖν.
318 1599 396 1633 Quod
422 1601 445 1628 si
469 1601 514 1628 cui
536 1601 653 1637 placeat,
668 1603 816 1630 verborum
837 1610 936 1632 sensus

145 1646 192 1673 hic
207 1646 278 1673 erit:
298 1656 307 1673 ι
327 1646 392 1674 Mihi
408 1652 500 1675 autem
515 1648 615 1678 durum
627 1655 654 1676 et
670 1649 815 1678 molestum
827 1654 868 1677 est
881 1649 937 1677 Deo

145 1700 201 1719 non
229 1693 320 1727 potiri.
339 1702 350 1719 ι
369 1693 408 1721 lla
430 1693 559 1721 δύσκολον
585 1695 761 1730 interpretor,
779 1703 835 1724 non
857 1701 887 1724 ut
900 1697 938 1724 sit

145 1738 262 1766 arduum
278 1743 305 1766 et
319 1739 439 1773 difficile,
455 1740 504 1768 sed
525 1741 671 1769 molestum
687 1746 715 1769 et
729 1749 827 1777 grave,
842 1742 936 1778 ἀηδές.

146 1784 204 1811 sive
223 1794 233 1810 ι
252 1785 366 1813 minime
377 1785 489 1821 placens
507 1796 514 1814 :
534 1796 544 1813 ι
557 1788 628 1814 unde
640 1787 833 1822 δυσκολαίνειν,
850 1797 859 1814 ‹
877 1796 937 1816 mo-

146 1830 214 1857 leste
238 1830 320 1864 ferre,
335 1840 390 1859 non
411 1833 480 1860 bene
508 1841 697 1869 concoquere;
717 1845 726 1862 ι
744 1843 807 1870 quae
832 1835 937 1871 signiﬁ-

145 1877 218 1904 catio
227 1878 277 1912 ipsi
285 1883 376 1914 etymo
385 1880 504 1907 maxime
510 1881 648 1916 congruit.
658 1881 825 1918 Hesychius:
836 1882 938 1908 Δυσκο-

146 1923 242 1957 λαίνει,
257 1924 393 1961 δυο-φορεῖ,
406 1927 479 1961 quod
491 1932 533 1955 est
548 1937 557 1953 ι
573 1936 645 1963 aegre
656 1928 698 1956 vel
709 1934 821 1964 gravate
835 1928 886 1956 fert
900 1938 906 1955 :
924 1938 933 1954 ι

147 1970 219 1997 unde
241 1971 328 1999 eidem
346 1971 481 2008 Hesychia
498 1973 638 2009 δύσλοφον,
655 1979 697 2002 est
714 1974 842 2002 δύσκολον
860 1984 870 2002 ι
886 1974 938 2003 dif-

146 2016 251 2044 ficulter
265 2017 418 2046 ferendum.
438 2029 448 2045 ι
465 2019 542 2047 Unde
558 2025 637 2056 poeta
654 2026 748 2049 vetus:

205 2064 253 2097 Ὡς
268 2063 421 2092 δύσκολον
436 2065 469 2092 τὸ
482 2065 576 2101 γῆρας
591 2067 758 2102 ἀνθρώποις
774 2068 843 2103 ἔφυ.

184 2109 317 2138 Senectus
344 2113 430 2145 enim,
444 2117 474 2140 ut
502 2113 549 2146 ait,
569 2123 578 2139 t
595 2121 666 2141 onus
683 2113 766 2142 Etna
783 2115 904 2150 gravius.
923 2124 933 2141 ι

147 2155 206 2184 Jam
235 2157 259 2185 si
285 2158 337 2185 hoc
362 2166 444 2185 sensu
473 2159 622 2194 accipiatur
643 2159 781 2193 δύσκολον,
797 2161 936 2188 contrario

148 2203 338 2238 accipiendum
373 2204 425 2231 erit
448 2205 576 2240 εὐχερές,
609 2210 639 2233 ιιι
671 2206 743 2241 apud
770 2206 935 2241 Hesychium

985 260 1153 295 suspicione,
1169 266 1204 286 ne
1229 266 1261 286 ea
1283 262 1417 293 potestate
1439 257 1466 284 in
1489 256 1549 290 ipso
1573 253 1730 286 liberanda,
1748 258 1772 280 ct

985 306 1115 342 martyrio
1139 306 1212 341 quod
1238 311 1411 339 summopere
1435 302 1582 333 ambiebat.
1597 305 1625 328 et
1646 300 1681 327 ad
1701 303 1773 334 quod

985 353 1033 380 Dei
1049 352 1175 380 voluntas
1187 351 1254 378 adeo
1270 354 1363 385 aperte
1381 349 1507 380 vocabat,
1518 346 1695 382 impediendo
1718 352 1774 372 ute~

985 403 1089 432 rentur,
1103 398 1188 425 libere
1210 403 1333 424 monere.
1351 395 1440 428 Quare
1463 398 1491 421 ut
1509 393 1564 420 Deo
1578 393 1702 420 maxime
1717 392 1773 425 pla-

986 453 1047 474 cere
1070 445 1197 472 studeant
1217 451 1264 471 eos
1281 443 1418 474 hortatur;
1435 445 1463 468 et
1478 448 1494 467 a
1516 439 1570 466 Deo
1585 446 1648 466 esse
1674 442 1704 465 ut
1719 439 1774 471 ipse

985 500 1034 527 pro
1047 491 1157 518 nomine
1172 489 1338 523 Christijam
1354 487 1514 523 martyrium
1531 485 1648 518 subiret,
1667 484 1702 511 iis
1715 484 1773 519 pla—

986 547 1051 566 num
1072 538 1147 566 facit.
1162 547 1171 563 ι
1190 537 1243 570 Qui
1257 536 1334 569 vivit,
1356 535 1455 570 inquit,
1472 538 1500 561 et
1525 533 1649 567 loquitur
1677 532 1705 558 in
1720 538 1771 563 me,

985 585 1060 612 intus
1074 585 1140 612 mihi
1152 582 1318 612 dicitzVade
1329 582 1363 610 ad
1377 580 1497 608 Patrem.
1514 589 1524 605 ι
1538 578 1632 614 Neque
1649 577 1773 605 dubitare

985 639 1016 659 se
1039 631 1159 659 ostendit
1181 630 1247 665 quin
1268 629 1396 657 Christus
1415 627 1450 654 iis
1465 627 1550 654 etiam
1566 626 1639 653 hanc
1663 623 1712 651 Dei
1727 630 1773 650 vo-

986 679 1119 706 lunta‘em
1150 676 1303 712 patefacere
1338 674 1469 707 voluerit;
1490 680 1561 707 quos
1582 671 1695 698 interim
1716 678 1773 697 cer-

986 726 1069 752 tiores
1098 724 1177 757 facit,
1194 724 1253 751 haec
1276 730 1305 750 se
1330 730 1384 749 non
1407 719 1558 748 secundum
1586 725 1712 750 carnem,
1728 716 1772 744 sed

986 775 1103 798 mentem
1120 770 1167 797 Dei
1183 769 1339 804 scripsisse.
1352 767 1426 794 Nihil
1449 766 1532 802 igitur
1548 765 1574 792 in
1595 764 1714 800 epistola
1739 762 1770 789 ad

985 817 1125 844 Romanos
1149 817 1183 844 de
1208 822 1305 843 eorum
1322 817 1456 850 potestate
1476 812 1579 840 dictum
1594 815 1648 844 est,
1664 809 1737 845 quod
1757 817 1771 835 ιι

987 863 1016 892 S.
1033 863 1137 899 lgnatio
1149 862 1232 890 scribi
1246 869 1301 888 non
1316 860 1414 895 potuit.

950 901 970 928 Β
1020 911 1116 946 Capite
1130 910 1166 937 25
1184 908 1453 944 interpolationibus,
1471 911 1517 934 aut
1532 906 1637 942 spuriis
1662 904 1771 940 perstri-

985 957 1170 989 ctis,unicum
1179 959 1369 991 argumentum
1381 953 1515 981 adversus
1525 958 1670 980 auctorem
1685 952 1770 986 ipsum

986 1003 1112 1036 cuditur;
1128 1003 1200 1038 quod
1215 1002 1250 1029 ab
1263 1010 1295 1029 ea
1312 1009 1341 1029 re
1357 1001 1467 1037 petitur,
1483 1007 1565 1035 quam
1579 1007 1637 1026 non
1655 1006 1671 1025 a
1687 997 1770 1033 gravi-

985 1054 1041 1077 tate
1065 1048 1194 1084 martyris
1220 1048 1367 1075 abhorrere
1390 1046 1501 1079 fatetur,
1517 1046 1564 1073 sed
1589 1053 1606 1073 a
1625 1043 1728 1080 judicio
1746 1046 1770 1070 et

986 1095 1132 1130 sapientia,
1148 1103 1237 1130 neque
1247 1095 1281 1122 ab
1292 1094 1346 1122 illis
1360 1094 1470 1130 quidem
1495 1093 1624 1125 multum,
1640 1090 1687 1119 sed
1707 1097 1770 1117 non-

986 1142 1065 1169 nihil.
1086 1141 1149 1169 Haec
1167 1146 1257 1169 autem
1272 1141 1368 1175 judicii
1382 1144 1410 1167 et
1429 1138 1570 1174 sapientia:
1593 1136 1717 1164 defectus
1739 1142 1769 1162 ex

986 1187 1132 1224 prudentia
1155 1186 1359 1222 interpolatoris
1384 1185 1519 1220 detegitur
1544 1183 1767 1219 perspiciturque.

985 1233 1038 1268 ita,
1052 1234 1168 1266 scilicet,
1186 1233 1285 1260 Dall:eo
1298 1237 1394 1260 auctor
1408 1231 1532 1267 epistola:
1544 1231 1665 1264 ineptus,
1675 1229 1769 1262 impru-

988 1283 1057 1310 dens
1087 1280 1201 1314 sciolus,
1218 1280 1245 1306 in
1265 1287 1322 1314 quo
1341 1279 1409 1306 nihil
1425 1279 1477 1305 tale
1494 1277 1614 1312 reperire
1630 1280 1769 1312 potuerunt

986 1326 1175 1360 antiquissimi
1200 1325 1313 1356 Patres;
1341 1324 1519 1359 interpolator
1549 1328 1643 1350 autem
1669 1327 1767 1353 acutus,

987 1373 1120 1406 prudens,
1147 1377 1184 1406 et,
1200 1372 1273 1407 quod
1304 1373 1406 1399 mirum
1427 1378 1480 1404 est,
1492 1371 1576 1398 etiam
1593 1369 1686 1402 fortis,
1699 1368 1768 1402 cujus

987 1418 1103 1453 ineptias
1126 1424 1222 1445 omnes
1237 1417 1341 1445 vident.
1357 1416 1411 1444 Sed
1429 1416 1495 1451 quid
1512 1415 1622 1442 tandem
1639 1413 1703 1441 illud
1721 1418 1766 1445 est,

987 1464 1061 1498 quod
1085 1463 1153 1491 adeo
1180 1471 1195 1490 a
1208 1462 1313 1498 judicio
1329 1468 1354 1490 et
1369 1462 1502 1498 sapientia
1527 1462 1555 1488 S.
1572 1461 1703 1497 martyris
1725 1460 1768 1487 ab-

989 1510 1098 1538 horret?
1118 1508 1186 1536 lllud
1210 1517 1308 1544 nempe
1333 1509 1407 1543 quod
1438 1507 1600 1543 polliceatur
1621 1514 1651 1534 se
1677 1513 1766 1533 secun-

988 1556 1054 1584 dum
1069 1557 1191 1584 libellum
1208 1556 1242 1583 ad
1258 1555 1391 1590 Ephesios
1404 1555 1567 1582 missurum.
1581 1552 1640 1580 Hoc
1658 1552 1766 1588 prudeno

988 1603 1042 1635 tiae,
1068 1603 1122 1631 hoc
1139 1602 1282 1637 sapientiae
1306 1601 1335 1628 S.
1352 1600 1450 1636 lgnatii
1477 1599 1571 1628 ofticit.
1582 1598 1651 1627 Nam
1667 1599 1692 1626 in
1707 1598 1766 1625 assi-

985 1649 1039 1677 dua
1052 1649 1230 1677 meditatione
1241 1648 1348 1681 mortis,
1365 1653 1392 1675 et
1407 1647 1478 1674 inter
1489 1647 1681 1681 leopardorum
1695 1651 1767 1672 vexa-

986 1695 1074 1723 tiones
1088 1696 1140 1723 hoc
1152 1695 1286 1730 polliceri,
1299 1695 1413 1722 stultum
1430 1699 1513 1722 esset.

1021 1741 1185 1777 Priusquam
1209 1742 1269 1769 haec
1299 1748 1416 1769 censura
1438 1741 1612 1773 admittatur,
1635 1739 1767 1766 videamus

986 1788 1051 1824 quid
1067 1789 1211 1824 promittit,
1224 1792 1250 1816 et
1260 1787 1410 1823 quomodo.
1419 1787 1498 1820 Quod
1511 1786 1648 1821 promittit
1659 1790 1699 1812 est
1715 1783 1765 1810 δεύ-

989 1844 1068 1871 τερον
1083 1834 1222 1870 βιϐλίδιον,
1238 1843 1248 1860 ι
1266 1834 1404 1862 secundus
1417 1833 1536 1866 libellus,
1552 1842 1562 1858 ι
1576 1833 1636 1860 sive
1648 1831 1763 1867 epistola,

988 1881 1126 1917 βιϐλίδιον,
1141 1882 1250 1916 quidem
1264 1881 1382 1916 quodvis
1395 1880 1558 1915 seriptulum
1573 1879 1688 1912 Graecis,
1699 1883 1724 1905 ut
1736 1884 1764 1904 ex

986 1927 1132 1955 Plutarcho
1151 1931 1268 1959 constat,
1285 1926 1357 1961 apud
1379 1933 1460 1960 quem
1473 1925 1500 1952 in
1522 1925 1584 1952 Vita
1599 1923 1714 1953 Cimonis
1726 1922 1765 1949 de-

987 1974 1145 2002 scribuntur
1157 1973 1234 2000 Chii:
1251 1972 1411 2004 Τοεεύοντες
1427 1972 1497 2007 ὑπὲρ
1516 1971 1550 1998 τὰ
1565 1971 1645 2007 τείχη
1663 1969 1764 2006 βιϐλίδια

986 2019 1172 2056 προσκείμενα
1196 2020 1251 2050 τοῖς
1279 2018 1389 2050 ὀϊστοῖς,
1411 2027 1420 2043 ι
1443 2017 1581 2045 libellulos
1605 2015 1708 2052 sagittis
1724 2021 1765 2040 an-

987 2073 1073 2092 nexos
1095 2072 1176 2099 super
1193 2071 1288 2091 muros
1308 2065 1459 2091 mittentes.
1475 2072 1484 2089 ι
1498 2062 1586 2090 Vocat
1599 2068 1690 2089 autem
1702 2060 1764 2086 hanc

986 2110 1130 2145 epistolam
1154 2117 1236 2144 quam
1259 2114 1325 2136 tunc
1350 2108 1468 2143 scripsit,
1496 2108 1618 2136 libellum
1645 2107 1763 2142 primum,

987 2156 1061 2191 quod
1087 2160 1159 2182 esset
1194 2155 1300 2182 caeteris
1325 2162 1394 2190 quas
1419 2155 1528 2190 scripsit
1545 2155 1628 2189 paulo
1646 2153 1765 2190 prolixior

988 2201 1028 2235 (ut
1043 2198 1224 2235 Hieronymus
1243 2199 1408 2234 Augustino,
1426 2200 1506 2234 epist.
1521 2199 1571 2227 89:
1585 2209 1594 2225 ι
1612 2199 1678 2227 Tres
1693 2197 1763 2226 simul

146 2249 280 2285 εὐχερής,
308 2249 433 2282 εὔκολος,
465 2256 492 2277 et
516 2251 726 2288 εὐπερίστατον,
753 2251 877 2284 εὔκολον,
908 2257 935 2279 ul

1000 2245 1131 2280 :pistolas,
1158 2246 1212 2272 imo
1232 2245 1348 2279 libellos,
1369 2254 1418 2280 pcr
1434 2246 1582 2273 diaconum
1608 2246 1763 2281 Cyprianum

147 2295 218 2322 idem
235 2297 271 2323 sit
288 2297 363 2332 quod
380 2297 493 2333 ἀϐαρὲς,
506 2307 515 2323 ι
535 2298 593 2326 leve
608 2303 635 2326 et
654 2299 804 2334 placidum,
819 2309 828 2325 ι
847 2304 876 2326 ιιι
899 2300 935 2327 sit

148 2341 247 2369 horum
257 2343 402 2370 verborum
415 2344 629 2376 sensus,tVobis
640 2346 750 2380 quidem
765 2346 791 2373 id
804 2346 875 2381 quod
888 2354 936 2373 cu-

149 2388 214 2422 pitis
233 2388 339 2416 edicere
355 2389 491 2423 placidum
505 2396 533 2418 et
548 2397 723 2426 promptum;
748 2393 816 2420 mihi
841 2398 937 2421 autem

149 2434 206 2461 Deo
216 2442 270 2462 non
286 2435 368 2469 potiri
384 2435 494 2468 durum,
508 2444 590 2470 grave
614 2442 641 2463 et
656 2437 801 2465 molestum
816 2439 896 2466 foret.
922 2447 933 2465 ι

186 2478 246 2506 Νοιι
273 2479 356 2515 igitur
388 2487 500 2514 apparet
524 2485 663 2509 auctorem
687 2483 808 2516 epistola:
834 2484 938 2512 dixisse

151 2523 294 2552 Romanos
317 2524 410 2551 ﬁdeles
435 2524 513 2552 facile
537 2525 660 2560 potuisse
675 2525 809 2560 lgnatium
822 2536 837 2555 a
851 2533 938 2556 marte

150 2571 280 2602 liberare,
293 2574 341 2596 aut
354 2578 414 2596 eam
431 2570 544 2603 nullam,
557 2571 579 2598 si
594 2571 631 2598 illi
647 2573 755 2606 vellent,
763 2572 832 2601 fore.
844 2573 938 2609 Neque

152 2617 302 2645 verisimile
323 2621 366 2644 est
386 2617 547 2651 scriptorem
565 2618 590 2645 id
605 2619 736 2652 voluisse,
752 2622 825 2655 quod
841 2629 888 2648 eos
904 2621 939 2648 ad

152 2666 300 2696 martyrem
316 2661 487 2688 liberandum
502 2663 618 2690 imitare
635 2666 788 2692 etexcitare
803 2666 938 2698 videatur,

153 2715 216 2734 cum
234 2708 286 2734 hoc
301 2707 432 2734 omnibus
446 2716 506 2742 qua:
521 2709 548 2736 in
569 2717 599 2736 ea
622 2711 736 2744 epistola
752 2711 820 2738 adeo
842 2711 941 2745 premit

153 2759 180 2780 et
206 2754 379 2789 persequitur
391 2773 398 2786 ,
419 2755 588 2783 contrarium
604 2757 652 2783 sit.
668 2757 723 2783 Ant
741 2757 763 2783 si
778 2765 838 2784 eam
863 2761 941 2792 pote—

154 2804 252 2826 statem
269 2800 387 2834 scriptor
404 2800 534 2833 innuerit,
556 2809 696 2836 nunquam
718 2802 855 2829 constabit
870 2802 942 2831 hanc

153 2843 319 2872 Christianis
331 2844 426 2872 Roma:
436 2845 594 2873 constitutis
608 2847 675 2873 adeo
686 2853 741 2873 non
756 2846 940 2881 competiisse,

155 2895 184 2918 ut
199 2890 229 2917 S.
244 2889 362 2925 lgnatius
377 2897 437 2918 eam
462 2891 553 2920 animo
575 2891 718 2927 concipere
733 2897 761 2919 et
776 2899 867 2920 veram
881 2900 944 2921 esse

986 2298 1038 2320 tute
1061 2292 1226 2327 dignationis
1251 2292 1362 2326 accepi;
1381 2302 1390 2318 ι
1405 2296 1433 2319 et
1459 2293 1540 2328 epist.
1555 2294 1573 2320 2
1589 2302 1597 2320 :
1617 2302 1627 2318 ι
1644 2291 1763 2319 Libellum

986 2340 1060 2367 hune
1087 2339 1178 2366 libello
1203 2339 1261 2373 ejus
1287 2339 1430 2374 copulato,
1454 2348 1463 2364 ι
1482 2339 1517 2366 de
1545 2340 1653 2367 duabus
1678 2337 1763 2373 prinns

986 2385 1132 2419 epistolis),
1145 2385 1281 2419 promittit
1300 2392 1330 2412 se
1343 2385 1494 2413 secundum
1510 2385 1593 2411 etiam
1613 2385 1761 2411 missurum.

988 2430 1131 2464 Quomodo
1157 2435 1247 2458 autem
1270 2431 1423 2465 promittit?
1439 2439 1492 2459 non
1516 2431 1654 2464 absolute,
1665 2430 1708 2458 sed
1720 2428 1763 2455 sub

989 2478 1146 2506 conditione
1169 2486 1224 2505 non
1250 2486 1316 2505 una.
1334 2478 1438 2511 Primo,
1453 2479 1476 2505 si
1492 2478 1564 2506 Deus
1581 2478 1706 2510 voluerit,
1723 2476 1762 2502 ἐὰν

989 2525 1094 2560 θέλημα
1120 2522 1150 2562 ᾖ,
1173 2525 1305 2558 secundo,
1329 2525 1353 2552 si
1379 2525 1512 2560 intelligat
1539 2525 1672 2560 Ephesios
1694 2525 1725 2551 ita
1738 2530 1762 2550 se

989 2571 1102 2601 habere.
1119 2576 1150 2598 ut
1176 2571 1210 2598 ad
1241 2572 1317 2606 ipsos
1342 2579 1374 2599 ea
1399 2579 1462 2606 quae
1476 2573 1626 2600 meditatus
1645 2576 1708 2604 erat,
1721 2577 1761 2604 par

989 2623 1062 2645 esset
1083 2618 1213 2645 scribere.
1231 2617 1290 2645 Non
1311 2618 1369 2645 hate
1383 2619 1564 2645 temeritatem
1581 2624 1630 2646 aut
1648 2617 1761 2652 insipien-

991 2663 1068 2695 tiam,
1094 2663 1140 2690 sed
1165 2664 1293 2698 pietatem
1319 2669 1347 2691 et
1373 2664 1546 2698 prudentiam
1569 2665 1686 2700 sapiunt,
1702 2662 1722 2690 si
1739 2664 1761 2687 cl

991 2710 1146 2741 materiam,
1155 2714 1183 2736 et
1196 2710 1306 2737 modum
1324 2710 1530 2744 poliicitationis
1543 2712 1705 2738 consideres.
1717 2705 1760 2734 Sed

993 2755 1124 2787 conditio,
1153 2756 1272 2790 inquies,
1296 2763 1323 2784 et
1352 2757 1458 2785 affectio
1476 2758 1606 2792 martyris
1628 2755 1759 2791 impediunt

994 2808 1048 2835 quo
1063 2801 1155 2829 minus
1168 2803 1251 2829 etiam
1264 2803 1314 2830 sub
1326 2804 1380 2831 illis
1395 2804 1600 2832 conditionibus
1616 2802 1759 2839 promittat;

997 2856 1007 2872 ι
1025 2848 1135 2876 assidua
1151 2849 1256 2877 scilicet
1265 2850 1406 2877 meditatio
1424 2851 1532 2884 mortis,
1545 2855 1573 2878 et
1585 2849 1760 2885 leopardorunt

996 2894 1162 2923 vexationes.
1171 2905 1180 2922 ›
1195 2894 1253 2924 lmo
1267 2904 1329 2924 vero
1336 2897 1412 2924 nullo
1424 2896 1516 2924 modo.
1525 2896 1589 2924 Erat
1603 2897 1672 2925 enim
1685 2895 1708 2921 in
1721 2891 1759 2919 illo
