1850 3072
69 106 115 134 393

411 106 437 134 Ι.
466 105 648 135 PEARSONII
667 105 829 135 VINDICIB
849 105 1058 135 IGNATIANE.
1079 105 1216 133 -—PARS
1235 105 1267 133 II.

1651 108 1703 136 5M

69 171 160 197 sancto
183 171 320 204 martyre
342 175 406 196 cum
427 168 486 196 zelo
503 167 550 196 Dei
563 173 591 195 et
608 176 673 197 cura
688 168 865 196 ecclesiarum
881 171 904 199 Α
918 166 1084 202 martyribus
1102 166 1226 198 incertis,
1239 173 1273 193 ne
1284 165 1511 194 consuetudinem
1525 171 1705 201 qumrantme

70 214 213 250 coniuncta
232 215 341 243 mortis
362 215 520 249 meditatio;
537 223 626 250 neque
640 215 756 243 aliorum
772 216 865 243 minus

69 269 143 298 quam
160 269 246 288 suam
260 261 384 289 salutem
400 261 547 296 spectabat.
566 261 666 289 Eadem
679 262 771 296 itaque
781 269 865 289 causa

69 314 123 342 quze
136 311 167 334 ut
188 307 321 342 primam
335 307 477 342 epistolam
494 307 527 334 ad
544 307 677 343 Ephesios
691 309 820 340 mitteret,
835 312 865 334 ut

69 354 212 381 secundam
241 354 373 388 insuper,
391 354 570 389 promitteret,
583 354 606 380 si
618 361 688 389 opus
700 358 783 387 esset,
799 362 864 381 san-

68 404 135 426 ctum
162 399 260 426 virum
284 400 473 434 permovebat.
493 399 546 426 Sed
572 400 643 427 inter
671 399 863 434 loopardorum

67 446 226 473 vexationes
253 446 312 474 hoc
340 447 478 482 sapienter
504 447 664 482 promittere
687 455 740 474 non
763 447 862 482 potuit.

70 490 180 524 Quidni?
194 499 232 519 an
254 493 309 527 qui
327 501 410 520 unam
426 493 483 528 jam
505 493 654 527 scripserat
667 493 812 528 epistolam
836 495 864 521 in

71 539 189 566 manibus
215 539 357 572 militum,
374 547 443 574 quos
466 540 610 575 leopardos
637 544 731 574 vocat,
746 540 858 567 alteram

71 585 185 612 scribere
202 593 263 612 non
279 586 388 620 potuit?

103 631 136 659 lit
152 632 211 660 haec
228 632 358 668 objectio
369 633 448 667 plene
460 637 487 660 et
498 632 643 668 perspicue
653 632 785 665 solvatur,
797 633 864 660 satis

71 679 117 705 erit
129 679 295 710 observare,
310 680 470 706 vexationes
486 679 613 711 militum,
630 687 748 713 quorum
771 683 865 706 custo-

73 725 117 752 die
139 724 322 753 confessores
344 725 532 757 tradebantur,
551 734 566 752 a
581 725 746 752 Christianis
767 725 865 752 redimi

73 771 160 799 solitas
185 779 263 799 esse.
291 771 326 799 Et
347 772 456 807 quidem
472 772 498 798 in
513 771 586 799 hunc
599 771 690 804 ﬁnem,
706 779 761 806 quo
777 771 866 800 laxius

75 817 287 850 custodirentur,
318 821 346 845 et
371 817 497 845 liberiore
523 817 679 844 fruerentur
701 825 821 850 carcere,
848 825 864 845 a

915 213 1014 240 tmdeat
1028 212 1100 245 vitae,
1128 219 1162 239 ne
1187 218 1258 239 nova
1274 210 1448 239 abstinentite
1463 211 1608 247 disciplina
1623 219 1704 239 scan-

915 259 1080 292 dalizentur,
1101 265 1183 293 quam
1208 266 1258 285 nec
1285 257 1331 285 ille
1357 257 1505 290 Pristinus,
1531 262 1633 291 vester,
1650 266 1705 285 non

914 305 1094 332 Christianus
1119 308 1234 339 martyr,
1250 304 1378 339 attigerat
1398 312 1404 330 :
1428 312 1510 339 quem
1526 308 1553 331 et
1575 303 1705 331 facultate

914 349 1048 378 custodite
1058 350 1149 377 libera:
1157 350 1317 384 aliquandiu
1330 349 1442 382 fartum,
1450 349 1579 377 omnibus
1588 350 1704 382 balneis,

914 395 993 431 quasi
1015 395 1176 430 baptismate
1198 395 1371 429 melioribus,
1393 400 1421 422 et
1442 395 1569 423 omnibus
1589 395 1705 423 luxuriae

914 442 1079 474 secessibus,
1093 441 1172 476 quasi
1183 439 1312 469 Ecclesia:
1324 441 1564 474 secretioribus,et
1576 442 1705 470 omnibt‘s

914 488 975 516 vita:
999 489 1080 516 istius
1126 488 1272 521 illecebris,
1292 488 1370 523 quasi
1394 493 1503 516 aeterna:
1523 488 1704 524 dignioribus,

915 533 969 560 hoc
995 538 1062 568 puto
1086 532 1237 568 obligatum
1258 541 1291 560 ne
1306 533 1376 560 mori
1390 533 1479 560 vellet.
1495 543 1504 559 ι
1520 534 1594 561 litem
1613 538 1704 561 tamen

915 577 1097 607 Tertullianus
1123 579 1164 606 Ad
1181 585 1309 614 martyre:
1325 588 1385 615 cap.
1404 580 1429 612 I,
1448 580 1481 608 de
1497 580 1593 608 eadem
1612 580 1706 608 Eccle-

915 625 964 653 siae
977 626 1176 654 consuetudine
1187 626 1308 654 sedatius
1329 626 1451 662 loquitur
1469 636 1475 653 :
1497 636 1507 652 ι
1527 627 1600 654 Inter
1612 629 1705 656 carnis

915 671 1054 704 alimenta,
1080 671 1214 699 benedicti
1231 676 1366 707 martyres
1392 672 1537 707 designati,
1550 681 1612 708 qua:
1627 674 1705 702 vobis

915 721 942 744 et
965 717 1076 744 domina
1102 723 1190 744 mater
1213 716 1346 750 Ecclesia.
1365 721 1392 745 ct
1419 718 1519 754 singuli
1544 719 1644 747 fratres
1670 720 1704 748 de

917 762 1016 796 opibus
1043 762 1100 789 suis
1123 763 1242 798 propriis
1268 763 1453 791 incarcerem
1480 764 1704 799 subministrant,

916 808 1004 842 capite
1031 808 1133 843 aliquid
1158 814 1185 836 et
1210 816 1225 836 a
1248 809 1327 836 nobis
1339 810 1411 844 quod
1427 809 1510 838 faciat
1526 811 1558 838 ad
1577 812 1703 846 spiritum

75 862 191 890 ﬁdelibus
217 849 292 898 opes
327 864 522 899 erogabamur‘
547 869 604 891 tum
633 868 663 891 ιη
691 863 864 892 com-“sons
882 849 902 876 Β
915 861 1026 889 quoque
1040 853 1224 881 educandum.
1241 864 1250 879 ι
1270 854 1303 881 Ει
1319 863 1379 889 cap.
1396 855 1414 882 2
1430 865 1437 882 τ
1456 865 1466 882 ι
1484 856 1572 892 Ipsam
1594 857 1703 886 interim

76 908 142 943 ipsos
163 910 284 941 alerent,
304 915 363 937 tum
381 916 411 938 ut
432 911 577 938 custodum
593 910 764 945 iniquitatem
782 910 864 945 largi-

76 953 185 981 tionibus
200 955 375 990 mitigarent.
389 955 606 990 Antiquissimus
619 955 864 990 locupletissimus-

77 1008 124 1035 que
137 1001 235 1028 barum
251 1009 349 1028 rerum
365 1002 443 1028 testis
458 1005 500 1028 est
512 1000 582 1028 inter
592 1001 717 1028 ethnicos
725 1000 864 1029 Lucianus

77 1046 101 1073 in
114 1046 227 1081 epistola
243 1047 281 1075 de
298 1051 388 1074 morte
402 1046 553 1082 Peregrini.
567 1046 715 1082 Postquam
730 1047 803 1074 enim
820 1047 865 1074 ille

78 1091 102 1119 in
112 1100 245 1120 carcerem
257 1093 404 1128 conjectns
418 1097 470 1126 est,
495 1093 586 1120 statim
602 1093 689 1120 viduae
706 1097 734 1120 et
748 1093 864 1128 orphani

78 1137 107 1163 ad
128 1136 198 1165 fores
218 1138 346 1165 carceris
361 1138 551 1171 convolabant,
568 1138 592 1165 oi
608 1138 631 1164 δ’
648 1139 676 1165 ὲν
686 1138 757 1165 τὲλει
774 1138 864 1165 αὐτῶν

79 1182 121 1208 xui.
135 1183 332 1210 συνεκάθευδον
341 1183 415 1211 ἔνδον
426 1183 483 1218 μετ’
497 1182 579 1210 αὐτοῦ
590 1183 792 1219 διαφθείροντες
800 1183 863 1215 τοὺς

79 1225 294 1262 δεσμοερύλακας·
320 1226 379 1256 εἶτα
403 1228 496 1255 δεῖπνα.
520 1228 629 1255 ποικίλα
657 1229 862 1264 εἰσεκομίζετο,

81 1273 122 1300 καλ
133 1273 203 1309 λόγοι
215 1275 286 1311 ἱεροὶ
300 1275 390 1302 αὐτῶν
406 1275 539 1309 ἐλέγοντο.
552 1284 562 1301 ι
582 1274 756 1310 Magistratus
771 1279 862 1302 autem

82 1326 166 1347 eorum
182 1321 260 1355 (puta
275 1321 367 1349 sacris
381 1321 525 1348 ordinibus
540 1321 651 1354 initiati,
667 1322 713 1356 qui
734 1322 863 1358 ἄρχοντες

83 1368 133 1391 tam
144 1365 321 1400 dicebantur)
331 1367 412 1394 etiam
425 1367 498 1394 intus
510 1375 571 1394 curn
585 1374 618 1394 eo
627 1367 861 1400 condormiebant,

83 1411 231 1440 custodibus
254 1412 396 1447 corruptis
412 1421 418 1439 :
434 1412 497 1439 dein
513 1420 597 1440 creua:
608 1413 690 1440 variat
705 1413 862 1441 introduce-

84 1454 181 1489 bantur,
194 1462 221 1484 et
232 1458 311 1485 sacri
323 1465 418 1485 eorum
432 1466 573 1486 sermones
583 1459 754 1486 dicebantur.
770 1468 780 1484 ο
794 1458 863 1486 Ecce

84 1503 273 1532 vetutistimum
307 1503 436 1532 Ecclesiae
465 1512 569 1532 morem
598 1504 643 1532 hic
668 1504 801 1532 habemus
828 1505 862 1531 ab

86 1548 183 1576 ethnico
196 1550 386 1586 descriptum;
398 1550 445 1578 ubi
464 1551 490 1578 in
504 1557 613 1578 carcere
632 1558 725 1586 agape:
740 1550 862 1578 celebra—

86 1591 184 1625 bantur.
196 1595 286 1624 viduae
301 1600 329 1622 et
341 1596 457 1630 orpltani
472 1595 626 1628 alebantur,
636 1596 705 1623 ritus
713 1595 862 1626 Christiani

85 1645 99 1665 ι
122 1641 277 1669 custodibus
307 1640 440 1676 redempti
458 1645 533 1669 sunt.
551 1641 606 1669 Καὶ
624 1641 678 1677 μὴν
694 1641 741 1668 καὶ
757 1641 811 1668 τῶν
834 1642 864 1668 tv

92 1684 158 1722 Ἀσίᾳ
182 1687 287 1715 πόλεων
306 1687 379 1714 ἔστιν
394 1684 431 1714 ὧν
447 1685 513 1724 ἧκόν
531 1697 613 1720 τινες,
628 1688 681 1715 τῶν
694 1687 862 1724 Χριστιανῶν

88 1730 234 1759 στελλόντων
250 1733 310 1760 ἀπὸ
325 1732 372 1760 τοῦ
389 1732 490 1764 κοινοῦ,
501 1732 679 1768 βοηθήσοντες
691 1733 738 1760 καὶ
754 1733 864 1767 ξυναγο-

88 1776 213 1811 ρεύσοντες
229 1780 278 1806 καὶ
299 1779 560 1815 παραμυθησόμενοι
576 1779 622 1807 τὸν
635 1779 728 1815 ἄνδρα.
744 1788 754 1806 ι
769 1779 862 1815 Aliqui

88 1822 157 1850 etiam
179 1832 211 1852 ex
237 1826 405 1861 quibusdam
430 1825 502 1854 Asiae
521 1826 677 1854 civitatibus
690 1830 833 1859 venerunt,
847 1833 863 1853 ο

90 1873 212 1900 communi
237 1874 414 1901 mittentibus
439 1873 613 1907 Christianis,
629 1875 677 1907 qui
698 1875 758 1903 viro
781 1882 862 1909 opem

91 1914 178 1946 ferrent
204 1919 352 1955 ipsumque
371 1919 546 1948 defenderent
573 1925 600 1948 et
614 1921 831 1948 consolarentur.
849 1931 859 1947 ι

91 1959 118 1989 Et
132 1964 177 1991 hoc
196 1966 276 1994 etiam
305 1966 386 1993 docet
402 1965 504 1994 factum
519 1973 581 1994 esse
595 1974 628 1994 ex
643 1974 718 1994 more
733 1966 862 1995 Ecclesiae

91 2006 243 2039 Christianae.
261 2012 418 2047 Ἀμήχανον
433 2012 462 2039 δέ
478 2020 504 2039 τι
519 2011 550 2039 τὸ
566 2012 647 2048 τάχος
663 2013 862 2040 ἐπιδείκνυνται

92 2052 182 2082 ἐπειδάν
196 2066 221 2084 τι
237 2058 360 2085 τοιοῦτον
374 2058 486 2094 γένηται
505 2057 644 2093 δημόσιον,
658 2060 688 2085 ὲν
700 2058 795 2094 βραχεῖ
806 2059 861 2095 γὰρ

91 2098 210 2134 ἀφειδοῦσι
230 2105 354 2132 πάντων.
382 2114 391 2130 ι
405 2104 591 2132 Incredibilem
608 2110 698 2132 autem
713 2106 859 2140 quamdam

93 2145 236 2176 celeritatem
251 2150 413 2181 ostendunt,
430 2151 452 2178 si
468 2150 534 2185 quid
553 2151 606 2178 tale
627 2151 765 2186 publicum
791 2159 859 2179 con-

915 901 1154 927 convershtionem
1181 900 1272 928 szeculi
1291 905 1318 928 et
1333 902 1451 929 carceris
1465 910 1666 938 comparemus.
1681 906 1704 933 si

915 953 969 972 non
1000 946 1060 980 plus
1089 946 1116 973 in
1134 954 1243 974 carcere
1271 947 1385 982 spiritus
1399 949 1528 984 acquirit,
1541 958 1622 985 quam
1638 959 1705 979 caro

914 992 1014 1019 amittit
1031 1001 1037 1019 :
1053 992 1109 1020 imo
1134 997 1160 1020 et
1180 1001 1240 1028 qum
1261 993 1335 1028 justa
1350 999 1423 1028 sunt,
1440 1003 1505 1024 caro
1523 1004 1578 1024 non
1592 998 1703 1033 amittit,

914 1045 963 1074 per
986 1046 1080 1066 curam
1098 1038 1237 1073 Ecclesiae,
1255 1047 1359 1075 agapen
1375 1040 1501 1070 fratrum.
1521 1052 1531 1068 ι
1547 1042 1593 1070 Ilae
1608 1043 1704 1071 Eccle—

914 1085 963 1112 siae
976 1089 1003 1112 et
1021 1084 1140 1112 iideliuin
1153 1078 1229 1120 'opes
1254 1085 1378 1114 diaconis
1393 1088 1640 1123 concredebantur,
1655 1091 1703 1125 qui

913 1130 1083 1159 confessorts
1097 1136 1124 1159 et
1138 1126 1254 1160 consilio
1270 1133 1405 1167 juvarcnt,
1421 1138 1447 1160 et
1461 1134 1535 1162 victu
1560 1140 1701 1164 sustenta-

914 1183 986 1207 rent.
1003 1182 1030 1205 et
1051 1186 1066 1206 a
1087 1179 1231 1206 custodum
1257 1178 1400 1214 iniquitate
1421 1180 1485 1208 dato
1514 1182 1603 1215 pretio
1628 1183 1703 1210 redi-

913 1227 1027 1250 merent.
1048 1222 1207 1251 Tertulliani
1231 1231 1289 1252 tero
1312 1224 1341 1252 S.
1365 1224 1499 1260 Perpetua
1522 1227 1549 1254 in
1571 1227 1700 1262 passione

913 1276 963 1295 sua
979 1277 986 1295 :
1004 1277 1013 1294 I
1031 1268 1069 1295 Ibi
1092 1273 1156 1296 tunc
1180 1268 1289 1298 Tertius
1316 1274 1345 1298 et
1372 1269 1540 1306 Pomponius
1566 1272 1702 1302 benedicti

914 1314 1040 1346 diaconi,
1069 1315 1117 1350 qui
1148 1315 1227 1342 nobis
1260 1316 1468 1351 ministrabant,
1499 1320 1703 1347 constituerunt

913 1361 1027 1396 praemio
1041 1364 1071 1387 ut
1086 1361 1180 1395 paucis
1197 1361 1272 1389 horis
1292 1363 1386 1391 emissi
1407 1364 1434 1390 in
1449 1364 1590 1392 meliorem
1610 1365 1702 1393 locum

914 1405 1034 1434 carceris
1062 1405 1298 1440 refrigeraremus.
1324 1417 1333 1434 ι
1364 1408 1402 1436 De
1432 1410 1618 1438 vetustissima
1649 1411 1703 1438 hac

916 1453 1115 1481 consuetudine
1127 1452 1156 1480 S.
1171 1453 1326 1489 Cyprianus
1337 1455 1451 1490 epistola
1467 1455 1498 1482 II
1515 1465 1522 1483 :
1539 1465 1548 1482 ι
1564 1455 1598 1484 Et
1611 1457 1701 1484 credi-

914 1501 1008 1528 deram
1032 1501 1142 1536 quidem
1170 1500 1345 1537 presbyteros
1367 1506 1395 1529 et
1419 1502 1550 1530 diaconos
1576 1504 1624 1538 qui
1645 1503 1701 1531 illic

914 1551 1061 1582 praesentes
1073 1551 1148 1580 sunt,
1164 1554 1275 1574 monere
1287 1555 1338 1575 vos
1351 1552 1379 1574 et
1395 1547 1529 1576 instruere
1542 1549 1701 1584 plenissime

917 1593 990 1620 circa
1004 1592 1143 1628 Evangelii
1160 1593 1260 1627 legem,
1275 1593 1347 1620 sicut
1368 1593 1396 1620 in
1410 1595 1575 1628 praeteritum
1594 1603 1702 1631 semper

913 1640 966 1666 sub
988 1639 1210 1667 antecessoribus
1237 1639 1342 1667 nostris
1358 1639 1461 1667 factum
1478 1644 1529 1674 est,
1546 1645 1575 1668 ut
1591 1641 1701 1669 diaconi

913 1686 946 1713 ad
960 1692 1096 1713 carcerein
1108 1690 1293 1715 commeantes
1306 1691 1457 1722 martyrum
1479 1687 1614 1714 desideria
1635 1695 1701 1715 con-

913 1731 984 1759 siliis
998 1732 1056 1759 suis
1067 1736 1095 1759 et
1107 1730 1309 1767 Scripturarum
1323 1732 1464 1768 praeceptis
1478 1733 1672 1767 gubernarent.
1687 1743 1697 1760 ι

913 1775 1000 1809 Idem,
1017 1777 1132 1811 epistola
1150 1778 1166 1805 5
1183 1787 1190 1805 :
1210 1787 1219 1804 ι
1238 1778 1376 1811 Quantum
1401 1779 1435 1805 ad
1459 1783 1586 1814 sumptus
1600 1788 1700 1816 sugge-

913 1823 1013 1851 rendos
1026 1824 1083 1851 sive
1094 1824 1150 1852 illis
1161 1825 1208 1860 qui
1224 1825 1342 1860 gloriosa
1357 1832 1424 1852 voce
1435 1824 1520 1852 Deum
1536 1825 1654 1854 confessi
1671 1827 1699 1854 in

913 1876 1022 1896 carcere
1049 1874 1113 1897 sunt
1136 1870 1290 1903 constituti,
1315 1870 1372 1898 sive
1387 1871 1420 1898 iis
1441 1871 1488 1906 qui
1514 1879 1649 1907 pauperes
1673 1877 1701 1900 et

913 1916 1064 1951 indigentes
1080 1917 1208 1945 laborant
1231 1922 1259 1944 et
1284 1921 1376 1945 tamen
1396 1918 1423 1946 in
1442 1917 1559 1946 Domino
1571 1926 1700 1953 perseve-

912 1965 1071 1997 rantzpeto
1101 1962 1170 1990 nihil
1197 1963 1279 1996 desit,
1302 1971 1365 1991 cum
1391 1971 1499 1991 summa
1527 1964 1618 1992 omnis
1638 1972 1700 2000 quae

913 2008 1022 2035 redacta
1046 2012 1105 2041 est,
1126 2009 1182 2036 illic
1200 2009 1236 2036 sit
1257 2009 1326 2044 apud
1342 2009 1458 2037 clericos
1474 2009 1620 2037 distributa
1635 2018 1700 2046 pro-

911 2057 972 2087 pter
999 2053 1134 2088 ejusmodi
1161 2061 1252 2082 casus.
1286 2064 1296 2080 ›
1326 2054 1355 2081 5.
1382 2054 1529 2091 Dionysius
1553 2056 1699 2093 episcopus

911 2099 1123 2133 Alexandrinus,
1139 2100 1209 2135 apud
1223 2099 1382 2133 Eusebium,
1401 2100 1448 2128 lib.
1463 2108 1510 2133 vn,
1524 2109 1585 2136 cap.
1602 2101 1647 2133 Il,
1665 2102 1700 2129 de

912 2145 1030 2174 Eusebio
1053 2146 1170 2173 diacono
1196 2154 1203 2173 :
1228 2145 1369 2179 Εὐσέϐιος,
1388 2146 1417 2173 ὃν
1444 2145 1475 2179 ὲε
1502 2147 1615 2182 ἀρχῆςὸ
1633 2147 1699 2179 Θεὸς

93 2190 172 2225 tingat.
196 2193 268 2222 Illico
285 2195 357 2221 enim
373 2195 439 2222 nulli
456 2196 494 2223 rei
512 2201 635 2230 parcunt.
664 2205 673 2221 ι
692 2197 746 2223 Καὶ
762 2196 793 2231 δὴ
809 2205 823 2223 κ

967 2191 1103 2226 υνάμωσε,
1117 2191 1164 2218 καὶ
1183 2191 1371 2227 παρεσκεύασε
1392 2191 1441 2224 τὰς
1465 2193 1616 2229 ὑπηρεσίας
1643 2193 1696 2220 τῶν

94 2234 126 2269 τῷ
137 2236 282 2275 Περεγρίνῳ
295 2239 382 2266 πολλὰ
397 2241 456 2267 τότε
472 2238 524 2277 ἦκε
539 2242 668 2277 χρήματα
685 2243 751 2279 παρ’
766 2241 857 2269 αὐτῶν

94 2279 130 2306 ἰπὶ
142 2286 264 2319 προφάσει
282 2286 336 2313 τῶν
359 2286 475 2321 δεσμῶν,
489 2287 534 2314 καὶ
555 2287 684 2322 πρόσοδον
704 2288 735 2314 οὐ
757 2287 858 2323 μικρὰν

95 2326 176 2364 ταύτην
186 2332 338 2368 ἐποιήσατο.
354 2342 363 2358 ι
386 2331 503 2360 Proinde
522 2331 669 2368 Peregrino
688 2338 752 2360 tunc
766 2334 859 2361 multa:

95 2375 197 2405 Pecunia.
213 2379 402 2410 mittebantur,
416 2383 443 2406 et
465 2386 519 2406 non
542 2379 670 2414 exiguum
693 2385 856 2415 proventum

97 2415 158 2447 hunc
177 2421 317 2451 Iucrifecit.
344 2433 353 2450 ι
383 2424 502 2459 Insignis
530 2425 677 2452 admodum
703 2425 748 2452 hic
780 2425 858 2453 locus

97 2459 190 2494 Lneiani
210 2474 260 2502 est,
274 2469 448 2502 charitatem,
464 2477 558 2497 curam
584 2470 760 2505 studiumque
777 2470 858 2498 Chri-

98 2508 220 2542 stianorum
245 2520 367 2543 veterum
385 2523 449 2550 erga
472 2515 644 2543 confessores
664 2517 792 2551 graphice
810 2517 858 2544 de-

98 2552 200 2590 Piﬂscns,
215 2560 237 2587 in
266 2569 295 2588 re
319 2560 473 2593 notissima,
491 2568 552 2595 qua:
577 2561 629 2588 sub
650 2561 731 2588 finem
749 2561 857 2596 imperii

97 2598 195 2636 Adriani,
205 2605 228 2633 in
249 2608 337 2642 prima
360 2607 441 2642 hujus
463 2607 618 2642 philosophi
635 2607 855 2642 peregrinatione

98 2647 195 2683 contigit.
212 2652 260 2681 Sed
289 2653 463 2681 Christianos
478 2654 551 2688 ipsos
565 2653 599 2681 de
614 2661 641 2680 re
656 2654 750 2681 eadem
766 2654 854 2682 disse-

96 2695 169 2739 τεξηιθε
180 2699 325 2726 audiamus.
343 2698 527 2727 Tertullianus
537 2700 594 2734 jam
613 2700 731 2727 adultior
744 2699 852 2727 Monta-

97 2741 153 2765 ltlsta
163 2739 237 2772 factus
245 2746 292 2773 tib.
311 2745 348 2773 De
360 2746 472 2780 jejuniis
487 2746 679 2773 catholicorum
690 2747 853 2774 charitatem

99 2786 145 2828 ΨΦ
167 2785 273 2819 Luciano
309 2792 438 2820 acerbius
464 2797 492 2820 et
518 2792 682 2820 invidiosius
710 2793 821 2828 sugillat
843 2802 850 2821 :

103 2827 188 2860 ‘l’ilhe
199 2843 313 2866 vestrum
326 2842 369 2865 est
380 2838 407 2865 in
420 2839 578 2868 carceribus
593 2839 707 2878 popinas
720 2827 853 2868 exhibere

193 2882 326 2918 Pin-.01..
345 2886 406 2918 Ga.
427 2889 465 2922 V.

909 2238 939 2264 ὲν
957 2238 1015 2269 ταῖς
1027 2236 1159 2271 φυλακαῖς
1177 2236 1330 2272 γενομένων
1345 2237 1497 2271 ἐναγωνίως
1509 2238 1695 2274 ἀποπληροῦν.

913 2292 923 2308 ι
942 2283 1088 2316 Eusebius,
1104 2290 1185 2318 quem
1205 2282 1277 2310 Deus
1289 2283 1346 2318 jam
1360 2284 1423 2311 inde
1438 2284 1473 2311 ab
1489 2285 1568 2312 initio
1581 2284 1696 2313 robora-

910 2337 958 2365 vtt,
975 2331 1136 2366 impulitque
1149 2335 1180 2358 ut
1195 2331 1400 2359 confcssoribus
1417 2331 1444 2358 in
1461 2332 1584 2359 custodia
1600 2332 1698 2367 positis

911 2377 1066 2404 ministeria
1086 2383 1197 2405 strenue
1212 2377 1363 2405 exhiberet.
1382 2387 1391 2404 ι
1405 2378 1508 2405 Auctor
1522 2377 1699 2405 Constitutio-

907 2431 971 2450 num
982 2423 1199 2457 apostolicarum,
1207 2423 1255 2450 lib.
1265 2431 1291 2454 v,
1300 2430 1361 2458 cap.
1374 2423 1399 2456 I,
1418 2423 1452 2451 de
1463 2423 1619 2451 confessore
1632 2431 1638 2450 :
1652 2424 1698 2461 Μὴ

908 2469 1040 2506 παρίδητε
1056 2469 1146 2502 αὑτὸν,
1162 2469 1219 2495 ἀλλ’
1233 2470 1266 2496 ὲκ
1286 2469 1333 2496 τοῦ
1354 2470 1438 2496 κόπου
1457 2470 1504 2496 καὶ
1522 2469 1569 2497 τοῦ
1587 2470 1698 2506 ἱδρῶτος

909 2516 985 2551 ὑμῶν
1009 2515 1136 2551 πέμψατε
1165 2515 1240 2550 αὺτῷ
1266 2516 1306 2547 εἰς
1327 2515 1473 2551 διατροφὴν
1489 2516 1571 2543 αὑτοῦ
1593 2516 1640 2542 καὶ
1657 2517 1697 2548 είς

909 2562 1082 2599 μισθοδοσίαν
1108 2562 1162 2589 τῶν
1184 2562 1378 2598 στρατιωτῶν,
1404 2563 1447 2589 ἵνα
1469 2562 1622 2599 ἐλαφρυνθῇ
1650 2564 1696 2590 καὶ

908 2608 1066 2644 ἐπιμελείας
1087 2608 1167 2644 τύχῃ,
1180 2608 1215 2635 ἶν’
1225 2608 1286 2634 ὅσον
1303 2609 1333 2634 τὸ
1344 2609 1387 2643 ἐφ’
1403 2608 1466 2644 ὑμῖν
1482 2609 1519 2644 μὴ
1535 2608 1659 2644 Θλξδηται
1682 2610 1696 2636 ὁ

910 2655 1044 2690 μακάριρς
1063 2653 1177 2688 ἀδελφὸς
1193 2654 1280 2689 ὑμῶν.
1297 2664 1306 2680 σ
1321 2653 1359 2681 Ne
1375 2661 1437 2681 eum
1455 2655 1612 2689 negligatis:
1628 2655 1695 2689 quin

907 2700 997 2736 potius
1010 2700 1115 2731 mittite
1130 2699 1155 2726 ei
1179 2707 1213 2726 ex
1238 2699 1332 2726 labore
1346 2704 1373 2727 et
1387 2700 1488 2728 sudore
1500 2704 1590 2727 vestro
1603 2700 1636 2727 ad
1652 2701 1695 2727 vi-

906 2751 992 2778 ctum,
1010 2751 1037 2774 et
1049 2746 1082 2773 ad
1097 2745 1250 2773 mercedem
1266 2745 1401 2773 militibus
1419 2746 1588 2778 solvendam,
1609 2753 1639 2773 ut
1653 2747 1693 2772 al-

907 2793 1021 2820 levietur
1034 2798 1061 2821 et
1074 2797 1201 2826 curetur;
1215 2798 1245 2820 ut
1257 2798 1389 2827 quantum
1401 2793 1428 2819 in
1439 2792 1517 2820 vobis
1532 2797 1584 2826 est,
1596 2792 1694 2820 beatus

906 2839 990 2868 frater
1014 2844 1104 2868 vester
1129 2847 1184 2869 non
1205 2843 1356 2875 prematur.
1373 2848 1383 2865 ι
1407 2837 1501 2867 Victor
1516 2837 1638 2867 Vitensis
1659 2838 1693 2866 de

1535 2887 1573 2917 13
