1850 3072
138 145 191 174 395

665 141 694 169 S.
708 140 881 171 IGNATXUS.
897 159 932 165 -
941 139 1219 172 ‘PROLEGOMENA.

1712 137 1766 168 ΞΜ

137 202 401 238 Carthaginensihus
428 203 455 230 in
478 202 666 238 persecutione
682 201 849 229 Africanam
870 201 923 230 Sed
939 206 1065 233 Amenta
1090 201 1205 234 dividit;
1231 207 1348 235 quorum
1379 200 1433 228 dno
1467 199 1693 235 interpolationes
1721 203 1769 226 aut

138 249 254 284 populus
269 254 423 277 memorata:
447 248 521 276 urbis
536 249 564 275 in
578 248 693 275 Domino
708 255 814 284 semper
826 248 923 281 ﬁdelis,

137 297 201 324 dato
212 303 332 324 ,munere
351 295 522 328 carcerariis,
537 294 581 322 die
596 301 627 321 ac
640 299 719 321 nocte
731 293 834 321 Christi
853 302 926 321 utar-

137 348 211 379 tyres
228 342 427 377 frequentabat.
449 351 458 367 ι

172 388 234 416 llaec
257 396 318 416 cuin
344 387 426 414 fuerit
449 387 634 415 vetustissima
657 386 785 415 Ecclesia:
806 393 925 414 cousue-

137 435 212 466 tudo,
230 435 301 462 idem
322 433 404 461 etiam
430 433 457 460 in
479 432 575 468 lgnatii
599 433 717 461 vinculis
742 433 844 460 factum
860 439 925 459 con—

136 485 199 510 stat.
213 480 281 508 Nam
295 480 324 508 S.
337 480 554 516 'Chrysostomus
569 481 596 506 in
612 479 743 515 Panegyri
757 479 815 506 hate
831 479 925 506 obser-

134 533 202 556 vat:
224 529 257 555 Αἱ
280 528 334 564 γὰρ
357 527 427 555 κατὰ
450 527 499 562 τὴν
527 526 587 553 ὁδὸν
617 526 707 558 πόλεις
731 526 925 561 συντρέχουσαι

135 574 265 602 πάντοθεν
294 572 404 610 ἤλειφον
422 574 467 600 τὸν
488 573 624 609 ἀθλητὴν,
655 573 701 600 καὶ
726 573 796 600 κς.τά
822 572 926 598 πολλῶν

135 621 286 656 ἐξέπεμπον
302 620 355 647 τῶν
370 619 494 654 ἐφοδίων,
511 619 603 654 εὐχαῖς
621 618 668 646 καὶ
681 618 839 654 πρεσϐείαις
853 618 926 653 αὐτῷ

136 665 393 701 συναγωνιζόμεναι.
414 673 424 690 ί
439 664 574 692 ‘Civitates
597 664 670 691 enim
694 663 722 690 in
743 663 839 690 itinere
858 671 925 691 con-

135 716 275 739 currentes
287 711 418 738 athletam
433 710 601 742 animabant,
615 714 643 737 et
659 717 722 737 cum
744 709 856 744 copioso
869 709 926 736 via-

134 759 189 786 tico
205 757 388 790 dimittebant,
403 756 574 784 orationibus
596 760 623 783 et
644 756 775 783 comitatu
798 755 837 782 illi
858 762 925 784 con-

135 809 279 832 ccrtantes.
299 813 308 829 ι
329 802 443 839 Semper
455 803 527 830 enim
544 802 667 837 agnoscit
690 810 750 829 eam
771 809 853 837 quam
877 802 927 829 ha-

134 852 194 879 buit
212 852 246 879 ab
261 851 385 879 ecclesiis
406 850 571 882 ἀνάπαυσιν,
589 849 671 884 idque
684 849 750 876 'fere
770 856 817 883 per
833 849 926 876 diaco-

976 249 1068 283 spuria
1083 252 1214 284 spectant,
1230 248 1284 275 duo
1297 248 1324 274 in
1339 251 1463 274 nostrum
1485 245 1620 281 lgnatium
1642 245 1770 280 dirigun-

976 297 1029 320 tur.
1051 293 1142 320 Prima
1168 293 1309 321 modestiae
1334 293 1446 319 violatio
1468 297 1524 325 est,
1547 292 1622 327 quod
1644 301 1653 317 ε
1671 298 1770 326 super-

976 340 1127 368 ctelestium
1153 340 1296 368 scientiam
1322 339 1373 367 sibi
1397 339 1528 366 vindicat.
1556 348 1566 365 ›
1590 337 1676 372 Quasi
1702 346 1771 366 vero

975 384 1132 413 Christiano
1145 385 1213 418 viro,
1229 389 1256 412 et
1272 384 1382 419 quidem
1394 385 1534 420 episcopo,
1546 389 1573 412 et
1585 385 1620 412 ab
1635 384 1772 420 apostolis

975 431 1073 458 edocto
1095 431 1167 458 nulla
1190 430 1427 466 supercmlestium
1451 430 1565 458 scientia
1590 434 1771 466 competeret.

975 477 1016 504 An
1030 476 1063 503 τὰ
1082 476 1230 512 ἐπουράνια
1256 476 1334 503 toties
1359 476 1393 503 ab
1420 475 1551 510 Apostolo
1571 480 1772 509 memorantur,

976 528 1006 550 ut
1022 523 1055 550 de
1075 522 1129 549 illis
1144 522 1212 549 nihil
1233 522 1322 555 scire,
1340 522 1408 549 nihil
1427 521 1548 549 scribere
1562 526 1674 556 possent
1688 521 1775 549 Chri-

976 568 1074 597 stiani?
1088 568 1156 596 Mira
1172 569 1229 596 haec
1250 568 1318 595 mihi
1337 568 1473 601 videntur,
1488 571 1515 596 et
1537 572 1628 595 tamen
1648 567 1683 594 ob
1698 567 1776 594 hanc

977 622 1058 642 unam
1073 614 1235 642 sententiam
1253 623 1263 639 ι
1284 622 1300 641 a
1318 615 1450 642 modestia
1470 614 1514 641 hic
1537 614 1656 648 scriptor
1667 612 1775 648 duplici

977 660 1088 687 nomine
1100 659 1226 687 discedit.
1244 668 1254 685 ι
1272 658 1375 693 Primo,
1389 668 1400 686 ι
1418 660 1468 687 sibi
1484 667 1515 686 ea
1531 659 1626 687 tribuit
1649 667 1711 694 quae
1723 665 1775 686 ne-

977 705 1043 732 mini
1056 705 1157 732 homini
1168 705 1274 732 mortali
1284 712 1415 733 concessa
1430 709 1502 732 sunt.
1518 714 1527 731 »
1541 704 1627 740 Nego,
1639 711 1774 739 pernego.

977 751 1048 779 Dicit
1068 759 1097 779 se
1117 751 1202 778 πολλὰ
1219 752 1328 787 φρονεῖν
1349 752 1377 777 ὲν
1397 750 1467 786 Θεῷ,
1488 759 1498 776 t
1516 751 1601 778 multa
1623 757 1721 786 sapere
1744 750 1776 776 in

978 798 1043 825 Deo.
1060 807 1070 823 ι
1087 798 1128 824 An
1146 798 1199 825 hoc
1223 797 1290 824 nulli
1313 797 1470 824 mortalium
1487 804 1649 824 concessum
1662 796 1723 824 est?
1737 804 1775 823 an

977 844 1068 880 potius
1081 844 1116 871 ab
1130 843 1258 871 omnibus
1273 843 1439 870 Christianis
1459 843 1621 878 requisitttm
1642 849 1697 869 non
1712 842 1776 869 est?

134 906 186 925 nos
198 905 205 924 :
221 903 249 925 ut
263 897 297 924 ad
311 896 466 932 Smyrnteos
481 904 487 922 :
500 895 580 922 Κατὰ
593 895 683 922 πάντα
695 903 728 930 με
742 894 864 922 ἀνεπαύσ

1046 890 1192 925 apientiam
1208 889 1235 916 in
1251 889 1306 916 Deo
1321 895 1347 917 et
1361 889 1470 924 quidem
1483 889 1597 916 multam
1611 895 1709 916 omnes
1723 896 1775 915 vo-

133 950 161 973 et
173 945 206 973 de
220 944 324 972 Burrho
338 953 344 971 :
361 943 439 970 Κατά
457 943 546 970 πάντα
564 950 596 978 με
610 941 747 969 ἀνέπαυσε
757 950 763 956 ”
786 942 819 969 ad
835 941 924 976 Ephe-

134 992 192 1019 sios
204 991 236 1018 de
254 990 341 1018 Croco
355 998 362 1015 :
379 989 457 1016 Κατά
474 989 563 1016 πάντα
582 997 618 1024 με
638 988 800 1019 ἀνέπαυσεν,
817 986 860 1019 ὡς
879 986 925 1013 καὶ

135 1036 214 1064 αὐτὸν
225 1038 238 1063 ὁ
252 1035 346 1071 Πατὴρ
364 1034 452 1071 Ἰησοῦ
467 1033 587 1071 Χριστοῦ
604 1033 744 1069 ἀναψύξει.
758 1032 820 1060 Haec
835 1037 925 1060 autem

135 1082 294 1114 ἀνάπαυσις,
313 1082 370 1109 sive
388 1080 529 1118 ἀνάφυξις,
555 1079 607 1108 fuit
632 1080 678 1107 illa
701 1079 871 1114 refrigeratio
893 1079 926 1106 de

135 1135 187 1163 qua
205 1132 309 1154 veteres
324 1127 485 1162 loquuntur.
513 1125 647 1154 Omnibus
668 1126 750 1160 igitur
766 1125 854 1152 modis
868 1125 927 1152 dia-

135 1174 196 1202 coni
218 1173 322 1208 aliique
346 1172 381 1200 ab
398 1171 522 1199 ecclesiis
547 1172 625 1199 missi
652 1170 758 1207 lgnatio
777 1170 804 1197 in
829 1170 926 1197 itinere

135 1217 350 1250 ministrabant;
367 1216 489 1251 adeoque
510 1223 572 1243 eum
599 1223 614 1243 a
639 1215 829 1243 vexationibus
853 1215 927 1242 mili-

135 1270 203 1298 tum,
218 1268 351 1299 quantum
371 1263 400 1290 in
425 1263 493 1298 ipsis
518 1267 586 1297 erat,
604 1262 723 1298 praemiis
746 1262 925 1289 redimebant.

135 1311 203 1338 Hinc
226 1314 316 1338 autem
345 1313 418 1337 recte
442 1309 602 1345 intelligitur
626 1307 700 1344 quod
723 1308 757 1336 de
782 1308 926 1345 militibus,

134 1365 203 1394 quos
221 1356 362 1391 leopardos
384 1359 473 1388 vocat,
497 1355 601 1388 scribit,
620 1355 644 1381 οἶ
666 1355 713 1382 καὶ
730 1354 928 1391 εὐεργετούμε-

133 1403 297 1439 νοιχεξρους
314 1402 445 1437 γίνονται,
465 1412 474 1427 ι
498 1402 545 1438 qui
567 1405 594 1429 et
615 1401 754 1428 beneficiis
778 1400 866 1428 affecti
881 1408 929 1435 pe-

132 1450 207 1486 jores
224 1450 308 1482 fiunt;
329 1458 338 1474 ι
353 1448 468 1481 scilicet,
482 1455 536 1483 quo
558 1447 618 1482 plus
636 1447 759 1482 pecuniae
773 1455 789 1474 a
804 1447 928 1474 fidelibus

135 1496 290 1530 acciperent
306 1502 356 1529 pro
372 1494 537 1521 relaxatione
559 1493 720 1525 vexationis,
739 1499 772 1520 eo
789 1492 880 1520 acrius
895 1500 928 1520 ex

977 941 1093 972 cantur,-
1110 937 1155 965 ille
1170 938 1332 973 praesertim,
1349 945 1429 972 quem
1448 936 1477 964 S.
1495 936 1710 972 Chrysostomus
1725 935 1775 961 ἀν-

975 984 1104 1020 τῐρῤοπον
1120 984 1223 1020 Πέτρου
1241 984 1398 1011 διδάσκαλον
1415 983 1551 1018 appellare
1572 989 1627 1010 non
1645 986 1773 1009 veretur.

976 1029 1045 1057 Dicit
1060 1037 1089 1057 se
1103 1037 1134 1057 ea
1151 1030 1270 1059 scribere
1284 1037 1375 1064 passe.
1391 1036 1453 1064 quae
1471 1027 1626 1056 Trallenses
1642 1029 1703 1055 ‘non
1725 1035 1775 1055 ca-

976 1079 1079 1110 perent.
1105 1076 1147 1102 An
1172 1076 1224 1103 hoc
1251 1075 1319 1102 nulli
1347 1074 1504 1102 mortalium
1529 1082 1692 1102 concessum
1715 1077 1776 1105 est!

976 1121 1101 1149 Nondum
1118 1125 1200 1149 tanta
1224 1122 1303 1149 nobis
1328 1125 1394 1149 tunc
1427 1121 1560 1156 temporis
1586 1120 1774 1148 Trallensium

977 1168 1089 1196 scientia
1109 1168 1195 1196 fuisse
1209 1173 1331 1203 apparet.
1348 1168 1416 1196 Cum
1433 1168 1467 1195 ad
1494 1168 1651 1203 Smyrnwos
1676 1175 1775 1202 super-

977 1215 1140 1247 ccelestium.
1153 1219 1180 1242 et
1194 1214 1343 1242 visibilium
1359 1214 1592 1249 invisibiliumque
1604 1214 1774 1241 mentionem

978 1261 1101 1293 fecisset,
1128 1262 1219 1289 statim
1242 1261 1317 1288 addit
1338 1270 1345 1288 :
1364 1271 1373 1287 ‹
1389 1260 1441 1294 Qui
1465 1260 1548 1296 capit,
1575 1261 1674 1295 capiat.
1693 1269 1702 1286 ι
1720 1259 1774 1287 Ρο-

977 1313 1097 1340 stremo,
1124 1308 1182 1335 haec
1209 1307 1358 1344 ἐπουράνια
1383 1307 1485 1335 clarius
1511 1306 1621 1339 deﬁnit,
1647 1308 1714 1333 dum
1744 1313 1774 1333 se

977 1355 1026 1386 τὰς
1050 1354 1209 1386 τοποθεσίας
1230 1353 1280 1385 τὰς
1304 1354 1461 1389 ἀγγελικὰς,
1487 1354 1534 1380 καὶ
1554 1353 1604 1385 τὰς
1628 1353 1773 1385 συστάσεις

977 1401 1027 1433 τὰς
1043 1400 1205 1437 ἀρχοντικάς
1223 1400 1372 1435 intelligere
1396 1407 1478 1435 posse
1500 1400 1575 1427 dicit.
1600 1399 1656 1427 Nec
1679 1404 1772 1427 tamen

981 1456 990 1472 ι
1012 1451 1085 1482 patet
1106 1446 1164 1474 haec
1185 1446 1344 1481 huiusmodi
1373 1453 1444 1479 esse,
1465 1454 1526 1481 quae
1548 1445 1616 1473 nulli
1642 1446 1773 1473 mortales

978 1494 1076 1521 sciant.
1095 1502 1104 1518 )
1118 1492 1173 1520 Nos
1189 1492 1260 1520 forte
1274 1500 1328 1519 non
1345 1497 1417 1520 recte
1435 1492 1612 1527 intelligimus
1630 1492 1695 1526 quid
1713 1492 1773 1526 epi-

134 1540 277 1569 intervailo
293 1540 322 1567 S.
339 1544 485 1575 martgrem
501 1539 645 1572 vexabant,
661 1546 716 1574 quo
729 1538 859 1574 majorem
875 1545 922 1573 pe-
935 1559 957 1588 Ο
979 1539 1055 1567 stolae
1075 1539 1192 1574 scriptor
1204 1546 1255 1573 per
1271 1539 1322 1566 ista
1348 1539 1431 1566 verba
1454 1539 1583 1571 voluerit,
1600 1542 1628 1566 at
1645 1546 1708 1565 eum
1726 1538 1772 1565 illa

133 1587 222 1616 cuniae
244 1587 298 1614 vim
320 1590 524 1621 extorquereut,
544 1589 570 1612 et
591 1585 762 1613 Christianos
784 1585 922 1620 copiosius

133 1636 319 1667 eniungerent.
338 1630 429 1664 Quare
449 1638 512 1658 cum
532 1631 612 1658 toties
629 1630 732 1666 lgnatio
753 1631 924 1667 contingeret

133 1678 314 1714 refrigeratio,
330 1682 358 1705 et
370 1678 404 1705 ab
419 1677 562 1712 iniquitate
576 1677 694 1704 militum
711 1677 869 1711 redemptio,
884 1680 921 1707 et,

134 1729 165 1752 ut
189 1723 310 1759 loquitur
332 1723 528 1756 Tertullianus,
548 1731 557 1748 t
577 1722 693 1750 facultas
716 1722 806 1750 liberte
831 1727 923 1750 custo-

134 1769 196 1802 diae,
214 1778 224 1795 ι
242 1769 321 1797 facile
348 1768 437 1804 potuit
458 1768 518 1796 illas
542 1775 611 1803 quas
637 1768 769 1796 habemus
793 1768 923 1803 epistolas

133 1823 257 1848 exarare,
270 1815 496 1851 quarum-aliquae
510 1822 563 1842 non
576 1815 691 1843 multum
707 1815 829 1851 longiore
839 1823 922 1850 quam

133 1862 217 1889 unius
239 1862 314 1888 horae
333 1862 420 1896 spatio
438 1861 521 1888 scribi
544 1866 705 1896 potuerunt;
725 1869 813 1896 neque
834 1869 867 1888 ex
889 1861 923 1888 iis

133 1908 189 1935 ulla
206 1912 260 1934 tam
280 1907 386 1942 prolixa
410 1911 461 1941 est,
490 1913 519 1935 ut
544 1907 636 1942 plures
657 1915 739 1942 quam
765 1912 820 1935 tres
841 1907 923 1935 horas

133 1954 265 1990 postulet.
277 1953 356 1980 Certe
374 1963 383 1979 ι
400 1953 524 1988 quamvis
543 1953 631 1989 longae
650 1953 772 1988 epistolae
795 1961 848 1980 una
868 1960 923 1980 nox

134 1999 244 2033 sufﬁcit,
263 2009 273 2024 υ
295 1999 383 2034 inquit
401 1999 582 2035 Hieronymus
600 1999 633 2027 ad
648 1999 845 2027 Chromatium.
867 1998 923 2027 Cur

135 2047 228 2082 igitur,
253 2045 298 2081 qui
325 2046 360 2072 ad
387 2045 520 2081 Ephesios
545 2046 616 2073 hanc
639 2046 781 2081 epistolam
803 2046 923 2081 scripsit,

134 2100 189 2120 non
204 2095 231 2119 et
242 2091 334 2124 aliam,
344 2092 366 2118 si
382 2099 450 2126 opus
459 2095 541 2124 esset,
548 2091 683 2119 scribendi
692 2091 865 2119 occasionem
876 2098 924 2126 op-

133 2138 382 2174 portunitatemque
394 2137 516 2171 polliceri
534 2137 586 2165 sibi
608 2143 710 2172 posset,
734 2144 844 2164 causam
864 2136 924 2164 nul-

132 2186 186 2213 lam
201 2184 290 2212 video.
302 2183 386 2211 'Unde
402 2187 457 2211 tota
473 2183 518 2210 illa
535 2184 717 2219 imprudentia
730 2187 756 2211 et
770 2183 923 2218 insipientia

973 1593 1027 1613 non
1045 1585 1211 1613 intellexisse
1234 1592 1296 1620 qua:
1316 1584 1359 1612 his
1383 1585 1474 1612 verbis
1500 1584 1657 1620 significare
1671 1583 1771 1615 voluit.

974 1638 1055 1658 nemo
1076 1635 1151 1659 certe
1170 1630 1327 1659 mortalium
1347 1630 1432 1657 novit.
1456 1629 1508 1658 Per
1526 1630 1688 1662 τοποθεσίας
1706 1629 1772 1656 Dal-

974 1678 1039 1705 lzeus
1055 1676 1202 1712 signiﬁcari
1220 1680 1307 1711 putat,
1327 1685 1337 1701 ί
1358 1676 1417 1703 loca
1443 1676 1469 1702 in
1487 1676 1589 1711 quibus
1604 1676 1647 1703 vel
1669 1675 1772 1711 singuli

974 1723 1072 1758 angeli,
1085 1723 1126 1750 vel
1138 1723 1296 1758 angelorum
1309 1722 1418 1750 ordines
1433 1730 1447 1749 a
1459 1721 1514 1749 Deo
1529 1722 1556 1749 in
1573 1722 1624 1749 hoc
1639 1722 1772 1749 universo

974 1769 1056 1804 positi
1077 1773 1150 1796 sunt.
1175 1778 1184 1794 ι
1199 1768 1253 1796 Sed
1277 1768 1311 1796 de
1333 1768 1383 1795 hac
1407 1767 1629 1802 interpretatione
1650 1767 1771 1795 dubitari

974 1823 1028 1842 non
1051 1815 1189 1842 immerito
1213 1818 1311 1849 potest.
1328 1813 1470 1846 Quamvis
1490 1813 1563 1840 enim
1589 1821 1648 1840 eam
1673 1820 1769 1840 vocem

974 1861 1047 1889 velut
1059 1861 1208 1896 elegantem
1229 1859 1326 1887 Cicero
1349 1859 1542 1894 usurpaverit;
1567 1859 1639 1893 apud
1651 1858 1772 1886 «Graecos

974 1913 1077 1940 tamen,
1093 1911 1123 1934 ut
1141 1907 1247 1942 opinor,
1263 1913 1327 1933 raro
1345 1909 1449 1936 exstat;
1472 1909 1499 1932 et
1521 1905 1592 1940 apud
1606 1905 1770 1932 Ciceronem

974 1962 1005 1982 ea
1019 1953 1217 1989 signiﬁcatione
1232 1952 1360 1986 sumitur,
1376 1959 1437 1987 quae
1457 1952 1562 1987 angelis
1586 1959 1640 1978 non
1655 1959 1773 1986 compe-

974 2001 1016 2029 tit.
1032 1999 1120 2032 Τόπος
1137 1999 1164 2027 in
1186 2000 1239 2027 hoc
1257 1999 1316 2034 ipso
1330 1998 1462 2033 scriptore
1473 2006 1521 2033 pro
1533 1997 1622 2025 ofﬁcio
1635 2001 1663 2025 et
1676 1998 1771 2033 digni-

974 2051 1029 2074 tate
1047 2046 1174 2078 sumitur,
1197 2049 1227 2072 ut
1245 2045 1280 2072 ad
1304 2044 1469 2080 Smyrnaaos,
1484 2044 1566 2076 τόπος
1591 2044 1695 2080 μηδένα
1717 2053 1772 2079 φυ-

974 2092 1082 2120 σιούτω.
1097 2091 1180 2119 Vetus
1201 2091 1336 2126 inlerpres
1355 2099 1362 2117 :
1385 2099 1394 2116 I
1413 2089 1549 2123 Qualitate
1572 2090 1664 2118 nullus
1691 2090 1772 2119 inﬂe-

975 2142 1035 2171 tur,
1054 2147 1062 2163 I
1078 2142 1109 2165 ut
1125 2141 1196 2165 recte
1221 2136 1366 2172 legendum
1382 2137 1488 2163 monuit
1514 2135 1622 2164 lsaacus
1636 2136 1770 2170 Vossius;

974 2192 1037 2212 nam
1054 2183 1181 2212 Usserius
1199 2191 1254 2210 non
1273 2186 1347 2210 recte
1362 2192 1372 2209 ι
1392 2183 1509 2218 qualiter
1527 2191 1536 2208 ι
1553 2190 1585 2210 ex
1611 2191 1665 2211 ms.
1689 2188 1770 2210 tran-

128 2227 161 2257 ‘in
176 2231 230 2258 alio
242 2230 334 2258 libello
351 2230 533 2265 promittendo
557 2238 669 2265 prorsus
695 2230 842 2258 evanescit.

1038 2230 1094 2257 isit.
1110 2229 1288 2264 lnterpolator
1304 2237 1311 2256 :
1327 2229 1415 2261 Τόπος
1433 2230 1479 2255 καὶ
1496 2229 1604 2264 ἀξίωμα
1618 2229 1666 2255 καὶ
1683 2229 1768 2256 πλοῦ-

133 2285 166 2306 eo
184 2277 321 2304 lubentius
336 2277 388 2304 hoc
402 2276 462 2304 loco
476 2277 698 2310 commemoravi,
713 2281 741 2304 et
754 2277 841 2305 fusius
857 2283 920 2311 pro-

133 2329 242 2352 secutus
256 2331 328 2355 sum,
345 2322 607 2350 utsimulBlondelli
627 2322 770 2357 quteslioni
806 2329 920 2356 respon-

128 2371 236 2407 ‘derem.
252 2379 261 2395 ι
280 2369 340 2402 Quo
357 2369 436 2404 palpo
450 2368 595 2395 belluinam
610 2368 797 2403 lcopardorum
814 2368 917 2395 rabiem

129 2410 228 2443 {sedare
241 2415 333 2442 datum
349 2418 400 2445 est,
414 2418 443 2440 ut
461 2413 581 2440 vinctum
603 2421 682 2440 suum
706 2421 758 2439 non
777 2414 859 2440 modo
881 2412 919 2448 pii

132 2462 215 2488 unius
239 2464 286 2487 aut
307 2459 418 2486 alterius
441 2457 546 2485 solatiis
570 2457 633 2489 frui.
653 2458 699 2486 sed
722 2458 791 2485 idem
813 2459 918 2486 vicinas

133 2506 253 2540 undique
267 2504 407 2536 ecclesias,
421 2502 496 2530 nullo
520 2503 637 2529 incendii
651 2502 821 2530 Christianos
853 2504 918 2531 orbe

132 2557 191 2579 toto
217 2550 388 2585 depascentis
415 2555 486 2576 metu
511 2549 650 2585 aggregari
679 2549 815 2577 sinerent?
831 2560 840 2576 ι
858 2550 919 2578 Haec

133 2597 206 2625 enim
225 2596 319 2623 eadem
335 2602 416 2629 opera
436 2594 582 2622 difilantur.
601 2595 652 2628 Qui
667 2595 738 2622 enim
764 2601 856 2623 nostra
881 2597 919 2624 le-

133 2642 211 2678 gerit,
226 2645 253 2668 et
274 2640 384 2675 palpttm
405 2640 496 2668 statim
511 2640 622 2673 videbit,
642 2646 669 2669 et
693 2645 731 2668 tot
748 2641 917 2670 Christiano-

133 2696 193 2716 rum
211 2694 374 2715 concursum
390 2686 491 2714 factum
505 2695 565 2715 esse
579 2695 632 2714 non
648 2687 799 2716 mirabitur.

166 2734 260 2770 Capite
273 2733 308 2760 24
322 2740 353 2760 ea
365 2733 495 2768 congerit,
511 2741 571 2768 quae
592 2733 618 2760 in
635 2733 756 2768 epistolis
771 2738 918 2761 occurrunt

130 2788 185 2809 non
211 2780 279 2808 satis
302 2786 364 2806 cum
388 2779 516 2815 martyris
542 2780 674 2807 modestia
701 2784 882 2807 consentanea
908 2790 914 2807 :

125 2833 192 2862 qua:
206 2830 297 2853 tamen
312 2825 411 2853 fatetur
427 2832 488 2852 esse
508 2825 598 2852 minus
612 2825 682 2852 elata
698 2833 779 2860 quam
799 2834 831 2854 ea
856 2834 917 2861 qute

118 2871 256 2907 ~superius
280 2871 443 2900 audivimus.
461 2870 522 2899 Haec
537 2876 627 2899 autem
652 2871 681 2898 in
701 2876 820 2906 quatuor
834 2880 914 2908 argu-

970 2283 1015 2306 τος
1030 2274 1130 2310 μηδένα
1142 2273 1287 2308 φυσιοὺτω.
1305 2274 1345 2301 Ad
1359 2273 1540 2310 Polycarpum
1559 2284 1566 2301 :
1584 2274 1702 2301 Ἐκδίκετ
1719 2283 1768 2302 σου

968 2320 1014 2348 τὸν
1025 2321 1116 2352 τόπον,
1133 2329 1142 2345 t
1159 2320 1265 2347 vindica
1280 2320 1370 2347 locum
1387 2325 1474 2353 tuum,
1494 2331 1504 2347 ι
1518 2321 1569 2348 hoc
1592 2326 1635 2349 est
1645 2321 1766 2348 oﬁicium

968 2370 996 2394 et
1013 2366 1172 2401 dignitatem
1194 2373 1276 2400 quam
1304 2370 1333 2393 ut
1360 2366 1504 2402 episcopus
1527 2367 1646 2395 obtines.
1677 2367 1765 2400 Quem

969 2411 1059 2439 locum
1076 2412 1135 2439 sine
1148 2411 1232 2439 dubio
1257 2411 1388 2446 Origenes
1410 2412 1438 2439 in
1461 2413 1553 2440 animo
1578 2413 1686 2445 habuit,
1703 2422 1765 2440 cum

968 2465 996 2485 In
1021 2457 1225 2485 Commentariis
1247 2457 1281 2484 ad
1303 2457 1460 2485 Matthwum
1485 2458 1618 2493 scripsit:
1644 2459 1721 2485 Ἐπεὶ
1737 2459 1765 2485 δὲ

967 2505 1014 2533 τὸν
1039 2507 1121 2534 τόπον
1143 2505 1193 2540 τῆς
1214 2506 1368 2542 ἐπισκοπῆς
1394 2507 1564 2538 ἐκδικοῦντες
1588 2507 1711 2543 χρῶνται
1727 2508 1766 2543 τῷ

969 2553 1052 2589 ῥητῷ.
1070 2553 1103 2580 Et
1116 2553 1262 2580 τοποθεσια
1276 2561 1308 2580 eo
1328 2561 1411 2581 sensu
1427 2558 1535 2588 sumpta
1554 2554 1587 2580 ad
1603 2555 1763 2588 angelorum

967 2599 1078 2627 ordines
1093 2600 1194 2628 rectius
1209 2599 1326 2628 fortasse
1345 2600 1475 2635 applicari
1492 2604 1598 2634 potest;
1622 2601 1701 2628 varia
1715 2609 1764 2628 ao-

967 2649 1021 2673 tem
1034 2654 1128 2674 eorum
1149 2646 1236 2674 ofﬁcia
1259 2646 1458 2681 dignitatesque
1478 2647 1661 2674 vetustissimi
1682 2647 1764 2674 Chri-

967 2692 1048 2719 stiani
1076 2693 1270 2727 agnoscebant.
1302 2693 1448 2724 Συστάσεις
1474 2693 1639 2728 ἁρχοντικάς
1675 2694 1763 2722 reddit

966 2744 1077 2765 rursum
1093 2737 1211 2765 Dallaeus
1226 2747 1235 2763 ι
1252 2737 1455 2773 principaluum
1478 2738 1612 2773 quasdam
1629 2740 1762 2768 stationes

967 2787 1048 2818 atque
1061 2784 1145 2815 acies,
1164 2793 1173 2809 ι
1190 2791 1252 2811 cum
1267 2783 1396 2816 σύστασις
1411 2792 1498 2819 neque
1509 2786 1657 2812 stationem
1672 2793 1761 2821 neque

966 2830 1053 2856 aciem
1073 2829 1215 2865 signiticet.
1240 2829 1278 2856 De
1299 2829 1342 2857 his
1360 2829 1450 2858 fusius
1473 2830 1621 2865 aliquando
1644 2830 1760 2859 fortasse

966 2881 1088 2909 agemus.
1113 2874 1222 2903 Interim
1242 2875 1339 2911 fateor,
1354 2875 1388 2904 de
1411 2876 1569 2912 angelorum
1589 2882 1701 2912 natura,
1717 2877 1759 2905 of-
