1850 3072
61 165 107 193 391

478 164 504 192 J.
524 163 707 192 PEARSONII
729 161 888 191 VlNDlClE
914 161 1124 191 IGNATIANAS.
1143 176 1174 182 —
1196 159 1288 188 PARS
1306 159 1339 186 ll.

1645 157 1696 185 398

67 225 146 259 ﬁciis,
166 225 358 261 dignitatibus
383 225 578 258 ordinibusque
601 224 717 252 diversis
742 225 813 251 seire
831 231 861 250 se
875 226 896 252 A
911 223 993 258 igitur
1006 222 1108 257 aliquid
1122 221 1268 249 meditatus
1280 224 1348 253 erat,
1360 224 1390 247 ut
1406 218 1534 254 quoniam
1552 217 1609 253 jam
1628 225 1695 245 eon-

68 273 152 308 aliqua
167 273 341 308 scriptorem
356 272 476 308 epistolae
496 271 631 299 aﬁirmare
653 277 714 306 qua:
736 269 858 297 Trallen—

67 325 109 346 ses
120 325 219 354 capere
240 325 299 345 non
322 317 445 353 potuisse
465 317 587 352 putavit;
602 320 630 344 et
648 315 701 343 hoc
717 315 808 350 potius
824 315 858 342 ad

68 364 153 392 locum
181 363 211 392 S.
237 363 321 391 Pauli
349 363 384 390 ab
415 362 527 390 Usserio
554 362 704 390 indicatum
733 366 837 396 spectat

66 418 144 445 quam
158 410 193 438 ad
214 410 294 438 illum
319 418 334 438 a
354 410 465 442 Dallzeo,
476 409 522 437 ubi
540 416 595 436 non
611 408 645 436 de
669 407 793 440 scientia,
810 415 840 434 se

66 457 97 485 de
109 457 241 492 religioso
253 457 328 485 cultu
343 457 500 493 angelorum
511 456 610 491 agitur.
623 455 714 489 Quare
730 454 782 482 hoe
794 461 852 481 sen-

65 502 102 530 tio
118 503 148 530 S.
162 502 269 538 lgnatio
284 503 368 538 probe
385 501 540 534 convenire,
554 506 581 529 et
593 501 628 528 ab
640 508 673 528 eo
685 507 739 528 non
756 499 855 527 immo-

65 549 152 582 deste,
167 549 216 577 sed
233 557 298 577 vere
313 549 414 577 dictum
428 556 500 582 esse,
519 553 547 577 et
567 549 601 576 ad
617 556 648 576 ea
663 555 724 583 quas
738 555 856 582 sequun—

65 599 110 621 tur
123 599 199 622 recte
218 595 420 623 accommodari
442 602 533 630 posse.
556 594 674 622 lrenaeus
691 594 857 622 charismata

63 641 91 668 in
102 641 245 676 primitrva
257 640 379 669 Ecclesia
390 648 610 669 commemorans
621 641 744 668 meminit
757 639 812 667 τῶν
822 640 857 667 τὰ

69 686 210 723 μυστήρια
227 686 274 713 τοῦ
287 684 354 712 Θεοῦ
367 683 595 719 ὲκδιηγουμένων,
610 692 619 708 ι
630 690 724 709 eorum
744 681 790 717 qui
812 689 854 708 ar-

67 742 135 761 cana
147 733 195 760 Dei
207 732 335 760 mvsteria
344 729 525 764 exponebant.
533 739 542 754 ι
555 728 591 756 Ut
602 728 722 764 lgnatius
734 728 766 755 ad
775 725 854 758 Pc‘lv-

65 781 181 808 mrpum
204 783 211 801 :
237 774 276 801 Ta
298 774 327 801 δὲ
348 774 452 811 ἀόρατα
480 772 550 800 αἴτει
571 772 615 799 ῐνα
638 782 680 799 σοι
703 773 856 811 φανερωθῇ,

64 820 139 852 ὅπως
172 821 286 856 μηδενὸς
307 820 397 857 λείπῃ,
423 821 471 847 καὶ
493 820 592 851 παντὸς
616 819 782 856 χαρίσματος
807 829 855 847 πε-

70 866 208 904 ρισσεύῃς.
226 876 237 892 ‹
256 866 403 894 invisibilia
418 871 508 894 autem
529 870 605 901 petas
627 869 657 892 ut
676 865 724 892 tibi
741 865 857 893 manife-

68 917 184 944 stentur,
199 917 230 940 ut
246 913 321 940 nullo
334 912 454 945 deﬁcias,
466 917 493 940 et
504 912 578 940 omni
594 912 758 939 charismate
770 912 858 938 abun-

67 960 122 988 des.
144 969 154 986 ι
175 958 204 987 S.
221 958 438 994 Chrysostomus
450 959 549 987 asserit
562 958 589 986 S.
606 957 739 994 lgnatium
760 965 858 986 arcana

66 1005 192 1041 quaedam
214 1005 251 1032 ab
279 1005 409 1040 apostolis
437 1005 575 1040 accepisse
594 1013 601 1032 :
622 1004 782 1039 Συνεγένετο
802 1005 858 1036 τοῖς

67 1051 228 1082 ἀποστόλοις
258 1050 395 1086 γνησίως,
432 1050 478 1078 καὶ
508 1049 700 1086 πνευματικῶν
730 1050 859 1085 ναμάτων

67 1097 238 1124 ἀπέλαυσεν·
254 1098 345 1124 ὁποῖον
361 1095 407 1124 οὖν
421 1095 488 1124 εἶναι
500 1097 572 1128 εἰκὸς
594 1096 640 1123 τὸν
662 1096 857 1132 συντραφέντα,

67 1143 112 1170 καὶ
128 1143 271 1178 πανταχοῦ
289 1143 494 1178 συγγενόμενον,
508 1142 554 1170 καὶ
568 1142 657 1178 ῥητῶν
675 1142 722 1169 καὶ
738 1143 859 1179 ἀπορρή-

67 1197 119 1216 των
143 1189 238 1220 αὐτοῖς
262 1187 575 1224 κοινωνήσανταμευιη
586 1188 719 1223 apostolis
743 1188 858 1224 genuine

66 1239 246 1262 conversatus
263 1234 342 1269 aquis
353 1233 540 1268 spiritualihus
558 1234 662 1269 rigatus
678 1237 730 1262 est.
744 1233 856 1268 Qualem

66 1280 170 1309 idcirco
188 1289 252 1308 eum
269 1280 355 1308 fuisse
375 1288 425 1315 par
436 1285 488 1313 est,
503 1280 548 1315 qui
572 1288 634 1307 cum
652 1280 705 1307 illis
726 1280 856 1314 nutritus,

65 1331 90 1353 et
103 1327 209 1361 ubique
224 1330 411 1360 conversatus,
428 1330 454 1353 et
473 1326 507 1354 de
527 1326 648 1354 dicendis
661 1330 688 1353 et
702 1326 735 1354 de
749 1326 857 1354 arcanis

65 1373 280 1408 partieipavit?)
292 1371 344 1400 Ubi
358 1372 392 1399 de
414 1372 521 1400 arcanis
542 1377 634 1399 autem
656 1371 787 1407 loquitur,
802 1380 856 1400 non

65 1419 159 1446 dubito
172 1419 240 1454 quin
256 1420 329 1446 hunc
347 1418 447 1452 locum,
461 1424 488 1446 et
510 1419 573 1446 huic
591 1418 695 1446 similes
711 1419 737 1445 in
752 1419 856 1454 episto-

65 1465 98 1492 lis
114 1464 278 1500 respexerit.
301 1464 434 1492 Prazterea
458 1465 484 1491 in
506 1464 648 1500 Excerptis
664 1464 811 1493 Clementis
824 1465 856 1492 ὲκ

64 1509 285 1546 τῆςάνατολικῆς
298 1510 499 1546 διδασκαλίαςηι
510 1518 543 1537 ex
557 1510 681 1538 orientali
693 1510 827 1544 doctrina,
842 1520 852 1537 ο

907 269 1053 296 demnatus
1066 272 1148 301 esset,
1160 267 1308 302 apostolica
1322 265 1439 301 quadam
1460 265 1624 292 auctOritate
1638 267 1697 291 ute-

907 319 992 342 retur.
1012 314 1065 342 Sed
1081 322 1115 342 ex
1130 321 1223 341 amore
1241 320 1304 348 erga
1320 312 1404 347 ipsos,
1427 316 1454 339 et
1476 319 1509 340 ex
1524 319 1581 339 sua:
1601 311 1697 339 condi-

907 360 990 388 tionis
1012 367 1093 388 sensu
1115 359 1155 388 eis
1180 359 1277 395 parcit.
1307 358 1395 386 Πολλά
1420 357 1522 393 φρονῶ,
1548 357 1646 391 inquit.
1666 357 1694 384 ι-

906 406 977 442 Θεῷ,
995 416 1004 432 ι
1022 406 1107 434 multa
1127 407 1203 441 sapio
1217 406 1243 433 in
1257 404 1322 438 Deo,
1339 414 1349 431 ι
1362 404 1562 440 quamplurima
1578 403 1613 431 ab
1631 410 1693 438 apo

906 453 984 482 stolis
994 453 1060 488 ipsis
1069 452 1171 486 accepi,
1182 459 1244 487 quae
1258 459 1305 479 vos
1317 452 1401 478 latent
1413 459 1420 484 ;
1434 458 1542 486 possem
1553 457 1587 477 ex
1599 456 1696 477 eorum

906 500 1069 527 auctoritate
1094 499 1171 526 vobis
1193 498 1348 534 praecipere,
1369 497 1426 524 ἀλλ’
1447 496 1564 532 ἐμαυτὸν
1591 495 1696 532 μετρῶ.

910 555 920 572 ι
937 546 985 573 sed
1001 546 1136 581 meipsum
1151 553 1290 573 mensuro.
1313 554 1321 570 ι
1338 543 1401 572 llaec
1425 544 1481 571 duo
1501 543 1584 578 paulo
1607 542 1696 572 fusiul

906 592 1099 627 persequitur;
1114 592 1176 620 dein
1201 599 1249 619 eos
1271 592 1404 625 hortatur,
1428 598 1482 618 non
1500 598 1551 618 suo
1573 590 1694 624 nomine,

907 639 954 666 sed
970 646 1018 674 per
1032 647 1152 667 amorem
1172 639 1284 672 Christi,
1300 644 1330 666 ut
1350 638 1385 666 ab
1411 637 1546 665 haereticis
1568 640 1692 665 caveant.

907 684 1028 719 Quorum
1044 686 1067 713 si
1081 686 1173 721 priora
1185 685 1256 712 haud
1268 685 1406 720 vulgarem
1421 683 1448 711 in
1462 683 1600 719 mysteriis
1612 682 1694 710 Chri-

906 733 1002 761 stiana:
1029 733 1169 768 religionis
1200 733 1342 760 scientiam
1370 730 1511 762 indicant,
1541 729 1693 765 posteriora

901 782 978 811 certe
1000 779 1146 814 singularis
1169 778 1465 812 modestiaespecimen
1485 777 1614 807 exhibeat
1640 780 1696 807 0h-

905 819 988 856 jectio
1007 824 1098 849 autem
1117 822 1173 854 illa,
1189 831 1251 858 qua
1268 823 1325 852 haec
1342 833 1351 850 ι
1363 824 1431 852 satis
1448 824 1582 852 invidiose
1598 837 1608 853 ο
1620 824 1694 852 dicta

907 867 1083 902 pronuntiat,
1108 868 1177 895 adeo
1197 869 1356 903 scriptorem
1369 877 1424 898 non
1438 870 1511 901 ferit,
1529 875 1559 897 ut
1574 870 1692 905 seipsam

908 912 1022 947 iugulet.
1049 920 1058 938 ι
1078 912 1146 940 Cum
1172 912 1335 949 proﬁtetur,
1356 915 1463 950 inquit,
1488 915 1556 947 ista,
1576 923 1693 951 quorum

909 956 961 984 sibi
977 956 1119 985 scientiam
1135 964 1254 993 arrogat,
1271 958 1339 985 adeo
1354 966 1415 986 esse
1430 959 1549 992 excelsa,
1566 959 1634 986 adeo
1650 967 1697 986 su-

908 1011 957 1039 pra
974 1004 1128 1031 mortalium
1145 1005 1226 1032 etiam
1243 1004 1362 1032 ﬁdelium
1385 1009 1494 1040 captum
1511 1005 1649 1039 sublimia,
1667 1010 1697 1034 ut

907 1058 940 1078 ea
956 1057 972 1077 a
989 1050 1134 1078 Trallianis
1150 1051 1207 1079 suis
1224 1051 1282 1086 capi
1300 1058 1380 1086 posse
1396 1051 1529 1086 desperet.
1548 1051 1633 1087 Cujus
1649 1060 1696 1080 rs--

908 1097 1010 1125 tionem
1027 1097 1105 1125 aﬁ‘ert
1121 1105 1175 1125 non
1192 1097 1339 1125 admodum
1356 1097 1514 1132 oﬁiciosam,
1533 1098 1604 1126 hanc
1623 1099 1696 1126 scili-

908 1148 960 1176 cet,
978 1144 1050 1179 quod
1067 1144 1112 1172 isti
1129 1144 1183 1173 sint
1208 1145 1309 1180 νήπιοι,
1330 1155 1340 1170 ι
1359 1145 1483 1180 parvuli,
1499 1145 1587 1180 pueri,
1606 1146 1697 1174 infan-

910 1194 960 1218 tes.
985 1189 1044 1218 Non
1070 1191 1148 1218 video
1165 1191 1302 1226 quomodo
1325 1199 1450 1227 magnam
1475 1192 1528 1220 sibi
1553 1193 1697 1223 scientiam

908 1241 1027 1272 arrogat,
1045 1237 1092 1272 qui
1109 1245 1139 1264 se
1157 1245 1240 1272 supra
1256 1245 1355 1273 pueros
1372 1245 1467 1273 sapere
1482 1238 1558 1266 dicit.
1575 1238 1635 1267 Non
1654 1240 1696 1268 in-

908 1282 998 1317 telligo
1014 1283 1152 1318 qu'omodo
1169 1284 1231 1318 quis
1248 1284 1293 1311 illa
1309 1284 1377 1312 adeo
1393 1284 1500 1312 excelsa
1516 1293 1587 1318 esse,
1605 1291 1632 1314 et
1648 1295 1696 1314 su-

907 1336 955 1363 pra
971 1329 1093 1356 omnium
1113 1330 1271 1357 mortalium
1294 1335 1403 1365 captum
1427 1331 1555 1358 sublimia
1578 1337 1694 1366 asserat,

907 1382 968 1409 quae
992 1378 1096 1402 tantum
1118 1375 1154 1402 ab
1175 1369 1326 1404 infantibus
1352 1377 1412 1411 capi
1432 1385 1486 1404 non
1503 1385 1584 1412 posse
1599 1379 1696 1406 existi-

909 1426 973 1448 mat.
991 1419 1051 1448 Non
1072 1421 1151 1456 capio
1179 1429 1265 1456 quare
1281 1423 1357 1457 pueri
1378 1433 1387 1448 ι
1398 1422 1453 1450 Deo
1463 1423 1537 1459 digni
1550 1435 1560 1450 ι
1574 1425 1626 1453 dici
1639 1433 1694 1454 non

907 1466 1024 1500 possint,
1041 1471 1088 1493 aut
1103 1475 1112 1491 ι
1129 1471 1246 1494 mentem
1263 1467 1428 1503 inculpatam
1445 1473 1472 1496 et
1485 1469 1694 1504 inseparabilem

908 1512 936 1539 in
953 1512 1083 1547 patientia
1104 1522 1113 1538 ι
1133 1520 1187 1540 ιιοιι
1205 1513 1332 1541 habeant.

64 1563 123 1591 qua:
139 1564 209 1583 sane
223 1556 250 1583 S.
268 1555 372 1589 Ignatio
383 1556 520 1591 incognita
535 1563 595 1583 esse
606 1564 659 1583 non
675 1557 772 1591 potuit,
785 1564 854 1583 non-
867 1563 890 1594 π
942 1557 995 1585 Sed
1012 1566 1062 1586 nec
1078 1559 1146 1586 satis
1162 1559 1302 1588 modestus
1319 1561 1480 1589 censoribus
1497 1564 1610 1598 nuperis
1625 1566 1695 1593 scri-

66 1602 140 1629 nulla
164 1601 199 1628 de
220 1602 380 1636 angelorum
404 1602 487 1629 variis
512 1601 605 1629 olliciis
626 1605 652 1628 et
674 1601 851 1635 dignitatibus

65 1647 234 1675 referuntur.
259 1647 353 1682 Neque
370 1654 435 1674 vero
454 1647 526 1682 quod
540 1655 571 1674 ea
588 1646 687 1674 dixerit
701 1646 853 1674 Trallianos

66 1694 281 1728 strangulatum,
295 1693 364 1721 adeo
380 1693 437 1721 haec
455 1693 580 1721 sublimia
593 1701 654 1721 esse
669 1693 780 1721 indicat.
795 1693 853 1721 Hoc

65 1739 136 1766 enim
149 1739 184 1766 ad
195 1747 243 1767 eos
251 1744 380 1774 tanquam
392 1739 509 1767 infantes
520 1740 622 1767 dictum
637 1744 689 1772 est,
702 1740 749 1775 qui
764 1740 853 1767 solido

65 1784 125 1811 cibo
137 1784 219 1812 facile
237 1785 460 1820 strangulantur;
475 1785 549 1821 quod
568 1785 728 1812 tralatitium
751 1791 803 1813 est.
819 1785 854 1813 Ut

67 1829 251 1858 Tertullianus
274 1831 354 1866 epist.
380 1831 432 1862 64,
454 1830 488 1858 de
513 1830 685 1866 Origenianis
710 1831 851 1866 loquitur:

69 1886 78 1902 ι
95 1876 135 1904 Ex
147 1884 204 1912 quo
218 1877 312 1904 volunt
334 1876 457 1912 intelligi,
475 1885 525 1904 nos
544 1877 590 1912 qui
617 1877 731 1904 necdum
754 1878 851 1906 initiati

67 1930 172 1954 sumus,
188 1923 288 1950 debere
302 1923 397 1950 audire
408 1923 589 1956 mendacium,
604 1931 638 1950 ne
652 1923 756 1958 parvuli
772 1928 853 1959 atque

67 1971 200 1998 lactentes
225 1969 364 1997 solidioris
386 1969 438 1996 cibi
464 1969 554 1997 edulio
581 1969 754 2002 suﬁ'ocemur,
774 1979 783 1995 ι
801 1970 853 1997 hoc

66 2020 106 2044 est
120 2015 408 2052 στραγγαλωθὼμεθα.
426 2015 459 2043 Ει
475 2016 592 2043 Dallmus
616 2016 674 2051 ipse
695 2015 783 2050 capite
806 2015 851 2048 29,

65 2061 128 2089 dum
148 2063 207 2089 haec
227 2061 321 2096 lgnatii
341 2061 423 2089 verba
438 2062 542 2095 recitat,
557 2062 684 2089 observat
701 2070 710 2087 ι
736 2061 764 2089 in
784 2061 852 2096 ipsis

66 2112 156 2142 aperte
169 2116 299 2143 expressa
318 2107 426 2135 Paulini
442 2115 539 2136 sensus
551 2107 676 2143 vestigia.
694 2117 703 2133 I

100 2154 154 2182 Sed
168 2159 196 2182 et
208 2155 261 2182 hoc
277 2154 368 2189 plane,
384 2154 482 2189 inquit.
499 2164 509 2180 ‹
523 2154 744 2189 intempestivum
758 2163 767 2181 ι
781 2158 849 2182 erat.

66 2202 120 2229 lmo
135 2208 202 2229 vero
215 2205 244 2228 et
258 2201 321 2228 huic
336 2201 396 2228 loco
407 2207 434 2227 et
445 2201 560 2235 tempori
579 2201 697 2228 maxime
712 2201 848 2235 congruit.

903 1608 966 1639 ptor
993 1604 1113 1637 videtur,
1142 1605 1207 1632 dum
1233 1604 1394 1641 Polycarpo,
1414 1616 1424 1633 ‹
1445 1613 1575 1644 tanquam
1602 1612 1693 1646 tyroni

902 1649 1030 1685 magister
1050 1659 1059 1676 ι
1079 1650 1190 1683 scribit,
1207 1651 1284 1678 αἰτοῦ
1300 1651 1406 1680 σύνεσιν
1427 1653 1536 1681 πλείονα
1556 1653 1590 1691 ἦς
1609 1655 1695 1694 ἔχεις,

906 1705 915 1722 ι
936 1700 998 1731 pete
1022 1696 1195 1731 prudentiam
1222 1698 1380 1733 ampliorem
1403 1707 1435 1727 ea
1458 1707 1540 1735 quam
1563 1701 1656 1730 habes.
1679 1712 1689 1729 ι

903 1740 925 1769 Ο
948 1742 1108 1777 praeclarum
1131 1742 1309 1771 immodestiae
1330 1744 1484 1779 specimen!
1512 1746 1604 1774 Monet
1628 1755 1691 1775 eum

903 1793 933 1816 ut
947 1789 1084 1824 juniorem
1101 1791 1204 1824 senior,
1222 1794 1252 1818 ut
1275 1791 1388 1819 charum
1405 1794 1522 1826 amicus,
1540 1798 1570 1821 ut
1586 1795 1692 1830 episco-

902 1843 967 1870 pum
987 1836 1140 1870 confessor,
1158 1842 1185 1864 et
1207 1837 1332 1865 hortatur
1355 1839 1389 1865 ad
1415 1839 1581 1868 incrementa
1607 1841 1691 1876 spiri-

903 1882 1017 1909 tualium
1034 1883 1170 1910 donorum
1182 1883 1355 1918 acquirenda,
1373 1889 1400 1912 et
1413 1893 1428 1912 a
1445 1885 1501 1913 Deo
1518 1887 1609 1915 omnis
1624 1887 1690 1915 boni

902 1927 977 1955 fonte
1002 1929 1128 1963 petenda.
1153 1928 1285 1957 Monitum
1305 1930 1384 1965 plane
1408 1931 1460 1958 hoc
1483 1939 1537 1959 non
1557 1932 1690 1961 immode-

902 1978 987 2008 stum,
1002 1974 1048 2002 sed
1066 1974 1141 2009 pium
1158 1975 1285 2010 inprimis
1307 1980 1334 2003 et
1351 1976 1446 2010 ﬁdele;
1471 1978 1600 2013 quodque
1614 1983 1690 2008 vete-

901 2027 945 2048 res
969 2021 1016 2055 qui
1040 2021 1097 2048 loca
1117 2021 1272 2048 communia
1295 2026 1457 2055 tractarunt,
1478 2023 1529 2051 sibi
1547 2024 1689 2059 diligenter

901 2066 1110 2094 exscribendum
1127 2067 1267 2100 putabant.
1282 2066 1374 2102 Neque
1391 2075 1454 2096 vero
1471 2068 1539 2096 levis
1555 2070 1687 2104 suspicio,

901 2113 960 2140 haec
985 2111 1071 2140 fuisse
1096 2111 1235 2148 signanter
1250 2114 1332 2147 dicta,
1354 2118 1382 2141 et
1403 2114 1504 2149 aliquid
1531 2114 1576 2143 hic
1599 2116 1687 2150 innui,

901 2159 974 2193 quod
990 2158 1069 2186 valde
1085 2162 1179 2186 notatu
1200 2159 1311 2195 dignum
1337 2164 1390 2187 est.
1409 2159 1476 2187 Nam
1493 2165 1520 2188 et
1543 2161 1571 2188 in
1587 2161 1686 2190 Inscri-

900 2204 992 2239 ptione
1017 2203 1159 2239 Polycarpi
1189 2204 1284 2232 scribit
1304 2213 1311 2230 :
1350 2204 1504 2241 Ἐπισκόπῳ
1526 2206 1688 2242 Ἐκκλησιας

66 2247 140 2281 Quod
154 2251 187 2275 ut
200 2254 255 2274 non
269 2247 373 2273 videret
387 2245 512 2280 Dalla3us,
527 2246 610 2280 fteda,
624 2251 654 2274 ut
665 2247 772 2281 opinor,
787 2254 849 2274 sen-

941 2249 1070 2286 opvaluw,
1090 2249 1190 2285 μᾶλλον
1202 2250 1415 2287 ὲπεσκοπημένῳ
1430 2252 1482 2278 ὑπὸ
1498 2252 1565 2279 Θεοῦ
1581 2253 1688 2291 Πατρὸς

67 2293 153 2321 tentia:
176 2293 356 2328 praecedentis
380 2293 544 2327 corruptela,
568 2293 613 2320 cui
635 2297 689 2320 tam
709 2292 851 2320 infeliciter

66 2340 196 2367 medelam
215 2338 345 2366 adhibere
359 2344 472 2366 conatus
487 2343 529 2366 est
543 2338 707 2371 Salmasius,
722 2339 748 2365 in
768 2346 851 2366 causa

67 2385 123 2412 fuit.
139 2385 194 2413 Ista
209 2385 264 2412 duo
277 2385 408 2412 vocabula
425 2384 520 2411 ἑαυτὸν
531 2384 654 2420 πότερον,
669 2384 702 2411 ab
713 2384 759 2411 illo
770 2384 852 2411 toties

66 2437 157 2459 vexata
173 2436 201 2459 et
216 2431 308 2466 pejora
323 2430 406 2463 facta,
424 2430 552 2458 facillime
571 2430 599 2457 in
617 2438 702 2457 unum
718 2437 751 2457 ex
768 2430 852 2457 inter-

67 2478 184 2512 polatore
202 2477 428 2512 compinguntur,
446 2481 476 2503 ut
493 2476 605 2503 minima
621 2475 772 2503 mutatione
791 2484 852 2502 συν-

66 2523 209 2559 τονώτερον
231 2522 347 2558 legatur.
365 2521 424 2555 Qua
436 2529 503 2549 voce
518 2522 654 2553 restituta,
669 2521 775 2556 reliqua
797 2521 850 2548 mi-

66 2568 135 2595 nimo
159 2567 268 2603 negotio
290 2572 432 2595 sanantur.
457 2567 502 2594 Sic
515 2567 596 2602 igitur
619 2567 703 2602 lego:
726 2566 851 2601 Ἀγαπῶν

65 2614 130 2649 ὑμᾶς
159 2614 301 2649 φείδομαι·
335 2613 532 2649 συντονώτερον
560 2613 708 2648 δυνάμενος
736 2613 851 2649 γράφειν

64 2660 122 2696 περὶ
138 2660 235 2686 τούτου
260 2660 300 2691 είς
315 2659 397 2686 τοῦτο
407 2659 500 2694 ᾠήθην
518 2659 560 2685 ἵνα
577 2658 614 2685 ὢν
631 2658 794 2695 κατάκριτος
814 2659 852 2690 ὡς

63 2706 206 2738 ἀπόστολος
223 2706 287 2741 ὑμῖν
302 2706 504 2740 διατάσσωμαι.
518 2704 659 2740 Signiﬁcat
674 2713 704 2733 se
717 2705 744 2732 in
759 2705 851 2732 animo

64 2751 188 2779 habuisse
206 2751 311 2786 aliquid
328 2751 362 2778 ad
380 2758 428 2778 eos
440 2758 491 2786 pro
514 2752 643 2785 episcopo
669 2758 719 2778 suo
740 2749 852 2785 Polybio

62 2798 187 2830 scribere,
204 2805 286 2833 quem
303 2798 435 2832 majorem
449 2797 533 2824 etiam
551 2797 623 2831 apud
635 2796 759 2824 ethnicos
775 2803 851 2823 reve-

62 2844 171 2871 rentiam
185 2844 321 2878 obtinere,
341 2851 425 2880 quam
441 2842 513 2879 apud
526 2843 611 2878 ipsos,
626 2842 744 2877 indicat;
760 2841 851 2870 acrius

91 2890 114 2906 “
123 2890 190 2926 Cap.
207 2899 238 2926 ll,
254 2899 280 2918 v.
296 2890 342 2919 l9.

902 2295 948 2323 καὶ
964 2295 1068 2330 Κυρίου
1092 2295 1180 2331 Ἰησοῦ
1196 2296 1323 2331 Χριστοῦ.
1345 2305 1354 2321 ι
1374 2296 1508 2332 Episcopo
1531 2297 1687 2334 Smyrnam-

901 2349 974 2374 rum,
988 2341 1075 2376 magis
1091 2345 1181 2368 autem
1197 2341 1306 2369 visitato
1328 2350 1344 2369 a
1365 2341 1419 2370 Deo
1434 2342 1512 2371 Patre
1528 2348 1555 2371 et
1571 2344 1688 2372 Domino

901 2387 964 2415 Jesu
980 2387 1100 2414 Christo.
1121 2397 1131 2413 ι
1147 2388 1262 2415 lnnuere
1278 2392 1370 2415 autem
1387 2388 1494 2416 videtur
1510 2390 1601 2417 locum
1618 2390 1685 2425 Apo-

901 2433 1042 2468 calypseos
1050 2433 1083 2467 ",
1092 2441 1146 2468 quo
1154 2433 1282 2460 scribitur
1290 2434 1324 2461 ad
1341 2435 1436 2469 angelo
1442 2443 1465 2461 m
1483 2434 1685 2471 Smyrnaeorum

902 2479 1046 2507 Ecclesiae:
1060 2489 1069 2505 ι
1081 2479 1148 2507 Νονί
1158 2487 1239 2515 opera
1248 2485 1304 2508 tua.
1316 2490 1326 2507 ι
1338 2481 1403 2514 Quae
1413 2482 1435 2509 si
1444 2482 1596 2510 observatio
1612 2488 1686 2511 recta

903 2526 948 2560 sit,
965 2534 1019 2553 non
1043 2527 1222 2554 dubitandum
1240 2527 1301 2560 erit,
1332 2528 1446 2563 quinilli
1469 2533 1572 2562 septem
1598 2529 1687 2564 angeli

902 2572 1077 2600 ecclesiarum
1103 2572 1212 2600 totidem
1232 2572 1333 2600 fuerint
1348 2574 1457 2608 proprie
1472 2574 1539 2601 dicti
1554 2574 1685 2610 episcopi.

1194 2618 1308 2646 CAPUT
1328 2619 1385 2646 ΧΠ.

902 2667 1063 2701 Argumenta
1080 2674 1096 2692 α
1111 2666 1225 2693 dictione
1239 2667 1322 2701 petita
1340 2666 1506 2701 refelluntur.
1527 2667 1594 2694 Vera
1616 2668 1685 2694 uocis

955 2675 1063 2693 ‘umenm
1080 2675 1096 2692 α
1111 2675 1322 2727 arcuonefema
1340 2675 1506 2701 reletmmur.
1530 2675 1594 2694 vera
1616 2676 1685 2694 vom

955 2702 1065 2743 εοφὸρου
1078 2702 1157 2742 ἰιριίυ
1175 2710 1225 2743 opu
1245 2741 1249 2743 Δ
1266 2703 1398 2743 antiquos.
1411 2702 1452 2743 El:
1468 2710 1516 2729 vos:
1532 2702 1561 2730 S.
1578 2702 1685 2743 lignatio

937 2737 1000 2763 dum
1020 2737 1047 2763 in
1060 2737 1124 2763 vivis
1140 2742 1221 2768 esset,
1242 2737 1341 2763 tributa
1358 2742 1406 2763 est.
1427 2737 1564 2765 Sermones

938 2780 997 2798 cum
1011 2771 1127 2807 Trojano
1141 2772 1224 2798 habiti
1239 2772 1415 2806 explicantur.
1432 2771 1562 2807 Martyres
1579 2771 1686 2807 apage:-

935 2807 988 2838 nis,
1004 2807 1206 2840 κακοδαίμονες,
1228 2807 1332 2840 miseri,
1351 2816 1396 2834 seu
1412 2807 1533 2835 infelices
1543 2808 1683 2835 nominati.

939 2816 988 2838 ms,
1004 2816 1114 2834 κακοοαι
1138 2816 1206 2838 ονες,
1228 2816 1332 2840 nnserl,
1351 2816 1396 2834 seu
1412 2816 1533 2835 Intences
1543 2816 1683 2835 nominati.

939 2841 1045 2869 Fabula
1062 2844 1093 2870 de
1155 2842 1261 2877 lgnalio
1276 2851 1356 2878 puero
1376 2843 1403 2869 in
1418 2843 1488 2871 ulnis
1501 2842 1601 2871 Christi
1615 2850 1684 2873 acce-

1602 2739 1684 2772 gnatii
