1850 3072
149 183 201 211 399

675 185 706 213 S.
728 184 897 214 lGNATlUS.
919 202 953 206 —
968 185 1225 214 PROLEGOMENA

1715 186 1773 213 400

183 248 228 282 ρει]
245 251 292 282 Iroc
310 243 387 270 titulo
406 241 854 282 longeupostcrior,Alia__traditio
867 266 873 277 ,
888 246 928 272 illi

1011 246 1086 281 ’δρῶν
1099 246 1261 282 εἰρημένοις.
1281 246 1406 275 Oratione
1424 243 1458 273 37
1472 247 1536 279 εὭς
1550 255 1592 279 τις
1607 245 1663 274 τῶν
1677 246 1773 282 μικρῷ

185 278 282 313 Ῑαῡυίω
296 287 392 311 cornva,
405 278 533 315 veteribus
549 281 694 315 incognita.
721 280 830 307 Fabula:
846 282 930 315 ipsius

181 314 340 349 dnastan'us
367 319 390 340 et
416 314 616 349 Mempltrastes'
636 315 715 349 primi
747 316 928 344 meminerunt.

185 347 286 386 [gnatii
304 350 464 386 patriarcha:
487 347 774 386 Coustautiiwpolitani
799 356 876 378 (atate
889 352 931 386 [u-

183 383 252 421 ίιιιίαι
269 389 340 410 nata:
352 384 482 421 vitientur.
504 384 602 412 Noster
623 383 747 421 Igitutius
767 383 930 421 presbyteros

188 419 280 450 ῑεοέσς
294 427 343 445 non
358 419 484 454 appellat.

181 476 270 510 Atque
284 475 342 503 hazc
354 476 463 511 quidem
478 476 609 504 hactenus
624 476 657 503 de
675 476 756 503 rebus
775 477 853 511 ipsis,
870 485 930 512 quae

147 521 285 555 epistolas,
302 529 370 556 quas
390 521 576 555 defendimus,
600 521 628 549 S.
647 522 750 557 lgnatio
765 523 892 558 episcopo
905 527 931 550 et

146 567 258 602 martyri
279 567 367 595 aliena
386 575 470 594 manu
493 568 606 595 minime
626 568 750 596 subditas
765 567 850 596 fuisse
867 577 929 604 pcr-

146 613 271 640 suadent.
288 612 353 646 Quae
363 618 515 648 sequuntur
537 623 546 639 ί
562 614 713 641 orationem
725 635 732 648 ,
752 619 779 641 et
793 615 875 642 verba
896 623 929 642 cx

146 658 248 694 quibus
264 659 351 686 oratio
363 664 486 686 contexta
501 664 553 691 est,
576 670 585 686 ι
601 664 733 695 spectant.
750 660 788 688 De
807 661 930 688 oratione

148 705 174 731 in
191 712 288 739 genere
302 705 437 740 disputat,
453 706 499 733 sed
519 706 587 733 nihil
604 706 677 733 aliud
692 707 805 740 asserit,
828 714 927 742 quam,

145 751 274 785 epistolas
289 750 430 778 duodecim
442 761 451 776 ι
471 759 524 779 non
539 760 599 780 esse
614 753 695 780 unius
705 753 826 788 ejusdem
836 758 929 781 aucto-

145 804 194 829 ris,
212 806 220 821 ι
240 797 311 831 quod
322 797 346 824 ei
361 797 539 825 libentissime
553 798 738 826 concedimus.
752 799 818 830 Cum
837 804 928 828 autem

144 842 266 869 omnium
282 843 460 877 epistolarum
477 843 615 879 ingenium
633 849 659 871 et
673 844 759 872 ideam
776 845 870 873 eritice
886 853 929 874 rc-

144 892 302 922 przesentat,
319 889 524 923 antiquissimus
537 890 608 922 illas,
619 889 737 918 Eusebio
749 891 831 924 visas,
841 893 928 919 maxi-

145 941 188 960 me
198 934 333 968 exagitat:
350 942 444 961 carum
457 935 555 970 stylum
574 935 651 964 miris
664 937 754 965 modis
767 938 882 965 infamat
894 946 926 966 ac

143 979 281 1014 deturpat,
297 980 370 1008 illius
382 982 522 1009 sententiae
536 982 564 1009 S.
581 981 736 1019 Hieronymi
752 984 928 1012 minimeme-

144 1035 218 1055 mor:
238 1038 247 1054 ι
273 1028 336 1056 Scio
353 1029 423 1056 inter
438 1028 610 1058 Christianos
626 1031 772 1058 verborum
788 1031 853 1059 vitia
873 1039 927 1059 non

144 1074 230 1101 solere
245 1075 415 1109 reprehendi.
431 1085 440 1101 ι

179 1119 271 1147 Prima
289 1121 419 1148 dictionis
441 1121 517 1149 labes
529 1129 612 1157 quam
625 1122 753 1150 observat
772 1127 814 1150 est
826 1131 928 1159 cogno—

140 1172 265 1195 mentum
286 1167 415 1204 θεοφόρου
427 1168 521 1204 lgnatii
539 1168 644 1196 nomini
660 1177 765 1204 semper
779 1170 926 1205 adjectum.

143 1213 177 1240 At
192 1218 263 1240 certe
277 1213 300 1240 si
314 1221 367 1240 vox
387 1213 515 1249 θεοφόρος
531 1220 741 1249 cognomentum
758 1215 807 1248 sit,
828 1216 927 1251 stylum

143 1259 185 1286 vel
206 1258 353 1287 dictionem
371 1259 484 1287 minime
507 1259 595 1294 laedit;
623 1268 712 1296 neque
735 1262 879 1297 quisquam
894 1271 927 1291 eo

142 1305 238 1333 rudius
255 1310 302 1333 aut
323 1306 454 1333 incultius
477 1306 597 1334 scribere
612 1307 666 1334 dici
683 1312 792 1342 potest,
811 1309 883 1343 quod
897 1317 927 1336 se

141 1351 184 1379 vel
197 1359 251 1379 uno
265 1351 307 1379 vel
325 1352 450 1386 pluribus
466 1352 623 1380 nominibus
643 1354 750 1388 probat.
773 1353 825 1382 Sed
842 1365 851 1380 ι
875 1356 927 1383 hoc

143 1396 238 1432 lgnalii
255 1404 355 1424 nomen
381 1397 550 1432 Theophorus
575 1404 602 1424 et
627 1398 698 1433 apud
726 1400 927 1428 vetustissimos

142 1449 239 1470 omnes
253 1447 295 1470 est
307 1442 471 1476 inauditum,
485 1447 512 1471 et
525 1444 604 1480 plane
617 1444 783 1477 fabulosum,
799 1450 826 1473 et
840 1454 873 1473 ex
886 1445 927 1472 fa-

142 1489 205 1516 bula
219 1493 320 1516 ortum.
331 1487 402 1525 Ergo
415 1489 544 1524 epistolas
557 1490 668 1518 alterius
682 1491 799 1526 alicujus
807 1492 853 1519 diu
867 1496 927 1526 post

141 1533 274 1569 lgnatium
288 1534 373 1562 fuisse
387 1542 499 1563 necesse
511 1539 563 1562 est.
584 1545 594 1562 ι
609 1535 667 1563 Hoc
683 1536 766 1571 igitur
781 1545 926 1571 argumen-

982 291 1098 327 πρόσθεν
1114 291 1251 328 θεοφόρων
1267 291 1471 328 ἐφιλοσόφησεν.
1489 292 1628 320 Palladius
1644 292 1671 319 in
1693 291 1758 319 Prae

981 335 1082 363 fatione
1093 336 1234 365 Lausiacze
1248 337 1367 365 historiae
1380 347 1386 365 :
1402 337 1481 374 Παρὰ
1493 338 1631 373 θεοφόρων
1643 337 1774 372 ἀθλητῶν

980 381 1027 408 τοῦ
1044 382 1163 418 Χριστοῦ
1180 383 1229 418 τὴν
1252 383 1377 419 οὐράνιον
1395 383 1497 410 τούτων
1512 383 1583 419 ζωὴν
1603 384 1769 419 ἐκμεμάθη-

981 437 1025 454 κα.
1044 428 1161 461 Quintus
1178 429 1206 457 S.
1223 430 1314 465 Cyrilli
1327 431 1573 458 anathematismus
1597 431 1632 458 ah
1647 432 1770 458 Anasta-

981 475 1022 501 sio
1039 483 1153 502 versus:
1170 484 1179 501 ι
1197 475 1225 503 Si
1245 477 1307 510 quis
1324 476 1404 504 audet
1420 476 1660 504 dicere’Christum
1676 477 1773 504 homi-

979 530 1042 549 nem
1067 522 1208 559 ἄνθρωπον
1237 523 1382 560 Θεοφόρον,
1417 524 1443 551 id
1470 528 1513 551 est
1541 524 1680 551 hominem
1711 523 1772 551 Deo

980 573 1100 595 utentem
1124 576 1154 596 se
1177 574 1360 604 asportantem
1376 566 1443 604 [lege
1460 569 1517 597 sive
1527 569 1714 606 portantem].
1743 575 1772 597 et

979 621 1033 640 non
1053 613 1139 641 Deum
1152 622 1213 642 esse
1234 616 1367 642 veraciter
1387 615 1505 648 dixerit,
1527 616 1671 643 anathema
1690 616 1740 643 sit.
1757 625 1768 643 ι

980 659 1012 686 Et
1027 664 1115 688 tamen
1139 660 1168 687 Β.
1193 660 1380 688 'l‘heodoretus
1391 682 1398 694 ,
1412 661 1457 688 τὴν
1472 661 1598 697 Θεοφόρον
1618 662 1646 688 δὲ
1661 661 1770 698 ἄνθρω-

979 713 1029 731 πον
1045 705 1082 736 ὠς
1103 705 1209 737 πολλοῖς
1231 706 1285 733 τῶν
1307 706 1392 740 ἁγίων
1414 707 1543 743 Πατὲρων
1566 707 1712 743 εἰρημένον
1738 707 1769 733 οὐ

979 751 1195 786 παραιτούμεθα·
1212 762 1222 778 ε
1242 750 1378 779 Deiferum
1394 753 1541 784 hominem,
1556 751 1628 778 sicut
1641 759 1657 778 ο
1671 752 1770 778 multis

979 798 1081 824 sanctis
1094 796 1220 825 Patribus
1233 797 1321 825 dictus
1335 802 1393 830 est,
1413 805 1466 824 non
1482 797 1632 832 rejicimus.
1652 807 1661 823 ι
1676 798 1770 832 Cyril-

979 841 1021 869 lus
1032 846 1121 869 autem
1138 851 1144 869 :
1160 843 1252 877 Φαμὲν
1266 843 1321 879 γὰρ
1337 843 1416 878 ἡμεῖς
1432 843 1463 869 τὸ
1479 842 1515 878 μὴ
1531 842 1631 878 χρῆναι
1645 843 1718 880 πρός
1731 852 1771 870 τι-

979 897 1023 920 νος
1039 888 1166 925 θεοφόρον
1176 889 1317 925 ἄνθρωπον
1333 888 1510 924 ὀνομάζεσθαι
1526 888 1571 915 τὸν
1587 889 1769 924 Χριστδν,ἶνα

981 935 1017 970 μὴ
1027 935 1086 962 καθ’
1098 935 1294 970 ἕνατῶνάγίων
1301 937 1395 962 νοοῖτο.
1407 944 1416 961 ι
1428 935 1548 963 Dicimus
1559 935 1631 962 enim
1643 944 1695 962 nos
1711 944 1768 963 non

979 981 1077 1009 debere
1088 982 1122 1008 ab
1131 981 1222 1017 aliquo
1233 981 1369 1009 Deiferum
1386 982 1525 1008 hominem
1539 982 1676 1009 nominari
1690 982 1769 1009 Chri-

979 1032 1062 1061 stum,
1082 1033 1159 1055 utne
1181 1028 1252 1055 sicut
1277 1036 1350 1056 unus
1371 1034 1529 1056 sanctorum
1554 1029 1733 1063 intelligatur.
1754 1040 1766 1056 ι

978 1073 1109 1110 Eulogius
1126 1075 1197 1109 apud
1213 1074 1340 1102 Photium
1353 1075 1386 1102 de
1401 1074 1431 1102 S.
1454 1075 1555 1110 Cyrillo
1572 1083 1579 1101 :
1599 1076 1628 1102 '0
1643 1076 1667 1102 δ’
1685 1077 1768 1108 αὐτὸς

976 1120 1105 1156 θεοφόρος
1120 1120 1188 1156 ἀνὴρ
1201 1121 1251 1147 κᾶν
1263 1120 1301 1156 τῷ
1313 1121 1431 1156 δευτέρῳ
1445 1121 1660 1157 ἀναθεματισμῷ
1676 1122 1710 1148 τὰ
1722 1123 1769 1148 αὺ-

977 1165 1011 1192 τὰ
1029 1166 1086 1201 βοᾷ.
1103 1165 1227 1199 Photius,
1245 1167 1359 1201 epistola
1374 1168 1462 1202 prima
1481 1168 1514 1195 de
1523 1168 1617 1202 quinta
1636 1168 1765 1204 synodo:

978 1212 1062 1238 Πέντε
1084 1212 1112 1238 δὲ
1135 1213 1181 1239 καὶ
1201 1213 1334 1248 ἐξήκοντα
1350 1215 1397 1240 καὶ
1415 1214 1513 1240 ἑκατὸν
1527 1213 1665 1250 Θεοφόρων
1683 1216 1767 1242 πατὲ-

978 1265 1032 1292 ρων
1048 1258 1184 1293 παρουσίᾳ
1200 1257 1246 1284 καὶ
1267 1258 1401 1294 συνδρομῇ
1419 1258 1592 1294 ἐκρατύνετο.
1611 1258 1649 1286 De
1668 1265 1766 1286 sexta:

983 1303 1182 1339 Ἐὄδομήκοντα
1200 1304 1228 1330 δὲ
1250 1304 1296 1331 καὶ
1317 1305 1413 1331 ἑκατὸν
1431 1305 1570 1341 θεοφόροις
1590 1305 1706 1341 ἀνδράσι
1722 1306 1766 1332 τὸν

977 1349 1070 1383 ἀγῶνα
1097 1350 1275 1386 ὑποδυομένη.
1302 1350 1339 1378 De
1365 1351 1504 1385 septima:
1533 1351 1593 1378 Τῶν
1622 1352 1766 1388 μακαρίων

977 1396 1087 1423 ἐκείνων
1104 1396 1150 1422 καὶ
1163 1396 1242 1432 ἱερῶν
1258 1396 1361 1434 ἀνδρῶν
1376 1398 1391 1432 ἠ
1409 1397 1537 1435 θεοφόρος
1554 1398 1600 1424 καὶ
1617 1398 1686 1432 ἁγία
1700 1408 1761 1425 παν-

976 1442 1082 1478 ήγυρις.
1104 1442 1352 1477 Frequentissimus
1382 1443 1465 1478 igitur
1489 1444 1572 1479 hujus
1595 1445 1724 1472 vocabuli
1738 1445 1765 1472 in

976 1495 1098 1518 veterum
1115 1491 1223 1525 scriptis
1248 1499 1314 1518 usus
1336 1491 1485 1525 reperitur,
1512 1491 1592 1526 cujus
1618 1492 1764 1527 explicatio

977 1536 1004 1562 in
1018 1536 1135 1564 Scholiis
1150 1536 1259 1563 Maximi
1272 1537 1304 1564 ad
1321 1538 1410 1564 locum
1419 1537 1540 1573 Dionysii
1551 1537 1666 1565 citatum
1676 1538 1765 1567 fusius

141 1585 199 1608 tum
220 1588 270 1608 suo
291 1580 352 1609 loco
366 1581 499 1608 dimotum
520 1585 613 1614 est,~et
631 1582 664 1609 ad
680 1589 710 1609 ea
722 1583 848 1617 pertinet,
864 1591 926 1618 quae

1011 1581 1112 1608 lditur:
1128 1581 1284 1617 Σημείωσαι
1301 1583 1342 1608 ὅτι
1363 1582 1409 1608 καὶ
1431 1582 1461 1608 τὸ
1480 1582 1534 1609 τῶν
1551 1583 1637 1617 ἁγίων
1662 1583 1765 1620 θρόνων

141 1630 295 1661 temporum
311 1626 391 1653 iidem
405 1627 516 1661 pulsare
532 1627 687 1655 videantur.
710 1628 764 1655 Sed
787 1628 861 1656 salva
880 1636 925 1656 res

138 1676 204 1706 est;
225 1677 252 1700 et
271 1672 357 1707 magis
378 1676 453 1700 certa
474 1672 557 1707 hujus
578 1673 752 1708 cognominis
775 1674 925 1708 antiquitas

141 1726 224 1753 quam
237 1722 267 1745 ut
278 1718 396 1745 recentis
411 1717 511 1745 fabula:
522 1723 652 1752 praetextu
666 1718 819 1753 rejiciatur,
838 1719 925 1754 magis

138 1764 281 1798 explorata
295 1763 420 1791 vocabuli
437 1763 511 1791 notio
523 1764 550 1790 in
568 1768 691 1791 veterum
707 1763 826 1799 scriptis,
842 1772 925 1799 quam

141 1815 173 1839 ut
185 1811 369 1846 posteriorum
383 1810 493 1845 ineptiis
504 1809 640 1837 cludatur.

176 1857 309 1893 Θεοφόρος
326 1865 378 1884 vox
396 1861 437 1884 est
453 1857 574 1891 antiquis
594 1855 722 1884 Ecclesiae
746 1855 925 1891 scriptoribus

141 1904 259 1930 maxime
278 1903 439 1936 familiaris;
459 1906 489 1929 ut
509 1902 574 1930 huic
596 1902 648 1937 ipsi
665 1902 792 1937 scriptori
814 1901 924 1936 Ephesii

141 1949 306 1986 θεοφόροι,οι
317 1950 444 1985 ναοφόροι
461 1949 598 1976 dicuntur.
616 1948 653 1975 Ita
668 1949 793 1976 Clemens
808 1949 925 1976 Alexan-

141 1995 237 2023 drinus
252 1995 279 2023 in
291 1995 431 2030 Excerptis
443 1995 685 2031 asseritﬁeocpépov
694 1994 812 2028 γίνεσθαι
828 1994 872 2022 τὸν
882 1995 924 2021 ἄν·

141 2041 250 2078 θρωπον
263 2042 403 2078 προσεχῶς
414 2040 608 2078 ἐνεργούμενον
626 2040 678 2067 ὑπὸ
691 2041 739 2067 τοῦ
755 2041 866 2076 Κυρίου,
880 2041 926 2067 καὶ

140 2087 265 2124 καθάπερ
283 2087 362 2123 σῶμα
382 2087 464 2114 αὐτοῦ
487 2087 636 2122 γινόμενον.
655 2085 687 2113 Et.
705 2086 833 2114 Slromal.
845 2107 852 2120 ,
875 2087 923 2114 lib.

140 2142 177 2162 VII
189 2144 195 2161 :
209 2135 244 2161 'H
255 2135 305 2161 οὐκ
319 2133 508 2170 οἷδατε,φησὶν
518 2135 532 2160 ό
551 2133 720 2164 Ἀπόστολος,
734 2132 774 2158 ὅτι
791 2133 853 2164 ναός
862 2132 923 2159 ἐστε

140 2181 186 2208 τοῦ
203 2181 285 2214 Θεοῦ;
301 2181 377 2213 Θεῖος
393 2181 447 2217 ἄρα
461 2181 476 2208 ό
489 2179 639 2215 γνωστικὺς
656 2179 702 2206 καὶ
717 2179 767 2214 ἤδη
782 2179 858 2213 ἅγιος
871 2178 927 2205 θεο-

141 2227 232 2263 φορῶν
255 2229 301 2255 καὶ
317 2227 538 2263 Θεοφορούμενος.
556 2226 628 2254 Idem
644 2226 717 2253 enim
732 2230 774 2253 est
793 2225 925 2260 templum

974 1627 1066 1663 τάγμα
1082 1627 1209 1663 θεοφόρον
1226 1625 1311 1659 εἶπεν,
1329 1627 1366 1659 ὡς
1384 1627 1465 1663 φέρον
1481 1628 1689 1664 ἀναπαυόμενον
1705 1638 1764 1664 νοη-

974 1674 1028 1705 τῶς
1044 1673 1088 1700 τὸν
1109 1672 1185 1700 Θεόν.
1199 1673 1270 1709 Ὅρα
1285 1671 1331 1700 οὖν
1348 1673 1440 1709 ἐπειδὴ
1456 1674 1503 1700 καὶ
1519 1675 1533 1700 ό
1557 1674 1694 1710 μακάριος
1711 1675 1763 1701 Βα-

975 1719 1072 1751 σίλειος
1094 1719 1108 1745 ὁ
1131 1719 1318 1754 Καππαδόκης
1346 1720 1394 1755 τὴν
1424 1720 1551 1756 Θεοφόρον
1577 1719 1638 1747 εἷπε
1665 1722 1762 1756 σάρκα,

975 1763 1124 1799 σκοπητέον
1140 1763 1198 1796 πῶς
1218 1763 1335 1800 εἴρηται.
1353 1765 1422 1791 Ἀλλ’
1437 1766 1453 1800 ἡ
1472 1766 1521 1800 μὲν
1538 1765 1605 1801 σὰρξ
1624 1766 1762 1793 αὐτοῦτοῦ

973 1810 1077 1845 Κυρίου
1094 1810 1153 1836 κατ’
1169 1810 1261 1836 οὐσίαν
1277 1811 1323 1837 καὶ
1339 1811 1399 1838 καθ’
1416 1812 1564 1838 ὑπόστασιν
1576 1813 1681 1848 ἥνωται
1691 1812 1763 1848 αὐτῷ

973 1855 1012 1891 τῷ
1028 1856 1087 1891 Θεῷ
1108 1857 1203 1891 Λόγῳ·
1228 1856 1268 1882 διὸ
1289 1857 1334 1883 καὶ
1352 1859 1531 1894 σαρκοφορείν
1547 1858 1631 1890 αὐτὸς
1654 1858 1762 1893 λέγεται

974 1901 1050 1937 παρὰ
1065 1901 1119 1928 τῶν
1136 1901 1275 1938 Πατέρων,
1290 1902 1337 1928 καὶ
1355 1902 1444 1938 σάρκα
1459 1903 1633 1930 ἐνδύσασθαι.
1653 1905 1688 1930 Τί
1703 1904 1763 1931 ἆτο-

975 1956 1024 1975 πον
1039 1945 1086 1975 οὖν
1102 1949 1126 1974 εὶ
1150 1948 1195 1975 καὶ
1218 1949 1235 1984 ἡ
1255 1949 1322 1985 σὰρξ
1338 1949 1419 1976 αὑτοῦ
1435 1949 1544 1983 λέγεται
1561 1949 1705 1986 Oeocpdpog,
1726 1951 1762 1982 ὡς

975 1993 1093 2029 φέρουσα
1109 1993 1154 2020 τὸν
1170 1993 1235 2020 Θεὸν
1251 1994 1335 2028 Λόγον
1350 1994 1409 2022 καθ’
1419 1994 1514 2021 ἕνωσιν
1528 1995 1701 2028 ἀδιᾶστατον,
1715 1997 1761 2022 αό-

974 2039 1020 2066 τοῦ
1047 2039 1114 2075 σὰρξ
1137 2039 1183 2066 καὶ
1205 2039 1336 2076 λεγομένη
1353 2041 1399 2067 καὶ
1421 2041 1579 2076 ὑπάρχουσα
1596 2042 1701 2078 κυρίως
1717 2043 1762 2068 καὶ

975 2084 1045 2111 κατὰ
1061 2084 1198 2120 ἀλήθειαν.
1213 2083 1292 2112 Οὗτοι
1308 2085 1336 2111 δὲ
1353 2085 1423 2112 κατὰ
1436 2085 1515 2121 χάριν
1532 2085 1643 2120 ἔχοντες
1657 2087 1687 2112 ὲν
1698 2087 1762 2113 tuo»

974 2132 1030 2162 τοῖς
1046 2131 1091 2158 τὸν
1104 2131 1170 2157 Θεὸν
1186 2131 1297 2167 ἀρρήτῳ
1309 2140 1338 2157 τε
1353 2131 1424 2166 λόγῳ
1438 2132 1484 2158 καὶ
1499 2132 1651 2167 ἀνεννοήτῳ
1661 2132 1763 2167 διανοίᾳ

975 2177 1097 2214 θεοφόροι
1124 2177 1170 2204 χαὶ
1194 2177 1269 2204 αὐτοὶ
1294 2177 1338 2204 διὰ
1363 2177 1443 2204 τοῦτο
1458 2177 1590 2212 λέγονται.
1610 2187 1620 2204 ε
1642 2177 1762 2206 Observa

976 2230 1038 2250 eum
1057 2227 1213 2250 sanctorum
1235 2224 1395 2251 thronorum
1415 2223 1538 2250 ordinem
1560 2224 1693 2260 θεοφόρον
1713 2232 1762 2251 no-

140 2273 188 2301 Dei
205 2281 281 2307 esse,
298 2278 325 2301 et
340 2273 468 2309 θεοφόρον
484 2280 562 2305 esse.
579 2273 621 2300 vel
637 2272 784 2308 θεοφορεῐν.
808 2271 924 2298 Sanctus

1011 2269 1093 2303 mare,
1106 2269 1189 2296 veluti
1212 2270 1335 2304 ferentem
1358 2270 1578 2297 intellectualiter
1596 2271 1761 2298 residentem

140 2319 300 2354 Dionysius,
315 2319 434 2346 Caelestis
445 2319 599 2346 hierarchiw
619 2326 679 2353 cap.
696 2318 721 2350 7,
735 2318 814 2345 docet
825 2325 925 2344 nomen

141 2366 231 2393 throni
255 2366 327 2393 inter
348 2365 457 2393 ordines
479 2366 619 2401 angelicos
639 2367 769 2394 denotare
784 2366 813 2393 τὸ
829 2367 925 2401 θεοφό-

141 2421 197 2448 ρον.
216 2412 245 2439 S.
258 2411 376 2439 Basilius
392 2411 428 2438 De
441 2410 544 2446 Spiritu
560 2411 601 2444 S.,
613 2420 672 2447 cap.
689 2413 705 2440 5
719 2421 726 2438 :
751 2413 798 2440 Ἐκ
818 2413 864 2440 τοῦ
879 2413 926 2439 ἁν-

140 2458 275 2493 θρωπείου
292 2457 452 2494 φυράματος
500 2456 627 2492 θεοφόρος
645 2457 712 2493 σὰρξ
726 2459 863 2494 συνεπάγη
875 2478 882 2490 ,
899 2463 926 2485 ot

140 2503 253 2530 homilia
275 2504 304 2530 in
326 2502 525 2530 Nativitatem:
542 2502 614 2528 Ἔδει
635 2503 665 2529 τὸ
680 2504 791 2539 Πνεῦμα
808 2504 854 2530 καὶ
877 2504 925 2540 τὴν

138 2548 253 2583 δύναμιν
265 2549 312 2576 τοῦ
327 2549 453 2584 Ὑψίστου
461 2548 508 2584 τὴν
522 2547 650 2584 Θεοφόρον
667 2549 773 2584 ἐκείνην
789 2550 926 2585 συστήσα-

142 2593 203 2619 σθαι
219 2593 318 2628 σάρκα.
336 2593 375 2620 Ac
396 2600 492 2619 rursus
512 2592 624 2619 homilia
648 2592 674 2620 in
698 2594 833 2628 psalmum
852 2602 896 2620 ιιι
914 2603 919 2620 :

147 2637 288 2673 Ὑπόδημα
303 2638 331 2664 δὲ
353 2638 403 2673 τῆς
420 2637 544 2672 θεότητος
561 2638 577 2672 ὴ
594 2637 720 2674 θεοφόρος
742 2638 825 2674 σὰρξ,
843 2638 876 2664 δι’
892 2636 925 2674 ἧς

141 2683 227 2719 ἐπέϐη
243 2685 298 2715 τοῖς
310 2683 471 2719 ἀνθρώποις.
496 2683 642 2718 Gregorius
663 2683 850 2712 Nazianzenus
868 2685 926 2718 epi-

141 2729 210 2757 stola
229 2730 263 2756 ad
278 2729 433 2757 Cledonium
454 2729 471 2756 2
484 2729 541 2768 ,‘de
561 2730 763 2765 Apollinaristis
783 2738 789 2754 ί
810 2730 846 2756 Τὸ
870 2729 925 2756 δεῖν

141 2776 302 2812 προσκυνεῖν
321 2775 358 2812 μὴ
371 2775 512 2812 ἄνθρωπον
529 2775 655 2811 θεοφόρον
667 2795 674 2807 ,
691 2775 759 2802 ἀλλὰ
779 2775 845 2802 Θεὸν
860 2784 926 2811 σαρ-

141 2822 266 2856 κοφόρον·
284 2827 329 2848 et:
342 2821 386 2854 Μὴ
401 2821 489 2856 σάρκα
502 2820 640 2856 Θεοφόρον,
657 2820 724 2847 ἀλλὰ
736 2820 802 2846 Θεὸν
820 2820 924 2856 ἀνθρω-

140 2868 270 2903 ποφόρον.
289 2866 419 2895 Oratione
441 2867 520 2894 tertia
537 2876 544 2893 :
559 2867 687 2893 Βούλεται
704 2866 757 2902 γὰρ
772 2867 837 2901 ἡμῖν
852 2867 866 2891 ὁ
881 2865 926 2892 λό-

140 2921 188 2948 τος
212 2911 250 2948 μὴ
274 2913 373 2946 ἐξεῖναι
395 2913 544 2942 διαπιστεῖν
565 2913 622 2945 τοῖς
645 2911 697 2939 ὑπὸ
713 2911 766 2940 τῶν
789 2911 924 2947 θεοφόρων

977 2315 1073 2343 Deum.
1090 2314 1180 2348 Quare
1194 2323 1255 2342 cum
1275 2316 1356 2342 etiam
1371 2315 1400 2342 B.
1416 2315 1530 2343 Basilius
1543 2315 1693 2350 Cappadox
1709 2316 1763 2342 θεο-

975 2360 1057 2396 φόρον
1072 2368 1183 2388 carnem
1207 2361 1286 2393 dixit,
1298 2361 1525 2388 considerandum
1541 2362 1683 2395 quomodo
1697 2362 1759 2389 illud

974 2407 1076 2434 dictum
1101 2407 1146 2434 sit.
1173 2407 1244 2434 Caro
1258 2411 1348 2434 autem
1365 2407 1451 2442 ipsius
1476 2407 1584 2434 Domini
1609 2409 1758 2435 secundum

975 2453 1156 2480 substantiam
1177 2458 1204 2480 et
1226 2454 1375 2481 secundum
1398 2454 1608 2481 subsistentiam
1623 2454 1702 2482 unita
1721 2460 1759 2481 est

975 2499 1026 2533 ipsi
1044 2499 1099 2526 Deo
1110 2498 1216 2527 Verbo:
1231 2505 1398 2535 quapropter
1411 2504 1438 2527 et
1454 2501 1645 2536 σαρκοφορεῖν,
1656 2510 1759 2528 carnem

975 2546 1043 2580 ferre
1064 2546 1121 2581 ipse
1143 2547 1243 2574 dicitur
1264 2554 1279 2574 a
1300 2546 1436 2579 Patribus,
1462 2551 1487 2574 et
1508 2555 1614 2573 carnem
1642 2547 1756 2575 induere.

975 2591 1040 2624 Qua:
1060 2591 1141 2626 igitur
1154 2592 1326 2624 absurditas,
1345 2592 1368 2620 si
1383 2593 1465 2619 etiam
1484 2600 1549 2619 caro
1571 2592 1635 2627 ejus
1652 2594 1757 2620 dicatur

974 2637 1111 2673 θεοφόρος,
1128 2640 1257 2671 tauquam
1271 2638 1355 2672 ferens
1371 2637 1455 2664 Deum
1471 2637 1590 2664 Verbum
1607 2639 1756 2665 secundum

975 2684 1102 2710 unionem
1116 2683 1339 2718 inseparabilem;
1352 2691 1413 2711 cum
1427 2683 1513 2718 ipsius
1527 2691 1593 2710 caro
1611 2688 1637 2711 el
1652 2685 1756 2711 dicatur

974 2735 1000 2756 et
1019 2730 1054 2757 sit
1075 2729 1184 2764 proprie
1202 2734 1229 2756 et
1255 2729 1405 2757 secundum
1429 2729 1570 2756 veritatem
1587 2730 1599 2755 ?
1619 2729 1653 2756 lli
1670 2735 1754 2757 autem

974 2783 1022 2810 per
1032 2775 1147 2810 gratiam
1162 2776 1293 2803 habentes
1307 2776 1334 2803 in
1353 2775 1450 2810 seipsis
1462 2775 1559 2808 Deum,
1575 2776 1706 2803 ineﬂ'abili
1716 2783 1756 2804 ra-

975 2820 1048 2847 tione
1071 2825 1098 2848 et
1118 2821 1284 2856 incogitabili
1303 2821 1438 2849 intellectu
1451 2843 1459 2855 ,
1473 2821 1555 2849 etiam
1571 2822 1623 2856 ipsi
1636 2821 1755 2857 θεοφόοοι

975 2871 1120 2901 propterea
1135 2866 1273 2894 dicuntur.
1282 2876 1291 2893 ν

1011 2910 1087 2940 Hanc
1099 2919 1192 2940 veram
1211 2912 1335 2941 vocabuli
1351 2911 1489 2941 notionem
1503 2920 1565 2940 cum
1583 2917 1694 2941 veteres
1705 2917 1755 2939 tau-
