1850 3072
71 146 118 173 801

483 147 508 175 Ι1.
525 145 710 175 PEARSONII
731 145 892 175 VINDICIJE
913 148 1123 176 lGNATIANE.
1143 165 1178 171 —
1197 149 1286 176 PARS
1306 149 1338 177 ll:

1654 151 1706 178 ‘03

72 209 99 232 to
117 211 258 232 consensu
275 209 446 240 agnoscant,
463 213 551 241 neque
574 214 608 233 an
627 207 697 234 idem
713 206 741 234 S.
763 207 867 242 Ignatio
882 211 903 238 Α
918 208 987 236 dixit
1002 218 1009 236 :
1027 209 1067 236 Tu
1091 209 1174 245 igitur
1193 210 1221 237 in
1245 210 1333 245 teipso
1359 209 1500 237 Christum
1527 209 1706 238 eireuml‘ers'

75 249 250 286 peculiariter
263 251 429 278 attributum
443 252 478 279 sit
491 252 638 288 quisquam
654 252 776 286 dubitet;
792 262 866 288 quae-

75 297 141 324 ritur
157 301 266 323 tantum
283 305 346 333 quae
368 297 403 326 sit
420 298 568 333 antiquitas
586 298 666 334 hujus
685 300 864 334 cognominis,

75 351 107 369 an
123 342 218 369 fabula
233 343 374 370 vetustius
385 348 523 378 appareat,
540 349 567 371 et
578 343 682 380 lgnatio
699 346 760 372 vivo
775 345 865 380 impo-

75 389 157 416 silum
174 389 273 423 fuerit;
289 397 324 416 an
351 389 441 425 potius
458 389 548 417 fabula
565 391 700 426 posterius
715 395 742 418 et
766 399 798 418 ex
821 390 866 418 illa

75 441 180 463 natum.
195 435 291 463 Primo
312 435 395 471 igitur
414 437 465 464 boc
484 437 552 464 mihi
567 437 679 464 concedi
695 437 803 472 postulo
814 459 820 471 ,
837 441 866 464 ut

73 486 136 508 ante
154 482 289 516 scriptam
306 481 417 509 Eusebii
430 483 572 511 historiam
587 490 686 510 nomen
704 483 750 510 τοῦ
770 483 867 518 Θεοφά-

73 536 120 563 ρου
135 527 244 563 lgnatio
259 527 421 554 attributum
437 528 489 561 sit;
506 528 529 556 si
540 529 613 556 enim
628 533 721 564 postea
733 530 863 556 insertum

71 578 168 607 esset,
193 574 372 609 epistolarum
391 582 460 609 quas
479 574 652 602 defendimus
675 576 864 603 auctoritatem

72 620 201 647 minuere
218 627 272 646 non
298 624 404 654 posset,
427 628 488 648 cum
507 621 567 648 illas
581 621 689 649 easdem
715 629 777 649 esse
796 629 865 656 quas

72 666 142 692 vidit
153 665 302 697 Eusebius.
319 666 401 693 etiam
415 666 563 694 adversarii
574 673 734 703 agnoscant.
751 667 809 695 lmo
819 675 866 695 no-

73 719 135 738 men
156 711 212 738 hoc
228 711 352 746 epistolis
369 719 490 739 coaevum
513 712 598 740 fuisse
617 713 683 740 mihi
707 714 816 741 videtur
831 722 864 741 ex

73 757 140 792 ipsis
156 757 282 793 epistolis
298 759 387 793 colligi
407 767 462 786 non
476 759 565 794 inepte
580 767 671 795 posse.
685 760 731 788 Sic
745 761 817 789 enim
829 762 863 789 ad

72 804 232 841 Smyrnaeos
247 806 365 841 scriptor
379 806 516 840 loquitur:
530 807 561 834 Τί
577 807 631 843 γάρ
649 816 683 843 με
697 807 797 843 ὡφελεί
810 818 862 842 τις,

70 853 94 878 εἰ
110 852 163 887 ἐμὲ
181 853 299 884 ἐπαινεῖ,
316 853 360 879 τὸν
373 852 401 879 δὲ
411 853 513 889 mpm
523 861 572 888 μου
585 853 740 889 βλασφημεῖ
757 854 793 890 μὴ
803 856 864 890 ὁμο-

70 897 158 931 λογῶν
180 898 263 924 αὐτὸν
281 899 463 935 σαρκοφόρον;
491 899 519 925 ’0
534 899 562 926 δὲ
579 898 656 926 τοῦτο
674 900 710 935 μὴ
725 899 812 933 λέγων
823 909 863 927 τε-

70 944 150 975 λείως
171 944 253 970 αὑτὸν
271 944 426 980 ἀπήρνηται
449 945 486 977 ὡς
506 945 684 981 νεκροφόρος·
703 946 737 972 τὰ
752 946 781 972 δὲ
806 946 863 973 ὀνό-

71 998 145 1026 ματα
157 990 248 1017 αὐτῶν
257 990 322 1017 ὄντα
331 990 433 1017 ἄπιστα
443 991 493 1018 οὐκ
504 991 576 1024 ἕδοξέ
587 1000 630 1027 μοι
641 991 754 1028 γράψαι.
767 1001 776 1016 ε
792 991 862 1025 Quid

69 1036 144 1063 enim
162 1036 241 1070 juvat
254 1044 296 1064 me
313 1037 376 1071 quis
396 1037 419 1064 si
432 1045 476 1064 me
490 1037 595 1070 laudat,
609 1037 753 1065 Dominum
772 1043 861 1066 autem

72 1089 164 1108 meum
180 1081 363 1116 blasphemat,
382 1090 436 1109 non
452 1084 585 1110 confitens
601 1091 663 1110 eum
681 1083 863 1111 carniferum?

70 1127 122 1160 Qui
146 1133 239 1155 autem
260 1129 313 1156 hoc
337 1137 392 1156 non
411 1129 478 1156 dicit
494 1129 582 1164 ipsum
603 1130 722 1165 perfecte
745 1130 863 1166 abnega-

71 1175 122 1206 vit,
144 1176 284 1203 exsistens
314 1175 447 1203 mortifer.
474 1175 591 1204 Nomina
620 1181 712 1204 autem
738 1178 861 1212 ipsorum

69 1222 233 1250 exsistentia
244 1223 364 1250 inlidelia
374 1231 427 1250 non
442 1223 531 1250 visum
544 1228 585 1251 est
597 1223 664 1251 mihi
677 1224 836 1252 inscribere.
849 1234 859 1250 ι

71 1269 139 1302 Quis
161 1269 235 1296 enim
261 1277 315 1296 non
343 1269 416 1296 videt
441 1269 575 1305 lgnatium
592 1270 624 1296 axl
649 1277 747 1297 nomen
769 1270 862 1304 θεοφό-

71 1324 118 1351 ρου
134 1316 260 1350 epistolae
273 1316 411 1351 praeﬁxum
427 1317 563 1349 alludere,
581 1317 653 1351 quod
673 1318 785 1352 agnovit
809 1318 861 1346 sibi

72 1368 104 1387 ne
115 1361 227 1396 quidem
241 1369 260 1388 a
269 1361 377 1388 Doeetis
390 1366 516 1395 negatum
531 1361 633 1390 fuisse?
646 1361 754 1390 Illorum
770 1368 860 1391 autem

73 1407 167 1434 laudes
187 1415 243 1434 non
267 1408 524 1442 acceptabathdum
544 1415 607 1435 eum
631 1408 760 1444 θεοφόρον
778 1417 861 1437 voca-

73 1458 148 1485 rent,
164 1457 296 1488 negarent
311 1458 402 1481 autem
424 1453 562 1481 Christum
584 1455 769 1491 σαρκοφόρον,
787 1460 814 1483 et
832 1464 862 1483 se

73 1499 223 1534 probarent
235 1498 432 1535 vexpo’popouc'
450 1507 537 1534 neque
555 1507 649 1527 eorum
669 1501 781 1528 nomina
797 1502 862 1529 reci-

73 1549 130 1572 tare
150 1545 271 1571 volebat.
295 1544 327 1572 Et
347 1545 373 1571 in
388 1545 500 1580 epistola
516 1545 549 1573 ad
571 1546 725 1582 Magnesios
742 1557 749 1573 :
769 1548 862 1575 Κατα-
876 1561 898 1592 c

73 1589 180 1622 ξιωθεῖς
201 1589 255 1626 γὰρ
275 1590 407 1625 ὀνόματος
423 1591 656 1626 θεοπρεπεστάτου
675 1593 705 1619 ὲν
721 1589 761 1624 οἷς
784 1602 861 1629 περι-

74 1636 148 1672 φέρω
170 1636 281 1672 δεσμοῖς
301 1636 357 1672 ᾄδω
379 1637 428 1670 τὰς
452 1637 624 1673 Ἑκκλησίας.
647 1647 657 1664 I
682 1638 863 1675 Dignilicatus

73 1683 144 1709 enim
166 1682 280 1709 nomine
298 1681 549 1711 Deodecentissimo
570 1683 597 1711 in
617 1685 718 1719 quibus
741 1686 861 1713 circum-

74 1726 131 1755 fero
144 1727 264 1754 vinculis
279 1733 360 1755 canto
374 1727 519 1756 Ecclesias.
541 1740 550 1756 ι
570 1728 622 1757 Ubi
639 1731 690 1758 viri
710 1732 781 1760 docti
797 1733 863 1766 jun-

73 1777 141 1807 gunt
163 1773 230 1800 illud
250 1781 349 1801 nomen
371 1782 434 1801 cum
457 1775 486 1801 ὲν
502 1772 557 1808 οἷς,
582 1781 609 1803 et
636 1781 733 1811 putant
746 1785 805 1805 esse
822 1778 863 1804 νυι

74 1818 280 1852 Christianum,
299 1820 379 1854 quasi
394 1819 568 1848 Christianus
592 1829 647 1848 non
664 1821 763 1854 fuerit,
784 1829 863 1851 ante-

74 1873 156 1900 quam
172 1866 200 1893 in
216 1866 324 1894 vincula
339 1866 481 1901 conjectus
493 1871 549 1898 est;
560 1867 601 1894 vel
617 1867 802 1896 confessorem
816 1873 863 1897 aut

75 1916 236 1947 martyrem,
252 1920 316 1939 cum
328 1912 496 1940 confessoris
515 1921 614 1940 nomen
632 1914 700 1941 adeo
718 1915 861 1949 antiquum

75 1963 134 1983 esse
150 1957 266 1984 minime
282 1957 424 1990 videatur;
441 1962 587 1993 martyrem
610 1962 702 1985 antem
721 1966 862 1994 nunquam

75 2010 104 2029 se
124 2002 246 2036 appellat
270 2001 399 2038 lgnatius.
424 2001 457 2030 Et
480 2003 594 2030 omnino
619 2003 663 2030 illa
678 2004 758 2031 verba
779 2005 807 2031 ἐν
823 2002 863 2036 οἷς

75 2047 331 2083 περιφέρωδεσμοῖς
341 2048 431 2083 potius
441 2049 618 2083 sequentibus
626 2049 683 2084 ᾄδω
691 2049 739 2081 τὰς
755 2050 865 2086 Ἐκκλη-

76 2093 135 2125 aia;
147 2093 322 2128 adjnngenda
335 2093 472 2121 videntur.
490 2093 568 2127 Quod
582 2099 609 2121 et
622 2102 656 2121 ex
677 2095 813 2122 sententia
829 2096 864 2122 ab

76 2139 311 2175 imperatorelata
326 2141 424 2169 melius
440 2142 528 2169 adhuc
540 2141 714 2176 intelligitur;
727 2141 779 2168 sub
789 2142 863 2169 enim

76 2186 127 2214 hoc
141 2187 255 2214 nomine
270 2187 416 2223 θεοφόρου,
433 2192 459 2214 et
477 2187 511 2214 ad
530 2187 591 2222 ejus
604 2187 802 2222 expositionem
817 2195 863 2214 re-

77 2233 176 2260 latione
195 2233 296 2266 habita,
310 2234 335 2260 in
347 2233 458 2261 vincula
471 2234 613 2268 coniectus
628 2238 680 2266 est,
695 2233 733 2260 uti
749 2232 776 2260 in
788 2233 863 2260 Actis

77 2279 192 2314 legimus
206 2288 212 2306 :
235 2289 244 2304 ι
262 2279 399 2314 Trajanus
416 2279 606 2307 sententiavit:
621 2278 754 2315 lgnatium
766 2279 863 2314 praeci-

78 2326 167 2360 pimus
183 2326 211 2353 iu
229 2326 319 2360 seipso
335 2326 472 2353 dicentem
490 2325 668 2354 circumferre
685 2325 867 2359 cruciﬁxum,

78 2372 197 2399 vinctum
209 2379 225 2399 a
238 2372 370 2400 militibus
381 2372 443 2400 duci
453 2373 479 2399 in
488 2380 614 2408 magnam
631 2371 757 2399 Romam.
769 2381 778 2397 ι
789 2372 864 2400 Adeo

80 2426 129 2444 non
144 2419 207 2446 sine
220 2426 361 2446 sarcasmo
383 2419 531 2453 imperator
553 2417 686 2454 lgnatium
700 2418 866 2446 condemna-

81 2466 124 2493 vil.
144 2465 198 2493 Sed
212 2466 345 2494 habemus
362 2471 447 2494 testes
466 2465 576 2493 Eusebii
597 2466 765 2500 temporibus
784 2466 865 2501 longe

80 2512 257 2548 antiquiores.
276 2512 469 2540 Vetustissima
483 2512 556 2539 enim
570 2512 636 2540 Acta
652 2512 711 2540 haec
720 2511 820 2540 diserte
832 2511 866 2538 de

82 2557 108 2585 S.
129 2557 236 2594 lgnatio
256 2566 351 2586 coram
377 2557 497 2592 Trajano
527 2558 692 2592 imperatore
716 2557 867 2584 constituto

80 2607 200 2631 narrant.
220 2614 230 2629 ι
247 2603 384 2639 Trajanus
395 2602 482 2630 dixit:
495 2602 564 2636 Quis
575 2611 604 2631 es
619 2606 662 2637 tu,
679 2602 866 2636 cacodzemon,

80 2650 123 2686 qui
141 2655 235 2678 nostra
259 2654 397 2686 prxcepta
421 2649 534 2678 festinas
559 2649 726 2685 transgredi;
753 2653 781 2676 et
804 2648 867 2675 aliis

81 2697 225 2732 persuades
249 2702 279 2724 ut
297 2696 371 2724 male
387 2696 517 2731 pereant?
536 2694 656 2730 lgnatius
675 2694 743 2722 dixit
758 2703 765 2722 :
781 2693 866 2721 Nemo

83 2743 271 2779 Theophorum
285 2742 506 2771 cacodmmonem
523 2746 610 2769 vocat.
622 2750 631 2767 ι
642 2741 764 2768 Rursus:
775 2750 784 2766 ε
799 2739 868 2767 Tra-

80 2791 156 2825 janus
177 2790 246 2818 dixit
266 2799 274 2816 :
301 2789 336 2816 Et
358 2788 422 2823 quis
445 2793 488 2815 est
517 2787 720 2823 Theophorus?
747 2786 867 2822 lgnatius

79 2837 164 2866 dixit:
184 2836 238 2870 Qui
260 2836 405 2864 Christum
428 2835 509 2864 habet
532 2835 559 2863 in
585 2839 704 2870 pectore.
732 2833 867 2869 Traianus

112 2896 135 2913 ⁵⁵
150 2895 171 2924 ﬂ
186 2896 252 2925 Cor.
270 2903 312 2928 vr,
326 2893 372 2922 l6.

917 253 1038 289 lgnatius
1051 255 1121 282 dixit
1139 263 1146 281 :
1168 254 1305 291 Scriptum
1325 261 1368 283 est
1379 255 1454 283 ellim
1471 265 1478 283 :
1496 253 1657 283 Inlaubitabo
1676 255 1705 282 in

916 299 982 334 ipsis
999 305 1024 327 ιι
1042 300 1212 328 inambulabo
1223 301 1256 328 “.
1273 310 1283 327 ι
1305 300 1357 334 Qui
1378 301 1456 328 locus
1474 300 1614 336 propheta
1635 307 1651 328 Δ
1671 299 1703 328 8.

916 345 1017 382 Cyrillo
1039 347 1073 374 ad
1093 347 1140 374 τοῦ
1162 347 1291 383 θεοφόρου
1312 348 1523 386 explicationem
1545 346 1703 375 adhibetur.

916 391 964 420 llis
978 393 1067 420 verbis
1080 397 1107 420 et
1121 401 1185 420 vera
1204 393 1354 428 antiquitas
1368 394 1504 426 nominis,
1525 398 1553 421 et
1566 401 1630 421 vera
1650 401 1703 421 no-

917 439 955 466 tio
974 439 1116 468 asseritur.
1131 440 1184 468 Sed
1198 439 1316 468 Dallaeus
1328 440 1459 468 Actorum
1471 446 1610 468 auctorem
1626 450 1635 466 σ
1656 441 1702 468 diu

916 491 978 521 post
995 486 1092 521 lgnatii
1109 491 1230 522 tempora
1247 497 1257 513 )
1275 487 1378 515 vixisse
1389 491 1478 522 putat,
1493 496 1503 513 ς
1524 487 1598 523 quod
1610 492 1637 515 et
1648 487 1703 515 alia

916 531 1093 565 confirmant,
1112 532 1212 567 inquit,
1227 537 1254 560 et
1265 533 1336 560 inter
1352 538 1449 560 caetera
1465 541 1618 566 sermones,
1632 540 1702 568 quos

915 585 978 605 cum
997 577 1116 612 Traiano
1137 586 1151 605 a
1174 583 1294 614 martyre
1315 579 1423 606 habitos
1446 579 1513 606 Acta
1537 579 1590 607 ista
1605 584 1702 614 praeter

915 631 1023 651 omnem
1036 625 1092 652 veri
1107 633 1140 652 ac
1152 625 1244 653 decori
1257 625 1374 660 speciem
1387 625 1611 660 lingunt.»Miror
1623 626 1703 661 equi-

915 670 975 697 dem
988 678 1049 698 cum
1065 671 1122 699 hare
1137 670 1231 706 lgnatii
1254 671 1321 699 Acta
1349 679 1490 706 nunquam
1511 671 1545 699 de
1566 671 1701 699 industria

915 716 1065 751 refutasse;
1082 717 1233 752 praesertim
1249 725 1312 745 cum
1333 725 1365 744 ea
1382 722 1438 744 tam
1459 717 1565 744 illustre
1581 717 1702 752 epistola

915 763 948 790 ad
963 763 1101 791 Rornauos
1119 763 1308 791 testimonium
1324 764 1472 798 praebeant,
1486 771 1570 798 quam
1589 763 1634 791 ille
1646 768 1701 791 tam

915 809 1055 837 fastidiose
1069 810 1168 845 rejicit.
1182 810 1313 843 Quaenam
1327 810 1372 837 illa
1388 811 1441 837 alia
1454 810 1510 838 sint
1522 810 1632 843 nescio,
1644 817 1703 837 ser-

916 863 1011 882 mones
1028 861 1100 883 certe
1118 864 1206 892 neque
1222 857 1277 883 veri
1293 863 1380 891 neque
1397 856 1488 884 decori
1504 856 1625 884 rationes
1645 860 1703 883 tur-

916 901 990 928 bant.
1005 901 1063 929 Una
1079 906 1184 929 tantum
1200 911 1252 930 vox
1266 910 1281 929 a
1305 901 1423 938 Trajano
1438 906 1569 937 usurpata
1589 901 1702 937 reliquis

913 947 1043 975 omnibus
1056 948 1230 975 occasionem
1245 948 1374 983 przebuit;
1393 956 1476 984 quam
1502 956 1584 976 nemo
1603 947 1703 975 dixerit

914 992 1072 1027 imperatori
1087 993 1200 1021 minime
1211 993 1376 1026 convenire,
1390 994 1438 1029 qui
1458 1001 1518 1021 eam
1532 998 1606 1021 recte
1622 993 1702 1021 intel-

914 1039 1018 1066 lexerit.
1039 1039 1137 1066 Mirum
1154 1039 1271 1067 fortasse
1282 1039 1365 1067 alicui
1387 1040 1533 1072 videbitur,
1551 1039 1701 1075 Trajanum

914 1084 954 1111 sic
976 1084 1109 1120 lgnatium
1127 1085 1307 1119 compellasse
1323 1094 1329 1112 :
1354 1095 1364 1111 ι
1390 1084 1457 1119 Quis
1474 1090 1502 1112 tu
1518 1093 1564 1118 es,
1582 1085 1705 1113 cacodte-

913 1129 1009 1156 mon?»
1020 1129 1072 1157 Sed
1081 1129 1209 1164 quinovit
1221 1129 1285 1164 quid
1305 1130 1341 1157 sit
1354 1129 1537 1165 κακοδαίμων,
1547 1134 1575 1157 et
1585 1137 1703 1165 quomo-

913 1176 948 1203 do
963 1175 1281 1211 Christianosinjudicio
1289 1177 1456 1211 compellare
1471 1177 1599 1204 solebant
1611 1177 1700 1204 ethni-

913 1221 954 1253 ei,
971 1220 1049 1249 facile
1069 1222 1168 1250 sentiet
1186 1226 1214 1250 et
1237 1230 1331 1250 vermu
1353 1223 1405 1251 hoc
1423 1228 1450 1251 et
1471 1223 1601 1250 decorum
1625 1230 1698 1251 esse.

914 1265 1078 1294 SicLatiuus
1091 1267 1224 1302 interpres
1237 1268 1264 1294 in
1276 1267 1407 1296 Passione
1417 1268 1580 1296 Andronici:
1596 1267 1703 1295 «Maxi-

913 1320 974 1340 mus
986 1312 1056 1340 dixit
1070 1322 1077 1340 :
1093 1312 1163 1346 Quid
1175 1313 1231 1348 jam
1250 1313 1333 1341 habes
1352 1313 1456 1347 facere,
1469 1314 1540 1341 male
1552 1314 1671 1347 daemon,
1687 1323 1698 1341 ι

913 1366 974 1386 cum
991 1366 1091 1393 praeses
1109 1359 1154 1386 ille
1169 1359 1236 1386 nihil
1253 1359 1327 1387 aliud
1345 1360 1449 1388 dixisse
1463 1360 1603 1394 videatur,
1617 1369 1700 1395 quam

913 1404 1084 1440 κακόδαιμον.
1099 1403 1149 1431 Est
1162 1409 1252 1432 autem
1267 1405 1440 1440 κακοδαίμων
1451 1405 1519 1433 nihil
1531 1406 1604 1434 aliud
1618 1414 1705 1442 quam

913 1450 1005 1477 infelix
1028 1451 1119 1477 homo.
1143 1449 1233 1477 Gloss.
1258 1449 1315 1477 Vet.
1336 1450 1511 1486 κακοδαίμων
1529 1460 1540 1478 ‹
1558 1452 1700 1479 calamito«

913 1503 970 1522 sus.
989 1504 998 1521 ι
1021 1494 1054 1522 Ut
1071 1494 1120 1522 Dio
1135 1494 1351 1530 Clu'ysostomus
1364 1496 1411 1531 qui
1428 1496 1495 1524 vixit
1513 1497 1566 1524 sub
1586 1497 1702 1532 imperio

914 1541 1026 1577 Trajani
1046 1542 1245 1569 Alexandrinos
1268 1542 1417 1577 alloquitur
1439 1542 1566 1571 oratione
1583 1543 1618 1570 52
1640 1554 1648 1572 :
1668 1543 1702 1570 Τί

913 1586 959 1616 οὖν
975 1588 1053 1616 τοῦτο
1068 1588 1202 1624 λαμπρὸν,
1219 1585 1243 1615 ὧ
1260 1588 1472 1624 κακοδαίμονες;
1501 1598 1511 1614 ί
1531 1587 1600 1622 Quid
1619 1589 1701 1625 igitur

913 1635 965 1662 hoc
978 1635 1102 1670 praeclari
1115 1639 1167 1668 est,
1185 1642 1202 1661 ο
1216 1633 1357 1662 infelices?
1377 1643 1388 1661 ι
1406 1634 1460 1662 Eos
1476 1639 1567 1662 autem
1581 1635 1618 1662 ita
1630 1642 1702 1662 com-

914 1681 1011 1716 pellat,
1028 1685 1137 1716 propter
1157 1681 1219 1709 illos
1237 1681 1285 1716 qui
1301 1681 1385 1708 vitam
1403 1689 1482 1708 suam
1505 1685 1602 1716 printer
1616 1681 1701 1708 ratio-

914 1735 975 1754 nem
997 1727 1181 1762 projeccrunt.
1197 1727 1264 1753 Φασὶ
1286 1725 1351 1762 γοῦν
1370 1727 1419 1763 ἤδη
1436 1727 1512 1759 τινὰς
1530 1727 1584 1754 τῶν
1595 1727 1702 1754 ἀπολω-

913 1773 996 1800 λότων
1012 1773 1056 1800 διὰ
1071 1773 1120 1809 τὴν
1136 1773 1263 1809 τοιαύτην
1280 1774 1414 1809 πρόφασιν
1430 1774 1644 1806 νεανιεύσασθαι,
1662 1773 1700 1810 μὴ

914 1819 1147 1856 παραιτουμένους
1156 1820 1201 1847 τὸν
1218 1819 1343 1853 θάνατον,
1354 1820 1421 1846 ἀλλὰ
1436 1820 1699 1858 προσλιπαροῦντας,

913 1865 986 1896 ὅπως
1002 1864 1154 1891 ἀκούσωσιν
1171 1865 1309 1892 ὲπιπλέον.
1331 1874 1341 1891 t
1361 1865 1445 1892 Aiunt
1459 1865 1541 1901 igitur
1552 1866 1609 1901 jam
1621 1874 1702 1901 quos-

914 1910 976 1937 dam
989 1918 1085 1938 eorum
1100 1910 1147 1946 qui
1158 1912 1298 1946 perierunt
1312 1918 1346 1938 ex
1370 1912 1416 1938 tali
1431 1919 1514 1939 causa
1529 1911 1655 1939 animose
1671 1918 1702 1939 se

914 1957 1048 1992 gessisse,
1067 1965 1122 1984 non
1138 1957 1316 1992 deprecantes
1334 1961 1450 1985 mortem
1462 1977 1470 1990 ,
1486 1957 1533 1985 sed
1546 1958 1701 1993 supplican-

915 2008 965 2035 tes,
982 2007 1010 2030 nt
1026 2003 1131 2031 diutius
1146 2003 1241 2031 audire
1258 2004 1361 2032 liceret.
1380 2013 1390 2029 ι
1408 2002 1464 2031 llos
1483 2003 1641 2038 δυστυχεῖς,
1654 2012 1701 2031 τασ-

913 2050 1085 2086 λαιπὼρους.
1102 2050 1299 2086 κακοδαίμονας
1318 2050 1455 2085 appellat;
1477 2055 1506 2078 et
1529 2050 1700 2078 Christianos

914 2096 948 2123 ad
969 2095 1099 2131 martyria
1112 2094 1274 2123 festinantes
1288 2095 1356 2123 tales
1373 2095 1486 2122 omnino
1504 2094 1654 2130 putabant,
1674 2099 1702 2122 et

914 2140 1023 2167 miseros
1038 2147 1070 2167 ac
1085 2140 1202 2174 infelices
1214 2139 1339 2167 homines
1358 2145 1425 2168 tunc
1438 2140 1570 2176 temporis
1582 2140 1703 2175 plerum-

915 2194 969 2222 que
992 2186 1135 2213 vocabant.
1153 2184 1189 2212 Ut
1207 2185 1305 2213 Arrius
1326 2185 1480 2215 Antoninus
1506 2186 1578 2221 apud
1595 2184 1703 2213 Tertul-

915 2234 1019 2261 lianum
1036 2233 1063 2260 in
1076 2233 1139 2260 Asia
1153 2237 1285 2268 martyres
1300 2233 1434 2261 allocutus
1446 2237 1505 2260 est:
1517 2231 1553 2259 Ὠ
1569 2232 1660 2265 δειλοί,
1674 2233 1703 2261 id

915 2284 972 2313 est,
994 2288 1004 2305 ‹
1029 2287 1046 2307 o
1068 2279 1161 2307 miseri
1189 2284 1217 2306 et
1242 2278 1364 2307 infelices
1392 2279 1535 2307 homines!
1555 2288 1564 2304 ι
1590 2278 1701 2306 Homeri

917 2324 1097 2358 Scholiastes,
1113 2322 1136 2352 ὧ
1152 2325 1247 2352 ἄθλιοι.
1266 2324 1418 2361 Hesychius
1434 2334 1440 2352 :
1456 2323 1494 2351 *Δ
1502 2324 1593 2357 δειλοὶ,
1610 2321 1633 2351 ὦ
1649 2324 1702 2351 δει-

915 2371 967 2403 λοὶ,
983 2371 1029 2399 καὶ
1045 2371 1249 2406 κακοδαίμονες.
1268 2371 1345 2400 Unde
1362 2371 1432 2399 idem
1447 2371 1634 2399 emendandus
1645 2376 1700 2399 sta-

916 2418 964 2445 tim
981 2418 1015 2445 ab
1031 2418 1119 2451 initio,
1132 2419 1179 2445 καὶ
1194 2418 1224 2444 τὸ
1235 2426 1253 2444 α
1269 2418 1379 2455 ἄρθρον,
1400 2419 1437 2450 ὡς
1455 2420 1521 2454 παρ’
1542 2418 1663 2455 Ὁμήρῳ,
1679 2421 1698 2447 ἄ

915 2464 998 2500 δηλοῖ.
1018 2464 1171 2500 Legendum
1185 2465 1256 2491 enim
1272 2469 1323 2498 est,
1345 2469 1391 2492 καὶ
1412 2465 1443 2491 τὸ
1458 2474 1480 2491 ω
1492 2465 1592 2501 ἄρθρον
1615 2465 1704 2501 (nem-

916 2519 950 2545 pe
968 2511 1062 2547 δηλοῐ),
1073 2512 1110 2543 ὡς
1128 2512 1192 2546 παρ’
1212 2511 1331 2548 Ὁμήρῳ,
1347 2509 1384 2538 τΑ
1394 2511 1484 2538 δειλοί.
1498 2511 1598 2546 Nuperi
1612 2512 1702 2540 edito-

917 2564 962 2584 res
985 2562 1097 2585 monent
1120 2558 1164 2586 hic
1181 2553 1201 2585 ἆ
1226 2566 1279 2585 non
1295 2565 1356 2585 esse
1374 2557 1484 2594 ἄρθρον,
1513 2558 1560 2585 sed
1590 2558 1703 2586 omnino

916 2603 1005 2630 voluit
1027 2602 1178 2639 Hesychius
1198 2602 1216 2631 ἆ
1243 2603 1314 2639 apud
1340 2602 1487 2631 Homerum
1507 2611 1557 2638 pro
1588 2600 1611 2629 ὦ
1637 2604 1703 2630 arti-

917 2649 981 2677 culo
998 2649 1116 2684 positum
1130 2657 1206 2683 esse;
1233 2650 1291 2685 ipse
1315 2649 1388 2677 enim
1413 2657 1463 2677 suo
1494 2649 1577 2677 loco:
1596 2646 1631 2676 Ὠ
1652 2649 1703 2685 ἀρ-

918 2695 998 2731 θρον,
1025 2695 1157 2730 κλητικῆς
1188 2696 1326 2728 πτώσεως,
1344 2693 1400 2723 οἷον
1415 2693 1453 2723 ’Ὤ
1469 2694 1613 2730 ἄνθρωπε.
1632 2695 1703 2731 Lege

919 2741 1003 2776 igitur
1029 2741 1076 2767 καὶ
1099 2741 1130 2766 τὸ
1157 2737 1190 2774 ὦ,
1217 2742 1450 2776 quemadmodum
1480 2741 1552 2776 apud
1588 2739 1702 2768 Suidam

918 2787 1043 2822 legimus,
1061 2786 1108 2813 καὶ
1121 2786 1150 2812 τὸ
1166 2783 1199 2818 ὦ,
1221 2787 1354 2822 Ὄμηρος,
1378 2786 1396 2814 ἆ
1413 2787 1515 2823 δειλή-ει
1535 2787 1639 2818 κακῶν,
1656 2787 1701 2813 ubi

918 2834 1000 2862 etiam
1011 2832 1164 2868 legendum,
1174 2831 1210 2859 *Δ
1222 2833 1320 2865 δειλοὶ,
1329 2834 1354 2860 τί
1363 2834 1471 2867 κακῶν;
1481 2834 1576 2875 Odyss.
1585 2832 1618 2864 ll,
1631 2832 1680 2860 451
1695 2841 1700 2858 ;
