1850 3072
162 148 215 176 M3

684 152 712 179 S.
732 152 904 182 lCNA'l'lllS.
923 168 958 174 —
977 151 1245 181 PROLEGOMENA.

1730 150 1784 178 ιοι

161 205 199 236 Ἀ
216 208 320 242 δειλοὶ,
337 210 406 237 atde”
423 211 500 246 ιμεν,
517 220 543 238 τι
560 211 660 239 κακῶν
676 213 801 248 ιμείρετε
815 214 944 245 roditur;

1026 213 1044 240 Ii
1058 211 1172 241 Joannis
1183 212 1301 248 theologi
1312 219 1458 248 germanus
1473 210 1625 246 discipulus
1641 208 1703 242 iuit,
1719 217 1786 236 san-

198 253 238 280 Ad
253 261 314 288 quae
338 253 447 282 Homeri
464 256 557 289 verba,
573 266 582 282 ι
604 264 690 291 quare
709 259 767 286 haec
788 258 860 286 mala
876 258 944 286 adeo

162 298 341 327 desideratis?
357 309 367 325 ι
383 300 509 328 allusisse
529 302 638 329 videtur
658 303 754 331 Arrius
777 304 943 332 Antoninus.

162 344 210 373 Sic
220 345 355 374 Maximus
370 355 471 382 praeses
494 347 614 376 Probum
637 350 823 378 confessorem
847 352 945 380 allatus

160 396 219 419 est:
238 400 248 418 ι
267 392 416 427 Requiesce
431 401 446 420 a
467 395 588 422 vanitate
607 400 676 423 tua:
697 404 732 423 an
753 404 897 432 permanes
916 398 944 424 in

160 437 261 465 duritia
281 438 383 466 miser?
402 449 412 465 ι
426 445 453 467 et
469 449 475 467 :
500 450 509 466 ι
534 442 649 470 Attende
663 450 762 476 corpus
777 447 854 471 tuum
867 464 875 477 ,
893 443 945 471 mi-

159 490 224 515 ser;
244 492 254 509 ι
271 488 297 510 et
311 484 515 513 Andronicum:
534 496 544 513 ι
563 486 623 514 Non
635 488 721 516 sentis
734 493 879 521 tormenta,
893 491 944 517 mi-

158 529 221 557 ser?
235 538 244 554 ι
263 535 289 557 et
303 529 456 559 Tarachum
472 541 480 559 :
497 541 506 558 ι
527 532 655 561 Miserere
663 534 720 569 jam
737 535 793 568 tui,
808 535 912 567 miser;
931 545 940 562 ι

157 579 241 610 atque
259 575 296 603 ita
312 577 422 612 saepius.
438 577 498 605 Non
522 579 602 606 aliter
624 579 785 609 Ammianus
806 581 942 609 Marcelli-

158 629 211 649 nus
226 631 233 648 :
252 631 261 648 ι
277 621 462 659 Poterantque
477 624 625 653 miserandi
643 626 767 655 homines
783 628 817 655 ad
835 629 944 657 crudele

157 669 322 705 supplicium
338 671 412 699 ducti
431 671 653 701 Christianorum
670 674 828 709 adiumento
846 674 942 704 defen-

157 716 196 749 di,
209 717 236 744 ni
253 717 363 754 Georgii
375 718 440 746 odio
453 727 549 747 omnes
573 720 720 749 indiscrete
740 721 911 757 ﬁagrassent.
930 732 940 749 ι

156 763 227 791 Cum
245 764 328 799 igitur
346 764 481 800 Trajanus
506 766 540 794 ad
563 766 698 802 lgnatium
722 767 774 796 hac
795 769 944 804 compella-

156 811 232 838 tione
243 819 309 839 usus
327 817 410 845 esset,
426 809 448 839 ὦ
465 814 640 849 κακόδαιμον,
655 814 700 842 ille
712 821 819 851 arrepta
837 817 888 845 hac
898 825 943 845 oc-

156 857 278 891 casione,
294 858 415 893 gentium
430 858 571 895 δαίμονας,
584 865 614 888 ut
626 861 750 889 solebant
761 863 940 891 vetustissimi

156 903 315 938 Christiani,
330 905 459 940 exagitat.
470 904 607 934 Putabant
617 907 690 934 enim
701 908 802 935 ethnici
817 908 941 937 homines

155 949 357 985 κακοδαίμονας
373 950 452 978 malis
468 952 556 986 geniis
570 960 619 979 seu
641 952 811 982 daemonibus
824 954 940 982 inservi-

155 1002 196 1023 re.
214 994 281 1022 Dion
301 994 526 1031 Chrysostomus,
544 998 669 1026 oratione
679 999 714 1026 25
731 1009 737 1027 :
758 999 877 1037 Ἀνάγκη
892 1009 942 1028 κα-

155 1041 301 1077 κοδαίμονα
321 1043 435 1077 φάσκειν
450 1044 532 1071 αὑτὸν
548 1045 625 1081 κακῷ
640 1045 747 1082 δαίμονι
764 1047 942 1084 συνεζευγμέ-

155 1093 200 1111 νον
221 1086 268 1112 καὶ
287 1086 460 1122 λατρεύοντα.
477 1097 487 1114 ‹
505 1088 621 1118 Necesse
634 1095 677 1119 est
702 1099 764 1119 eum
785 1093 875 1120 dicere
897 1093 941 1120 in-

155 1129 261 1158 felicem
273 1152 281 1164 ,
314 1133 386 1160 malo
407 1135 486 1169 genio
501 1135 678 1171 conjunctum
698 1142 725 1165 et
740 1139 912 1166 servientem.
929 1149 938 1166 ι

154 1175 235 1210 Nam,
267 1182 299 1206 ut
326 1179 456 1208 observat
483 1181 650 1216 Chalcidius,
682 1192 692 1209 ι
718 1183 796 1219 juxta
823 1192 941 1220 usurpa-

155 1227 211 1250 tam
241 1231 324 1259 penes
344 1224 453 1254 Graecos
475 1226 603 1262 loquendi
637 1230 861 1257 consuetudinem
884 1236 940 1259 tam

154 1270 243 1297 sancti
265 1274 328 1298 sunt
351 1270 506 1305 daemones,
531 1281 613 1308 quam
637 1275 734 1309 polluti
752 1280 779 1303 ct
803 1276 905 1304 infecti.
929 1287 938 1304 ν

153 1315 279 1344 Ostendit
290 1316 373 1352 igitur
384 1318 504 1353 seipsum
517 1327 572 1347 non
588 1321 940 1357 malogenioconjunctum,

154 1360 201 1388 sed
216 1360 272 1388 Deo
286 1361 386 1396 potius,
403 1362 446 1390 vel
461 1363 495 1390 ab
512 1363 571 1399 ipsa
598 1366 778 1401 appellatione
799 1367 939 1404 θεοφόρου,

153 1414 215 1441 qua:
235 1406 287 1441 ipsi
303 1415 318 1434 a
334 1407 499 1437 Christianis
514 1410 643 1439 attributa
661 1416 713 1440 est.
728 1411 776 1440 His
789 1413 940 1442 observatis

153 1453 253 1488 reliqui
271 1461 414 1482 sermones
428 1459 455 1483 et
468 1456 592 1490 personis
615 1462 642 1485 et
665 1457 704 1485 rei
720 1458 772 1493 ipsi
788 1459 855 1487 satis
870 1467 940 1487 con-

154 1499 278 1526 sentanei
293 1503 368 1526 sunt.
386 1499 525 1529 Fruantur
544 1502 628 1537 igitur
645 1511 676 1531 ea
694 1504 861 1540 antiquitatis
881 1505 940 1540 opi-

153 1544 237 1572 nione
253 1552 336 1579 quam
353 1545 388 1573 iis
406 1545 534 1575 Usserius
550 1548 742 1584 antiquitatum
760 1550 882 1585 optimus
894 1551 939 1586 ju-

152 1590 204 1618 dex
217 1590 383 1618 conciliavit.
400 1590 494 1627 Neque
510 1593 567 1620 haec
579 1601 632 1621 vox
653 1594 737 1621 ullum
760 1594 795 1622 iis
810 1595 938 1623 novitatis

153 1637 261 1672 signum
278 1637 417 1672 imprimit.
433 1637 560 1673 Epistolas
574 1639 639 1674 ipsa!
654 1644 717 1668 ante
731 1639 840 1668 Eusebii
849 1641 939 1669 Histo-

152 1684 222 1710 riam
235 1690 267 1710 ex
291 1683 511 1712 adversariorum
524 1685 706 1719 confessione,
722 1694 755 1714 ex
771 1691 865 1724 nostra
881 1687 940 1715 dis-

152 1729 296 1765 putatione
311 1737 326 1758 a
341 1729 492 1767 Polycarpo
511 1732 590 1760 edita:
610 1732 674 1760 huic
695 1733 851 1768 antiquitati
871 1734 938 1762 satis

153 1776 346 1812 suﬁ'ragantur.
362 1776 455 1812 Neque
469 1777 564 1805 dubito
582 1778 647 1813 quin
665 1779 698 1806 ad
715 1779 823 1807 titulum
844 1787 937 1815 respe-

152 1822 223 1849 xerit
239 1827 349 1850 sanctus
366 1822 512 1859 Dionysius
537 1831 600 1852 cum
628 1831 691 1852 eum
724 1825 832 1853 vocavit
860 1825 937 1853 Θεῖον

159 1867 299 1903 Ἰγνάτιον.
321 1867 473 1897 Succinunt
486 1869 610 1905 epistolis
629 1875 685 1898 tres
710 1870 813 1898 nobiles
828 1870 939 1899 Graeciae

153 1914 310 1949 scriptores,
322 1913 503 1950 Epliramius,
516 1914 612 1943 Jobius
631 1920 658 1943 et
676 1915 809 1944 Gobares.
831 1915 939 1952 Ephre-

152 1959 226 1988 mius
240 1960 398 1995 patriarcha
414 1961 577 1995 Antiochia,
593 1965 621 1989 et
631 1960 728 1997 lgnatii
744 1969 778 1989 ex
795 1961 938 1990 intervallo

152 2011 296 2032 successor
321 2005 392 2033 inter
412 2004 507 2033 Patres
522 2006 647 2034 meminit
667 2006 796 2041 Ίγνατιου
815 2007 862 2034 τοῦ
880 2007 938 2034 θεο-

153 2050 252 2087 φόρου,
272 2055 341 2079 teste
359 2051 458 2080 Photio
474 2052 568 2080 codice
589 2052 653 2081 227.
672 2051 769 2082 Jobius
785 2054 937 2082 monachus

151 2096 224 2131 apud
245 2097 370 2124 ettmdem
382 2117 389 2129 ,
407 2098 501 2126 codice
516 2098 570 2126 222
590 2107 598 2126 :
620 2099 688 2134 Φησὶ
709 2099 763 2135 γὰρ
778 2101 793 2126 ὁ
810 2100 938 2136 θεοφόρος

158 2141 286 2176 Ἰγνάτιος
297 2142 359 2178 τρία
371 2142 462 2170 λαθεῖν
471 2143 516 2170 τὸν
531 2144 650 2181 ἄρχοντα
662 2145 709 2172 τοῦ
724 2145 820 2178 αἰῶνος
829 2146 935 2173 τούτου.

147 2186 308 2221 Stephanus
330 2186 456 2215 Gobarus
477 2189 540 2217 cod.
560 2189 614 2216 232
635 2199 641 2217 :
666 2190 795 2225 Ἰγνάτιος
815 2191 907 2227 μέντοι
923 2193 937 2219 ὁ

148 2231 295 2266 Θωφόρος.
322 2233 369 2260 καὶ
396 2233 512 2269 Κλήμης
535 2235 550 2261 ὁ
573 2235 761 2271 Στρωματεύς.
790 2237 829 2264 Ad
856 2237 936 2264 ﬁnem

151 2282 221 2306 sext.
238 2278 331 2307 saeculi
347 2278 478 2308 Leontius
491 2280 649 2317 Byzantius,
665 2282 717 2310 sub
735 2282 813 2310 initio
830 2284 937 2318 septimi

150 2325 304 2353 Antiochus
315 2346 324 2359 ,
346 2332 377 2353 ut
391 2326 418 2353 in
432 2325 608 2356 Testimoniis
622 2328 714 2356 videre
729 2333 791 2362 est,
809 2329 881 2357 idem
898 2334 938 2358 te—

151 2375 268 2399 stantur.
281 2371 382 2399 Eodem
399 2373 499 2400 saeculo
521 2378 617 2401 auctor
636 2374 760 2403 Chronici
781 2375 936 2404 Alexandri-

152 2420 192 2452 m',
205 2417 285 2452 cujus
300 2417 487 2445 testimonium
505 2419 666 2452 omisimus,
683 2421 812 2455 quoniam
836 2422 938 2457 episto-

150 2461 205 2488 lam
223 2461 414 2496 interpolatam
439 2466 541 2496 spectat
559 2470 565 2487 τ
584 2462 644 2489 Ὀτι
667 2463 694 2490 δὲ
710 2465 784 2499 τρεῖς
798 2465 937 2497 ἐνιαυτοὺς

151 2506 273 2542 κηρύξας
287 2508 318 2534 τὸ
329 2507 493 2542 Εὑαγγέλιον
503 2509 517 2535 ὁ
531 2507 634 2543 Κύριος
648 2509 694 2535 ἐπὶ
703 2510 748 2536 τὸν
761 2510 883 2538 ἑκούσιον
891 2512 937 2539 καὶ

151 2552 283 2584 ζωοποιὸν
297 2550 362 2588 ἦλθε
374 2553 501 2590 σταυρὸν,
516 2553 635 2580 διδάσκει
643 2554 689 2581 καὶ
709 2555 835 2589 Ἰγνάτιος
847 2557 861 2583 ὁ
874 2557 938 2584 Θεο-

150 2597 235 2633 φόρος
249 2598 296 2624 κα)⁸
309 2598 414 2634 μάρτυς
424 2619 431 2631 ,
449 2600 464 2625 ὁ
480 2599 603 2626 Ἰωάννου
623 2600 669 2627 τοῦ
690 2600 813 2636 θεολόγον
828 2603 938 2639 γνήσιος

153 2642 279 2680 μαθητὴς
295 2644 431 2678 γεγονὼς,
450 2645 501 2681 τῆς
523 2645 553 2673 δὲ
565 2647 595 2673 ὲν
613 2646 763 2683 Ἀντιοχείᾳ
782 2648 938 2684 ἁγιωτάτης

159 2688 322 2724 Ἐκκλησίας
337 2689 484 2723 ἐπίσκοπος
499 2691 551 2718 ὑπὸ
567 2691 620 2718 τῶν
631 2692 787 2720 ἀποστόλων
799 2702 937 2721 καταστα-

151 2734 219 2766 Θεις.
237 2744 246 2760 ι
265 2734 343 2768 Quod
361 2740 451 2764 autem
468 2736 616 2771 Dominus,
631 2746 693 2766 cum
709 2746 757 2773 per
779 2743 833 2767 tres
850 2747 937 2767 annos

153 2780 328 2816 Evangelium
345 2782 529 2817 praedicasset,
546 2784 579 2812 ad
594 2784 775 2812 voluntariam
788 2790 815 2813 et
828 2785 936 2813 vitalem

152 2833 262 2853 crucem
280 2827 398 2861 venerit,
418 2828 498 2856 docet
514 2828 635 2865 lgnatius
657 2829 747 2858 Deifer
769 2834 796 2858 et
822 2835 934 2866 martyr,

188 2883 211 2899 "
232 2882 326 2911 Matth.
340 2892 417 2918 xvnt,
436 2885 453 2912 3

995 258 1179 294 ctissimaaque
1205 257 1337 293 Ecclesiae
1364 257 1541 285 Antiocheam
1568 255 1717 291 episcopus
1749 254 1787 281 ab

996 304 1128 338 apostolis
1152 303 1328 332 constitutus.
1348 312 1357 329 ι
1382 302 1459 330 Unde
1478 302 1560 337 paulo
1578 305 1644 336 post
1657 299 1786 328 ostendit

994 357 1042 378 eos
1058 350 1106 385 qui
1125 349 1268 376 tradebant
1285 348 1424 376 Christum
1441 355 1490 382 per
1513 351 1631 382 quatuor
1647 354 1738 374 annos
1757 350 1787 372 et

994 396 1099 431 aliquot
1111 395 1170 423 dies
1185 395 1361 430 pradicasse,
1377 393 1596 429 ἐναντιουμένους
1614 392 1654 427 τῷ
1669 391 1785 427 ῥηθέντι

993 439 1120 476 Θεοφόρῳ
1139 441 1186 467 καὶ
1199 439 1326 476 μάρτυρι.
1344 438 1483 466 Successit
1506 439 1549 466 his
1566 438 1704 465 Maximus
1717 445 1786 472 pro-

994 487 1069 514 ximo
1079 487 1190 519 saeculo,
1208 487 1254 521 qui
1267 486 1330 514 huic
1345 486 1384 513 rei
1396 486 1501 513 illustre
1516 485 1704 512 testimonium
1715 491 1785 519 prae-

993 533 1039 560 bet
1054 542 1060 559 :
1083 533 1126 564 Ὠς
1143 532 1189 560 καὶ
1205 532 1236 559 τὸ
1250 532 1383 568 Θεοφόρος
1399 531 1529 563 πολλάκις
1545 531 1618 566 αὐτῷ
1631 530 1785 565 λεγόμενόν

993 587 1023 606 τε
1042 579 1089 606 καὶ
1109 579 1291 614 γραφόμενον·
1319 588 1328 604 ι
1353 583 1384 606 ut
1405 578 1471 605 illud
1493 577 1656 606 vocabulum
1678 577 1784 611 Θεοφό-

993 633 1040 661 ρος
1054 632 1125 660 sazpe
1135 625 1171 652 ab
1183 632 1216 652 eo
1229 628 1257 652 et
1271 624 1373 652 dictum
1386 629 1413 652 et
1428 623 1573 659 scriptum.
1589 633 1598 650 ι
1616 623 1694 651 Istud
1704 624 1781 651 enirn

993 671 1124 706 scriptum
1140 671 1281 706 epistolas,
1294 670 1396 698 dictum
1412 675 1502 698 autem
1524 670 1591 697 Acta
1610 674 1733 705 spectat;
1753 674 1783 697 et

992 717 1058 745 illud
1084 717 1193 752 quidem
1215 717 1392 752 epistolarum
1418 717 1531 750 titulos,
1560 717 1612 745 hoc
1636 724 1783 745 sermones

992 770 1055 791 cum
1079 763 1198 798 Trajano
1222 763 1331 792 habitos
1355 763 1509 791 conﬁrmat.
1536 762 1637 790 Eodem
1661 762 1783 796 septimo

993 809 1094 837 saeculo
1111 809 1169 837 haec
1185 809 1252 837 Acta
1268 814 1393 837 secutum
1410 817 1471 837 esse
1489 809 1590 836 Bedam
1606 813 1735 841 constat,
1750 813 1783 836 ut

992 859 1020 882 et
1043 859 1140 883 octavo
1160 855 1292 883 Adonem.
1308 854 1364 883 Nec
1386 860 1476 883 tamen
1493 855 1545 882 ulla
1558 854 1649 882 adhuc
1664 859 1783 889 apparet

956 891 978 922 Β
992 901 1072 929 istius
1087 901 1202 935 fabulas,
1218 906 1267 929 aut
1283 901 1395 929 alterius
1423 901 1577 936 Theophori
1598 900 1783 936 signiﬁcatio-

951 1576 973 1606 C

992 947 1046 980 nis,
1056 947 1100 974 .vel
1115 947 1176 975 vola
1191 948 1233 975 vel
1246 948 1400 982 vestigium.

1026 991 1153 1020 Omnium
1170 993 1364 1029 antiquissimi,
1378 1001 1447 1029 quos
1456 1000 1506 1029 pro
1518 1000 1569 1021 sua
1583 992 1678 1020 fabula
1691 993 1783 1021 addu-

992 1039 1030 1066 cit
1046 1038 1174 1072 Dallaaus,
1199 1043 1265 1067 sunt
1288 1039 1449 1067 Anastasius
1476 1039 1723 1073 Bibliothecarius,
1752 1044 1782 1067 et

992 1085 1102 1113 Simeon
1117 1085 1330 1121 Metaphrastes;
1342 1093 1458 1120 quorum
1471 1086 1605 1120 posterior
1623 1085 1702 1113 Vitas
1714 1094 1782 1113 san-

990 1136 1097 1160 ctorum
1109 1139 1163 1159 non
1178 1132 1231 1160 nisi
1239 1137 1300 1167 post
1308 1132 1416 1160 initium
1428 1131 1527 1160 decimi
1541 1132 1635 1160 s:eculi
1645 1133 1780 1168 scripsit;

991 1178 1066 1213 prior
1083 1182 1173 1206 autem
1184 1183 1311 1213 vergente
1321 1177 1354 1205 ad
1370 1178 1449 1205 ﬁnem
1465 1185 1539 1206 nono
1559 1183 1687 1206 octavam
1711 1187 1780 1214 syn-

991 1223 1073 1251 odum
1093 1223 1187 1251 Latine
1200 1223 1295 1251 edidit.
1315 1222 1383 1251 Huic
1398 1229 1487 1251 autem
1508 1224 1580 1252 inter
1598 1226 1709 1252 notulas
1720 1225 1781 1252 haec

991 1269 1128 1304 aspersit:
1143 1278 1153 1296 ι
1169 1269 1296 1297 Tradunt
1317 1269 1415 1303 Graeci,
1440 1270 1512 1305 quod
1534 1270 1667 1305 parvulus
1693 1278 1778 1305 quem

991 1315 1125 1344 Dominus
1141 1316 1303 1344 advocatum
1319 1316 1415 1343 statuit
1431 1316 1459 1343 in
1472 1317 1562 1344 medio
1577 1317 1672 1346 dicens
1687 1327 1694 1344 :
1712 1317 1780 1345 Nisi

991 1362 1106 1390 conversi
1124 1361 1228 1396 fueritis
1245 1366 1270 1389 et
1284 1362 1432 1397 eﬂiciamini
1449 1363 1518 1390 sicut
1535 1363 1578 1390 hic
1596 1363 1725 1398 parvulus
1742 1363 1779 1397 ⁸⁸,

989 1412 1054 1441 etc.,
1064 1407 1114 1436 iste
1126 1408 1247 1443 lguatius
1258 1408 1310 1436 fuit
1321 1413 1347 1436 et
1358 1408 1462 1436 idcirco
1473 1409 1546 1436 hunc
1560 1408 1699 1437 Deiferum
1709 1417 1778 1438 num

990 1459 1100 1489 eupent.
1125 1453 1203 1481 Unde
1224 1462 1275 1482 nec
1296 1455 1409 1490 apostoli
1429 1455 1489 1482 ausi
1505 1455 1606 1482 fuerint
1620 1456 1645 1483 ei
1661 1463 1726 1483 cum
1743 1456 1778 1483 ad

990 1499 1119 1528 Ecclesia:
1131 1501 1307 1536 praesulatum
1322 1506 1527 1536 promoveretur
1543 1502 1662 1536 amplius
1676 1509 1779 1529 manus

991 1546 1146 1582 imponere;
1171 1548 1313 1581 nimirum,
1335 1555 1417 1583 quem
1442 1555 1489 1575 ore
1505 1547 1552 1576 Dei
1580 1548 1723 1575 laudatum
1751 1553 1780 1576 et

989 1593 1076 1629 ipsius
1090 1597 1162 1621 tactu
1171 1593 1368 1621 sanctilicatum
1377 1593 1577 1629 cognoverint.»
1587 1592 1641 1620 Sed
1649 1594 1778 1628 quinam,

989 1638 1097 1670 amabo,
1112 1638 1140 1665 hi
1152 1637 1238 1665 Graeci
1249 1637 1335 1671 fuere,
1346 1638 1393 1672 qui
1404 1638 1472 1666 tales
1484 1637 1592 1666 fabulas
1602 1638 1636 1666 de
1650 1638 1680 1666 S.
1697 1638 1778 1674 Igna-

988 1684 1027 1712 tio
1036 1685 1221 1712 tradiderunt?
1233 1692 1288 1712 non
1295 1689 1400 1712 veteres
1411 1689 1496 1718 certe,
1503 1692 1557 1712 non
1568 1692 1665 1712 eorum
1674 1685 1779 1719 aliquis

989 1731 1036 1766 qui
1056 1734 1119 1758 ante
1136 1731 1310 1758 Anastasium
1327 1731 1353 1758 in
1373 1730 1467 1758 Graeca
1487 1730 1610 1759 Ecclesia
1625 1731 1776 1766 scripsero.

989 1777 1019 1804 S.
1040 1776 1253 1813 Chrysostomus
1277 1776 1407 1805 Ecclesiae
1431 1777 1609 1805 Antiochense
1633 1778 1778 1813 presbyter

988 1823 1108 1850 fabulam
1137 1827 1284 1858 utramque
1309 1827 1402 1858 aperte
1422 1822 1531 1855 refellit,
1547 1823 1611 1850 dum
1637 1821 1775 1858 lgnatium

987 1869 1125 1897 Christum
1144 1877 1282 1905 nunquam
1295 1868 1396 1897 vidisse
1407 1869 1499 1901 tradit,
1517 1874 1545 1896 et
1555 1870 1698 1904 apostolos
1712 1877 1777 1896 eum

987 1922 1036 1950 per
1049 1915 1250 1950 impositionem
1269 1922 1399 1942 manuum
1422 1915 1456 1942 ad
1466 1914 1591 1942 ordinem
1599 1915 1778 1950 episcopatus

987 1961 1117 1988 extulisse
1123 1964 1224 1988 narrat.
1234 1959 1421 1996 Θαυμάζωτδν
1429 1960 1513 1996 ἄνδρα
1519 1959 1573 1994 ἐγὼ
1580 1960 1621 1987 ὃτι
1634 1960 1712 1996 παρὰ
1722 1959 1780 1986 τῶν

989 2007 1072 2041 ἁγίων
1078 2007 1189 2034 ἐκείνων
1197 2006 1243 2042 τὴν
1249 2007 1334 2043 ἀρχὴν
1339 2006 1440 2042 ταύτην
1448 2006 1626 2042 ἐνεχειρίσθη.
1633 2007 1681 2033 καὶ
1686 2007 1716 2032 at
1722 2006 1780 2033 τῶν

990 2054 1132 2090 μακαρίων
1139 2053 1297 2081 ἀποστόλων
1303 2055 1394 2090 χεῖρες
1405 2054 1455 2089 τῆς
1468 2054 1544 2089 ἱερᾶς
1552 2052 1660 2088 ἐκείνης
1670 2053 1779 2088 ἥψαντο

987 2099 1116 2134 κεφαλῆς.
1136 2108 1145 2125 ι
1161 2099 1255 2126 Virum
1271 2106 1322 2134 ego
1335 2098 1468 2131 admiror,
1483 2098 1557 2132 quod
1572 2105 1588 2125 a
1603 2098 1709 2126 sanctis
1723 2098 1779 2125 illis

987 2145 1170 2180 principatum
1189 2144 1262 2172 hunc
1276 2144 1436 2177 obtinuerit,
1452 2149 1480 2171 et
1492 2144 1634 2171 beatorum
1661 2148 1778 2178 aposto-

988 2190 1077 2217 lorum
1097 2198 1196 2218 manus
1211 2198 1319 2218 sacrum
1336 2190 1403 2217 illud
1415 2194 1498 2225 caput
1518 2189 1666 2225 tetigerint.
1686 2199 1696 2215 ι
1710 2189 1778 2217 Post

990 2234 1019 2262 S.
1035 2235 1260 2270 Chrysostomum
1280 2235 1311 2262 Β.
1324 2234 1523 2268 Theodoretus,
1535 2235 1562 2262 in
1577 2235 1658 2270 Syria
1669 2235 1778 2270 episco-

990 2289 1049 2316 pus,
1065 2282 1111 2316 qui
1128 2286 1167 2309 tot
1178 2281 1326 2309 conciones
1339 2281 1490 2308 Antiochia:
1506 2280 1734 2316 habuit,dialogo
1750 2281 1775 2307 i:

996 2326 1127 2362 Ἀκήκοας
1136 2326 1165 2353 δὲ
1178 2325 1286 2358 πάντως
1304 2326 1435 2360 Ἱγνάτιον
1447 2326 1597 2358 ὲκείνον,ὃς
1606 2325 1652 2353 διὰ
1667 2326 1720 2361 τῆς
1730 2326 1777 2353 τοῦ

991 2372 1106 2408 μεγάλου
1126 2372 1230 2407 Πέτρου
1243 2371 1334 2406 δεξιᾶς
1343 2373 1393 2408 τῆς
1409 2372 1615 2409 ἀρχιερωσύνης
1630 2373 1683 2408 τὴν
1697 2373 1778 2408 χάριν

988 2418 1107 2451 ἐδέξατο.
1119 2427 1128 2444 ι
1139 2418 1274 2446 Audiviin
1288 2426 1400 2453 prorsus
1416 2417 1550 2453 ignatium
1564 2418 1654 2451 illum,
1668 2419 1718 2454 qui
1730 2426 1777 2454 per

989 2464 1062 2492 Petri
1076 2465 1201 2492 dextram
1224 2465 1398 2500 pontiﬁcatus
1420 2466 1536 2501 gratiam
1558 2466 1675 2500 accepit,
1693 2475 1704 2492 ι
1722 2470 1774 2493 etc.

988 2510 1054 2539 Post
1079 2511 1280 2539 Tlieodoretum
1303 2511 1378 2539 Felix
1401 2512 1549 2547 episcopus
1573 2511 1720 2540 Romanus
1743 2512 1776 2539 ad

989 2557 1127 2585 Zenonem
1144 2558 1177 2586 de
1191 2557 1272 2586 Petro
1298 2557 1396 2594 Mongo
1421 2566 1460 2584 τι·
1471 2558 1524 2591 Qui
1549 2564 1653 2586 sanctae
1676 2559 1774 2586 Antio-

988 2604 1082 2631 chense
1097 2603 1226 2631 Ecclesiae
1240 2604 1428 2639 indignissime
1444 2612 1474 2632 se
1496 2605 1621 2639 ingessit,
1635 2610 1774 2633 sanctam-

989 2658 1043 2685 que
1057 2650 1148 2678 sedem
1159 2650 1333 2685 pontiﬁcatus
1344 2650 1440 2686 lgnatii
1456 2651 1587 2685 martyris
1602 2651 1714 2685 polluit,
1728 2651 1774 2686 qui

988 2695 1060 2723 Petri
1076 2696 1171 2724 dextra
1182 2696 1325 2731 episcopus
1337 2696 1480 2724 ordinatus
1490 2701 1559 2724 est.»
1567 2695 1662 2732 Neque
1673 2696 1775 2724 Grecis

987 2750 1075 2777 neque
1089 2741 1338 2770 Latinisordinatio
1348 2742 1445 2778 lgnatii
1458 2743 1517 2771 sine
1532 2751 1667 2771 manuum
1685 2744 1773 2779 impo-

988 2787 1085 2815 sitione
1098 2792 1146 2815 aut
1159 2793 1268 2823 quarto,
1287 2792 1334 2815 aut
1347 2789 1444 2824 quinto
1461 2789 1562 2817 saeculo
1573 2790 1705 2817 innotuit.
1716 2789 1773 2817 Non

987 2833 1083 2861 dubito
1098 2833 1180 2868 igitur
1194 2833 1260 2869 quin
1273 2833 1359 2862 Grmci
1375 2834 1413 2862 illi
1425 2834 1476 2870 qui
1486 2835 1544 2864 haec
1556 2836 1741 2871 tradiderunt,
1756 2836 1773 2864 ii
