1850 3072
89 174 145 205 ωδ

500 177 526 202 .l.
539 174 722 203 PEAliSONll
743 175 903 204 VINDICIE
920 173 1130 204 ΙΟΝΑΤΙΑΝᾹ.
1146 189 1182 194 -
1192 172 1282 200 PARS
1301 172 1331 200 11.

1675 173 1728 201 ωδ

90 233 204 267 fuerint,
216 234 389 269 quibuscum
405 235 568 263 Anastasius
581 235 817 271 Constantinopoli
832 244 893 264 ver—
906 240 929 269 Α
944 236 1007 263 bula
1022 235 1178 263 communia
1192 234 1218 261 in
1235 232 1344 268 propria
1361 230 1472 260 nomina
1484 238 1615 260 conversa
1631 240 1729 260 accen-

93 286 172 308 satus
185 285 236 312 est,
252 289 319 308 cum
342 285 449 308 octava;
473 282 578 317 synodo
602 282 659 317 ipse
673 282 826 310 interesset.
844 282 889 310 Lis

91 327 167 354 enim
183 331 248 355 tunc
260 328 399 363 temporis
410 333 469 356 erat
478 329 512 356 de
523 328 628 364 lgnatio
638 328 889 364 Constantinopoli-

93 378 159 400 tano
171 374 342 408 patriarcha,
358 379 386 402 et
396 373 495 402 Photio
511 375 641 403 Romanis
657 376 775 403 maxime
790 376 888 404 inviso.

91 418 223 454 lagnum
239 424 300 448 erat
316 420 511 456 hujuslgnatii
538 429 649 455 nomen,
664 426 692 449 et
713 426 823 457 propter
836 422 889 449 loci

91 464 260 499 dignitatem
289 474 373 501 quam
400 467 542 499 amiserat,
560 472 588 495 et
611 472 724 503 propter
749 468 846 495 exsilia
862 472 890 496 et

89 518 237 539 erumnas
256 520 327 547 quas
341 520 445 547 passus
454 518 531 547 erat,
557 514 630 541 unde
652 522 743 542 novus
755 514 889 550 Θεοφόρος

89 557 252 591 appellatus
278 562 330 585 est.
363 557 478 586 Michael
502 558 643 595 Syncellus
667 560 696 587 in
734 557 885 587 Encomio.‘

96 600 127 628 ὐ
135 602 199 634 νέος
213 600 291 634 οὗτος
303 603 349 630 καὶ
367 603 452 638 μέγας
466 604 599 640 Θεοφάρος
616 605 755 639 Ἰγνάτιος·
767 614 776 630 ι
795 604 888 632 Novus

90 649 138 676 hic
159 654 190 676 et
203 650 427 685 magnusDeil'er
443 650 572 686 lgnalius.
589 661 598 678 ι
618 651 797 686 Chronologia
810 651 888 680 Nice-

90 695 186 730 phoro
215 696 335 730 ascripta
364 697 393 724 in
418 705 471 725 ms.
500 696 690 725 Londinensi:
723 697 853 732 Ἰγνάτιος
874 699 887 724 ὸ

89 740 152 771 νέος
174 740 313 776 Θεοφάρος
337 742 367 768 τὸ
394 742 501 778 πρῶτον
527 742 575 778 ἐτη
601 746 648 776 ια’,
677 743 765 779 μῆνας
784 747 817 776 ε’,
840 744 888 770 καὶ

89 785 244 822 ἐξωρίσθη·
261 787 403 822 clgnatius
417 795 505 816 novus
513 787 692 823 Theophorus
705 789 794 824 primo
802 797 889 817 annos

90 832 237 864 undecim,
253 841 362 861 menses
377 834 507 870 quinque,
520 839 546 862 et
557 835 660 870 ejectus
674 840 742 863 est.»
759 836 799 864 Ad
814 836 888 864 hunc

939 286 998 309 tum
1024 281 1133 310 soleant
1160 284 1278 308 mutare.
1301 279 1330 306 '0
1354 279 1489 315 Θεοφόρος
1515 278 1566 307 l'uit
1588 279 1728 315 epitheton

940 328 1015 364 quod
1030 326 1206 362 peculiariter
1220 325 1334 353 adhaesit
1348 325 1452 352 nomini
1464 324 1572 360 lgnatii,
1588 332 1643 352 non
1654 325 1729 360 quod

939 373 1026 408 ipsius
1039 371 1180 407 proprium
1192 377 1290 398 nomen
1299 374 1373 398 esset
1387 375 1435 397 aut
1445 370 1531 400 ﬁeret.
1542 371 1589 398 sed
1603 370 1677 406 quod
1689 371 1728 398 illi

939 418 992 445 hoc
1004 418 1142 452 epitheton
1166 416 1285 452 populus
1308 420 1468 443 constanter
1488 416 1628 444 tribueret.
1645 415 1681 444 Ut
1694 416 1728 445 de

938 462 1057 490 Antonio
1079 461 1162 488 tradit
1185 460 1214 488 S.
1242 460 1410 488 Athanasius
1429 469 1435 487 :
1452 460 1555 492 Πάντες
1572 460 1624 496 μὴν
1642 459 1689 487 οὖν
1702 460 1729 487 ot

938 508 992 536 ἀπὸ
1008 507 1056 543 τῆς
1072 506 1167 542 κώμης
1185 506 1334 540 φιλόκαλοι,
1354 505 1422 541 πρὸς
1440 505 1487 537 οὓς
1506 505 1561 541 εἶχε
1580 506 1630 541 τὴν
1646 507 1727 542 συνή-

939 553 1015 580 θειαν
1027 552 1113 585 οὕτως
1124 552 1205 579 αὑτὸν
1219 551 1337 587 ὁρῶντες
1351 551 1465 578 ἐκάλουν
1477 551 1599 587 θεοφιλῆ.
1611 550 1728 580 «Omnes

938 599 1030 634 itaque
1042 598 1115 626 illius
1130 598 1236 625 viciniae.
1253 604 1371 632 quorum
1391 597 1415 624 is
1425 597 1625 624 consuetudine
1634 597 1729 625 uteba-

938 651 992 680 tur,
1003 645 1110 680 pulchri
1120 649 1201 679 atque
1210 644 1316 672 honesti
1325 648 1448 671 amantes
1459 651 1522 670 eum
1532 643 1574 670 his
1583 643 1728 678 praeditum

938 691 1062 719 moribus
1073 690 1244 725 appellabant
1263 688 1390 725 Θεοφιλῆ.
1406 698 1415 715 ›
1427 688 1478 722 Qui
1502 693 1597 723 postea
1611 688 1728 716 Graeculi

939 742 1068 772 tanquam
1082 736 1221 772 proprium
1231 742 1330 762 nomen
1340 738 1514 769 acceperunt,
1521 734 1654 770 Θεόφορον
1660 735 1728 762 scri-

938 787 1067 818 pserunt;
1088 782 1161 817 quod
1177 782 1289 817 propria
1306 781 1419 808 nomina
1435 780 1577 808 retrahere
1594 785 1728 808 accentus

939 829 1054 858 soleant.
1068 828 1157 856 Πολλὰ
1172 827 1227 863 γὰρ
1241 827 1414 863 εὑρίσκονται
1427 826 1541 861 ὀξιῇτονα
1550 827 1640 854 ,ἅτινα
1655 827 1729 861 γινό-

90 879 297 906 restituendum
318 880 437 908 maxime
460 881 581 909 intentus
593 881 646 909 fuit
664 882 813 917 episcopus

995 884 1009 902 ι
1021 875 1101 908 κύρια
1116 874 1272 911 βαρύνεται,
1287 871 1352 906 οἷον,
1364 872 1470 907 ξανθὸς,
1486 872 1596 905 Ξάνθος·
1612 873 1725 909 πυρρὸς,

92 932 198 952 manus
213 925 396 953 :Anastasius
410 927 437 954 in
450 935 482 955 ea
495 927 809 963 re,Constantinopolim

998 923 1053 958 ρος·
1065 921 1192 958 γλαυκὸς,
1210 920 1339 952 Γλαῦκος·
1354 919 1461 951 λευκὸς,
1477 918 1593 952 Λεῦκος.
1609 917 1649 946 lta
1663 919 1727 955 Ely-

92 976 158 1001 siis,
174 969 326 1004 plurimum
339 972 494 1006 desudavit,
507 977 536 1000 et
551 981 614 1001 cum
629 973 781 1009 lgnatianis
796 982 887 1003 versa-

92 1021 150 1048 tus,
168 1017 219 1051 qui
236 1016 366 1045 Photium
387 1019 504 1054 dejicere
516 1021 609 1048 conati
631 1026 707 1054 sunt,
725 1021 775 1050 has
788 1022 821 1050 ab
834 1022 887 1051 illis

91 1061 203 1090 fabulas
220 1063 323 1091 audivit
337 1065 474 1093 veteribus
487 1065 589 1094 Graecis
603 1067 712 1101 penitus
723 1067 886 1103 incognitas,

85 1107 120 1135 ἀ
132 1108 272 1145 Θεοφόρου
291 1110 395 1138 notioni
421 1112 456 1138 ab
476 1112 596 1147 antiquis
616 1113 759 1141 celebratae
775 1121 888 1149 prorsus

93 1160 293 1188 repugnantes.
308 1154 351 1182 Ab
365 1155 413 1184 his.
434 1157 556 1184 eamdem
576 1156 697 1185 fabulam
722 1159 828 1194 accepit
846 1158 890 1187 Si-

95 1207 178 1227 meon
188 1200 398 1236 Metaphrastes,
414 1207 442 1230 et
458 1203 528 1230 inter
550 1205 650 1232 multas
664 1205 780 1240 posteris
797 1210 887 1233 trans-

95 1246 183 1273 misit.
198 1246 263 1275 Haac
281 1248 305 1275 si
319 1256 383 1275 vera
396 1248 433 1276 sit
447 1248 546 1277 fabulae
558 1250 684 1284 historia,
701 1255 732 1277 ut
747 1251 814 1278 mihi
841 1252 886 1279 vi-

96 1291 196 1319 detur:
214 1297 255 1320 tot
273 1293 381 1321 wculis
403 1295 514 1322 nomine
530 1295 670 1332 Θεοφόρου
685 1297 821 1332 posterior
844 1298 888 1324 illa

97 1336 158 1370 fuit,
176 1342 207 1366 ut
217 1346 273 1366 non
284 1347 318 1367 ex
331 1339 376 1367 illa
388 1339 479 1368 fabula
491 1349 590 1369 nomen
603 1349 705 1376 ortum,
727 1343 774 1370 sed
788 1351 821 1370 ex
837 1351 888 1371 no-

98 1384 173 1411 mine
188 1385 261 1412 male
276 1385 436 1414 intellectoa
447 1386 589 1419 Grarculis,
605 1396 720 1416 summae
735 1388 848 1416 factioni
862 1393 891 1418 et

98 1430 258 1457 exornando
286 1438 337 1458 suo
362 1432 525 1466 patriarcha:
548 1433 646 1460 deditis
677 1433 762 1461 ellicta
777 1464 781 1467 ,
798 1433 889 1462 fabula

98 1475 194 1502 merito
205 1480 356 1510 reputetur.
369 1476 533 1512 Temporum
541 1478 624 1514 igitur
634 1479 705 1506 ratio
717 1479 770 1508 hoc
780 1480 890 1508 nomine

99 1521 209 1548 minime
221 1521 347 1549 violatur.

133 1566 199 1594 Mire
213 1566 298 1602 hujus
311 1568 472 1603 quaestionis
485 1574 585 1597 statum
609 1570 737 1606 proponit
751 1576 778 1598 et
789 1571 816 1598 in
828 1571 888 1606 ejus
901 1583 923 1612 ο

99 1611 238 1639 solutione
264 1613 417 1648 triumphat
435 1613 550 1642 Dalla-us
568 1623 574 1640 :
596 1624 606 1641 ι
623 1614 770 1648 Quaeritur,
787 1615 886 1650 inquit,

98 1665 130 1684 an
143 1662 239 1692 etqua
261 1659 295 1686 de
313 1666 396 1687 causa
412 1659 532 1695 lgnatius
550 1665 664 1688 vocatus
684 1661 721 1689 sit
744 1661 887 1696 Theopho-

98 1710 156 1730 rus.
170 1713 179 1728 ι
195 1703 277 1732 Certe
291 1712 371 1731 nemo
384 1713 505 1740 unquam
515 1707 606 1734 adhuc
620 1708 748 1742 quaesivit
760 1716 794 1735 an
807 1707 887 1743 lgna-

99 1749 150 1777 tius
164 1755 260 1778 noster
271 1751 360 1779 dictus
376 1751 413 1779 sit
427 1751 609 1788 Theophorus
622 1763 630 1787 ;
649 1762 759 1782 causam
772 1754 830 1781 sive
843 1762 887 1781 ra-

98 1794 197 1821 tionem
214 1795 335 1822 nominis
349 1796 431 1823 aliam
448 1798 564 1833 antiqui,
579 1799 662 1826 aliam
678 1799 810 1827 neoterici
825 1800 886 1827 reri-

97 1839 240 1874 diderunt;
265 1846 293 1868 et
316 1841 422 1870 idcirco
437 1844 522 1878 quaari
546 1849 646 1879 potest,
671 1853 686 1873 a
711 1845 811 1881 quibus
823 1854 886 1873 vera

97 1887 213 1914 nominis
228 1888 300 1916 ratio
317 1889 452 1924 explicata
463 1889 561 1918 fuerit:
573 1901 583 1917 ι
592 1891 645 1926 Qui
658 1892 710 1919 hoc
721 1900 784 1919 eum
797 1892 885 1919 nomi-

97 1940 137 1966 ne,
150 1933 251 1968 inquit,
265 1934 368 1962 donant
382 1935 481 1970 Grazci,
495 1937 622 1974 θεοφορον
638 1946 701 1966 cum
723 1939 828 1966 tonuin
843 1946 887 1966 se-

97 1979 182 2006 cunda
196 1979 301 2015 syllaba
316 1980 444 2014 eﬂ‘erunt,
466 1986 548 2017 atque
564 1984 601 2011 ita
615 1991 630 2012 a
651 1991 681 2012 se
698 1984 812 2020 suisque
825 1985 886 2012 ideo

96 2025 197 2052 dictum
213 2031 360 2060 testantur,
372 2028 445 2062 quod
460 2027 587 2056 Christus
600 2037 663 2057 eum
680 2029 771 2057 adhuc
783 2038 885 2065 parvu-

97 2070 150 2099 lum
162 2079 247 2099 manu
259 2072 287 2099 in
300 2073 380 2101 ulnas
395 2078 554 2109 susceptum
577 2075 694 2103 tulisset.
712 2085 722 2101 ι
737 2074 790 2103 Sed
803 2083 838 2103 an
856 2076 884 2103 hi

97 2115 181 2145 (ii-xci
193 2126 301 2152 omnes,
317 2119 364 2154 qui
377 2127 440 2147 eum
456 2120 509 2148 hoc
523 2121 634 2148 nomine
647 2121 770 2149 donant?
789 2121 884 2149 Nonne

97 2168 192 2191 auctor:
205 2165 383 2199 epistularum
397 2174 459 2194 eum
472 2167 606 2203 Θεοφόρον
620 2175 728 2203 semper
743 2173 823 2196 vocat
839 2176 885 2196 ac-

96 2217 176 2238 centu
201 2211 228 2238 in
244 2212 395 2246 penultima
411 2213 525 2248 posito?
539 2213 636 2242 Nonne
650 2216 747 2242 eodem
769 2219 883 2242 accentu

938 968 1074 1003 mologns.
1087 966 1134 994 Sic
1147 966 1290 1002 ἀγαπητὸς
1308 966 1337 993 lit
1357 964 1523 999 Ἀτάτιητρς,
1538 965 1661 1000 νικητὴς,
1678 965 1728 991 Νι-

938 1012 1172 1049 κήτης,.ἀνθηρὺς,
1184 1011 1327 1048 Ἀνθηρφς,
1342 1011 1487 1047 Ἀθηναῖοι,
1507 1010 1655 1046 ’Δθήναιος,
1666 1018 1728 1046 quat

937 1067 990 1087 vox
1006 1059 1079 1094 quod
1091 1062 1232 1086 accentum
1246 1065 1305 1085 non
1318 1058 1430 1085 haberet
1444 1057 1471 1084 in
1484 1055 1620 1084 Marmore
1636 1057 1727 1083 Arun-

937 1105 1066 1137 delliano,
1074 1111 1131 1132 tam
1140 1104 1210 1132 male
1222 1111 1237 1131 a
1247 1103 1364 1131 Seldeno
1372 1107 1482 1138 accepta
1491 1101 1618 1130 est.Nam
1627 1102 1729 1130 ΦΡΟΝ-

939 1151 1062 1179 ΤΙΣΤΗΣ
1077 1150 1250 1179 ΑΘΗΝΑΙοΣ
1263 1156 1317 1176 non
1332 1153 1374 1176 est
1387 1148 1561 1177 Phrontistes
1573 1148 1727 1176 Athenien-

939 1199 994 1232 sis,
1006 1198 1054 1226 sed
1067 1196 1225 1228 Athenzeus,
1237 1195 1311 1231 quod
1327 1203 1425 1223 nomen
1441 1199 1485 1223 est
1507 1195 1571 1227 viri,
1586 1199 1617 1222 ut
1630 1202 1664 1222 ex
1678 1195 1726 1222 ad-

937 1244 1039 1281 junctis
1051 1247 1167 1271 constat.
1182 1241 1220 1269 Ita
1233 1246 1310 1269 vetus
1324 1240 1467 1274 Collectio,
1485 1239 1728 1276 Ἀθηναῖος,ΑιΙιο-

940 1290 1053 1322 mensis,
1070 1289 1220 1325 Ἀθήναιος,
1237 1287 1502 1319 Athenamsmomen
1511 1287 1662 1322 proprium.
1680 1286 1727 1314 Sic

939 1335 1096 1372 ὁνησιφόρος
1105 1335 1135 1362 lit
1145 1334 1328 1370 Ὀνησιφορος,
1341 1333 1524 1370 Χριστοφόρος
1531 1333 1727 1369 Χριστόφορος,

940 1388 967 1411 et
993 1382 1115 1410 eamdem
1143 1380 1370 1416 signiﬁcationem
1396 1380 1454 1407 haec
1478 1379 1588 1415 propria
1613 1380 1726 1406 nomina

940 1429 1024 1457 etiam
1036 1428 1088 1455 sub
1098 1431 1211 1455 accentu
1224 1427 1314 1453 alieno
1328 1426 1445 1453 retinere
1460 1429 1601 1460 putantur.
1617 1424 1655 1452 Ita
1668 1424 1727 1452 [οι-

942 1475 1023 1502 tassis
1037 1481 1053 1501 a
1067 1473 1211 1509 φιρμαχὺς
1225 1472 1383 1508 Φαρμᾶκος,
1398 1477 1428 1499 ιιι
1442 1471 1514 1506 apud
1531 1471 1726 1506 Harpocratio-

941 1529 1002 1549 nem
1012 1520 1142 1556 Didymus
1152 1519 1271 1547 sensisse
1279 1519 1386 1546 videtur
1393 1528 1400 1546 :
1407 1519 1521 1554 Δίδυμος
1534 1518 1562 1544 δὲ
1577 1526 1727 1554 προπερισ-

942 1568 996 1602 πᾷν
1015 1566 1084 1598 ἀξιοῖ
1100 1565 1228 1600 τοῦνομα.
1242 1564 1299 1591 ἀλλ’
1311 1565 1390 1600 ἡμεῖς
1405 1565 1454 1599 οὐχ
1471 1563 1586 1600 εὕρομεν
1596 1563 1668 1590 οὕτω
1676 1563 1726 1598 τὴν

939 1614 1045 1650 χρῆσιν.
1070 1611 1157 1640 Graeci
1170 1611 1291 1647 quidem,
1306 1615 1452 1646 postquam
1467 1614 1597 1637 accentus
1619 1609 1726 1637 inventi

938 1664 1014 1692 sunt,
1025 1659 1077 1686 hoc
1091 1658 1240 1686 discrimen
1256 1657 1283 1684 in
1296 1657 1410 1684 vocibus
1424 1656 1583 1691 compositis
1591 1656 1724 1684 observa-

937 1706 1017 1739 bant;
1032 1705 1079 1732 diu
1090 1709 1152 1732 ante
1168 1704 1304 1733 llomerus
1325 1704 1446 1738 seipsum
1458 1702 1600 1737 explicare
1611 1706 1725 1730 coactus

937 1759 998 1780 esse
1016 1751 1132 1785 videtur,
1148 1751 1193 1778 Ίλ.
1207 1760 1235 1787 ρ,
1248 1751 1290 1780 δέη

990 1820 1188 1854 Πρωτοτόκος,
1203 1818 1306 1853 κούρη,
1324 1818 1359 1844 οὺ
1369 1817 1440 1850 πρὶν
1450 1815 1547 1843 εἰδυῖα
1560 1815 1669 1842 τόκοιο.

973 1887 1024 1916 Ubi
1040 1892 1119 1915 vetus
1133 1887 1300 1916 Scholiastes
1313 1897 1319 1915 :
1333 1885 1532 1922 Πρυ›τοτόκι>ς,,
1544 1885 1660 1921 πρώτως
1681 1893 1725 1911 τε-

936 1935 1041 1962 τοκυῖα·
1057 1933 1097 1968 τῷ
1111 1931 1158 1961 οὖν
1165 1932 1234 1968 τόνῳ
1252 1931 1452 1968 παροξυτόνως,
1468 1928 1528 1968 ἴν’ᾖ
1539 1930 1726 1966 ἐνεργητικόν·

937 1979 1181 2016 προπαροξυτόνως
1191 1979 1220 2005 δὲ
1232 1979 1306 2014 δηλοῖ
1318 1978 1414 2014 ἠλέεις
1428 1978 1478 2013 τὴν
1489 1977 1605 2013 πρώτως
1621 1977 1726 2012 τεχθεί-

937 2034 996 2053 aav.
1014 2025 1176 2052 Ammonius
1195 2025 1230 2052 de
1246 2024 1382 2052 similibus
1397 2028 1426 2051 et
1437 2023 1626 2051 dill'ercntibus
1644 2031 1726 2051 voca-

935 2072 1007 2100 bulis
1016 2079 1079 2099 cum
1095 2079 1161 2099 cura
1171 2071 1367 2098 Bonaventurze
1376 2069 1503 2097 Vulcanii
1515 2069 1613 2102 editus,
1621 2069 1667 2096 sed
1674 2076 1726 2103 0pc

935 2118 1184 2153 manuscriptorum
1201 2117 1319 2144 maxime
1335 2116 1470 2151 indigens.
1492 2115 1664 2152 ’Δγρονόμος,
1677 2115 1726 2142 ἐὰν

937 2163 985 2198 μὲν
1000 2161 1202 2198 παροξύνωμεν,
1222 2160 1294 2188 ἔστιν
1311 2162 1325 2188 ὁ
1345 2161 1485 2196 ὲννὰγροῖς
1502 2161 1659 2196 νεμόμενος.
1684 2161 1725 2187 Τὰ

934 2208 990 2243 γὰρ
996 2205 1256 2243 προπαροξυνόμενα
1264 2206 1403 2242 χαίρουσιν
1412 2206 1474 2232 ἀνα)
1480 2205 1574 2232 ύεσθαι
1587 2206 1627 2237 εἰς
1640 2204 1724 2240 πάθη.

97 2256 229 2286 "alimus
243 2259 325 2286 “adi!
336 2259 404 2286 illud
417 2260 581 2287 VOCabulum
601 2268 671 2295 sape
687 2261 722 2288 ab
737 2260 841 2296 [gnatio
858 2265 885 2289 ει
900 2255 922 2283 1)
940 2254 1010 2280 Vidit
1025 2254 1116 2281 locum
1133 2253 1260 2280 mutilum
1275 2260 1337 2280 esse
1348 2251 1515 2285 Vulcanius;
1531 2259 1613 2287 quem
1624 2259 1657 2278 ex
1669 2259 1724 2279 ms.

95 2303 199 2331 dictum
213 2308 239 2332 et
252 2305 403 2340 scriptum?
427 2305 522 2334 Nonne
544 2306 731 2341 Ephrannius,
759 2307 885 2335 Gobarus

96 2355 121 2377 et
138 2350 237 2378 Jobius
262 2351 299 2379 ita
323 2352 467 2387 loquentes
480 2360 495 2380 a
511 2352 609 2380 Photio
633 2354 885 2388 reprazsenlantur?

95 2394 190 2423 Nonne
205 2397 394 2424 vetustissima
409 2397 619 2433 Actalgnatium
633 2398 723 2433 ipsum
740 2399 782 2426 sui
798 2399 885 2426 nomi-

96 2441 136 2469 nis
150 2449 262 2469 sensum
277 2443 316 2469 ita
325 2442 508 2477 explicantem
522 2443 716 2471 introducunt?
730 2443 825 2472 Nonne
835 2452 885 2471 an-

96 2487 240 2522 tiquissimi
254 2488 406 2523 scriptores
420 2488 505 2516 Graeci
517 2489 645 2525 θεοφόρον
660 2497 694 2516 eo
714 2497 797 2517 sensu
817 2490 883 2517 viris

96 2534 196 2561 sanctis
220 2534 306 2561 tribui
333 2542 406 2569 saepe
433 2534 633 2562 observarunt?
648 2534 733 2563 Nemo
750 2543 882 2571 unquam,

94 2579 197 2614 opinor,
225 2579 358 2616 οεόφορτν
385 2585 451 2608 tono
474 2581 503 2607 in
531 2581 654 2608 secunda
675 2581 777 2617 syllaba
794 2582 883 2616 posito

95 2625 203 2660 scripsit
213 2631 278 2654 ante
294 2626 434 2654 decunum
443 2626 584 2660 saeculum,
601 2627 653 2654 hoc
669 2631 720 2655 est.
729 2635 810 2654 nemo
819 2632 884 2654 ante

94 2670 210 2699 fabulam
220 2677 325 2699 natam.
342 2671 403 2707 ipse
417 2674 580 2701 Anastasius
601 2673 729 2708 Ἰγνάτιον
743 2674 881 2710 θεοφόρον,

96 2725 106 2743 ι
120 2716 250 2752 lgnatinm
275 2717 416 2745 Deilerum
434 2727 444 2743 ι
472 2718 669 2752 interpretatur
687 2726 693 2744 :
710 2722 738 2745 et
761 2718 882 2752 lgnatius

94 2762 417 2798 Constantinopolitanus
431 2763 490 2795 νέος
516 2763 652 2800 Θεοφόρος
671 2763 885 2799 cognominaba-

94 2812 146 2836 tue.
173 2808 285 2837 Primus
308 2809 509 2844 Metaphrastes
523 2814 666 2837 accentum
695 2809 834 2836 transtulit
853 2813 883 2836 ut.

94 2854 212 2882 {stulam
228 2855 257 2882 in
282 2862 393 2882 scenam
420 2855 574 2890 speciosius
589 2855 741 2888 induceret,
765 2861 883 2889 eumque

93 2902 187 2935 reliqui
199 2902 288 2930 secuti
305 2906 373 2930 sunt
396 2901 481 2938 quue
496 2902 535 2930 illi
547 2901 627 2930 facile
641 2901 702 2935 fuit,
722 2909 785 2929 cum
798 2909 881 2929 voca-

934 2299 1028 2327 codice
1050 2298 1078 2325 in
1094 2297 1259 2325 bibliotheca
1273 2296 1356 2332 Regis
1370 2297 1457 2324 nostri
1478 2297 1519 2324 sic
1542 2296 1724 2331 supplendum

934 2353 996 2373 esse
1010 2351 1154 2372 monemus
1171 2353 1178 2371 :
1203 2343 1377 2380 Ἀγρονόμος,
1395 2343 1441 2369 ἐὰν
1453 2343 1501 2378 μὲν
1516 2341 1723 2378 παροξύνωμεν,

935 2391 1011 2418 ἔσται
1029 2393 1043 2418 ὁ
1062 2392 1091 2418 ὲν
1111 2391 1206 2426 ἀγροῖς
1227 2390 1326 2426 νέμων·
1345 2389 1392 2416 ἐὰν
1414 2389 1442 2415 δὲ
1462 2388 1723 2425 προπαροξύνωμεν,

935 2436 1010 2464 ἔσται
1030 2438 1088 2466 ὁ,ὲν
1105 2437 1199 2472 ἀγροῖς
1227 2435 1385 2472 νεμομένος.
1406 2434 1441 2463 Ut
1461 2440 1540 2462 vetus
1567 2434 1698 2462 Collectio
1715 2443 1724 2462 :

941 2483 1114 2519 Ἀγρονόμος,
1136 2492 1145 2508 ι
1161 2482 1188 2509 in
1211 2489 1276 2517 agro
1293 2488 1419 2516 pascens,
1439 2490 1449 2506 ι
1470 2479 1644 2515 Ἀγρόνομος,
1663 2488 1672 2505 ι
1695 2479 1724 2506 in

935 2536 1001 2564 agro
1020 2533 1126 2564 pastus.
1139 2537 1149 2554 ›
1166 2527 1401 2561 Quemadmodum
1416 2530 1444 2553 et
1455 2526 1506 2553 ista
1521 2526 1603 2561 paulo
1617 2525 1724 2560 plenius

934 2577 962 2604 in
979 2584 1011 2604 co
1027 2583 1079 2603 ms.
1093 2576 1230 2610 leguntur,
1239 2581 1320 2609 quam
1337 2574 1364 2600 in
1377 2572 1725 2608 editionibuszTaupéxeo-

934 2632 989 2655 νος,
1009 2623 1023 2650 ὁ
1042 2622 1094 2649 ὑπὸ
1113 2621 1161 2648 τοῦ
1178 2621 1279 2656 ταύρου
1302 2619 1467 2655 ἀναιρεθείς·
1494 2618 1672 2655 ταυροκτόνος
1695 2617 1724 2644 δὲ

935 2667 1134 2705 παροξυτόνως,
1144 2669 1158 2694 ό
1173 2667 1273 2702 ταῦρον
1284 2665 1456 2696 ἀποκτείνας.
1486 2663 1549 2692 Haec
1560 2665 1628 2691 adeo
1642 2671 1723 2691 accu-

934 2719 993 2742 rate
1017 2713 1200 2742 observabant
1213 2712 1310 2745 Graci,
1333 2717 1363 2739 ut
1386 2719 1449 2739 cum
1476 2709 1720 2746 grammaticorum

934 2769 1022 2789 canon
1038 2765 1121 2793 esset,
1134 2767 1217 2787 voces
1236 2757 1486 2794 hyperdissyllabas
1498 2757 1524 2783 in
1540 2765 1570 2788 ος
1584 2756 1611 2783 in
1624 2755 1722 2790 penul-

935 2809 1002 2835 tima
1014 2811 1155 2834 accentum
1165 2806 1296 2833 habentes
1309 2808 1405 2831 tonum
1415 2803 1537 2837 rcjicere,
1551 2809 1657 2836 semper
1670 2801 1722 2829 hac

933 2853 1092 2888 exceptione
1106 2856 1256 2884 uterentur,
1269 2850 1354 2886 χωρὶς
1368 2850 1392 2876 εἰ
1411 2849 1448 2885 μὴ
1464 2849 1590 2876 σύνθετον
1605 2848 1721 2885 ὑπάρχει

933 2900 1013 2926 ἕνεκα
1027 2898 1165 2935 ἐνεργείας
1181 2896 1369 2934 παροξύνεται,
1378 2900 1409 2923 ιιι
1419 2895 1605 2932 Etymologus,
1614 2895 1646 2923 ν.
1663 2895 1722 2923 ’Λν-
