1850 3072
151 161 205 189 ιοτ

684 159 711 186 S.
733 156 908 186 lGNATIUS.
927 172 963 177 α-
983 155 1250 184 PROLEGOMENA.

1735 148 1794 176 408

152 223 219 255 stoc,
230 225 258 248 et
267 220 462 258 Κορυθαίολος.
475 219 538 248 Hac
553 220 586 248 de
609 220 769 248 nominibus
783 219 942 255 hujusmodi

1027 223 1087 246 stea
1098 218 1208 245 habitus
1223 217 1331 250 fuisset,
1354 215 1402 251 qui
1417 221 1450 242 eo
1461 212 1572 242 nomine
1584 211 1688 248 dignus
1703 218 1722 238 a
1736 218 1794 238 ne-

153 267 298 303 adjectivis
311 271 442 302 perpetua
460 266 617 294 (ἔνυδροι-11η)
641 266 810 299 observatio,
830 266 876 293 ubi
892 273 941 300 pas

153 317 286 347 roxytona
301 318 375 345 sunt,
392 313 542 348 signilieari
553 312 583 339 τὸ
597 311 785 348 ἐνεργητικόν,
800 316 830 339 ut
845 312 939 347 loqui-

153 363 200 386 tur
213 358 322 386 Homeri
336 358 512 391 Seholiastes,
522 359 567 386 ubi
578 363 808 393 proparoxytona,
817 357 940 384 denotari

156 405 253 437 πάθος.
271 411 301 432 ut
317 406 491 433 Ammonius.
514 405 544 432 In
565 406 682 440 propriis
697 405 854 432 nominibus
869 405 940 432 idem

154 451 227 479 haud
242 452 415 486 observatur,
426 459 487 487 quae
500 456 643 479 accentum
659 456 775 484 mutant,
803 450 942 485 significa-

154 494 228 521 tione
243 502 298 521 non
313 499 430 522 mutata.
448 495 595 530 Perperam
624 495 708 531 igitur
731 495 844 522 omnino
871 496 942 522 hanc

152 538 310 575 Theophori
329 541 555 576 signiﬁcationem
576 547 603 569 ct
625 550 658 569 ex
672 550 703 569 ea
721 541 842 569 fabulam
867 550 942 569 com-

154 587 238 612 menti
254 591 318 613 sunt
335 586 451 614 Graeculi
474 589 649 622 posteriores.
679 587 725 615 Sic
739 589 810 615 enim
829 588 944 624 Χριστο-

153 630 237 666 φόρος
255 639 308 658 vox
322 633 459 660 veteribus
478 633 590 666 usitata,
605 638 634 661 ut
652 633 796 669 Θεοφόρος.
810 633 851 660 Ab
863 633 942 668 lgna-

154 676 194 703 tio
208 681 305 704 nostro
318 677 428 713 Ephesii
446 679 618 714 appellantur
629 679 821 715 Χριστοφὸροι.
834 678 943 708 Phileas

155 722 272 757 scriptor
291 725 420 758 antiquus
436 725 507 760 apud
520 725 667 753 Eusebium
683 726 731 753 lib.
752 734 781 758 ι,
801 733 826 753 c.
838 725 865 758 8,
882 725 944 760 Epi-

155 769 227 796 stula
255 770 288 796 ad
315 769 484 799 Thmuitas:
508 773 553 799 Διὸ
579 772 749 808 ζηλώσαντες
773 773 808 800 τὰ
835 773 944 809 μείζονα

154 815 312 851 χαρὶσματα
328 817 352 843 οἱ
376 818 556 855 Χριστοφόροι
576 819 724 856 μάρτυρες.
739 829 748 846 ‹
761 819 878 847 Proinde
888 827 945 847 me-

155 861 398 890 liora‘charismata
409 869 599 893 consectantes
611 870 743 902 martyres
749 866 796 901 qui
804 865 944 893 Christum

156 908 307 942 gestabant.
321 919 331 935 ι
344 909 431 942 Quam
447 911 675 946 signiﬁcationem
692 911 832 947 proprium
846 919 945 939 nomen

157 954 356 990 Χριστοφόρος.
373 957 414 984 vel
437 958 518 985 etiam
535 959 721 994 Χριστὸφορος
740 963 852 986 accentu
886 966 947 986 mu-

157 1003 226 1032 tato,
242 1001 374 1031 retinuit:
394 1003 466 1030 unde
479 1007 508 1030 et
521 1011 590 1031 nova
603 1004 696 1032 fabula
709 1009 769 1032 orta
783 1009 835 1033 est.

194 1045 247 1074 Sed
262 1048 359 1082 quzerit
369 1048 497 1082 Dallzeus,
514 1057 600 1085 quare
614 1051 660 1078 alii
673 1059 688 1078 a
701 1050 867 1086 Theophoro
878 1051 945 1078 dicti

157 1099 212 1118 non
229 1097 294 1120 sunt
308 1092 473 1129 Theophori,
491 1099 546 1122 uta
559 1095 758 1131 Christophoro
771 1101 810 1124 tot
821 1097 946 1132 appellati

158 1142 223 1164 sunt
239 1138 442 1174 Christophori,
468 1148 532 1167 cum
554 1142 666 1168 nomina
683 1147 834 1177 martyrum
857 1143 944 1170 nostri

158 1183 216 1209 suis
234 1183 351 1211 libenter
362 1185 482 1212 donent?
495 1185 594 1213 Fateor
608 1187 734 1221 equidem
749 1192 855 1216 veteres
866 1187 946 1215 Chri-

157 1228 261 1256 stianos
285 1235 435 1266 martyrum
455 1232 568 1259 nomina
595 1232 712 1260 libenter
738 1234 796 1261 suis
818 1235 945 1262 donasse.

156 1272 290 1302 Observat
310 1275 341 1303 Β.
368 1275 556 1305 Theodoretus
575 1286 701 1306 sermone
718 1279 734 1306 8
758 1290 764 1307 :
782 1279 837 1311 Τὰς
851 1280 878 1307 δὲ
894 1281 946 1307 τῶν

159 1318 305 1355 μαρτύρων
322 1322 509 1358 προσηγορίας
522 1322 620 1358 μᾶλλον
636 1323 726 1350 ἴσασιν
745 1325 868 1357 ἅπαντας
881 1325 898 1358 ἢ
913 1326 947 1353 τὰ

156 1365 212 1391 τῶν
227 1366 362 1400 φιλτάτων
375 1368 566 1403 ὀνόματα-»χαὶ
579 1371 636 1401 τοῖς
652 1370 729 1397 παισὶ
742 1371 770 1397 δὲ
782 1371 830 1403 τὰς
847 1372 947 1398 τούτων

158 1412 344 1448 προσηγορίας
358 1413 508 1442 ἐπιτιθέναι
519 1415 726 1448 σπουδάζουσιν,
738 1416 888 1451 ἀσφάλειαν
901 1417 948 1443 αὺ-

156 1458 213 1489 τοῖς
229 1458 275 1484 καὶ
290 1458 412 1495 φυλακὴν
427 1460 551 1487 ἐντεῦθεν
566 1461 767 1497 μηχανώμενοι.
779 1472 788 1487 ι
800 1461 946 1497 Martyrum

158 1508 249 1531 autem
264 1505 376 1532 nomina
390 1507 498 1534 notiora
513 1512 577 1534 sunt
590 1508 718 1535 omnibus
732 1516 815 1543 quam
828 1508 946 1535 familia-

158 1549 241 1578 rium.
257 1551 329 1584 Quin
338 1557 366 1580 et
373 1553 436 1581 iiliis
443 1553 542 1581 horum
554 1556 664 1582 nomina
677 1555 815 1590 imponere
826 1555 952 1589 student,
961 1575 980 1602 ε

159 1599 338 1627 securitatem
350 1600 412 1628 inde
428 1601 496 1636 ipsis
511 1601 682 1636 tutelamque
707 1607 908 1636 comparantes.
932 1611 942 1627 ι

159 1642 240 1672 natio
255 1649 346 1672 tamen
364 1646 446 1680 hujus
462 1646 631 1675 diversitatis
652 1647 806 1675 manifesta.
821 1647 946 1675 Christo-

157 1689 262 1723 phorus
276 1690 349 1718 enim
366 1691 493 1727 martyris
506 1691 646 1726 proprium
663 1699 762 1719 nomen
780 1691 841 1725 fuit,
857 1691 946 1719 Theo-

157 1734 445 1771 phorus-neutiquam.
458 1736 505 1764 llle
512 1737 559 1772 qui
569 1745 639 1773 saepe
648 1737 790 1765 dicebatur
800 1738 944 1773 Θεοφόρος,

160 1781 300 1815 proprium
317 1790 415 1810 nomen
431 1787 490 1810 erat
519 1783 657 1817 Ἰγνάτιος,
685 1782 743 1811 Hoc
770 1788 861 1810 autem
885 1783 946 1818 ejus

159 1833 259 1853 nomen
271 1827 381 1863 plurimi
396 1830 486 1857 sortiti
500 1834 574 1858 sunt.
592 1829 652 1857 Non
669 1829 716 1857 diu
736 1834 798 1864 post
815 1830 875 1863 ejus
894 1829 945 1857 ob-

161 1871 229 1898 itum
241 1872 364 1907 Ignatius
377 1875 488 1910 quidam
501 1875 591 1903 dictus
604 1879 654 1910 est,
667 1875 795 1908 Celerini,
808 1875 854 1910 qui
868 1879 947 1902 astate

159 1917 289 1953 Cypriani
302 1920 443 1948 confessor
461 1920 522 1954 fuit,
538 1921 702 1953 avunculus,
722 1924 748 1948 ct
763 1921 821 1955 ipse
833 1924 945 1955 martyr.

160 1959 260 1991 Postea
277 1964 398 2000 lgnalius
425 1967 583 2002 patriarcha
613 1965 944 2000 Constantinopolitanus.

160 2008 283 2043 lgnatius
303 2011 446 2046 diaconus,
464 2013 512 2048 qui
533 2013 640 2040 Tarasii
656 2017 684 2040 et
704 2011 852 2047 Nicephori
870 2010 946 2038 Vitas

159 2056 280 2090 scripsit.
298 2055 418 2092 lgnatius
430 2058 621 2094 Xanthopulus
642 2067 704 2086 cum
719 2058 845 2091 Callisto,
861 2057 907 2092 qui
931 2065 945 2084 a

162 2100 296 2136 Symeone
310 2102 547 2133 Thessalonicensi
558 2104 689 2141 Θεηγόροι
703 2104 750 2131 καὶ
759 2103 888 2139 Θεοφόροι
901 2103 947 2129 καὶ

159 2146 341 2185 Χριστοφόροι
355 2151 402 2176 καὶ
414 2150 500 2177 ἔνθεοι
515 2151 653 2179 dicuntur.
667 2150 744 2178 Alius
759 2149 890 2185 lgnatius,
903 2148 946 2176 cui

159 2193 301 2221 dedicatur
322 2203 391 2229 opus
413 2196 484 2230 Περὶ
504 2196 563 2224 τῶν
588 2197 641 2224 τοῦ
665 2197 758 2231 λόγου
785 2193 948 2229 σχημάτων

991 265 1065 293 mine
1089 264 1282 299 reputabatur;
1310 270 1366 290 non
1393 260 1566 293 Thaumasii,
1597 259 1710 294 opinor,
1738 257 1792 285 sed

990 311 1128 338 Ammonii
1148 317 1247 337 nomen
1263 309 1358 336 liberis
1370 308 1426 336 suis
1441 306 1638 342 impasuissent
1653 308 1793 340 parentes

991 358 1152 385 Christiani.
1169 357 1240 384 Hinc
1257 357 1339 391 igitur
1349 359 1397 383 aut
1410 354 1589 390 epistularum
1606 352 1792 387 scriptorem.

991 410 1038 432 aut
1051 404 1254 440 lgnatianorum
1264 402 1394 430 Actorum
1404 405 1543 428 auctorem
1552 399 1599 427 diu
1611 402 1673 434 post
1685 395 1794 433 Ignatii

991 454 1115 484 tempora
1132 449 1233 475 vixisse
1249 447 1324 474 nullo
1338 446 1418 474 modo
1433 444 1590 473 coniicitur.

1027 495 1086 522 Jam
1112 499 1142 522 ut
1165 494 1318 522 institutam
1335 492 1369 520 de
1394 492 1465 525 λέξει
1483 489 1697 525 disputationem
1724 495 1793 523 per.

992 546 1076 573 texat,
1090 541 1225 573 observat,
1243 547 1291 567 eos
1306 546 1375 574 quos
1387 537 1564 566 vetustissimi
1585 537 1626 563 vel
1637 536 1792 571 episcopos

993 586 1033 613 vel
1049 586 1222 621 presbyteros
1233 589 1340 617 vocant,
1348 584 1421 611 hunc
1430 582 1521 618 ἱερέας
1532 589 1580 610 seu
1592 582 1788 609 «sacerdotes.

993 633 1141 667 appellare.
1158 631 1198 659 Ex
1213 632 1315 666 spuriis
1335 631 1450 666 aliquot,
1466 638 1500 657 ex
1522 630 1625 657 nostris
1639 636 1729 656 unum
1745 627 1792 655 lo-

993 686 1056 706 cum
1072 678 1160 711 aﬂ‘ert,
1178 686 1274 713 nempe
1285 678 1343 705 haec
1356 686 1390 705 ex
1401 677 1515 711 epistola
1531 677 1564 704 ad
1573 675 1792 709 Philadelphen—

994 733 1038 753 ses
1049 725 1128 753 verba
1145 733 1152 752 :
1169 724 1253 751 Καλοὶ
1268 724 1313 752 καὶ
1328 725 1352 751 οἱ
1364 725 1455 760 ἱερεῖς.
1473 722 1548 759 Nego
1561 723 1612 750 hoc
1622 723 1684 750 loco
1701 722 1791 756 ἱερεῖς

994 772 1038 799 vel
1061 771 1205 806 episcopos
1219 771 1262 799 vel
1283 771 1458 806 presbyteros
1475 769 1647 804 signiﬁcare;
1675 768 1791 802 negavit

995 820 1058 844 ante
1070 824 1114 843 me
1128 816 1327 844 Hammondus.
1344 815 1424 843 Walo
1445 815 1608 843 Messalinus
1620 814 1717 841 eadem
1739 813 1790 840 ob-

993 862 1113 897 jectione
1127 870 1205 895 usus,
1221 861 1268 889 sed
1292 865 1356 888 ante
1376 862 1466 888 visum
1479 860 1602 888 codicem
1619 859 1788 887 Mediceum.

961 898 982 925 Β
999 907 1156 936 Blondellus
1177 907 1224 934 illo
1246 907 1340 934 codice
1364 907 1488 941 inspecto
1508 906 1543 933 ab
1563 906 1615 933 hac
1629 905 1791 940 objectione

995 961 1110 988 prorsus
1136 953 1278 986 abstinuit,
1295 958 1324 980 ut
1345 957 1373 980 et
1389 952 1552 980 Salmasius.
1581 951 1667 979 Miror
1694 952 1791 986 itaque

995 999 1124 1027 Dallzeum
1135 999 1224 1028 adhuc
1232 1000 1321 1027 eidem
1335 999 1478 1031 inhaarere,
1491 998 1615 1033 nihilque
1628 997 1729 1025 afferre
1740 1005 1790 1033 pto

996 1045 1130 1073 sententia
1147 1053 1210 1074 sua.
1223 1050 1321 1080 praeter
1334 1045 1435 1072 nudam
1461 1045 1652 1072 assertionem.
1673 1054 1682 1070 ι
1697 1044 1790 1078 Appa-

996 1097 1047 1125 ret,
1062 1091 1165 1127 inquit,
1178 1092 1268 1128 ἱερέας
1283 1091 1344 1119 loco
1364 1091 1476 1118 laudato
1497 1091 1552 1118 dici
1576 1097 1626 1118 eos
1648 1091 1697 1126 qui
1726 1095 1790 1117 sunt

996 1138 1156 1174 presbyteri.
1173 1148 1182 1164 ι
1198 1138 1256 1165 imo
1274 1145 1339 1165 vero
1354 1141 1469 1172 apparet
1489 1136 1580 1172 ἱερέας
1604 1144 1638 1163 eo
1649 1137 1714 1164 loco
1729 1144 1790 1171 pre-

996 1185 1119 1219 sbyteros
1131 1191 1186 1211 non
1198 1184 1251 1211 dici
1266 1192 1272 1210 :
1287 1183 1471 1211 certissimum
1497 1182 1569 1210 enim
1597 1186 1640 1209 est
1665 1182 1791 1216 epistola

997 1231 1157 1265 scriptorem
1176 1237 1210 1258 eo
1233 1229 1286 1257 loci
1304 1229 1338 1256 de
1359 1229 1494 1256 ministris
1509 1228 1648 1263 Evangelii
1673 1227 1790 1255 minime

996 1276 1081 1310 loqui.
1101 1275 1226 1310 Disputat
1239 1275 1370 1313 adversus
1385 1273 1539 1306 Ebionitas,
1554 1273 1601 1308 qui
1614 1271 1790 1299 Christianos

997 1322 1030 1349 ad
1044 1321 1178 1349 Mosaicas
1194 1321 1374 1348 caeremonias
1395 1321 1572 1352 revocabant,
1594 1323 1622 1345 et
1649 1318 1685 1345 ab
1700 1318 1789 1344 Evan-

997 1367 1067 1402 gelio
1091 1366 1125 1394 ad
1138 1367 1224 1401 legem
1247 1366 1445 1401 provocabant,
1466 1364 1651 1395 dicebantque
1667 1372 1676 1391 :
1691 1372 1701 1389 ε
1720 1362 1749 1389 Si
1762 1363 1788 1389 in

997 1414 1137 1441 veteribus
1152 1421 1205 1440 non
1222 1412 1344 1445 invenio,
1372 1412 1401 1439 in
1426 1410 1575 1446 Evangelia
1587 1417 1643 1436 non
1658 1409 1755 1436 credo.
1777 1418 1786 1434 I

998 1459 1166 1494 Argumento
1181 1459 1233 1486 hoc
1252 1459 1383 1486 adversus
1394 1465 1443 1485 eos
1457 1457 1543 1484 utitur
1558 1464 1565 1482 :
1586 1465 1602 1481 ι-
1615 1455 1685 1483 Boni
1706 1459 1734 1482 et
1746 1461 1789 1482 sa-

999 1506 1142 1540 cerdotes;
1163 1505 1261 1533 melius
1288 1509 1379 1532 autem
1405 1504 1532 1539 princeps
1548 1502 1726 1530 sacerdotum
1745 1501 1788 1528 cui

999 1552 1101 1579 credita
1112 1556 1176 1580 Sunt
1186 1551 1286 1579 Sancta
1300 1555 1467 1579 sanctorum.
1484 1559 1494 1575 ι
1506 1549 1544 1576 Ita
1562 1557 1594 1576 ex
1610 1548 1671 1583 lege
1693 1547 1789 1582 dispu-

999 1604 1047 1626 tat.
1064 1598 1117 1626 Per
1132 1599 1282 1633 principem
1294 1602 1384 1624 autem
1393 1595 1567 1624 sacerdotum
1582 1593 1790 1629 intelligendum

995 1653 1056 1673 esse
1082 1645 1220 1672 Christum
1248 1644 1347 1677 innuit,
1377 1650 1430 1670 non
1453 1646 1560 1669 tantum
1589 1640 1648 1667 lure
1675 1638 1789 1671 addens,

999 1701 1008 1717 I
1027 1691 1070 1718 cui
1096 1691 1147 1718 soli
1164 1689 1267 1718 credita
1291 1694 1356 1717 sunt
1375 1688 1483 1716 occulta
1501 1687 1560 1720 Dei,
1591 1696 1601 1713 ›
1626 1685 1675 1714 sed
1692 1690 1719 1712 et
1746 1685 1790 1712 illa

995 1739 1088 1770 etiam,
1109 1746 1118 1763 ι
1143 1737 1188 1772 qui
1208 1738 1267 1772 Ipse
1287 1739 1331 1763 est
1347 1736 1432 1770 janna
1456 1734 1554 1766 Patris,
1572 1740 1622 1768 per
1645 1739 1729 1767 quam
1749 1731 1791 1757 in-

996 1784 1155 1819 grediuntur
1171 1783 1322 1814 Abraham,
1347 1781 1423 1809 Isaac
1446 1785 1474 1808 et
1489 1780 1585 1813 Jacob,
1607 1783 1635 1806 et
1650 1778 1791 1814 prophetat

996 1835 1023 1858 et
1038 1829 1165 1865 apostoli,
1180 1834 1208 1856 et
1218 1828 1351 1857 Ecclesia.
1375 1838 1386 1854 ι
1412 1827 1527 1855 Summa
1551 1826 1709 1862 argumenti
1734 1825 1792 1852 haec

996 1882 1055 1905 est:
1073 1876 1131 1904 Non
1147 1883 1208 1904 esse
1229 1875 1396 1903 redeundum
1412 1875 1446 1902 ab
1467 1873 1616 1909 Evangelio
1641 1873 1675 1900 ad
1694 1873 1791 1906 legem,

997 1923 1044 1951 sed
1068 1931 1084 1951 a
1109 1923 1168 1958 lege
1192 1921 1406 1958 perveniendum
1435 1920 1469 1947 ad
1494 1918 1685 1954 Evangelium.
1717 1917 1791 1944 Licet

997 1970 1071 1997 enim
1084 1969 1213 2004 praeclara
1228 1968 1307 1995 fuerit
1324 1967 1377 1995 sub
1402 1966 1462 2001 lege
1480 1965 1646 1993 ministratio
1667 1963 1793 1991 sacerdo-

996 2021 1066 2049 tum,
1079 2023 1185 2050 semper
1198 2019 1288 2042 tamen
1300 2014 1334 2041 iis
1348 2013 1434 2048 major
1447 2019 1504 2040 erat
1516 2019 1643 2040 summus
1655 2010 1792 2043 Pontifex,

997 2062 1044 2096 qui
1063 2061 1139 2089 solus
1154 2060 1265 2087 intravit
1280 2060 1307 2086 in
1332 2058 1431 2086 Sancta
1462 2061 1642 2085 sanctorum:
1668 2060 1728 2082 erat
1745 2062 1793 2082 au-

997 2111 1052 2134 tem
1074 2107 1119 2133 ille
1138 2105 1241 2133 Christi
1266 2109 1356 2141 typus,
1372 2103 1419 2138 qui
1436 2110 1499 2130 vere
1516 2109 1644 2129 summus
1669 2099 1792 2135 pontifex

997 2158 1049 2185 est,
1064 2159 1113 2187 per
1129 2158 1208 2186 quem
1223 2154 1251 2177 et
1263 2150 1309 2184 qui
1330 2153 1392 2176 ante
1411 2149 1513 2183 legem,
1532 2151 1560 2174 et
1578 2146 1626 2182 qui
1656 2146 1710 2173 sub
1723 2145 1792 2180 lege,

998 2204 1025 2226 et
1043 2197 1089 2233 qui
1105 2197 1156 2224 sub
1178 2195 1336 2230 Evangelio,
1354 2195 1470 2222 salutent
1487 2192 1631 2221 consecuti
1647 2196 1722 2219 sunt.
1740 2192 1794 2227 Ap-

159 2237 231 2266 irgtr-r
250 2248 318 2267 mss.
349 2241 514 2271 Baroeianos
541 2243 567 2270 in
592 2242 758 2270 bibliotheca
785 2240 943 2268 Oxoniensi.
961 2245 984 2274 ι)
997 2245 1074 2276 paret
1091 2241 1192 2268 idcirco
1205 2243 1344 2266 auctorem
1361 2238 1484 2273 cpistola:
1505 2238 1558 2266 sub
1572 2239 1687 2266 nomine
1699 2238 1794 2274 ἱερέων

160 2284 281 2319 lgnatius
293 2287 440 2314 modernus
453 2288 607 2322 patriarcha
618 2288 825 2320 Antiochcnus;
836 2290 862 2314 et
874 2286 948 2321 ejus-

161 2330 224 2358 dem
249 2333 385 2365 nominis,
407 2333 459 2360 nisi
486 2333 582 2368 fallor,
597 2334 625 2361 in
639 2334 777 2361 Chronico
790 2332 946 2361 Cassinensi

160 2375 289 2404 lnnacius
300 2377 445 2412 episcopus
454 2378 681 2408 Monorbinensis.
697 2379 734 2406 Ut
744 2379 828 2414 igitur
840 2386 856 2406 a
868 2378 948 2406 Chri-

161 2423 294 2457 stophoro
318 2428 360 2451 tot
381 2424 582 2459 Christophori,
601 2425 639 2452 ita
654 2425 688 2452 ab
702 2425 804 2460 lgnatio
817 2430 948 2460 tanquam

160 2469 418 2504 proprio‘martyris
430 2471 539 2497 nomine
551 2470 629 2497 multi
641 2470 705 2497 dicti
721 2475 785 2498 sunt
796 2470 903 2506 ignntii.
915 2469 949 2498 Ut

162 2518 252 2540 autem
265 2515 365 2541 abnuo
378 2520 498 2550 martyre
507 2516 561 2543 duo
576 2515 686 2543 nomina
700 2517 769 2551 apud
783 2516 891 2544 Graecos
902 2517 945 2544 der

163 2559 330 2592 rivarentur,
349 2561 488 2595 postulare
499 2561 701 2596 iniquissimum
713 2566 763 2590 est.
773 2562 949 2590 Ammonium

164 2603 330 2631 monachum
354 2606 498 2640 quemdam
516 2606 550 2633 ab
569 2607 665 2634 Oreste
687 2607 815 2642 praefecto
832 2608 950 2634 Alexan-

163 2648 231 2676 driae
244 2650 271 2676 in
287 2651 431 2679 tormentis
444 2653 606 2680 trucidatum
620 2652 648 2680 S.
660 2653 777 2689 Cyrillus
794 2655 821 2680 in
834 2654 949 2681 ecclesia

163 2697 281 2733 quadam
298 2697 447 2731 deponens,
461 2698 544 2734 ὗνομα
556 2699 649 2735 ἕτερον
665 2699 739 2735 αὐτῷ
752 2699 869 2732 ἐπιθεὶς,
878 2699 949 2725 Θαυ-

165 2745 261 2779 μάσιον
282 2744 443 2776 ὲπεκάλεσε,
466 2746 512 2772 καὶ
535 2746 662 2782 μάρτυρα
685 2746 864 2782 χρηματίζειν
887 2745 949 2771 ὲκέ-

163 2790 252 2822 λευσε,
270 2800 280 2816 ι
298 2791 371 2818 aliud
393 2799 491 2819 nomen
515 2793 539 2820 ei
561 2792 725 2828 imponens,
749 2792 946 2820 Thaumasium

164 2837 317 2871 appellarit,
333 2841 361 2865 et
375 2842 520 2874 martyrem
535 2839 625 2866 vocari
638 2839 738 2872 jussit,
754 2847 762 2862 ι
774 2841 802 2865 ut
812 2837 950 2865 reiertSo—

163 2887 263 2916 crates,
279 2883 326 2911 lib.
342 2890 392 2918 vtt,
406 2892 430 2911 c.
445 2885 487 2911 14.
501 2884 578 2918 Quod
593 2885 616 2912 si
632 2885 677 2911 ille
690 2892 739 2919 pro
752 2891 817 2911 vero
831 2889 949 2920 martyre

999 2287 1153 2315 sacerdotes
1168 2286 1220 2313 sub
1246 2285 1305 2321 lege
1323 2285 1501 2317 intellexisse,
1519 2288 1547 2312 et
1572 2285 1600 2312 in
1631 2285 1684 2311 hac
1701 2284 1793 2319 dispu-

998 2332 1111 2365 tatione,
1127 2331 1160 2358 de
1179 2331 1348 2366 presbyteris
1365 2336 1414 2358 aut
1436 2330 1500 2357 ullis
1517 2331 1655 2357 ministris
1675 2337 1792 2364 evange-

998 2379 1059 2406 licis
1071 2385 1106 2405 ne
1122 2378 1257 2413 cogitasse
1271 2377 1395 2412 quidem.
1417 2375 1493 2403 Vidit
1518 2376 1577 2403 haec
1603 2377 1710 2405 omnia.
1736 2377 1792 2412 opi-

997 2431 1060 2456 nor,
1072 2430 1144 2451 vera-v
1156 2430 1217 2450 esse
1232 2421 1365 2455 Dallzeus;
1387 2429 1450 2449 nam
1467 2429 1530 2449 cum
1546 2422 1632 2456 paulo
1645 2427 1712 2458 post
1734 2423 1789 2450 loca

998 2470 1116 2497 adducat
1132 2477 1165 2496 ex
1188 2469 1299 2503 spuriis,
1318 2469 1419 2503 quibus
1441 2469 1548 2503 probet
1561 2469 1724 2504 episcopum
1741 2469 1790 2497 dict

998 2515 1138 2552 ἀρχιερέα,
1157 2515 1215 2542 haec
1235 2515 1328 2548 verba,
1352 2515 1479 2551 κρεῖσσον
1503 2515 1517 2541 ὁ
1543 2515 1704 2551 ἀρχιερεὺς,
1732 2523 1790 2550 pru-

998 2562 1065 2590 dens
1082 2562 1178 2596 mittit;
1194 2562 1246 2588 hac
1265 2561 1373 2588 ratione
1396 2560 1499 2593 addita,
1513 2561 1587 2596 quod
1608 2570 1618 2584 ι
1638 2569 1671 2588 ea
1685 2561 1791 2589 tametsi

997 2608 1031 2635 de
1042 2607 1170 2642 episcopo
1187 2607 1241 2635 dici
1255 2607 1410 2638 videantur,
1426 2606 1472 2633 alii
1489 2606 1524 2633 de
1544 2606 1659 2634 Christo
1678 2606 1789 2634 Domino

998 2661 1055 2681 non
1081 2653 1199 2680 absurde
1225 2653 1448 2687 interpretentur.
1475 2662 1484 2678 ι
1515 2652 1574 2680 lmo
1595 2659 1674 2680 vero.
1688 2652 1734 2679 alii
1759 2651 1789 2679 de

998 2698 1107 2726 Christo
1125 2698 1240 2726 Domino
1258 2703 1285 2726 et
1304 2698 1435 2726 Pontitlce
1452 2705 1563 2725 summo
1585 2698 1740 2725 rectissime
1751 2697 1789 2724 in-

998 2749 1196 2780 terpretantur;
1223 2752 1314 2779 neque
1335 2745 1481 2779 quisquam
1508 2745 1542 2772 de
1565 2744 1700 2779 episcopo
1715 2751 1790 2778 evan-

998 2790 1086 2824 gelica
1102 2790 1156 2817 nisi
1181 2790 1377 2818 absurdissima
1397 2791 1572 2825 interpretari
1600 2794 1703 2825 potest.
1725 2789 1788 2823 Qui:

998 2838 1069 2864 enim
1087 2845 1207 2872 unquam
1229 2837 1387 2872 episcopum
1406 2837 1525 2871 aliquem
1553 2835 1625 2863 inter
1651 2835 1788 2863 ministros

998 2884 1168 2920 evangelica:
1189 2884 1226 2912 ita
1237 2883 1371 2918 ell‘crrct,.
1390 2887 1419 2910 ut
1440 2891 1502 2911 eum
1521 2883 1632 2911 diceret
1646 2892 1657 2908 ι
1673 2889 1734 2910 esse
1752 2882 1787 2917 jm
