1850 3072
50 164 99 193 ισοθ

455 162 480 193 1.
500 163 684 193 PEARSONII
703 162 853 192 VlNDlCltl

942 158 1090 188 ΔτΙΑΝΑΞ.
1110 173 1145 180 ——
1160 156 1253 185 PARS
1268 155 1302 183 ll‘.

1633 151 1685 180 ΗΟ

55 231 135 252 uuam
164 223 272 256 Patris,
302 233 353 260 per
373 233 455 260 quam
488 225 679 260 ingrediuntur
702 223 852 256 Abraham,
868 230 892 259 Δ
905 227 1009 255 nesque
1021 216 1134 246 secundi
1149 215 1246 244 saeculi-
1256 214 1422 249 scriptores:
1435 210 1508 240 tertii
1518 210 1610 239 saacuti
1623 215 1685 238 tan-

60 275 86 297 et
97 269 181 304 Isaac,
195 274 224 297 et
240 269 342 304 Iacob,
358 275 384 298 et
403 270 553 306 propheta,
577 274 605 297 et
617 269 745 305 apostoli,
759 274 787 296 et
802 268 853 296 Ec-

60 316 158 344 clesia?
183 325 192 342 ι
217 316 379 344 Praesertim
403 324 465 344 cum
489 316 616 344 Christus
646 317 703 352 ipse
730 316 851 344 dixerit:

67 363 136 398 Ἐγώ
151 365 211 398 ειμι
229 364 249 397 ἡ
268 363 356 398 θύρα,
386 368 412 390 et
426 363 472 391 illa
488 371 541 390 vox
557 363 592 391 de
615 363 725 391 Christo
739 367 851 398 aposto-

60 409 118 437 licis
131 410 306 444 temporibus
324 410 442 437 maxime
462 414 594 445 usurpata
623 410 676 443 sit;
703 409 776 437 unde
806 410 852 436 illa

59 455 216 483 Judazorum
237 456 271 483 ad
289 455 422 483 Jacobum
437 456 541 490 justum
563 465 570 483 :
593 455 769 490 Ἀπάγγειλον
785 457 851 492 ἡμῖν

63 503 100 534 τίς
119 504 136 538 ἡ
159 503 232 538 θύρα
253 503 301 530 τοῦ
321 503 408 538 Ἰησοῦ
428 502 475 530 τοῦ
492 503 706 538 σταυρωθέντος·
739 511 749 528 t
781 502 852 531 Doce

64 557 109 576 nos
132 550 210 584 quod
234 549 272 577 sit
292 550 393 577 ostium
415 549 479 577 Iesu
508 549 650 582 cruciﬁxi;
678 558 688 575 ι
709 553 740 576 ut
768 548 852 576 refert

64 595 234 631 Hegesippus
251 597 323 632 apud
340 596 488 625 Eusebium
507 597 558 624 lib.
575 604 607 630 u,
625 604 651 624 c.
669 596 715 623 25.
731 595 809 629 Quod
826 596 849 623 si

63 642 208 678 ἀρχιερεύς
224 643 261 670 ibi
279 650 333 670 non
346 643 383 670 sit
395 643 549 678 episcopus,
566 651 653 678 neque
672 643 754 678 ἱερεῖς
770 648 851 670 erunt

63 690 218 726 presbyteri
243 699 250 716 :
277 689 339 717 illos
359 689 443 725 igitur
468 689 557 726 ἱερέας
578 697 634 716 non
655 690 747 718 minus
767 697 849 724 quam

62 737 219 772 pontilicem
235 736 395 771 prudentius
408 736 524 764 misisset
538 736 579 763 vir
589 735 778 768 doctissimus;
792 741 850 762 tum

63 783 134 817 quod
151 791 197 810 res
228 782 286 818 ipsa
303 783 354 810 hoc
375 783 409 810 ab
425 790 457 810 eo
472 782 630 818 postulavit,
645 786 702 808 tum
716 789 750 809 ne
768 781 851 809 Ham-

63 828 197 855 mondum
214 827 372 864 sugillandi,
395 828 441 855 ubi
459 828 533 856 nulla
551 827 665 856 rationis
686 827 728 855 vel
746 828 850 862 species

63 881 89 902 se
102 873 248 907 otferebat,
265 874 435 902 occasionem
450 875 568 910 arripere
580 875 726 902 videretur.

356 951 471 979 CAPUT
489 951 558 979 Xlll.

63 1009 254 1050 Argumentum
270 1010 431 1050 patinarium
445 1010 597 1037 discutitur.
616 1009 681 1050 ltjjus
695 1009 852 1050 fundamen-

97 1050 154 1071 tum
167 1045 194 1071 in
208 1045 292 1080 ruinis
305 1045 552 1080 presbyteranarum
567 1046 682 1080 partium
695 1045 756 1080 poni
769 1049 853 1071 osten-

97 1081 184 1107 ditur.
202 1079 240 1106 De
254 1079 389 1107 distinctis
405 1081 554 1108 nominibus
574 1086 598 1107 et
614 1080 704 1115 officiis
719 1080 799 1106 trium
813 1088 852 1106 sa-

96 1123 205 1141 crorum
231 1116 353 1142 ordinum
373 1121 485 1150 quatuor
506 1116 664 1143 assertiones
686 1119 850 1142 statuuntur.

96 1151 220 1178 Assertio
249 1150 275 1177 1.
303 1149 383 1178 Alios
400 1151 609 1186 quamplurimas
633 1150 741 1178 secundi
762 1149 852 1177 saeculi

97 1187 242 1220 scriptores
262 1187 331 1213 idem
352 1185 495 1214 discrimen
516 1187 586 1213 inter
604 1185 730 1213 uocabula
746 1185 853 1220 episco-

116 1226 179 1248 atus
196 1227 221 1249 et
243 1222 446 1257 presbyteratus
467 1223 627 1253 observasse,
647 1221 716 1256 quod
729 1220 852 1257 Vobservat

113 1259 225 1292 gnatius
238 1255 336 1284 noster.
353 1256 430 1289 Quod
442 1257 570 1292 probatur
590 1255 747 1292 testimoniis
763 1255 852 1292 Actor-

96 1290 290 1327 rumrlgnatii
310 1298 334 1320 et
363 1290 513 1328 Polyrarpi,
540 1292 714 1328 imperatoris
727 1290 850 1328 Adriani,

98 1326 224 1364 Dionysii
255 1326 453 1355 Corinthiorum
476 1326 852 1364 episcopi,_l.ugdu_i_t_ensium

98 1360 250 1399 martyrum
267 1365 388 1398 (quorum
402 1360 579 1390 testimonium
594 1371 610 1399 ᾳ
621 1360 853 1399 ΙξίθήάςΙΙίΑεΙΙ-ζο-

98 1395 227 1438 ηοιοςῇςὶδ
240 1395 615 1438 obj'cctionibus_vindicatur),
631 1396 780 1438 ῌςρεδίηρὶ,
800 1395 854 1438 Po:

99 1432 224 1498 (geratis,
239 1432 403 1475 Serapionis,
424 1434 554 1468 Anonymi
575 1433 645 1474 apud
663 1432 814 1463 Eusebium,
828 1435 853 1458 et

123 1478 240 1497 anonum
255 1471 470 1498 anottohcorum.
482 1470 600 1495 Assertio
620 1466 662 1494 11.
680 1467 793 1494 Nullum
810 1474 852 1493 δε·-

123 1478 240 1497 anonum
255 1466 470 1503 apostolicorum.
482 1466 600 1495 Assertio
620 1466 662 1494 11.
680 1467 793 1494 Nullum
810 1474 852 1503 seu

99 1506 182 1533 eundi
210 1502 302 1532 statuti
326 1506 480 1539 scriptorem
502 1503 617 1537 simplici
644 1502 804 1539 presbytero,
825 1502 853 1528 in

99 1542 214 1568 secunda
236 1537 383 1567 ministerii
402 1539 492 1566 ordine
508 1537 662 1570 constituto,
678 1537 791 1572 episcopi
807 1545 854 1563 no-

98 1585 158 1603 men
180 1576 315 1602 tribuisse.
346 1575 425 1602 Ratio
450 1574 603 1609 manifesta,
632 1581 713 1608 quare
734 1571 855 1609 Igna_t_it_ts
869 1573 891 1602 C

99 1612 245 1638 discrimen
275 1610 343 1637 illud
365 1615 436 1637 caste
460 1606 618 1637 observaret.
638 1606 764 1634 'Assertio
789 1606 850 1634 111.

99 1646 217 1674 Nullum
239 1647 345 1673 omnino
365 1646 473 1673 secundi
492 1644 583 1672 saeculi
605 1644 770 1678 scriptorem,
793 1651 852 1669 cum

97 1682 198 1718 gradus
207 1685 353 1718 enumerat,
361 1687 406 1718 aut
417 1689 475 1706 cum
484 1681 515 1707 de
521 1679 699 1718 singularibus
707 1679 748 1718 sui
757 1683 855 1718 tempot

98 1712 137 1744 ris
160 1717 294 1743 ministris
317 1712 444 1751 loquitur,
466 1712 572 1751 nomen—
589 1713 734 1751 presbyteri
751 1713 782 1751 _ei
808 1712 853 1751 qui

98 1754 236 1815 Episcopus
259 1747 355 1784 esset;
371 1751 503 1792 tribuisse.
528 1747 722 1790 Loca‘Papli‘ai.
746 1747 853 1779 lrenwi,

123 1788 248 1815 [ementis
270 1787 457 1815 Alexandrini,
473 1785 628 1815 Polite-arm,
644 1784 688 1811 Pu
703 1788 728 1811 et
750 1783 853 1810 Hermte

123 1783 248 1815 [ementis
270 1786 457 1817 Alexandrini,
473 1785 628 1820 Polycarpi,
644 1784 689 1811 Pii
703 1788 728 1811 et
739 1783 855 1820 Aﬂermte

99 1823 301 1850 examinantur.
312 1822 430 1848 Asserlio
444 1820 494 1849 IV.
510 1817 551 1847 Ea
564 1817 651 1852 aetate.
667 1828 718 1854 qua
733 1817 762 1846 S.
776 1817 856 1853 Igna-

100 1859 153 1884 tius
169 1857 434 1898 scripsissedicitur,
452 1861 614 1898 tresnsacros
635 1853 740 1898 ordines
757 1853 853 1880 distin-

98 1898 156 1919 ctos
167 1893 195 1919 in
211 1889 330 1919 Ecclesia
343 1892 484 1919 exstitisse.
499 1891 575 1924 Quod
585 1898 644 1917 cum
659 1889 783 1921 aliorum,
801 1893 856 1915 tum

99 1929 183 1955 etiam
193 1936 285 1954 eorum
302 1928 430 1960 omnium,
440 1927 486 1962 qui
499 1925 707 1962 communionem
721 1924 856 1962 nominum

100 1964 127 1990 in
141 1962 297 1997 apostolicis
311 1963 417 1997 scriptis
436 1960 618 1997 observabant,
633 1960 786 1987 testimoniis
798 1967 857 1994 pro-

101 1996 191 2026 batur.
206 1997 306 2025 Dulltei
316 1996 402 2032 e/fusa
413 1998 498 2024 oratio
510 1996 713 2031 sufﬂaminatur.

99 2054 249 2083 Prasmissa
264 2055 316 2082 levi
332 2058 469 2081 armatura
486 2053 519 2081 ad
531 2052 693 2088 palmarium
709 2059 854 2084 argumen-

67 2107 124 2131 tum
138 2110 154 2129 a
177 2102 300 2130 dictione
320 2102 434 2136 petitum
454 2100 624 2135 progreditur
648 2108 656 2126 :
683 2098 756 2133 quod
777 2098 856 2132 longe

67 2149 180 2176 maximi
198 2148 327 2175 momenti
341 2155 402 2174 esse
414 2151 499 2181 putat,
509 2152 535 2174 et
547 2146 713 2174 idcircototo
725 2146 813 2181 capite
822 2145 857 2173 26

66 2195 173 2230 prolixo
198 2201 266 2222 sane
287 2198 314 2221 et.
336 2193 473 2221 laborioso
503 2193 557 2221 late
585 2194 767 2228 persequitur.
788 2193 856 2220 Cum

904 271 962 294 tuin
978 270 1005 292 et
1019 263 1191 300 sequentium
1212 260 1360 289 Christiani
1385 258 1531 286 discrimen
1554 257 1619 284 illud
1636 256 1686 284 ob-

903 310 1058 339 servabant.
1075 307 1177 335 Auctor
1186 307 1270 342 igitur
1286 304 1462 340 epistolarum
1481 302 1561 330 tertio
1581 301 1623 329 vel
1643 309 1686 329 se-

903 360 1004 392 quente
1022 354 1121 382 sarculo
1135 352 1255 388 scripsit.
1269 351 1328 378 Non
1339 350 1426 386 potuit
1442 349 1524 384 igitur
1535 355 1595 376 esse
1608 347 1686 382 lgna-

902 403 958 429 tius
975 405 1089 435 martyr,
1112 398 1160 434 qui
1188 398 1247 434 ipso
1271 404 1339 432 pene
1362 395 1474 423 secundi
1498 393 1592 422 saeculi
1608 393 1687 420 initio

901 454 997 482 passus
1010 450 1063 474 est.

938 492 1006 520 Illud
1030 496 1120 519 autem
1140 488 1267 524 inprimis
1285 486 1484 516 observandum
1501 489 1557 516 est,
1578 484 1601 512 si
1625 491 1687 519 quae

902 539 943 566 vis
955 538 1018 565 huic
1031 540 1192 572 argumento
1210 535 1300 562 inesse
1318 533 1451 565 videatur,
1465 539 1524 558 eam
1537 538 1645 557 onmem
1658 530 1686 556 in

902 590 1014 612 suarum
1031 582 1150 617 partium
1172 580 1261 607 ruinis
1276 579 1311 606 ab
1334 586 1366 606 eo
1385 578 1500 612 positam
1524 583 1594 603 esse.
1619 575 1686 602 Nam

901 630 966 658 dum
992 633 1132 656 auctorem
1161 626 1338 662 epistolarum
1362 623 1482 652 secundo
1504 622 1605 650 saeculo
1632 630 1686 648 non

901 676 1043 711 scripsisse
1057 675 1124 707 vult,
1141 673 1213 709 quod
1225 680 1258 700 eo
1273 676 1328 699 toto
1339 671 1416 698 aliter
1428 668 1576 697 Christiani
1592 675 1687 695 omnes

903 723 987 750 locuti
1016 721 1092 755 sint;
1124 719 1250 747 Salmasii
1293 722 1319 745 et
1352 715 1485 744 Albertini
1525 714 1693 742 sententiam

902 768 1038 799 convellit,
1055 767 1102 802 qui
1123 774 1185 794 eum
1202 764 1292 792 medio
1310 763 1422 791 secundi
1446 761 1539 789 saeculi
1567 766 1687 794 tempore

900 815 1030 850 epistolas
1044 813 1162 841 edidisse
1173 812 1335 838 docuerunt.
1349 809 1398 836 Dat
1410 808 1491 835 etiam
1505 806 1686 839 Hammondo,

900 866 957 888 tres
972 860 1023 887 sub
1032 857 1219 894 apostolorum
1233 859 1365 890 tempore,
1381 854 1427 889 qui
1442 852 1552 880 nomina
1567 851 1687 885 episcopi

866 904 887 932 Β
901 911 928 933 et
953 903 1105 941 presbyteri
1129 902 1283 938 promiscue
1309 907 1457 935 usurpasse
1473 899 1612 930 dicuntur,
1633 901 1688 924 tres

902 951 1013 978 ordines
1042 957 1089 977 seu
1115 948 1215 983 gradus
1245 946 1271 973 in
1295 945 1416 973 Ecclesia
1435 944 1587 974 exstitisse;
1615 941 1687 977 quod

903 996 1067 1027 Salmasius,
1089 993 1256 1024 Blondellus,
1280 991 1380 1026 aliique
1401 990 1469 1017 adeo
1495 997 1528 1017 ex
1553 987 1688 1015 industria

903 1047 1011 1078 negant,
1028 1046 1055 1068 et
1067 1048 1144 1067 suam
1160 1047 1193 1066 ex
1209 1038 1266 1073 ipsa
1283 1036 1444 1064 confusione
1460 1035 1600 1062 nominum
1627 1041 1690 1061 sen-

903 1087 1013 1114 tentiam
1038 1085 1155 1112 maxime
1178 1082 1337 1110 defendunt.
1358 1079 1439 1108 Novit
1457 1085 1546 1108 autem
1561 1079 1696 1112 Dallaeus,

902 1133 955 1161 nisi
979 1132 1031 1160 hoc
1051 1131 1138 1163 daret,
1158 1138 1192 1157 ex
1210 1129 1363 1156 imitatione
1385 1126 1526 1162 apostolici
1553 1125 1689 1153 sermonis

902 1178 1033 1206 adversus
1044 1176 1141 1212 lgnatii
1152 1175 1281 1210 epistolas
1302 1174 1406 1201 nullum
1426 1176 1616 1206 argumentum
1631 1170 1689 1198 for-

902 1225 972 1252 mari
997 1223 1129 1259 potuisse.
1154 1221 1183 1249 Si
1209 1222 1281 1248 enim
1305 1220 1360 1248 duo
1387 1223 1493 1246 tantum
1513 1218 1623 1244 ordines
1643 1221 1690 1244 aut

903 1271 1002 1306 gradus
1017 1271 1044 1297 in
1062 1269 1214 1297 ministerio
1224 1266 1409 1295 ecclesiastico
1423 1264 1608 1300 apostolorum
1621 1268 1690 1290 tem-

902 1323 968 1351 pore
988 1315 1168 1347 exstitissent,
1186 1313 1324 1349 quomodo
1342 1312 1404 1339 illos
1421 1309 1521 1337 itnitari
1542 1312 1692 1344 potuerunt

903 1362 930 1390 in
950 1360 1110 1388 confusione
1120 1359 1274 1392 nominum,
1293 1358 1340 1392 qui
1359 1362 1424 1383 tunc
1439 1355 1569 1390 temporis
1587 1355 1691 1382 scribe-

903 1411 975 1440 rent,
990 1415 1052 1434 cum
1065 1411 1120 1434 tres
1139 1405 1195 1441 jam
1214 1404 1323 1432 tandem
1338 1402 1444 1430 essent?
1456 1401 1484 1428 Si
1498 1409 1568 1428 unus
1583 1404 1690 1427 tantum

903 1453 971 1481 ordo
983 1453 1025 1480 vel
1040 1452 1140 1488 gradus
1152 1459 1234 1486 supra
1246 1450 1422 1478 diaconatum
1445 1448 1478 1475 ab
1498 1446 1629 1482 apostolis
1651 1446 1690 1473 iu-

905 1501 1016 1528 stitutus
1031 1503 1083 1531 est,
1099 1505 1180 1533 quem
1195 1504 1268 1524 nunc
1282 1496 1468 1530 episcopatum
1487 1501 1559 1520 nunc
1577 1492 1691 1528 presby-

907 1551 1024 1574 teratum
1054 1543 1226 1579 appellabant
1258 1542 1309 1577 ipsi
1342 1540 1389 1575 qui
1418 1547 1480 1567 eum
1513 1538 1693 1566 instituebant

906 1590 1039 1628 apostoli;
1054 1598 1088 1617 an
1102 1590 1139 1616 illi
1152 1589 1198 1623 qui
1217 1587 1337 1616 secundo
1351 1586 1450 1614 sreculo
1466 1586 1611 1620 scripsere,
1628 1592 1690 1611 cum

902 1639 958 1675 jam
977 1639 1022 1665 ille
1039 1637 1106 1664 ordo
1119 1636 1146 1663 in
1164 1636 1234 1662 duos
1249 1634 1396 1662 distinctus
1417 1640 1477 1659 esse
1496 1632 1606 1663 dicitur,
1628 1638 1690 1658 cum

904 1692 961 1711 rem
974 1685 1061 1719 ipsam
1076 1681 1198 1709 Ecclesia
1214 1685 1335 1708 mutasse
1349 1683 1470 1714 putatur,
1488 1678 1514 1704 in
1531 1676 1697 1704 confusione

904 1731 1058 1762 nominum,
1077 1735 1194 1763 quorum
1210 1726 1319 1761 utrique
1335 1729 1392 1752 tum
1410 1731 1477 1751 suus
1496 1723 1563 1750 ordo
1576 1730 1690 1757 respou-

904 1775 997 1809 debat,
1020 1774 1159 1810 aposto!os
1178 1772 1280 1800 imitari
1298 1769 1468 1798 debuerunt?
1486 1768 1616 1796 Confusio
1643 1775 1694 1794 no-

905 1822 1010 1850 minum
1032 1820 1202 1855 apostolica,
1229 1817 1379 1846 secundum
1401 1823 1494 1843 eorum
1525 1814 1693 1849 suppositio-

906 1875 980 1901 nem,
996 1868 1023 1895 in
1039 1874 1072 1894 eo
1087 1865 1264 1898 consistebat,
1280 1864 1353 1899 quod
1370 1863 1452 1890 unico
1469 1861 1557 1888 ordini
1574 1861 1627 1888 duo
1643 1867 1699 1886 no-

905 1914 979 1942 mina
994 1914 1177 1941 inditl'ereuter
1190 1916 1216 1939 et
1228 1911 1381 1946 promiscue
1393 1910 1420 1936 in
1434 1908 1508 1935 Novo
1519 1906 1693 1934 Testamento

905 1961 1102 1993 tribuerentur,
1115 1959 1184 1986 adeo
1199 1962 1230 1985 ut
1245 1957 1315 1984 idem
1329 1957 1410 1983 homo
1428 1955 1464 1982 ob
1482 1961 1566 1981 unum
1580 1956 1607 1980 ct
1620 1952 1692 1980 idem

907 2007 1036 2040 oiIicium,
1056 2006 1092 2033 ob
1106 2012 1191 2032 unum
1205 2008 1233 2031 et
1245 2002 1372 2030 eumdem
1386 2000 1509 2028 ordinem
1531 2003 1558 2026 et
1574 1998 1693 2033 dignita-

907 2057 974 2085 tem,
1001 2059 1074 2079 nunc
1094 2051 1252 2085 episcopus,
1275 2056 1348 2075 nunc
1369 2046 1509 2082 presbyter
1537 2049 1691 2071 vocaretur.

908 2099 949 2125 An
963 2098 1037 2125 licite
1057 2105 1115 2124 rem
1135 2097 1222 2131 ipsam
1237 2096 1271 2122 ab
1286 2093 1427 2130 apostolis,
1441 2096 1471 2119 ut
1486 2091 1595 2123 dicitur,
1614 2089 1693 2117 insti-

909 2148 996 2172 tutam
1028 2142 1168 2171 commuui
1193 2141 1301 2168 decreto
1330 2138 1450 2166 Ecclesia
1474 2141 1579 2163 mutare
1601 2143 1692 2169 posse,

908 2196 964 2216 non
978 2195 1058 2216 nemo
1074 2187 1190 2214 fortasse
1204 2185 1340 2220 ambigat;
1355 2191 1389 2210 an
1400 2191 1428 2210 re
1446 2185 1549 2209 mutata
1563 2180 1692 2207 vocabula

67 2242 159 2276 itaque
176 2241 204 2268 in
218 2240 271 2268 hac
282 2239 436 2275 obiectione
449 2240 528 2275 quasi
541 2225 711 2274 triumphare
723 2239 857 2273 videatur,
875 2252 896 2279 Β
910 2235 988 2262 aliter
1006 2240 1140 2268 usurpare
1169 2231 1273 2263 liceret,
1299 2229 1418 2257 dubitari
1440 2235 1494 2255 non
1515 2231 1613 2262 potest.
1636 2225 1702 2252 lino:

66 2287 228 2315 accuratius
242 2286 322 2314 nobis
340 2285 530 2321 perpendenda
549 2291 607 2320 est;
628 2293 682 2313 non
697 2286 769 2320 quod
783 2286 810 2312 in
826 2293 858 2312 ea

67 2335 108 2362 vis
123 2334 215 2368 major
230 2341 314 2368 quam
330 2333 359 2360 in
374 2331 479 2360 caeteris
493 2332 528 2360 sit
543 2332 621 2366 (mihi
641 2331 714 2359 enim
734 2332 857 2359 omnium

67 2381 206 2409 levissima
222 2379 358 2415 videtur),
365 2379 411 2408 sed
426 2378 499 2414 quod
514 2386 575 2406 cum
598 2383 670 2406 tanta
683 2387 792 2414 pompa,
809 2387 859 2407 nec

67 2428 168 2455 minori
193 2427 295 2454 astutia
316 2425 484 2461 proferatur.
503 2425 549 2454 Vis
566 2426 639 2453 enim
657 2425 821 2461 argumenti,
835 2426 859 2454 si

68 2482 120 2509 qua
135 2474 184 2507 sit,
200 2473 320 2501 breviter
334 2473 361 2500 in
377 2473 450 2501 hunc
463 2473 575 2500 modum
587 2476 643 2500 tota
663 2472 797 2500 declarari
810 2480 861 2506 po-

69 2525 129 2548 test.
161 2520 266 2548 Auctor
294 2519 473 2555 epistularum
499 2519 580 2547 alirer
606 2523 722 2554 usurpat
747 2519 860 2546 nomina

69 2566 221 2602 presbyteri
238 2570 267 2594 et
284 2566 419 2601 episcopi,
435 2573 518 2601 quam
534 2565 651 2600 apostoli
669 2569 697 2592 et
716 2564 859 2600 apostolici

68 2613 117 2640 viri
137 2618 165 2640 et
184 2620 281 2640 eorum
296 2611 442 2647 discipuli;
457 2612 513 2638 imo
524 2611 620 2639 eodem
636 2611 718 2638 modo
733 2615 858 2645 usurpat,

69 2667 121 2694 quo
133 2659 208 2686 tertii
221 2658 314 2686 saeculi
330 2662 358 2686 et
372 2658 545 2692 sequentium
560 2657 719 2684 Christiani.
732 2656 800 2683 Nam
816 2656 860 2684 ille

69 2711 141 2734 :aste
156 2706 284 2734 observat
300 2705 443 2732 nominum
456 2704 615 2736 discrimen,
633 2711 721 2738 neque
737 2710 859 2737 unquam

68 2753 145 2780 aiiter
164 2751 296 2787 loquitur.
314 2750 350 2777 At
365 2750 464 2785 primo,
480 2749 596 2784 apostoli
611 2749 668 2776 huic
683 2748 737 2775 duo
749 2748 859 2775 nomina

69 2805 117 2833 pro
131 2796 300 2832 promiscuis
322 2799 350 2822 et
364 2793 488 2821 confusis
511 2793 628 2826 habent;
650 2792 760 2819 eosdem
787 2798 861 2818 nunc

70 2844 223 2880 episcopos,
247 2851 324 2871 nunc
351 2840 525 2876 presbyteros
547 2839 730 2875 appellantes;
754 2843 781 2865 et
803 2845 861 2865 ser-

70 2899 178 2920 monem
197 2889 384 2927 apostolicum
406 2887 491 2916 secuti
509 2885 653 2922 apostolici
672 2892 785 2919 omnes,
799 2891 860 2911 ein--

910 2288 973 2308 cum
997 2279 1118 2314 primum
1141 2277 1181 2304 rei
1209 2276 1325 2303 mutatio
1344 2275 1415 2302 facta
1435 2278 1486 2306 est,
1509 2277 1536 2300 et
1550 2272 1694 2299 nominum

910 2326 991 2353 etiam
1019 2324 1197 2351 mutationem
1220 2320 1375 2349 necessario
1400 2319 1499 2346 factam
1528 2318 1613 2345 fuisse
1637 2317 1695 2344 vult

912 2372 1064 2399 Salmasius
1078 2380 1084 2398 :
1104 2380 1113 2396 ι
1129 2369 1224 2396 Omnia
1237 2368 1301 2396 licet
1315 2367 1428 2394 advocet
1440 2373 1515 2392 arma
1528 2370 1554 2392 et
1565 2369 1638 2391 artes
1650 2371 1695 2391 so-

910 2420 1033 2454 phisticae
1058 2425 1114 2445 sua:
1131 2415 1270 2448 Petavius,
1296 2420 1436 2448 nunquam
1452 2412 1558 2444 elliciet,
1581 2415 1611 2438 ut
1631 2414 1695 2446 post

909 2466 1097 2501 episcopatum
1112 2463 1191 2498 plene
1205 2469 1238 2489 ac
1251 2460 1331 2496 plane
1349 2459 1507 2486 distinctum
1523 2465 1538 2484 a
1554 2457 1694 2492 presbyte-

909 2515 983 2542 ratu,
1000 2508 1122 2544 episcopi
1145 2506 1238 2534 vocari
1258 2503 1440 2532 sustinuerint
1472 2501 1695 2537 presbyterorum

910 2556 1030 2584 nomine.
1048 2564 1058 2580 ›

947 2603 1000 2631 Sed
1017 2607 1046 2630 ut
1068 2603 1239 2637 argumento,
1260 2596 1340 2633 quale
1354 2595 1434 2631 quale
1454 2599 1506 2628 est,
1524 2598 1552 2622 et
1569 2592 1654 2621 solide
1669 2595 1696 2619 et

910 2650 1052 2686 perspicue
1077 2646 1291 2682 respondeatur,
1314 2641 1512 2672 assertionibus
1531 2638 1696 2675 quibusdam

911 2685 1018 2732 positis,
1039 2703 1097 2722 rem
1120 2699 1206 2721 totam
1235 2691 1433 2728 explicabimus
1457 2685 1690 2716 conﬁrmabimus-

912 2751 975 2778 que.
986 2742 1080 2770 Primo
1093 2742 1177 2774 enim,
1195 2741 1218 2768 si
1238 2740 1335 2768 demus
1353 2742 1494 2765 auctorem
1517 2732 1703 2768 epistularum;

912 2796 1020 2824 semper
1033 2788 1180 2816 discrimen
1196 2786 1261 2813 illud
1273 2784 1347 2819 quod
1362 2783 1452 2810 innuit
1465 2781 1593 2811 Dallaeus,
1605 2779 1632 2806 in
1646 2787 1694 2806 νος

911 2837 1017 2864 cabults
1041 2835 1215 2870 episcopatus
1237 2836 1264 2860 et
1277 2829 1437 2866 presbyterii
1455 2830 1626 2859 observasse,
1647 2833 1698 2852 ne»

911 2889 964 2918 que
976 2881 1052 2909 aliter
1068 2887 1187 2916 unquam
1202 2879 1323 2907 locutum
1341 2883 1418 2908 esse;
1430 2873 1579 2903 asserimus
1593 2877 1702 2900 tamen.—
