1850 3072
171 157 224 188 Ml

687 155 716 183 S.
735 154 910 184 lGNATlUS.
929 170 965 176 —
984 154 1252 184 PROLEGOMENA.

1757 154 1822 184 ΔΗ.

169 217 242 246 alios
255 216 474 252 quamplurimos
491 216 603 244 secundi
618 217 709 244 εει-(ιιιιὶ
726 217 873 252 scriptores
887 217 958 245 idem
973 219 996 248 Α
1010 216 1078 244 bant
1092 215 1148 244 Deo
1160 216 1318 251 episcopum
1336 216 1523 250 constituenti,
1547 216 1589 245 vel
1614 216 1732 244 diabolo
1747 223 1821 244 cre-

170 264 317 292 discrimen
336 264 406 292 inter
423 264 555 291 vocabula
569 264 745 298 episcopatus
759 269 786 291 et
796 264 957 300 presbyterii

171 311 344 343 observasse,
361 310 434 345 quod
451 310 579 338 observat
599 309 721 345 lgnatius
742 315 854 344 uoster;
875 311 958 338 adeo—

171 365 224 392 que
239 356 338 384 falsum
358 364 419 384 esse
433 357 506 392 quod
524 358 624 384 asserit
643 356 759 386 Dallaaus
779 363 807 386 et
828 362 956 394 tanquam

171 404 322 439 argumenti
342 403 550 431 fundamentum
565 405 652 439 ponit,
670 412 766 433 omnes
778 405 892 433 secundi
907 414 958 434 sa:-

170 451 224 478 culi
236 451 384 486 scriptores
399 451 554 485 promiscue
565 459 613 478 eas
630 459 713 479 voces
729 460 888 487 usurpasse.
908 452 957 481 Se-

170 497 258 525 cunda
273 497 389 525 assertio
404 498 439 525 sit
457 507 463 525 :
478 497 587 525 Nullum
607 498 720 526 secundi
735 499 829 527 saeculi
844 500 958 535 scripto-

170 551 225 570 rem
243 544 311 571 adeo
325 545 482 578 promiscue
501 545 642 573 vocabulis
659 546 780 581 episcopi
800 552 827 574 et
841 548 957 584 presby-

169 590 219 617 teri
249 597 329 617 usum
353 598 415 618 esse
432 612 440 625 ,
472 595 502 619 ut
538 591 654 626 simplici
686 594 845 629 presbytero
864 594 891 622 in
911 602 956 622 se-

168 636 259 664 cundo
276 637 420 664 ministerii
432 638 516 673 gradu
531 639 682 667 constituto
698 647 818 675 unquam
836 640 956 676 episcopi

168 684 278 712 titulum
297 685 437 714 tribueret.
455 685 545 714 Tertia
561 695 570 714 ε
592 686 701 714 Nullum
717 688 830 715 omnino
844 688 956 716 secundi

168 733 260 761 saeculi
279 734 453 769 scriptorem,
466 743 528 763 cum
546 736 648 772 gradus
663 742 814 771 enumerat,
833 742 880 765 aut
894 745 956 765 cum

167 778 202 806 de
217 779 401 815 singularibus
416 782 458 809 sui
471 783 602 817 temporis
619 783 753 811 ministris
766 784 897 820 loquitur,
911 792 958 812 no-

167 833 230 853 men
257 827 408 862 presbyteri
434 827 459 855 ei
483 829 530 864 qui
554 829 701 864 episcopus
719 836 791 859 esset
813 831 955 859 tribuisse.

167 870 271 904 Quarta
294 874 409 901 assertio
437 879 479 902 est
498 884 505 903 :
527 874 565 903 Ea
588 881 677 909 aetate,
697 885 752 912 qua
777 876 806 905 S.
834 878 956 913 lguatius

167 918 298 952 epistolas
313 921 456 955 scripsisse
468 921 578 956 dicitur,
603 927 658 952 tres
673 931 769 952 sacros
783 924 893 952 ordines
907 932 956 952 seu

167 966 270 1001 gradus
282 967 426 996 distinctos
441 969 469 996 in
486 968 608 998 Ecclesia
622 969 716 999 fuisse.
737 970 784 999 His
800 976 890 1000 autem
903 979 958 999 om-

168 1013 250 1042 nibus
265 1014 363 1049 positis
382 1020 410 1042 et
426 1017 611 1052 comprobatis
624 1018 728 1045 nemini
744 1018 845 1046 mirum
855 1018 958 1046 videbi-

167 1063 222 1092 tur,
248 1061 272 1088 si
292 1061 415 1097 lgnatius
432 1067 526 1092 noster
541 1068 596 1091 tam
615 1064 782 1100 frequenter,
801 1070 856 1094 tam
871 1071 956 1099 caste,

167 1107 280 1134 nomina
303 1112 330 1135 et
358 1108 446 1137 otlicia
467 1110 602 1146 episcopi,
628 1112 780 1148 presbyteri
794 1114 828 1148 ζει
848 1113 957 1141 diaconi

167 1155 327 1192 distinguat.
346 1156 374 1185 Si
389 1158 461 1185 enim
479 1159 524 1186 alii
545 1161 741 1195 quamplurimi
765 1162 887 1197 ejusdem
904 1170 956 1190 sat-

167 1202 222 1230 culi
246 1203 394 1238 scriptores
420 1205 490 1232 idem
515 1205 663 1234 discrimen
689 1207 883 1241 observabant,
908 1216 958 1236 cur

167 1254 222 1274 non
241 1252 269 1276 et
289 1249 432 1283 tgnatius?
457 1249 486 1277 Si
507 1252 600 1280 nullus
612 1253 726 1281 omnino
739 1254 850 1282 secundi
864 1255 956 1283 saeculi

167 1293 285 1328 scriptor
304 1302 404 1323 nomen
422 1296 541 1332 episcopi
560 1299 720 1334 presbytero
739 1300 874 1334 tribuerit,
897 1309 956 1329 me-

167 1339 220 1366 rito
235 1343 262 1367 et
289 1339 411 1375 lgnatius
437 1342 513 1370 solos
532 1343 676 1378 episcopos
697 1352 730 1372 eo
752 1345 862 1373 nomine
881 1353 957 1373 com-

167 1385 295 1419 pellabat.
314 1385 343 1413 Si
358 1387 439 1422 pauci
461 1388 511 1420 illi,
532 1389 580 1423 qui
601 1397 701 1417 nomen
726 1391 878 1427 presbyteri
899 1393 957 1427 epi-

168 1440 251 1468 scopo
271 1435 420 1469 aliquando
444 1436 554 1470 dabant,
571 1438 651 1466 aliter
668 1447 775 1474 semper
786 1440 869 1468 locuti
889 1442 955 1475 sint,

168 1487 230 1506 cum
248 1481 362 1508 materia
378 1483 535 1518 scriptionis
549 1484 695 1520 lgnalianae
709 1493 886 1522 congrueret;
904 1488 957 1523 epi-

170 1527 304 1555 stolarum
318 1528 468 1564 antiquitas
481 1539 514 1558 ex
533 1539 565 1559 ea
578 1540 608 1559 re
622 1533 648 1559 in
667 1533 779 1561 dubium
796 1534 887 1561 vocari
902 1542 955 1561 non

168 1579 273 1610 potest;
307 1576 352 1604 ille
375 1578 448 1605 enim
472 1579 570 1607 modus
600 1580 727 1616 loquendi
746 1589 827 1616 quem
846 1587 957 1610 secutus

167 1628 224 1658 est,
248 1628 275 1651 et
297 1627 415 1661 tempori
446 1632 474 1654 et
497 1629 634 1656 occasioni
656 1633 683 1657 et
704 1629 792 1665 ipsius
817 1632 958 1666 proposito

167 1669 287 1697 maxime
302 1672 490 1700 conveniebat.

203 1714 295 1744 Prima
325 1718 408 1753 igitur
426 1719 543 1747 assertio
568 1720 619 1748 sit:
638 1720 715 1749 Alios
738 1723 958 1758 quamplurimas

168 1763 280 1791 secundi
296 1765 389 1792 saeculi
409 1766 556 1801 scriptores
570 1767 642 1795 idem
657 1768 806 1797 discrimen
826 1770 897 1798 inter
913 1779 958 1799 vo-

167 1809 266 1837 cabula
289 1810 464 1846 episcopatus
493 1816 521 1840 et
548 1814 755 1849 presbyteratus
783 1816 955 1850 observasse,

167 1855 242 1890 quod
254 1856 381 1885 observat
398 1857 519 1894 lgnatius
534 1864 645 1894 noster;
661 1869 731 1895 quos
749 1870 888 1898 nunquam
905 1864 957 1891 ali-

168 1907 209 1931 ter
224 1904 331 1933 locutos
356 1913 418 1934 esse
440 1906 608 1942 deprehendi
639 1913 738 1944 potest.
763 1909 956 1940 Vetustissima

169 1949 198 1978 S.
214 1951 312 1986 lgnatii
326 1951 393 1980 Acta
413 1962 420 1980 :
443 1963 453 1980 ι
475 1953 544 1981 Cum
562 1955 649 1983 multo
665 1957 769 1993 gaudio
787 1958 956 1990 descendens

168 1998 202 2026 de
217 1999 279 2027 navi
297 1999 443 2029 festinabat
461 2001 488 2029 S.
504 2002 684 2039 Polycarpum
700 2005 859 2041 episcopum
872 2014 957 2034 coau-

168 2045 285 2074 ditorem
311 2048 412 2076 videre.
439 2059 449 2076 ι
477 2049 510 2077 Et
532 2051 613 2086 paulo
638 2056 700 2087 post
722 2061 730 2080 :
751 2062 761 2079 ι
781 2053 957 2084 Honorabant

168 2092 243 2119 enim
259 2100 383 2122 sanctum
404 2102 453 2129 per
481 2096 636 2132 episcopos,
658 2099 833 2135 presbyteros
853 2105 880 2128 et
898 2101 957 2129 dia-

168 2147 254 2168 conos
277 2141 349 2168 Asia:
369 2142 493 2170 civitates
509 2148 537 2171 et
548 2144 687 2173 Ecclesiae.
705 2156 716 2173 ι
735 2145 827 2175 Aﬁtate
842 2148 955 2176 Adriani

167 2186 298 2215 distincta
315 2187 401 2216 fuisse
415 2193 446 2216 ut
459 2190 558 2224 ofﬁcia,
575 2191 611 2219 ita
629 2196 656 2220 et
678 2193 811 2221 vocabula
834 2195 955 2230 episcopi

970 1570 992 1600 C

1008 262 1104 290 derent
1115 263 1273 298 episcopum
1298 263 1488 299 proscribenti.
1509 273 1518 290 ν
1536 263 1642 292 Pariter
1659 264 1735 291 Acta
1764 271 1822 290 an-

1008 308 1162 344 tiquissima
1182 309 1212 336 S.
1226 309 1376 345 Polycarpi,
1392 309 1449 337 sive
1471 308 1646 345 Smyrnensis
1670 308 1822 337 Ecclesia:

1007 355 1121 390 epistola
1138 365 1145 383 :
1162 355 1198 383 .Ὀ
1215 355 1439 391 θαυμασιώτατος
1457 355 1560 391 μάρτυς
1575 356 1771 391 Πολύκαρπος
1789 356 1822 382 ὲν

1006 405 1063 435 τοῖς
1086 402 1146 430 καθ’
1170 403 1245 439 ἡμᾶς
1265 402 1371 438 χρόνοις
1390 402 1548 434 διδάσκαλος
1563 402 1752 433 ἀποστολικδς
1768 402 1821 428 καὶ

1007 449 1175 485 προφητικὸς
1190 449 1340 484 γινόμενος,
1360 447 1510 480 ὲπίσκοπός
1531 457 1561 475 τε
1573 448 1623 484 τῆς
1639 449 1669 475 ὲν
1688 448 1756 484 Σμὺ
1763 457 1820 484 ρνῃ

1007 493 1153 530 καθολικῆς
1173 493 1347 529 Ἐκκλησιας.
1367 503 1376 520 ‹
1396 493 1579 521 Admirandus
1594 498 1702 529 martyr
1723 494 1819 529 Poly-

1007 548 1108 575 carpus
1120 545 1214 568 nostra
1230 544 1310 568 aetate
1323 540 1490 575 apostolicus
1508 544 1535 567 et
1554 540 1740 575 propheticus
1759 541 1819 568 do-

1007 591 1076 620 ctor,
1089 590 1115 614 et
1129 586 1269 614 catholicae
1283 586 1459 622 Smyrnensis
1472 585 1601 614 Ecclesiae
1610 587 1782 622 episcopus.
1804 597 1814 612 ι

1007 630 1043 659 Ut
1055 631 1137 667 igitur
1149 631 1269 667 Ignatius
1281 631 1459 667 Polycarpum
1472 631 1618 658 ἐπίσκοπον
1635 632 1817 668 Ἐκκλησίας

1007 677 1165 713 Σμυρναίων
1179 678 1305 713 appellat,
1323 678 1360 705 ita
1381 683 1409 705 et
1423 677 1620 714 Smyrnenses;
1645 687 1742 714 neque
1758 688 1817 707 un-

1007 731 1089 759 quam
1114 731 1177 751 eum
1207 724 1396 760 presbyterum
1421 730 1530 752 vocant.
1556 726 1613 754 Sub
1639 726 1814 761 pontiﬁcatu

1008 770 1112 798 Soteris
1129 771 1250 806 episcopi
1279 770 1396 798 Romani
1419 770 1567 807 Dionysius
1589 771 1814 800 Corinthiorum

1007 817 1148 853 episcopus
1159 817 1285 846 Publium
1295 823 1323 846 et
1336 818 1503 851 Quadratum
1518 818 1731 848 Atheniensium
1749 821 1817 855 epi—

1007 871 1105 898 scopos
1119 864 1360 896 commemoravit;
1386 864 1508 892 ostendit
1531 866 1669 901 quomodo
1698 866 1813 903 Diony-

1007 910 1066 938 sius
1086 910 1247 946 Areopagita
1273 911 1382 947 πρῶτος
1403 913 1452 948 τῆς
1483 912 1630 948 Ἀθηναίων
1653 914 1814 949 παροικίας

1006 955 1054 992 τὴν
1075 956 1227 992 ἐπισκοπὴν
1248 957 1444 994 ἐγκεχείριστο,
1465 967 1474 984 ι
1500 959 1606 994 primus
1625 959 1812 988 Atheniensis

1007 1000 1137 1030 Ecclesiae
1149 1002 1335 1038 episcopatum
1353 1004 1484 1040 suscepit.
1507 1015 1516 1031 ι
1532 1004 1662 1034 Scribens
1679 1006 1715 1034 ad
1732 1006 1812 1034 Gor-

1006 1048 1162 1084 tynensium
1196 1048 1344 1077 Ecclesiam
1370 1050 1501 1078 Φίλιππον
1530 1052 1680 1079 ἐπίσκοπον
1712 1053 1811 1080 αὐτῶν

1006 1094 1178 1130 ἀποδέχεται,
1198 1104 1207 1121 ι
1228 1095 1382 1131 Philippum
1398 1096 1556 1132 episcopum
1582 1105 1678 1125 eorum
1701 1099 1811 1134 prasti-

1006 1144 1060 1173 cat,
1079 1150 1089 1166 r
1106 1145 1133 1168 ct
1149 1149 1210 1169 eam
1225 1150 1286 1177 qua;
1303 1152 1313 1168 ι
1331 1143 1383 1170 sub
1394 1143 1454 1178 ipso
1473 1153 1482 1169 ι
1501 1148 1560 1171 erat
1573 1144 1744 1177 Ecclesiam;
1773 1147 1810 1173 ad

1005 1187 1217 1222 Amastrianos,
1250 1189 1413 1216 Ἐπίσκοπον
1440 1190 1529 1217 αὐτῶν
1554 1190 1666 1226 ὀνόματι
1686 1191 1809 1228 Πάλμαν

1007 1233 1198 1269 ὑποσημαίνει·
1217 1244 1226 1260 ι
1250 1234 1414 1270 Episcopum
1430 1236 1552 1272 ipsorum
1570 1237 1693 1265 Palmam
1713 1240 1808 1266 nomi-

1006 1280 1090 1307 natim
1111 1281 1228 1316 appellat
1243 1290 1250 1314 ;
1269 1291 1279 1308 ›
1297 1282 1331 1309 ad
1348 1282 1480 1311 Gnossios
1499 1292 1506 1310 :
1534 1284 1647 1310 Πινυτον
1663 1284 1717 1319 τῆς
1734 1293 1809 1320 παρ-

1005 1326 1093 1358 οικίας
1119 1327 1267 1355 ἐπίσκοπον
1283 1329 1454 1364 παρακαλεῖ,
1478 1339 1488 1355 ι
1515 1329 1641 1365 Pinytum
1669 1329 1807 1359 Ecclesia

1007 1373 1165 1409 episcopum
1181 1378 1294 1408 monet;
1313 1384 1323 1400 ι
1340 1375 1385 1402 cui
1411 1375 1538 1403 rescribit
1558 1375 1671 1412 Pinytus
1696 1377 1805 1404 exhor-

1007 1423 1068 1447 tans
1085 1423 1114 1446 ut
1126 1419 1254 1448 solidiore
1265 1420 1327 1448 cibo
1344 1421 1390 1448 τὸν
1409 1421 1454 1448 ὑπ’
1472 1421 1547 1457 αὒτῴ
1562 1421 1638 1454 λαὸν,
1664 1432 1674 1449 ι
1692 1423 1804 1458 plebem

1007 1466 1058 1493 sibi
1074 1466 1238 1501 subiectam,
1254 1476 1264 1493 ι
1289 1467 1362 1495 alere
1386 1467 1459 1495 velit.
1487 1467 1608 1503 Epistola
1620 1468 1744 1504 denique
1768 1471 1804 1498 ab

1007 1512 1101 1540 eodem
1125 1513 1158 1540 ad
1192 1513 1330 1541 Romanos
1353 1514 1415 1541 data
1437 1519 1488 1547 est,
1511 1515 1654 1551 ὲπισκόπῳ
1673 1516 1715 1552 τῷ
1739 1517 1804 1544 τότε

1009 1558 1116 1595 Σώτηρι
1131 1559 1339 1595 προσ-φωνοῦσα,
1360 1570 1369 1586 ι
1393 1559 1483 1588 Soteri
1503 1564 1569 1589 tunc
1590 1563 1722 1596 temporis
1743 1563 1805 1597 epi-

1008 1612 1092 1640 scopo
1106 1610 1271 1640 nuncupata,
1294 1615 1304 1632 ι
1321 1606 1400 1641 cujus
1415 1607 1474 1634 inec
1490 1607 1572 1635 verba
1589 1617 1596 1635 :
1614 1608 1647 1634 ’Ὁ
1665 1608 1698 1634 οὐ
1721 1609 1804 1643 μόνον

1007 1650 1201 1687 διατετήρηκεν
1227 1653 1241 1679 ὁ
1263 1652 1395 1689 μακάριος
1417 1653 1495 1689 ὑμῶν
1516 1654 1665 1686 ἐπίσκοπος
1692 1654 1802 1691 Σὼτηρ,

1007 1697 1075 1724 ἀλλὰ
1091 1698 1138 1724 καὶ
1158 1698 1321 1734 ἐπηύξησεν.
1346 1709 1355 1726 ε
1381 1699 1467 1733 Quem
1491 1708 1594 1728 morem
1621 1700 1721 1728 beatus
1743 1702 1804 1736 epi—

1008 1751 1107 1778 scopus
1131 1748 1222 1772 vester
1246 1745 1327 1773 Soter
1354 1752 1409 1773 non
1433 1747 1552 1774 servavit
1575 1747 1676 1779 solum,
1704 1755 1803 1775 verum

1008 1789 1088 1817 etiam
1102 1790 1224 1824 adauxit,
1242 1800 1252 1817 »
1272 1795 1303 1819 ut
1324 1791 1409 1819 refert
1423 1791 1568 1826 Eusebius,
1590 1793 1638 1820 lib.
1654 1801 1691 1825 tv,
1709 1800 1735 1821 c.
1753 1793 1801 1821 23.

1008 1834 1072 1864 Haec
1089 1841 1153 1864 tunc
1171 1836 1292 1873 Dionysii
1314 1837 1398 1866 dictio
1417 1837 1469 1866 fuit
1482 1847 1489 1866 :
1504 1845 1592 1873 neque
1616 1846 1738 1874 unquam
1751 1838 1804 1866 ali-

1009 1886 1050 1909 ter
1074 1882 1183 1911 locutus
1194 1891 1255 1911 esse
1277 1883 1501 1918 deprehenditur.
1524 1883 1722 1919 Lugdunenses
1746 1883 1803 1910 fra-

1007 1931 1064 1955 tres
1085 1927 1138 1956 hoc
1158 1928 1240 1956 etiam
1271 1928 1419 1956 discrimen
1451 1933 1526 1956 caste
1550 1929 1709 1961 observant,
1734 1927 1801 1956 dum

1006 1972 1154 2001 Pothinum
1181 1974 1342 2010 episcopum
1367 1982 1447 2002 suum
1478 1974 1636 2010 appellant,
1666 1973 1802 2002 lreneum

1006 2027 1073 2047 vero
1086 2020 1286 2056 presbyterum,
1310 2028 1391 2056 quem
1412 2029 1509 2049 omnes
1524 2021 1640 2049 Pothino
1653 2021 1802 2057 episcopa-

1007 2070 1065 2094 tum
1081 2065 1205 2102 Lugduni
1223 2066 1363 2094 obtinente
1382 2067 1482 2096 ibidem
1500 2067 1691 2103 presbyterum
1714 2067 1803 2096 fuisse

1006 2117 1169 2148 agnoscunt.
1185 2112 1223 2140 De
1238 2113 1324 2148 priori
1344 2114 1371 2141 in
1392 2115 1504 2149 epistola
1521 2115 1554 2142 ad
1570 2115 1642 2142 Asiae
1661 2114 1802 2151 Phrygiae-

1006 2165 1059 2193 que
1075 2157 1211 2185 Ecclesias
1222 2158 1258 2185 ita
1271 2159 1421 2194 loquuntur
1440 2169 1446 2187 :
1468 2159 1498 2188 Ὀ
1506 2160 1534 2187 δὲ
1552 2161 1688 2196 μακάριος
1706 2161 1803 2188 Πόθει-

1005 2212 1051 2235 νος
1065 2205 1080 2230 ὁ
1103 2204 1153 2240 τὴν
1175 2204 1313 2232 διακονίαν
1335 2204 1385 2241 τῆς
1404 2206 1555 2241 ἐπισκοπῆς
1584 2207 1614 2232 ὲν
1641 2206 1803 2242 Λουγδούνῳ

167 2237 196 2261 et
214 2234 377 2270 presbyteri,
399 2238 547 2266 ostendunt
560 2239 641 2267 verba
657 2241 832 2276 imperatoris
853 2242 881 2269 in
896 2259 897 2263 η

1071 2234 1231 2285 γστεομένος,
1260 2260 1270 2276 ‹
1295 2234 1396 2279 Beatus
1419 2255 1510 2279 autem
1525 2234 1671 2284 Pothinus,
1685 2234 1732 2279 cui
1750 2234 1801 2280 mil-

167 2280 238 2308 stola
253 2280 286 2308 ad
304 2281 465 2311 Servianum
490 2285 633 2313 consulem
661 2287 762 2322 scripta
783 2296 795 2315 :~
813 2297 823 2314 ‹
844 2287 885 2316 Illi
907 2289 954 2324 qui

169 2327 284 2362 Serapin
305 2329 409 2361 colunt,
435 2329 583 2359 Christiani
608 2337 694 2366 sunt;
732 2338 760 2362 et
781 2334 870 2362 devoti
891 2339 957 2362 sunt

168 2375 263 2409 Serapi
278 2376 325 2410 qui
340 2383 370 2404 se
385 2377 488 2405 Christi
510 2380 654 2415 episcopos
668 2380 772 2409 dicunt.
789 2381 874 2410 Nemo
899 2382 956 2410 illic

167 2420 401 2457 archisynagogus
416 2422 584 2457 Judaeorum,
601 2433 682 2453 nemo
695 2426 855 2460 Samarites,
874 2436 955 2456 nemo

166 2465 388 2495 Christianorum
413 2469 565 2504 presbyter,
584 2479 637 2498 non
662 2473 882 2507 mathematicus,
900 2482 955 2502 non

166 2520 296 2548 aruspex,
313 2522 368 2542 non
393 2514 501 2550 aliptes.
520 2526 530 2543 ι
549 2515 625 2544 Unde
640 2522 737 2552 postea
755 2518 872 2547 Romani
891 2528 956 2555 pro-

167 2560 295 2588 consules
306 2565 333 2588 et
346 2562 477 2596 praesides
490 2563 533 2591 his
550 2563 687 2592 distinctis
703 2565 788 2593 titulis
803 2567 955 2595 secundum

167 2605 296 2636 Ecclesia:
321 2609 547 2637 consuetudinem
574 2610 601 2637 in
622 2611 871 2647 proscriptionibus
895 2618 955 2642 ute-

167 2653 277 2682 bantur.
294 2653 374 2683 Unde
390 2655 421 2683 S.
434 2655 589 2691 Cyprianus
600 2656 680 2685 docet
691 2666 721 2686 se
738 2658 824 2687 fuisse
838 2661 956 2695 proscri-

166 2704 255 2735 ptum,
269 2701 397 2736 applicito
409 2706 435 2729 et
445 2702 576 2737 adjuncto
589 2704 762 2739 episcopatus
773 2706 815 2733 sui
832 2707 955 2741 nomine,

164 2747 280 2782 epistola
307 2749 352 2776 55.
386 2748 597 2784 Proscriptionis
616 2751 698 2779 verba
720 2753 818 2780 recitat
838 2753 953 2788 epistola

165 2793 219 2822 69:
242 2804 252 2821 ι
275 2795 304 2823 Si
319 2796 383 2831 quis
401 2801 475 2824 tenet
499 2797 541 2825 vel
561 2798 683 2833 possidet
700 2799 735 2827 de
757 2800 836 2829 bonis
853 2800 954 2829 Caecilii

166 2839 297 2877 Cypriani
321 2843 441 2878 episcopi
459 2843 692 2873 Christianorum.
710 2855 721 2872 ι
740 2845 816 2874 Unde
835 2846 880 2874 illa
898 2847 955 2874 col-

168 2887 228 2922 ligtt
241 2887 362 2922 optimus
379 2890 477 2924 pracsul
494 2900 502 2918 :
521 2900 531 2918 ι
559 2891 591 2920 Ut
615 2891 698 2920 etiam
724 2892 772 2924 qui
793 2899 847 2921 non
864 2893 956 2922 crede-

1006 2295 1135 2323 nistratio
1145 2297 1320 2332 episcopatus
1335 2298 1492 2325 concredita
1504 2302 1556 2325 est.
1573 2307 1583 2324 ι
1599 2297 1638 2325 De
1650 2299 1802 2333 posteriori

1005 2340 1033 2367 in
1050 2341 1135 2368 altera
1149 2341 1183 2369 ad
1196 2341 1373 2369 Eleutherum
1389 2341 1520 2370 Romanae
1531 2341 1663 2370 Ecclesiae
1688 2344 1800 2379 episco-

1004 2394 1070 2422 pum
1091 2387 1154 2415 data
1177 2397 1184 2415 :
1212 2388 1244 2414 Et
1259 2387 1313 2424 γὰρ
1335 2388 1445 2424 ᾔδειμεν
1455 2388 1537 2415 τόπον
1556 2390 1610 2415 τινὶ
1625 2389 1799 2425 δικαιοσύνην

1005 2433 1214 2469 περιποιεῖσθαι,
1222 2434 1260 2466 ὡς
1266 2434 1450 2470 πρεσϐύτερον
1458 2435 1631 2470 Ἑικλησίας,
1643 2436 1716 2472 ὅπερ
1727 2438 1799 2464 ἐστιν

1005 2480 1049 2506 ἐπ’
1065 2480 1148 2515 αὐτῷ,
1165 2481 1194 2507 ὲν
1209 2480 1326 2516 πρώτοις
1341 2480 1374 2507 ἂν
1389 2481 1574 2517 παρεθέμεθαι
1592 2490 1601 2507 ε
1616 2481 1697 2515 Quod
1712 2483 1736 2510 si
1752 2490 1799 2510 n0-

1005 2525 1048 2553 bis
1060 2530 1230 2560 compertum
1244 2531 1316 2554 esset
1329 2527 1420 2554 locum
1437 2527 1566 2562 cuiquam
1580 2527 1710 2556 conferre
1719 2529 1799 2563 justi—

1005 2571 1081 2605 tiam,
1102 2580 1165 2600 eum
1194 2576 1323 2608 tanquam
1349 2574 1536 2610 presbyterum
1561 2573 1702 2603 Ecclesia}
1716 2576 1798 2608 (hunc

1005 2618 1078 2645 enim
1094 2619 1208 2653 gradum
1224 2619 1340 2654 obtinet)
1359 2619 1407 2647 tibi
1422 2620 1558 2655 imprimis
1573 2623 1796 2651 commendasse-

1006 2671 1079 2692 mus.
1096 2674 1105 2690 ι
1123 2664 1230 2693 Diserte
1245 2666 1328 2701 igitur
1344 2665 1517 2702 distinguunt
1535 2666 1687 2694 Pcthinnm
1705 2667 1783 2695 Ecde

1005 2710 1054 2738 sia:
1068 2710 1258 2746 Lugdunensis
1275 2712 1445 2747 episcopum,
1458 2716 1485 2739 et
1501 2711 1634 2740 Irenaeum
1650 2718 1718 2742 tunc
1732 2719 1796 2742 tem-

1005 2757 1081 2791 poris
1107 2757 1229 2792 ejusdem
1249 2759 1379 2786 Ecclesiae
1402 2759 1608 2795 presbyterum;
1637 2762 1793 2796 episcopum

1004 2803 1086 2829 etiam
1115 2802 1290 2831 Eleutherum
1317 2809 1421 2840 patrem
1442 2810 1552 2838 vocant,
1579 2805 1714 2834 Irenmum
1736 2812 1794 2835 tan-

1005 2849 1148 2876 tummodo
1172 2849 1295 2883 fratrem,
1321 2856 1349 2878 et
1370 2851 1488 2883 socium,
1510 2851 1553 2878 vel
1574 2852 1724 2888 collegam,
1750 2857 1793 2880 aut

1006 2899 1172 2925 consortem.
1203 2896 1235 2924 Et
1257 2897 1369 2933 quidem
1397 2897 1548 2932 Eusebius,
1571 2898 1619 2934 qui
1652 2900 1794 2936 utriusque
