1850 3072
61 153 110 181 815

465 155 490 183 J.
512 154 698 183 PEAHSOMI
716 154 879 184 VINDICIJE
900 154 1113 184 IGNATIANE.
1133 170 1167 177 —
1183 155 1273 183 PARS
1291 155 1323 183 ll.

1651 155 1704 184 Ml

63 212 183 248 epistola:
212 218 354 249 excerpta
384 213 412 241 iu
443 213 589 242 Historiam
618 215 808 250 transcripsit,
836 220 864 243 et
877 217 901 246 Δ
914 215 948 242 ad
959 224 968 240 ι
984 214 1132 248 Ecclesias,
1145 224 1155 242 ι
1166 215 1213 243 sed
1225 215 1259 242 ad
1273 224 1282 241 t
1292 218 1436 250 martyres,
1448 214 1495 250 qui
1507 214 1577 249 apud
1583 222 1704 242 eoscon-

68 265 210 295 Itramque
230 260 374 295 integrata
399 259 479 296 Operi
501 261 538 288 De
562 261 722 296 martyribus
735 262 862 294 inseruit,

68 311 159 342 aperte
179 310 300 334 testatur
320 306 455 334 Irenaeum
474 315 536 335 cum
554 307 605 335 ista
628 308 662 335 ad
686 307 862 336 Eleutherum

69 353 266 386 scriberentur,
295 353 486 389 presbyterum
509 353 605 386 fuisse,
623 354 670 381 lib.
691 362 718 388 v,
733 361 758 381 c.
777 354 814 381 4:
832 354 863 381 Oi

67 399 89 426 δ’
106 399 184 425 αὐτοὶ
205 399 348 435 μάρτυρες
368 399 416 427 καὶ
433 399 479 426 τὸν
501 399 654 435 Εἰρηναῖον,
678 399 864 436 πρεσϐύτερον

68 444 121 470 τότ’
141 444 211 471 ὂντα.
241 445 291 480 τῆς
313 445 343 470 ὲν
368 444 529 480 Δουγδούνῳ
545 445 700 481 παροικίας,
724 445 764 481 τῷ
780 445 865 482 δηλω-

68 489 140 516 θέντι
158 490 233 516 κατὰ
245 490 357 526 Ῥώμην
373 490 514 526 ὲπισκόπῳ
530 491 671 517 συνίστων.
686 500 695 516 t
714 490 768 519 Sed
782 491 864 519 iidem

67 541 206 572 martyres
225 536 369 568 Irenaeum,
387 537 434 572 qui
455 541 521 565 tunc
541 538 673 572 temporis
692 537 784 565 adhuc
802 545 864 573 pre-

70 582 168 618 sbyter
183 582 376 618 Lugdunensis
383 588 442 610 erat
450 583 588 618 parteciae.
597 583 755 618 Supradicto
771 582 865 610 Romae

67 629 202 663 episcopo
217 629 455 658 commendarunt.
474 639 484 656 ι
508 629 580 657 Idem
599 634 716 657 testatur
730 629 865 665 Hierony-

67 682 130 702 mus
144 674 175 701 in
189 674 323 710 Catalogo
346 685 352 702 τ
373 684 383 701 t
403 674 522 703 Iremeus
538 673 648 702 Pothini
667 675 799 710 episcopi,
817 675 863 710 qui

66 719 283 755 Lugdunensem
295 721 323 747 in
338 720 426 748 Gallia
446 721 557 754 regebat
571 720 734 754 Ecclesium,
750 721 862 756 presby-

66 771 121 800 ter,
132 775 149 794 a
159 767 329 801 martyribus
341 767 462 802 ejusdem
475 768 528 796 loci
539 768 574 796 ob
588 767 722 803 quasdam
736 767 865 795 Ecclesiae

65 814 240 848 quastiones
254 814 359 849 legatus
374 813 488 842 Romam
503 814 618 846 missus,
632 813 802 842 honoriﬁcas
817 821 864 841 su-

66 867 115 894 per
129 860 247 886 nomine
264 867 315 887 suo
333 859 366 887 ad
381 859 557 887 Eleutherum
577 860 736 895 episcopum
761 860 865 895 perfert

67 905 185 932 litteras.
203 905 303 933 Postea
322 906 379 940 jam
396 905 512 933 Pothino
525 913 609 941 prope
624 907 811 942 nonagenario
830 907 865 934 ob
880 905 901 933 Β

65 951 211 978 Christum
226 952 358 987 martyrio
371 956 502 980 coronato
521 952 549 980 in
572 953 662 980 locum
683 953 743 988 ejus
764 953 863 981 substi-

67 998 166 1025 tuitur.
195 1007 205 1024 ι
234 998 320 1026 Plane
354 1003 487 1035 martyres
517 999 712 1034 Lugdunenses
732 999 862 1028 Irenaeum

67 1046 159 1074 adhuc
175 1046 380 1081 presbyterum,
393 1054 440 1081 per
455 1053 537 1081 quem
553 1047 687 1074 miserunt
707 1046 861 1081 epistolam,

67 1091 219 1120 Eleuthero
234 1091 439 1123 commendant,
454 1092 685 1127 quemadmodum
702 1093 785 1127 paulo
801 1097 863 1127 post

67 1137 226 1166 Alexander
251 1138 398 1173 episcopus
424 1138 451 1165 in
474 1138 591 1170 vinculis
621 1138 654 1165 ad
676 1138 863 1166 Antiochenos

68 1184 196 1212 scribens
206 1184 375 1212 Clementem
386 1184 573 1220 presbyterum
586 1185 620 1212 iis
629 1185 839 1212 commendabat
854 1193 861 1212 :

67 1230 160 1257 Ταῦτα
181 1231 211 1257 δὲ
233 1231 309 1266 ὑμῖν,
330 1231 418 1267 κύριοί
441 1240 490 1267 μου
515 1231 634 1266 ἀδελφοὶ,
659 1231 694 1258 τὰ
711 1231 863 1267 γράμματα

68 1276 218 1303 ἀπέστειλα
230 1276 274 1303 διὰ
285 1274 442 1312 Κλήμεντος
454 1276 501 1303 τοῦ
518 1276 651 1312 μακαρίου
664 1276 861 1312 πρεσϐυτέρου,

69 1322 164 1357 ἀνδρὸς
179 1321 309 1358 ἐναρέτου
323 1321 370 1348 καὶ
386 1321 507 1357 δοκίμου.
528 1331 537 1347 ι
554 1321 609 1349 Has
628 1322 741 1354 litteras,
758 1321 861 1348 domini

69 1367 178 1401 intres,
207 1375 257 1403 per
280 1368 389 1396 beatum
417 1368 606 1403 presbyterum
632 1368 799 1396 Clementem
828 1367 862 1395 ad

70 1422 117 1442 vos
133 1414 210 1445 misi.
223 1414 313 1441 virum
330 1413 430 1441 virtute
450 1413 595 1449 praeditum
619 1418 648 1442 et
673 1414 828 1450 probatum.
849 1423 859 1440 ι

70 1459 216 1493 Eusebius,
231 1459 280 1486 lib.
295 1466 333 1491 vt,
353 1466 378 1486 c.
395 1459 439 1486 Η.

102 1506 205 1534 Contra
221 1506 279 1533 haec
294 1505 404 1534 Eusebii
420 1509 447 1533 et
466 1504 626 1542 Hieronymi
644 1505 798 1533 clarissima
816 1508 859 1532 te-

69 1553 198 1581 stimonia
216 1551 374 1580 Blondellus
396 1552 510 1584 statuit,
526 1551 657 1579 Irenaeum
679 1552 783 1579 sedisse
803 1551 861 1586 jam

70 1599 96 1626 in
117 1598 296 1633 Lugdunensi
323 1597 451 1626 cathedra
482 1597 590 1625 Pothini
616 1597 676 1625 loco
697 1605 713 1624 a
731 1596 861 1624 fratribus

69 1645 247 1673 constitutum
263 1648 291 1672 et
304 1644 413 1672 colobio
429 1644 620 1679 episcoporum
640 1643 784 1676 vestitum,
797 1650 860 1670 cum

70 1699 84 1718 a
96 1689 286 1726 delegantibus
306 1698 316 1715 ι
328 1689 468 1724 presbyter
480 1698 489 1714 ι
500 1693 654 1716 vocaretur.
669 1687 702 1716 Et
710 1696 739 1715 ιιι
752 1688 785 1715 ad
795 1695 862 1715 suas

68 1741 157 1772 partes
172 1737 232 1764 hazc
249 1736 389 1763 traherent
403 1740 461 1763 tum
476 1735 520 1763 ille
534 1739 593 1762 tum
610 1735 763 1762 Salmasius
774 1734 860 1762 multa

68 1783 100 1811 de
114 1783 167 1810 hac
178 1790 211 1810 re
227 1782 375 1810 commenti
390 1785 464 1815 sunt,
479 1785 507 1809 et
522 1781 640 1816 plurima
655 1781 683 1808 in
701 1780 821 1808 Eusebio
834 1786 862 1808 et

67 1828 234 1864 Hieronymo
250 1828 441 1860 observarunt,
451 1835 523 1863 qua,
534 1831 565 1854 ut
581 1827 668 1859 aiunt,
680 1836 690 1853 ε
701 1826 861 1862 castigatio-

67 1883 127 1902 nem
136 1879 307 1903 mereantur.
323 1885 332 1901 ι
342 1874 444 1908 Primo,
453 1874 586 1902 Eusebius
597 1877 730 1910 martyres
742 1873 817 1908 ipsos
827 1873 861 1901 ad

67 1921 244 1950 Eleutherum
258 1921 400 1956 epistolam
422 1921 583 1956 scripsisse,
599 1927 653 1955 qua
669 1919 861 1948 commendant

68 1969 199 1996 Irenaeum
209 1967 412 2003 presbyterum,
424 1966 666 1995 narrat.Eusebius
673 1971 764 1994 autem
773 1967 860 2002 ipsam

67 2014 211 2049 epistolam
224 2013 303 2047 vidit,
316 2020 433 2048 eamque
449 2013 532 2040 etiam
548 2013 625 2048 operi
638 2013 676 2040 De
693 2012 860 2048 pastionibus

66 2065 218 2094 marlgrum
232 2066 249 2086 a
263 2066 292 2086 se
311 2059 468 2094 conscripto
485 2059 616 2094 integram
635 2058 767 2091 inseruit,
783 2059 860 2086 ideo-

65 2113 118 2140 que
131 2114 147 2132 a
161 2105 266 2140 quibus
280 2109 307 2132 et
318 2105 428 2140 quando
440 2106 595 2141 conscripta
606 2110 659 2140 est,
670 2105 797 2140 ignorare
805 2113 861 2133 non

65 2152 164 2187 potuit.
181 2151 255 2179 Idem
273 2156 392 2179 testatur
405 2156 434 2179 et
449 2151 642 2188 Hieronymus.
658 2151 704 2187 qui
724 2151 792 2180 vidit
806 2151 860 2180 Eu-

64 2198 134 2225 sebii
156 2198 198 2225 De
218 2198 383 2233 martyribus
405 2198 542 2233 opuscula.
562 2197 668 2233 Negant
683 2198 709 2225 hi
725 2206 740 2225 a
756 2202 860 2234 marty-

914 260 1044 288 summati
1060 265 1135 294 sunt,
1147 271 1157 287 ι
1171 265 1265 296 aperte
1286 260 1459 288 referendum
1474 265 1531 294 est;
1550 261 1704 295 exprimere

913 305 986 333 enim
1003 305 1090 333 voluit
1103 305 1129 333 id
1144 306 1218 340 quod
1234 306 1381 340 scripserat
1393 305 1537 339 Eusebius,
1549 307 1574 332 ot
1584 306 1613 332 δὲ
1628 306 1704 333 αὐτοὶ

916 350 1062 387 μάρτυρες.
1076 351 1202 379 Secundo
1216 351 1326 378 Eusebii
1338 356 1366 379 et
1375 351 1531 387 Hieronymi
1542 352 1705 380 sententiam

913 397 987 425 clare
1016 398 1043 426 in
1072 396 1193 426 Historia
1217 398 1402 433 descriptam,
1421 403 1448 426 et
1473 406 1506 426 ex
1524 399 1590 433 ipsis
1612 407 1704 426 rerum

914 452 1047 482 gestarum
1078 446 1264 474 monumentis
1279 446 1567 480 deductam,refe|lere
1580 454 1609 474 se
1625 454 1705 481 posse

914 495 1007 527 sperat
1023 500 1057 520 ex
1083 492 1117 520 iis
1132 500 1195 527 quae
1217 492 1252 519 ab
1268 491 1388 520 Eusebio
1408 497 1436 519 et
1459 491 1624 527 Hieronymo
1639 492 1704 519 alibi

914 537 1015 572 scripta
1039 541 1121 569 sunt,
1136 544 1233 572 nempe
1247 537 1274 564 in
1295 537 1450 564 Chronicis.
1469 536 1506 564 Ut
1526 537 1577 565 hoc
1595 537 1703 569 elliciat,

915 581 1017 617 profert
1040 591 1074 610 ex
1091 582 1229 618 Sealigero
1243 583 1324 610 verba
1349 582 1459 610 Eusebii
1481 583 1574 610 Graeca
1585 603 1592 615 ,
1607 583 1653 610 ubi
1668 583 1702 610 ad

915 636 1018 656 annum
1035 628 1120 656 Marci
1135 628 1266 656 Antonini
1287 629 1434 663 septimum
1456 629 1599 664 passiones
1612 627 1702 664 _Po|y-

915 675 991 710 carpi
1006 679 1034 702 et
1057 679 1211 710 martyrum
1226 674 1429 702 Gallicanorum
1443 675 1524 702 simul
1537 673 1703 702 referuntur.

916 723 968 751 Sed
986 723 1013 751 in
1028 722 1134 751 Latinis
1150 722 1319 758 Hieronymi,
1332 722 1414 750 verba
1432 723 1471 750 sic
1485 730 1514 750 se
1528 722 1629 750 habent
1642 730 1649 748 :

953 801 963 818 ι
977 791 1172 820 Persecutione
1183 796 1242 820 orta
1254 792 1282 820 in
1294 792 1359 820 Asia
1372 791 1539 828 Polycarpus
1550 796 1577 819 et
1590 791 1704 820 Pionius

916 838 1009 866 fecere
1020 839 1316 875 martyrium,quorum
1329 838 1436 873 scriptae
1443 845 1552 874 quoque
1563 838 1704 873 passiones

915 883 1051 912 feruntur.

1159 937 1264 961 QUARTA
1283 936 1332 956 PER
1336 936 1458 957 SECUTIO.

952 994 962 1011 ι
978 984 1095 1012 Plurimi
1119 985 1146 1012 in
1170 984 1257 1013 Gallia
1272 985 1390 1020 gloriose
1416 984 1452 1012 ob
1475 983 1578 1012 Christi
1603 991 1702 1011 nomen

913 1031 1066 1064 interfecti;
1082 1036 1199 1065 quorum
1218 1038 1305 1065 usque
1327 1030 1354 1057 in
1375 1034 1536 1065 praesentem
1551 1029 1623 1058 diem
1637 1037 1704 1058 con-

913 1076 970 1104 dita
985 1076 1064 1104 libris
1079 1076 1229 1104 certamina
1244 1079 1428 1111 perseverant.
1445 1085 1455 1101 ι

948 1143 1047 1179 Liquet
1071 1151 1106 1170 ex
1135 1142 1179 1170 his
1205 1142 1317 1175 verbis,
1346 1141 1493 1170 Eusebium
1525 1142 1704 1170 celeberrima

913 1190 1042 1225 martyria
1063 1189 1114 1216 sub
1131 1188 1223 1216 Marco
1239 1188 1376 1216 Antonino
1396 1188 1467 1216 facta
1482 1188 1508 1215 in
1526 1188 1599 1216 hunc
1617 1196 1702 1215 unum

912 1235 1002 1262 locum
1025 1235 1191 1270 conjecisse;
1209 1243 1297 1270 neque
1311 1235 1384 1262 enim
1402 1242 1449 1270 per
1465 1239 1551 1262 totum
1572 1234 1703 1261 Antonini

913 1280 1058 1316 imperium
1085 1281 1198 1308 alterius
1221 1280 1304 1308 ullius
1334 1280 1457 1316 martyrii
1486 1280 1620 1307 meminit.
1650 1278 1703 1308 Ubi

913 1326 995 1362 igitur
1007 1330 1113 1361 quartae
1125 1326 1323 1361 persecutionis
1337 1326 1504 1353 mentionem
1521 1325 1595 1359 facit,
1607 1327 1702 1354 eodem

913 1372 973 1400 loco
984 1372 1039 1399 duo
1056 1372 1175 1406 insignia
1190 1371 1331 1406 martyria,
1347 1379 1432 1398 unum
1451 1371 1477 1398 in
1493 1371 1569 1404 Asia,
1587 1372 1702 1399 alterum

913 1418 939 1445 in
949 1418 1037 1446 Gallia
1050 1417 1119 1445 facta
1131 1422 1346 1445 commemorat:
1359 1425 1414 1444 non
1426 1417 1497 1452 quod
1510 1418 1604 1445 eodem
1618 1425 1703 1450 anno,

913 1464 959 1491 sed
974 1464 1026 1492 sub
1043 1463 1137 1491 eadem
1158 1463 1362 1498 persecutione,
1381 1463 1432 1490 hoc
1446 1467 1487 1490 est
1506 1464 1557 1491 sub
1578 1463 1701 1498 ejusdem

912 1510 1042 1537 Antonini
1060 1509 1174 1544 imperio
1192 1512 1339 1543 utrumque
1361 1508 1514 1543 contigerit.
1528 1508 1603 1536 Hanc
1617 1507 1704 1535 Eusc-

912 1556 949 1582 bii
967 1560 1084 1583 mentem
1101 1554 1187 1582 fuisse
1199 1554 1289 1589 palam
1306 1557 1365 1586 est;
1383 1561 1445 1580 nam
1463 1553 1489 1580 in
1504 1553 1623 1580 Historia
1640 1556 1703 1588 post

912 1602 1078 1630 Chronicum
1105 1608 1239 1629 canonem
1264 1600 1382 1634 scripta,
1409 1599 1456 1626 ubi
1482 1599 1515 1627 de
1537 1599 1618 1627 rebus
1636 1599 1703 1633 ipsis

913 1647 1001 1676 fusius
1015 1648 1114 1684 agitur,
1122 1645 1510 1682 persecutionemGallicanam
1524 1645 1701 1672 addecimum

912 1694 1059 1730 septimum
1078 1692 1199 1727 ejusdem
1231 1692 1363 1720 Antonini
1386 1699 1489 1719 annum
1508 1692 1601 1719 refert.
1619 1691 1702 1718 Blon-

912 1741 1000 1768 dellus
1013 1748 1068 1768 non
1085 1744 1193 1767 tantum
1207 1739 1316 1766 urticam
1333 1738 1404 1765 hanc
1415 1737 1643 1773 persecutionem,
1653 1735 1701 1764 sed

911 1787 1007 1814 eodem
1022 1793 1096 1813 anno
1111 1786 1139 1813 in
1153 1785 1217 1813 Asia
1233 1785 1368 1820 inceptam
1382 1784 1409 1811 in
1423 1783 1510 1811 Gallia
1524 1783 1627 1810 [initam
1640 1790 1702 1810 esse

911 1833 1017 1864 statuit,
1041 1839 1135 1860 errore
1156 1831 1233 1868 gravi
1257 1836 1339 1866 atque
1365 1830 1521 1858 manifesto.
1535 1829 1627 1857 Monet
1643 1830 1702 1864 ipse

911 1879 1046 1907 Eusebius
1058 1878 1214 1906 Gallicanos
1232 1878 1361 1913 martyria
1377 1877 1511 1910 subiisse,
1525 1875 1702 1912 σφοδρότερον

911 1925 1153 1961 ἀναρῤιπισθέντος
1175 1923 1223 1951 τοῦ
1250 1923 1311 1950 καθ’
1328 1922 1407 1958 ἡμῶν
1438 1922 1556 1958 διωγμοῦ
1569 1942 1577 1954 ,
1610 1931 1619 1947 t
1638 1929 1701 1949 cum

908 1971 965 2006 jam
986 1970 1133 1998 violentius
1149 1969 1310 1997 resuscitata
1322 1973 1348 1996 et
1361 1976 1507 1995 rcaccensa
1518 1972 1589 1995 esset
1600 1971 1698 1995 contra

911 2017 1084 2044 Christianos
1108 2014 1272 2051 persecutio.
1296 2019 1322 2042 et
1343 2014 1452 2048 quidem
1483 2014 1511 2040 in
1532 2013 1698 2048 quibusdam

911 2062 1147 2098 terraetpartibus.
1168 2071 1177 2087 ι
1203 2060 1360 2088 Persecutio
1382 2060 1434 2087 sub
1450 2059 1541 2087 Marco
1566 2063 1626 2086 orta
1651 2066 1701 2094 per

910 2109 1013 2137 mullos
1039 2115 1126 2135 annos
1151 2106 1269 2139 duravit,
1281 2113 1354 2133 nunc
1376 2105 1403 2132 in
1418 2105 1479 2138 hac,
1513 2112 1586 2132 nunc
1602 2105 1630 2131 in
1653 2104 1700 2132 illa

910 2153 1051 2190 provincia
1060 2157 1193 2189 grassata,
1206 2159 1255 2187 pro
1269 2151 1361 2178 furore
1376 2151 1479 2186 populi,
1494 2154 1542 2177 aut
1552 2149 1699 2185 praesidum

911 2200 1083 2229 crudelitate.
1103 2198 1160 2226 Sub
1174 2198 1246 2226 Asiae
1265 2198 1429 2233 proconsule
1446 2197 1585 2230 Quadrato
1602 2204 1700 2231 passus

64 2245 142 2273 ribus
154 2245 288 2280 scriptam
303 2252 382 2277 esse;
400 2244 551 2273 Salmasius
566 2245 601 2272 ab
615 2245 762 2279 episcopis,
773 2244 858 2272 Blon-
874 2254 897 2282 ι)
910 2251 953 2275 est
963 2245 1130 2282 Polycarpus
1154 2244 1299 2279 episcopus
1330 2243 1472 2280 Smyrnae;
1505 2243 1557 2271 sub
1582 2242 1700 2269 Servilio

63 2291 152 2320 dellus
172 2299 190 2318 a
207 2291 341 2319 fratribus
358 2291 449 2319 datam
468 2291 629 2318 hariolatur.
642 2290 796 2318 Blondellus
811 2299 860 2326 pro

62 2345 112 2366 sua
127 2338 266 2366 sententia
278 2337 416 2366 Huflinum
428 2337 543 2365 advocat
558 2336 666 2364 Eusebii
683 2336 858 2370 interpretem

61 2393 116 2413 non
134 2386 204 2413 satis
226 2389 398 2413 accuratum.
413 2383 493 2412 Hunc
515 2383 573 2411 vult
593 2383 748 2411 Eusebiana
765 2382 859 2410 Graeca

60 2430 100 2458 ita
117 2430 273 2458 reddidisse
285 2434 314 2457 ut
325 2430 360 2457 ab
371 2429 501 2457 Ecclesiis
512 2428 673 2461 Galliarum,
689 2436 743 2455 non
755 2434 770 2454 a
783 2433 858 2454 mar-

61 2476 174 2512 tyribus
185 2483 218 2503 ea
229 2475 346 2510 epistola
359 2475 460 2509 scripta
475 2474 521 2502 sit.
537 2472 589 2501 Sed
607 2473 664 2501 haec
679 2477 727 2500 aut
739 2480 774 2500 ex
787 2472 859 2500 osci-

61 2522 159 2553 tantia,
174 2526 223 2549 aut
242 2520 388 2548 manifesta
408 2519 502 2548 fraude
516 2519 638 2555 profecta
652 2522 726 2547 sunt.
735 2517 858 2546 Ruflinus

61 2569 144 2597 refert
155 2568 291 2596 ecclesias
302 2567 453 2595 Galliarum
468 2566 623 2601 scripsisse,
632 2565 761 2600 epistolas
785 2572 858 2592 mar-

62 2621 164 2652 tyrum,
181 2615 230 2651 qui
251 2615 324 2651 apud
349 2622 399 2642 eos
421 2613 604 2642 consummati
629 2612 748 2645 fuerant,
766 2610 857 2646 profe-

60 2668 164 2695 rentes,
175 2669 246 2697 quas
264 2661 302 2688 illi
319 2660 348 2687 in
365 2659 481 2687 vinculis
496 2667 544 2694 per
556 2659 652 2687 Asiam
667 2662 694 2686 et
706 2657 856 2693 Phrygiam

61 2706 193 2734 fratribus
213 2705 433 2734 consistentibus
457 2704 642 2740 scripserant;
662 2708 690 2731 et
709 2702 857 2730 Eleuthero

63 2754 137 2782 urbis
157 2752 254 2781 Romae
274 2753 422 2788 episcopo,
438 2751 472 2778 de
480 2758 547 2786 pace
559 2759 621 2778 eum
642 2749 771 2778 Ecclesiae
781 2757 857 2777 com-

61 2804 221 2833 monentes;
235 2799 339 2834 quique
351 2798 433 2826 etiam
446 2796 577 2824 lrenaeum
591 2796 778 2832 presbyterum
790 2800 856 2823 tunc

62 2844 149 2872 adhuc
156 2843 287 2872 Ecclesia:
297 2842 500 2878 Lugdunensis,
509 2841 665 2876 supradicto
676 2841 751 2869 urbis
762 2841 856 2869 Romae

63 2891 189 2926 episcopo
196 2889 443 2919 commendabant.
460 2887 534 2927 rUba
548 2887 615 2917 illud
633 2889 753 2924 tquique
765 2897 775 2914 ι
799 2895 853 2916 non

909 2291 1074 2327 proconsule
1097 2289 1208 2325 Sagaris
1231 2290 1377 2324 episcopus
1404 2288 1555 2316 Laodiceae.
1580 2287 1700 2315 Durante

909 2338 963 2365 hac
983 2336 1194 2372 persocutione,
1224 2344 1234 2361 ι
1259 2334 1398 2362 Antonino
1424 2333 1581 2368 imperatori
1608 2332 1699 2360 Melite

909 2382 1028 2409 Asianus
1055 2380 1213 2408 Sardiensis
1238 2379 1385 2414 episcopus
1415 2378 1622 2414 Apologeticum
1649 2385 1699 2412 pro

909 2427 1078 2455 Christianis
1094 2425 1216 2457 tradidit,
1233 2435 1243 2451 ι
1262 2430 1291 2453 ut
1307 2425 1441 2452 Eusebius
1457 2425 1483 2451 in
1505 2424 1643 2452 Chronico
1665 2424 1699 2451 ad

908 2479 1011 2499 annum
1026 2472 1086 2506 ejus
1101 2470 1250 2498 decimum.
1270 2480 1279 2496 t
1293 2469 1386 2502 Recte,
1409 2469 1499 2504 inquit
1524 2468 1648 2496 Valesius
1664 2468 1699 2496 ad

907 2517 1009 2546 Euseb.
1024 2518 1072 2546 lib.
1089 2526 1126 2552 tv,
1138 2525 1163 2545 c.
1177 2517 1222 2551 26,
1235 2517 1262 2544 id
1277 2516 1394 2544 refertur
1405 2523 1478 2542 anno
1490 2513 1524 2541 l0
1535 2514 1619 2542 Marci
1637 2514 1695 2542 An-

909 2564 1005 2598 tonini,
1020 2571 1093 2591 anno
1114 2564 1217 2591 scilicet
1235 2568 1296 2598 post
1319 2566 1435 2589 mortem
1462 2560 1493 2588 L.
1511 2560 1584 2588 Veri.
1600 2570 1610 2586 ι
1625 2560 1697 2588 Idem

907 2615 1000 2638 autem
1014 2610 1048 2637 ad
1062 2609 1231 2637 Prommium
1245 2608 1307 2636 libri
1319 2608 1408 2643 quinti
1423 2612 1500 2634 notat
1511 2607 1564 2634 hoc
1576 2607 1648 2634 male
1662 2607 1698 2634 ab

908 2657 1026 2686 Eusebio
1057 2655 1176 2688 factum;
1206 2656 1388 2689 observatque
1421 2653 1576 2682 Melitonem
1603 2652 1696 2680 Marco

908 2702 1069 2737 Apologiam
1090 2700 1200 2728 dedisse
1218 2700 1270 2727 sub
1290 2699 1370 2727 tinem
1384 2699 1445 2734 ejus
1467 2698 1585 2734 imperii.
1615 2697 1696 2726 Certe

907 2749 953 2776 illa
961 2754 1056 2783 quarta
1076 2746 1229 2782 persecutio
1240 2747 1268 2773 in
1279 2746 1344 2774 Asia
1356 2746 1467 2773 duravit
1477 2753 1564 2780 usque
1578 2745 1613 2773 ad
1626 2745 1694 2773 illud

905 2798 1013 2828 tempus
1028 2801 1082 2828 quo
1094 2793 1205 2828 scripsit
1212 2791 1321 2825 Melito,
1335 2791 1392 2820 sive
1404 2791 1449 2819 ille
1464 2791 1498 2818 10
1508 2790 1592 2818 Marci
1607 2798 1692 2824 anno,

906 2840 964 2866 sive
976 2839 1027 2867 sub
1038 2839 1120 2867 finem
1135 2839 1241 2874 imperii
1256 2839 1317 2874 ejus
1330 2838 1488 2873 Apologiam
1505 2837 1613 2870 obtulit,
1623 2837 1693 2871 sive,

906 2885 978 2920 quod
995 2893 1044 2922 ego
1055 2893 1148 2914 verum
1164 2893 1225 2914 esse
1240 2889 1316 2921 puto,
1332 2885 1423 2913 medio
1434 2884 1504 2913 inter
1528 2885 1584 2913 haec
1607 2883 1695 2912 inter—
