1850 3072
169 155 222 183 ιιε

169 214 251 242 vallo.
260 211 366 239 Mortuo
375 211 404 240 L.
417 211 530 239 Aurelio
538 210 680 245 scripsisse
689 208 845 237 Melitonem
858 208 956 242 liquet,
972 211 995 241 Α

170 260 242 294 quod
256 260 282 286 in
296 258 426 293 Apologia
439 257 499 292 ejus
511 264 565 284 non
583 256 716 287 meminit.
732 256 779 290 qui
792 262 853 282 cum
866 253 957 281 Marco

169 312 283 333 consors
300 305 326 331 in
347 303 462 338 imperio
481 302 579 334 fuerat,
592 302 638 329 sed
666 302 712 328 filii
735 300 820 328 Marci
840 299 957 327 mentio-

171 359 232 379 nem
247 350 320 378 facit.
338 350 409 377 Fieri
427 354 517 376 autem
532 349 584 375 hoc
597 348 687 383 potuit
700 355 763 375 cum
789 346 958 374 Commodus

168 397 224 432 jam
250 396 325 423 solus
342 395 434 421 Caesar
446 397 528 423 esset.
557 398 666 420 mortuo
678 392 773 424 fratre,
803 391 851 427 qui
875 389 959 418 simul

169 451 232 470 cum
247 451 280 469 en
295 442 388 469 Caesar
400 441 489 468 iactus
501 444 552 474 est,
564 439 687 467 Pudente
706 443 732 466 et
747 438 871 466 Pollione
884 444 957 465 coss.

170 490 238 516 Dum
255 488 338 523 igitur
364 486 532 514 Commodus
559 485 649 513 Caesar
671 489 744 512 esset
769 488 832 511 ante
854 490 958 511 annum

169 535 253 562 Marci
279 535 415 562 decimum
441 533 567 568 quintum
586 533 681 559 saltem
711 531 817 558 finitum
833 551 840 564 ,
866 529 959 556 Melito

169 583 329 617 Apologiam
344 581 435 608 Marco
445 579 557 606 Aurelio
569 578 678 605 obtulit.
689 576 746 610 Qua
756 575 886 610 Apologia
895 582 958 602 cum

169 629 231 655 aliis
246 632 396 662 permotus,
411 631 442 654 ut
460 625 542 653 refert
568 623 691 652 Chronici
707 621 880 648 Alexandrini
908 629 958 648 au-

170 679 240 705 ctor,
258 673 367 700 Marcus
377 672 518 704 Aurelius,
530 672 564 699 de
577 670 696 697 sedanda
717 668 909 704 persecutione
924 667 958 695 ad

171 718 322 745 Commune
336 718 408 744 Asia:
425 717 549 752 scripsit:
561 715 587 743 id
603 719 693 742 autem
720 714 785 741 fecit
799 714 833 741 15
854 712 960 748 tmperi:

171 764 214 791 sui
230 771 313 796 anno,
329 768 401 790 utex
412 763 470 798 ipsa
485 761 662 796 inscriptione
678 764 762 795 patet.
776 759 960 796 Αὐτοκράτωρ

170 809 279 845 Καῖσαρ
295 810 407 845 Μάρκος
424 808 556 844 Αὐρήλιος
587 807 743 838 Ἀντωνῖνος
750 805 884 838 Σεϐαστὸς
897 805 960 842 ’Λρ-

173 855 273 890 μένιος,
297 855 454 891 Ἀρχιερεῦς
474 855 618 889 μέγιστος,
640 852 813 888 δημαρχικῆς
836 851 960 884 ἐξουσίας

171 901 201 927 τὸ
218 901 342 937 πέμπτον
359 901 405 928 καὶ
422 901 544 933 δέκατον,
562 900 664 931 ὕπατος
681 899 710 926 τὸ
726 899 826 935 τρίτον.
848 907 857 924 ι
875 897 961 932 Impe—
976 895 997 922 Β

172 953 247 974 rator
262 948 353 975 Caesar
369 947 403 974 Μ.
418 947 574 974 Antoninus
594 946 664 981 Aug.
681 944 854 977 Armenicus,
870 944 961 979 pontii-

172 993 216 1020 fcx
229 995 375 1027 maximus,
403 993 555 1021 tribuniciae
571 992 714 1028 potestatis
738 991 780 1023 i5,
794 991 890 1018 consul
901 991 928 1017 5.
947 999 957 1016 ι

172 1039 256 1068 Miror
267 1040 393 1075 equidem
408 1040 546 1068 Valesium
563 1040 681 1072 dixisse,
699 1039 771 1066 hanc
787 1039 928 1074 epistolam
945 1045 960 1065 a

172 1087 265 1114 Marco
290 1087 418 1121 scriptam
446 1095 506 1114 esse
535 1095 627 1113 (anno
649 1086 738 1121 primo
760 1086 818 1121 ejus
842 1085 959 1119 imperii,

172 1141 234 1161 cum
245 1134 302 1168 ipse
314 1137 387 1160 esset
398 1133 508 1160 tertiutn
520 1131 629 1160 consul.
646 1141 656 1157 ι
667 1131 742 1159 Licet
757 1131 829 1158 enim
845 1139 878 1157 eo
889 1139 961 1158 anno

172 1179 282 1206 tertium
294 1178 392 1206 consul
403 1182 485 1211 esset,
495 1177 517 1206 is
525 1182 617 1205 tamen
633 1177 667 1204 15
676 1177 830 1204 tribunicia:
843 1181 962 1212 potesta-

173 1226 208 1253 tis
222 1233 281 1253 esse
297 1233 351 1252 non
365 1225 462 1260 potuit.
472 1224 507 1252 At
521 1224 632 1252 tertium
644 1224 741 1252 consul
755 1223 896 1251 dicebatur
906 1231 961 1250 non

172 1277 278 1299 tantum
292 1279 324 1299 eo
338 1279 423 1304 anno,
435 1278 491 1306 quo
502 1270 676 1298 consulatum
696 1270 789 1305 gessit,
805 1270 852 1297 sed
870 1270 961 1297 omni-

174 1317 226 1344 bus
235 1317 424 1352 sequentibus,
437 1317 490 1344 nisi
503 1317 586 1343 alium
599 1316 772 1344 consulatum
785 1316 875 1343 iniret.
890 1315 963 1343 Mar-

174 1370 224 1390 cus
238 1369 329 1390 autem
341 1369 436 1398 postea
449 1363 546 1391 consul
561 1371 616 1391 non
633 1362 695 1396 fuit,
711 1363 827 1398 ideoque
843 1370 891 1397 per
902 1370 963 1390 om-

175 1417 223 1436 nes
240 1409 442 1444 imperiiaunos
456 1409 566 1436 tertium
579 1409 676 1437 consul
691 1408 782 1436 dictus
809 1411 860 1442 est,
882 1412 911 1435 ut
933 1407 962 1436 in

175 1453 354 1489 inscriptione
366 1454 546 1482 Gruteriana:

212 1520 282 1548 IMP.
306 1521 385 1548 CJES
418 1520 453 1547 M.
475 1520 601 1547 AVREL.
623 1519 822 1547 ANTONlNVS
845 1518 926 1547 AVG.

305 1556 411 1584 GERM.
433 1556 489 1583 TR.
510 1557 542 1584 P.
563 1555 645 1584 XVII.
666 1555 739 1583 COS.
789 1554 832 1582 ill.

217 1602 283 1635 Quae
300 1602 382 1635 igitur
394 1601 419 1627 in
435 1601 499 1628 Asia
512 1600 526 1626 7
538 1600 620 1627 Marci
634 1606 706 1627 anno
716 1597 870 1633 persecutio
880 1602 968 1632 coepta

182 1653 233 1681 est,
249 1649 283 1675 15
297 1648 418 1682 ejusdem
430 1648 522 1675 sedata
538 1652 588 1674 est.
605 1646 634 1673 In
653 1645 740 1673 Gallia
766 1650 858 1672 tamen
877 1645 969 1670 statim

183 1695 331 1728 recruduit,
343 1694 450 1721 eteirca
462 1694 542 1720 ﬁnem
553 1692 616 1720 anni
631 1692 660 1718 17
693 1699 791 1726 passus
805 1694 846 1718 est
863 1690 968 1725 episco-

182 1750 234 1777 pus
247 1741 369 1774 Lugduni
386 1738 530 1771 Potlnuus,
555 1737 626 1764 Rufo
645 1741 671 1764 et
693 1737 809 1772 Orphito
825 1744 896 1764 coss.
909 1756 917 1769 ,
939 1740 969 1763 ut

181 1787 264 1815 refert
278 1786 424 1813 Claronicon
436 1784 654 1811 Alexandrinum.

216 1832 309 1860 Tertio
324 1833 424 1867 excipit
439 1831 604 1863 Bioudeilus,
621 1829 767 1857 Eusebium
788 1828 896 1856 tradere
908 1836 969 1863 pcr-

180 1880 349 1907 secutionem
363 1879 530 1907 Gallicanam
548 1877 724 1907 etl‘erbuisse,
746 1879 809 1903 ante
826 1875 968 1902 victoriam

180 1927 285 1961 legione
296 1925 473 1952 iu‘lminatrici
489 1923 581 1951 Marco
595 1928 712 1959 partam,
725 1930 786 1957 quae
808 1922 841 1949 l3
861 1922 967 1957 imperii

179 1974 239 2008 ejus
254 1981 327 2000 anno
344 1973 468 2008 comigit.
483 1971 516 1999 Et
529 1971 637 2006 quidem
654 1969 788 1997 Eusebius
800 1974 861 2004 post
875 1976 968 2004 perse-

179 2019 298 2047 cutionis
318 2020 501 2046 narrationem
528 2018 602 2044 illam
624 2016 768 2044 historiam
790 2015 888 2048 tradit;
907 2021 969 2049 post

179 2072 269 2094 autem
289 2066 508 2101 persecutionem
527 2064 677 2098 contigisse
702 2070 755 2089 non
769 2061 847 2094 dicit,
868 2062 915 2089 sed
935 2069 967 2088 ea

177 2114 270 2148 potius
287 2120 347 2148 qua:
359 2111 526 2139 contrarium
541 2111 680 2137 evincunt.
695 2108 805 2135 Claudit
817 2107 890 2134 enim
907 2115 969 2141 pcr-

177 2160 328 2188 sccutionis
351 2159 493 2186 historiam
512 2158 555 2185 his
567 2157 675 2183 verbis:
699 2155 781 2182 Ἀλλὰ
803 2154 837 2181 τὰ
861 2153 909 2189 μὲν
924 2153 967 2179 ἐπ’

183 2206 340 2233 ’Λντωνίνου
354 2205 475 2231 coccina:
495 2214 504 2229 ‹
516 2204 604 2238 Atque
618 2203 682 2230 talia
697 2206 761 2229 sunt
772 2209 832 2236 qua:
850 2199 901 2227 sub
912 2199 967 2225 An-

176 2252 271 2279 tonino
282 2250 465 2284 contigerunt,
483 2258 492 2274 ›
511 2248 558 2275 lib.
573 2256 599 2280 v,
615 2254 676 2281 cap.
689 2245 716 2272 4.
736 2244 800 2272 llzec
816 2244 889 2272 enim
908 2251 967 2279 quae
980 2243 1002 2270 ι)

177 2299 300 2335 proxime
313 2305 498 2329 enarravcrat,
513 2297 545 2323 ad
565 2301 702 2331 postrema
725 2293 799 2320 illius
820 2293 968 2320 imperato-

179 2341 216 2365 ris
229 2344 351 2373 tempora
361 2339 505 2366 referebat.
517 2342 582 2367 'l'un'
595 2349 660 2369 vero
669 2340 850 2367 narrationem
867 2347 962 2375 quam-

179 2385 241 2410 dam
259 2385 350 2411 statim
379 2385 517 2411 interserit
542 2385 573 2412 de
585 2385 704 2420 Legionc
715 2385 855 2417 fulmineal
881 2392 964 2419 quant

179 2430 253 2456 velut
271 2430 403 2456 incertam
423 2430 573 2466 relinquit:
598 2431 666 2458 ἀλλὰ
685 2431 770 2458 ταῦτα
784 2431 832 2467 μὲν
853 2431 906 2467 ὅπη
924 2439 966 2460 τις

180 2475 259 2511 ὲϐἑλῃ
275 2475 401 2507 τιθέσθω,
420 2485 430 2501 ‹
440 2476 487 2503 sed
501 2477 533 2502 de
545 2477 587 2503 his
599 2476 714 2510 quisque
728 2484 776 2511 pro
788 2477 902 2504 arbitrio
915 2486 966 2505 suo

180 2526 299 2555 statuat;
323 2530 332 2546 ι
352 2521 488 2557 μετίωμεν
503 2522 532 2548 δὲ
548 2523 628 2557 ἡμεῖς
637 2522 683 2549 ἐπὶ
699 2523 747 2558 τὴν
763 2524 815 2551 τῶν
833 2524 895 2559 ἑξῆς
905 2524 967 2550 ἀκο-

181 2566 301 2599 λουθίαν,
322 2576 331 2592 ‹
342 2575 394 2594 nos
405 2575 469 2594 vero
483 2568 515 2594 ad
526 2568 646 2595 historia
654 2567 778 2596 ordinem
790 2569 946 2597 redeamus.
954 2582 963 2598 ι

182 2611 374 2639 Narrationcm
396 2613 478 2648 igitur
488 2613 561 2640 illam
570 2614 603 2641 de
620 2614 725 2650 legione
744 2615 872 2643 fulminea
889 2620 965 2643 extra

182 2658 233 2693 τὴν
249 2658 302 2685 τῶν
319 2657 383 2692 ἐξης
398 2658 566 2692 ἀκολουθίαν,
584 2659 642 2687 sive
661 2669 670 2686 ε
682 2661 800 2688 historia!
813 2661 963 2693 ordinem,»

183 2705 333 2730 Secundum
350 2711 439 2730 rerum
455 2709 592 2739 gestarum
608 2707 829 2740 consequentiam
851 2711 966 2734 Interse-

186 2751 274 2777 ruisse
282 2758 311 2778 se
325 2750 434 2777 fatetur.
455 2750 627 2786 Reditigitur
640 2752 675 2779 ad
692 2752 772 2780 tinem
800 2760 966 2787 persecutio-

185 2804 239 2829 ms,
252 2797 285 2824 ad
302 2800 416 2823 mortem
431 2794 550 2831 Pothini,
568 2801 595 2828 et
616 2797 816 2826 successionem
831 2799 925 2827 lrenazi
938 2799 965 2826 in

184 2843 338 2878 :piscopatu
354 2841 539 2878 Lugdunensi.

975 1564 997 1592 C

698 149 728 177 S.
748 145 924 177 IGNATIUS.
944 159 980 166 ——
997 139 1265 172 PROLEGOMENA.

1751 132 1809 160 “6

1045 203 1148 236 Quarto
1161 199 1380 236 persecutionem
1391 196 1560 225 Gallicanam
1573 193 1726 222 excitatam
1741 199 1810 219 esse

1009 250 1048 277 ait
1059 247 1216 276 Blondellus
1235 253 1291 273 non
1313 244 1363 272 sub
1379 244 1537 279 episcopatu
1565 239 1708 267 Eleutheri
1724 259 1732 270 ,
1755 239 1810 265 sed

1010 292 1124 324 Soteris,
1138 291 1184 326 qui
1197 290 1230 317 ad
1250 289 1334 316 Marci
1346 288 1485 315 decimum
1505 293 1608 312 annum
1624 283 1708 316 sedit,
1723 289 1756 310 ul.
1772 289 1810 310 ex

1008 337 1137 365 Ecclesiae
1153 336 1283 363 Romana:
1299 334 1399 361 tabulis
1411 333 1548 364 observat,
1569 338 1632 365 qua).
1652 329 1736 356 aliter
1751 336 1807 355 an-

1009 389 1059 408 nos
1072 380 1231 416 pontiticum
1250 386 1333 414 quam
1346 377 1481 406 Eusebius
1492 376 1652 410 disponunt.
1671 374 1728 401 Sed
1745 373 1810 400 haec

1009 426 1191 462 discrepantia
1207 425 1308 452 nullam
1328 424 1355 451 in
1375 423 1427 451 bac
1451 430 1481 450 re
1498 422 1685 449 difﬁcultatem
1713 422 1806 446 creat.

1011 473 1073 500 Sive
1087 473 1159 500 enim
1179 472 1262 499 Marci
1278 470 1328 504 10,
1353 474 1382 496 ut
1407 468 1502 496 statuit
1529 465 1808 502 pseudo-Damasus,

1010 521 1067 548 sive
1080 520 1124 551 ιϐ,
1139 524 1168 546 ut
1180 518 1325 550 Eusebius,
1339 517 1430 544 sedem
1443 515 1593 541 Romanam
1609 514 1698 549 primo
1715 520 1807 540 occu-

1011 566 1084 600 pavit
1102 564 1275 597 Eleutherus,
1286 563 1319 590 l7
1334 563 1418 590 Marci
1440 570 1512 590 anno
1528 560 1623 588 Romae
1640 559 1714 586 idem
1742 558 1807 593 epi-

1011 619 1111 646 scopus
1125 610 1187 644 fuit,
1204 618 1267 638 cum
1281 610 1305 637 ei
1321 609 1438 636 lrcnzeus
1449 609 1501 636 sub
1516 606 1669 642 presbyteri
1688 605 1807 632 nomine

1010 666 1025 684 a
1039 657 1204 693 martyribus
1221 655 1430 684 commendatus
1441 660 1492 683 est.
1513 654 1576 681 Haec
1587 653 1671 688 igitur
1681 652 1806 687 objectio

1011 701 1130 729 nebilum
1152 702 1261 737 quidem
1283 701 1404 737 proﬁcit,
1420 700 1473 728 nisi
1485 701 1561 735 prius
1582 699 1731 734 probatum
1756 698 1805 730 sit,

1012 748 1027 775 7
1039 747 1122 775 Marci
1138 748 1356 783 persecutionem
1371 747 1538 775 Gallicanam
1561 750 1588 773 et
1612 746 1762 773 excitatam
1779 751 1806 772 et

1011 793 1114 820 ﬁnitam
1130 801 1200 826 esse,
1213 798 1240 820 et
1251 792 1400 821 Pothinum
1417 800 1449 820 eo
1467 797 1587 827 tempore
1601 792 1735 827 martyrio
1757 799 1806 818 co-

1011 844 1149 872 ronatum,
1166 844 1193 866 et
1215 839 1346 867 Irenaeum
1365 839 1457 866 statim
1469 839 1647 870 successisse,
1661 845 1724 872 qua:
1739 844 1806 871 pro-

1012 889 1070 916 bari
1089 889 1164 916 nullo
1181 888 1262 916 modo
1275 896 1354 924 posse
1364 887 1421 923 jam
1440 892 1502 914 ante
1515 886 1699 915 ostendimus.
1733 884 1803 912 Nam

1011 934 1122 961 Eusebii
1136 934 1294 962 Cbronicon
1309 934 1388 961 aliter
1403 933 1621 968 intelligendum,
1636 932 1712 967 quod
1733 931 1804 959 Oro-

1011 980 1080 1012 sius,
1100 980 1202 1007 Paulus
1219 980 1359 1008 Diaconus
1372 1001 1380 1013 ,
1403 979 1573 1014 Freculpbus
1586 979 1691 1013 aliique
1716 978 1803 1005 secuti

1011 1032 1085 1059 sunt,
1101 1027 1264 1055 certissimis
1284 1027 1454 1062 argumentis
1467 1026 1611 1053 evicimus.
1627 1024 1723 1059 anue
1739 1031 1803 1051 vera

1011 1080 1073 1100 esse
1083 1073 1125 1100 vel
1146 1073 1211 1100 hinc
1221 1078 1314 1108 aperte
1328 1072 1476 1108 colligitur.
1488 1071 1517 1098 In
1536 1071 1676 1099 Chronico
1691 1070 1802 1098 Eusebii

1011 1118 1044 1146 ad
1058 1118 1087 1145 Η
1103 1118 1187 1146 Marci
1210 1126 1312 1146 annum
1330 1118 1388 1146 haec
1409 1123 1556 1146 notantur:
1584 1127 1593 1143 ι
1610 1116 1804 1151 Pseudo-pro-

1012 1165 1113 1199 pbctia,
1131 1173 1192 1200 quae
1205 1165 1392 1201 Catapbrygas
1408 1165 1577 1197 nominatur,
1592 1163 1699 1198 accepit
1721 1170 1804 1190 emr-

1011 1211 1099 1244 dium,
1112 1216 1226 1239 auctore
1239 1211 1379 1245 Montano,
1394 1215 1423 1239 et
1436 1210 1577 1244 Priscilla,
1595 1209 1803 1244 Maximillaque

1011 1257 1117 1284 insanis
1133 1257 1252 1284 vatibus.
1269 1266 1278 1283 ι
1293 1256 1327 1284 At
1343 1261 1406 1283 ante
1419 1256 1501 1291 hujus
1513 1256 1650 1283 haereseos
1673 1260 1803 1283 exortum

1012 1302 1039 1329 in
1054 1302 1149 1330 Galliis
1163 1304 1304 1338 martyrio,
1320 1303 1416 1331 saltem
1430 1302 1489 1330 haec
1506 1302 1539 1329 de
1558 1302 1660 1334 quibus
1683 1302 1804 1337 agimus,

1012 1349 1070 1376 visa
1084 1356 1138 1376 non
1154 1354 1228 1376 sunt.
1244 1349 1296 1384 Ipsi
1313 1350 1386 1376 enim
1402 1354 1536 1384 martyres
1546 1347 1682 1376 Gallicani
1694 1348 1730 1375 de
1744 1355 1804 1375 con-

1013 1395 1146 1422 troversia
1161 1403 1194 1422 ex
1206 1394 1328 1422 Montani
1345 1395 1443 1423 haeresi
1465 1399 1524 1423 orta
1541 1395 1706 1422 sententiam
1726 1402 1802 1422 suam

1012 1442 1195 1477 protulerunt,
1211 1447 1281 1470 utex
1294 1442 1488 1469 vetustissimis
1502 1449 1598 1469 eorum
1617 1442 1804 1469 monumenti:

1013 1489 1096 1516 tradit
1125 1489 1272 1521 Eusebius,
1293 1488 1366 1517 Hist.
1384 1488 1404 1517 ί.
1432 1496 1499 1522 v,c.
1526 1489 1554 1516 5.
1576 1487 1688 1516 Fratres
1703 1487 1803 1523 quippe

1014 1535 1146 1562 Gallicani
1169 1535 1220 1562 hac
1235 1535 1407 1562 dissensione
1420 1540 1480 1563 orta
1492 1534 1629 1570 judicium
1644 1541 1725 1561 suum
1740 1541 1803 1568 plo-

1015 1581 1152 1608 tulerunt:
1175 1580 1317 1616 ὲκϐέμενοι
1334 1581 1380 1608 καὶ
1396 1580 1451 1607 τῶν
1466 1581 1636 1617 ταιρ“αὺτοῖς
1653 1580 1804 1607 τελειωθέν-

1014 1635 1067 1653 των
1086 1626 1232 1663 μαρτύρων
1249 1627 1393 1663 διαφόρους
1414 1627 1570 1660 ἐπιστολὰς,
1592 1627 1627 1659 ἃς
1644 1629 1674 1654 ἐν
1694 1627 1806 1662 δεσμοῖς

1014 1672 1055 1699 ἐτι
1080 1672 1247 1709 ὑπάρχοντες
1270 1675 1326 1705 τοῖς
1342 1673 1386 1700 ἐπ’
1410 1673 1502 1705 Ἀσίας
1519 1674 1565 1700 καὶ
1585 1673 1707 1710 Φρυγίας
1731 1673 1803 1699 ἀδελ-

1015 1719 1074 1752 φοῖς
1090 1718 1262 1754 διεχάραξαν·
1284 1729 1292 1745 ι
1306 1719 1422 1754 prolatis
1446 1718 1654 1747 interfectorum
1673 1719 1746 1753 apud
1774 1726 1804 1746 se

1014 1769 1166 1799 martyrum
1178 1765 1260 1792 variis
1274 1765 1408 1800 epistolis,
1423 1773 1492 1800 quas
1513 1765 1564 1797 illi,
1581 1764 1647 1792 dum
1664 1765 1691 1791 in
1707 1764 1803 1791 vincu-

1015 1810 1049 1837 lis
1060 1810 1150 1838 adhuc
1165 1817 1267 1843 essent,
1288 1811 1321 1838 ad
1336 1811 1434 1839 fratres
1446 1811 1474 1838 in
1488 1810 1552 1838 Asia
1569 1814 1596 1838 et
1614 1809 1732 1845 Phrygia
1757 1809 1804 1836 de-

1015 1860 1108 1891 gentes
1124 1857 1301 1891 scripserant.
1318 1867 1327 1883 ι
1346 1857 1385 1885 Ex
1405 1857 1601 1885 vetustissimis
1613 1857 1696 1891 igitur
1711 1855 1804 1883 Eccle~

1015 1902 1063 1929 size
1073 1901 1218 1930 Gallicanae
1231 1903 1416 1930 monumentis
1429 1903 1512 1930 tradit
1525 1901 1661 1930 Eusebius
1672 1907 1698 1929 et
1707 1901 1802 1929 Pothi-

1015 1957 1081 1976 num
1094 1958 1108 1976 a
1120 1949 1349 1984 Lugdunensibus
1362 1950 1519 1985 episcopum
1532 1950 1641 1984 proprie
1653 1948 1802 1976 secundum

1014 1996 1092 2023 illum
1108 1997 1244 2030 ordinem,
1260 2005 1341 2031 quem
1359 1997 1386 2024 in
1401 1996 1523 2025 Ecclesia
1538 1996 1659 2029 tenebat,
1686 1995 1805 2031 appella-

1016 2045 1073 2068 tum
1096 2049 1176 2074 esse,
1192 2048 1218 2069 et
1244 2042 1377 2070 lremeum
1395 2043 1477 2070 etiam
1500 2042 1714 2078 presbyterum,
1742 2051 1805 2070 cum

1016 2087 1106 2114 adhuc
1126 2091 1232 2114 tantum
1254 2089 1397 2124 presbyter
1424 2092 1508 2120 esset,
1530 2095 1580 2115 nec
1599 2088 1628 2115 in
1646 2088 1805 2123 episcopatu

1015 2133 1133 2161 Pothino
1149 2135 1339 2162 successisset.
1361 2134 1442 2167 Vidit,
1458 2135 1569 2170 opinor,
1599 2133 1720 2161 Dallacus
1749 2134 1804 2161 haec

1015 2187 1079 2207 vera
1094 2188 1164 2213 esse,
1175 2180 1290 2215 ideoque
1301 2188 1316 2207 a
1332 2179 1520 2208 Blondelliano
1540 2186 1708 2216 argumento
1728 2188 1805 2215 pror-

1016 2232 1064 2252 sus
1079 2225 1221 2252 abstinuit.
1234 2224 1291 2252 lioc
1304 2224 1387 2260 igitur
1397 2229 1477 2252 extra
1489 2224 1708 2253 controversiam
1718 2224 1805 2258 posito

1016 2271 1120 2298 rciioua
1132 2279 1336 2306 persequamur.

1053 2339 1218 2373 Hegesippus
1231 2339 1283 2366 sub
1297 2338 1392 2366 eodem
1405 2337 1552 2365 Eleuthero
1566 2337 1695 2365 eamdem
1714 2337 1804 2373 appel-

1015 2391 1145 2413 .auonem
1161 2394 1224 2413 cum
1251 2385 1356 2421 lgnatio
1379 2390 1454 2413 caste
1473 2385 1643 2412 observavit.
1667 2384 1804 2412 Plurimos

1018 2441 1027 2457 ‹
1041 2432 1183 2466 episcopos
1195 2441 1203 2458 ι
1213 2440 1241 2459 se
1251 2433 1351 2459 adiisse
1358 2432 1406 2465 ait,
1417 2440 1478 2459 cum
1491 2431 1605 2459 Romam
1619 2431 1802 2466 proficiscere-

1015 2482 1070 2510 tur,
1085 2478 1136 2505 sub
1149 2478 1274 2511 Auiceto,
1288 2479 1367 2513 cujus
1382 2483 1439 2506 tum
1454 2478 1589 2506 diaconus
1602 2482 1664 2505 erat
1680 2477 1804 2505 Eleuthe-

1015 2533 1072 2554 rus.
1090 2525 1156 2561 Ejus
1177 2526 1259 2554 verba
1286 2531 1367 2553 sunt:
1402 2526 1550 2561 Ἑπέμενεν
1575 2527 1593 2561 ὴ
1617 2525 1767 2560 Ἐκκλησία
1786 2525 1801 2558 ἡ

1015 2572 1166 2608 Κορινθίων
1182 2574 1211 2599 ὲν
1227 2572 1265 2608 τῷ
1281 2571 1354 2608 ὀρθῷ
1369 2572 1440 2607 λόγῳ
1457 2572 1539 2608 μέχρι
1561 2571 1673 2608 Πρίμου
1699 2573 1803 2599 ἐπισκο-

1016 2618 1144 2650 πεὺοντος
1173 2619 1201 2645 ὲν
1218 2618 1352 2654 Κορίνθῳ.
1374 2617 1602 2645 «Corinthiorum
1636 2617 1759 2646 Ecclesia
1778 2617 1802 2643 iu

1015 2668 1088 2690 recta
1101 2663 1153 2691 fide
1165 2663 1315 2698 permansit
1327 2671 1413 2698 usque
1425 2663 1460 2690 ad
1472 2663 1597 2690 Primum
1608 2663 1736 2691 Corinthi
1750 2663 1802 2698 epi-

1015 2716 1137 2743 scopum.
1152 2718 1161 2734 ι
1179 2709 1250 2736 ldcm
1262 2709 1295 2736 de
1311 2708 1584 2744 Hierosolymitanis:
1601 2710 1682 2736 Μετὰ
1699 2709 1802 2745 repup-

1015 2754 1131 2790 τνρῆσαι
1154 2754 1280 2782 Ἰάκωϐον
1296 2755 1342 2782 τὸν
1353 2755 1457 2782 δίκαιον
1477 2755 1559 2782 πάλιν
1581 2756 1596 2783 ὁ
1613 2757 1647 2782 ὲκ
1667 2756 1741 2783 Beloe
1756 2757 1802 2783 αῠο

1015 2799 1062 2826 τοῦ
1087 2799 1198 2835 Συμεὼν
1214 2802 1228 2827 ὀ
1244 2800 1290 2827 τοῦ
1314 2801 1433 2828 Κλεωπᾶ
1455 2800 1620 2828 καθίσταται
1647 2802 1802 2833 suturam.

1020 2854 1031 2871 ι
1049 2844 1113 2874 Post
1125 2847 1286 2883 martyrium
1299 2847 1392 2875 Jacobi
1405 2845 1488 2882 Justi,
1501 2855 1613 2876 rursum
1623 2855 1657 2876 ex
1671 2848 1802 2876 avunculo
