  <div class='ocr_page' id='page_1' title='image "/cluster/home/n/w/nwhite01/storage/ocr_20150623/5/njp.32101077772372/256.png"; bbox 0 0 1850 3072; ppageno 0'>
   <div class='ocr_carea' id='block_1_1' title="bbox 48 174 94 202">
    <p class='ocr_par' dir='ltr' id='par_1_1' title="bbox 48 174 94 202">
     <span class='ocr_line' id='line_1_1' title="bbox 48 174 94 202; baseline -0.022 0"><span class='ocrx_word' id='word_1_1' title='bbox 48 174 94 202; x_wconf 70' lang='grc' dir='ltr'><strong>ιη</strong></span> 
     </span>
    </p>
   </div>
   <div class='ocr_carea' id='block_1_2' title="bbox 443 168 853 200">
    <p class='ocr_par' dir='ltr' id='par_1_2' title="bbox 443 170 847 200">
     <span class='ocr_line' id='line_1_2' title="bbox 443 170 847 200; baseline -0.002 -1"><span class='ocrx_word' id='word_1_2' title='bbox 443 171 469 199; x_wconf 77' lang='lat' dir='ltr'><strong>J.</strong></span> <span class='ocrx_word' id='word_1_3' title='bbox 487 171 669 200; x_wconf 80' lang='lat' dir='ltr'><strong>PEARSONII</strong></span> <span class='ocrx_word' id='word_1_4' title='bbox 689 170 847 199; x_wconf 66' lang='grc' dir='ltr'><strong>νιΝυιοιιΕ</strong></span> 
     </span>
    </p>
   </div>
   <div class='ocr_carea' id='block_1_3' title="bbox 940 168 1290 200">
    <p class='ocr_par' dir='ltr' id='par_1_3' title="bbox 940 168 1290 199">
     <span class='ocr_line' id='line_1_3' title="bbox 940 168 1290 199; baseline -0.006 -2"><span class='ocrx_word' id='word_1_5' title='bbox 940 169 1081 199; x_wconf 67' lang='grc' dir='ltr'><strong>λΤΙΑΝΕ.</strong></span> <span class='ocrx_word' id='word_1_6' title='bbox 1102 185 1136 191; x_wconf 89' lang='grc'><strong>-</strong></span> <span class='ocrx_word' id='word_1_7' title='bbox 1154 168 1242 197; x_wconf 82' lang='lat' dir='ltr'><strong>PARS</strong></span> <span class='ocrx_word' id='word_1_8' title='bbox 1257 168 1290 196; x_wconf 90' lang='grc'><strong>11.</strong></span> 
     </span>
    </p>
   </div>
   <div class='ocr_carea' id='block_1_4' title="bbox 1633 170 1687 200">
    <p class='ocr_par' dir='ltr' id='par_1_4' title="bbox 1633 170 1687 200">
     <span class='ocr_line' id='line_1_4' title="bbox 1633 170 1687 200; baseline 0.037 -3"><span class='ocrx_word' id='word_1_9' title='bbox 1633 170 1687 200; x_wconf 76' lang='lat' dir='ltr'><strong>M8</strong></span> 
     </span>
    </p>
   </div>
   <div class='ocr_carea' id='block_1_5' title="bbox 48 228 1690 267">
    <p class='ocr_par' dir='ltr' id='par_1_5' title="bbox 48 228 1690 267">
     <span class='ocr_line' id='line_1_5' title="bbox 48 228 1690 267; baseline -0.001 -8"><span class='ocrx_word' id='word_1_10' title='bbox 48 233 105 267; x_wconf 71' lang='lat' dir='ltr'><strong>eius</strong></span> <span class='ocrx_word' id='word_1_11' title='bbox 123 232 249 267; x_wconf 74' lang='lat' dir='ltr'><strong>Symeon</strong></span> <span class='ocrx_word' id='word_1_12' title='bbox 262 232 376 267; x_wconf 65' lang='lat' dir='ltr'><strong>Cleopte</strong></span> <span class='ocrx_word' id='word_1_13' title='bbox 389 232 462 259; x_wconf 84' lang='lat' dir='ltr'><strong>tilius</strong></span> <span class='ocrx_word' id='word_1_14' title='bbox 483 232 628 267; x_wconf 81' lang='lat' dir='ltr'><strong>cpiscopus</strong></span> <span class='ocrx_word' id='word_1_15' title='bbox 641 232 843 259; x_wconf 63' lang='lat' dir='ltr'><strong>constituitur.»</strong></span> <span class='ocrx_word' id='word_1_16' title='bbox 861 235 883 262; x_wconf 78' lang='grc' dir='ltr'><strong>Α</strong></span> <span class='ocrx_word' id='word_1_17' title='bbox 898 230 979 258; x_wconf 90' lang='lat' dir='ltr'><strong>cienti</strong></span> <span class='ocrx_word' id='word_1_18' title='bbox 1005 230 1155 258; x_wconf 95' lang='lat' dir='ltr'><strong>videbatur.</strong></span> <span class='ocrx_word' id='word_1_19' title='bbox 1182 229 1375 264; x_wconf 79' lang='lat' dir='ltr'><strong>Presbyterum</strong></span> <span class='ocrx_word' id='word_1_20' title='bbox 1403 228 1513 264; x_wconf 86' lang='lat' dir='ltr'><strong>quidem</strong></span> <span class='ocrx_word' id='word_1_21' title='bbox 1546 234 1576 256; x_wconf 72' lang='lat' dir='ltr'><strong>se</strong></span> <span class='ocrx_word' id='word_1_22' title='bbox 1614 235 1690 258; x_wconf 73' lang='lat' dir='ltr'><strong>locat</strong></span> 
     </span>
    </p>
   </div>
   <div class='ocr_carea' id='block_1_6' title="bbox 52 277 847 313">
    <p class='ocr_par' dir='ltr' id='par_1_6' title="bbox 52 277 847 313">
     <span class='ocr_line' id='line_1_6' title="bbox 52 277 847 313; baseline -0.003 -8"><span class='ocrx_word' id='word_1_23' title='bbox 52 278 80 306; x_wconf 84' lang='lat' dir='ltr'><strong>Et</strong></span> <span class='ocrx_word' id='word_1_24' title='bbox 89 278 202 306; x_wconf 85' lang='lat' dir='ltr'><strong>statim:</strong></span> <span class='ocrx_word' id='word_1_25' title='bbox 231 277 371 313; x_wconf 76' lang='grc' dir='ltr'>Ἀρχεται</span> <span class='ocrx_word' id='word_1_26' title='bbox 393 277 421 304; x_wconf 83' lang='grc' dir='ltr'><strong>δὲ</strong></span> <span class='ocrx_word' id='word_1_27' title='bbox 438 279 452 304; x_wconf 79' lang='grc' dir='ltr'><strong><em>ὁ</em></strong></span> <span class='ocrx_word' id='word_1_28' title='bbox 467 277 596 309; x_wconf 80' lang='grc' dir='ltr'>Θέϐουθις</span> <span class='ocrx_word' id='word_1_29' title='bbox 612 277 655 304; x_wconf 73' lang='grc' dir='ltr'>διὰ</span> <span class='ocrx_word' id='word_1_30' title='bbox 672 277 702 304; x_wconf 78' lang='grc' dir='ltr'><strong>τὺ</strong></span> <span class='ocrx_word' id='word_1_31' title='bbox 721 278 757 313; x_wconf 83' lang='grc' dir='ltr'><strong>μὴ</strong></span> <span class='ocrx_word' id='word_1_32' title='bbox 774 277 847 311; x_wconf 81' lang='grc' dir='ltr'><strong>γενέ-</strong></span> 
     </span>
    </p>
   </div>
   <div class='ocr_carea' id='block_1_7' title="bbox 53 322 848 359">
    <p class='ocr_par' dir='ltr' id='par_1_7' title="bbox 53 322 848 359">
     <span class='ocr_line' id='line_1_7' title="bbox 53 322 848 359; baseline -0.001 -8"><span class='ocrx_word' id='word_1_33' title='bbox 53 325 110 351; x_wconf 79' lang='grc' dir='ltr'><strong>σθαι</strong></span> <span class='ocrx_word' id='word_1_34' title='bbox 126 324 212 351; x_wconf 74' lang='grc' dir='ltr'><strong>αὐτὸν</strong></span> <span class='ocrx_word' id='word_1_35' title='bbox 230 323 385 350; x_wconf 68' lang='grc' dir='ltr'>ἐπίσκοπον</span> <span class='ocrx_word' id='word_1_36' title='bbox 402 323 585 359; x_wconf 81' lang='grc' dir='ltr'>ὕποφθείρειν.</span> <span class='ocrx_word' id='word_1_37' title='bbox 599 333 607 348; x_wconf 78' lang='grc' dir='ltr'><strong><em>ι</em></strong></span> <span class='ocrx_word' id='word_1_38' title='bbox 620 322 728 350; x_wconf 84' lang='lat' dir='ltr'><strong>Primus</strong></span> <span class='ocrx_word' id='word_1_39' title='bbox 739 322 848 350; x_wconf 82' lang='lat' dir='ltr'><strong>Thebu-</strong></span> 
     </span>
    </p>
   </div>
   <div class='ocr_carea' id='block_1_8' title="bbox 54 368 848 405">
    <p class='ocr_par' dir='ltr' id='par_1_8' title="bbox 54 368 848 405">
     <span class='ocr_line' id='line_1_8' title="bbox 54 368 848 405; baseline -0.001 -8"><span class='ocrx_word' id='word_1_40' title='bbox 54 369 199 405; x_wconf 82' lang='lat' dir='ltr'><strong>tbis,quod</strong></span> <span class='ocrx_word' id='word_1_41' title='bbox 218 370 370 404; x_wconf 89' lang='lat' dir='ltr'><strong>episcopus</strong></span> <span class='ocrx_word' id='word_1_42' title='bbox 385 368 472 396; x_wconf 85' lang='lat' dir='ltr'><strong>factus</strong></span> <span class='ocrx_word' id='word_1_43' title='bbox 488 377 541 396; x_wconf 93' lang='lat' dir='ltr'><strong>non</strong></span> <span class='ocrx_word' id='word_1_44' title='bbox 556 369 603 400; x_wconf 83' lang='lat' dir='ltr'><strong>sit.</strong></span> <span class='ocrx_word' id='word_1_45' title='bbox 626 368 776 396; x_wconf 83' lang='lat' dir='ltr'><strong>Ecclesiam</strong></span> <span class='ocrx_word' id='word_1_46' title='bbox 804 376 848 396; x_wconf 92' lang='lat' dir='ltr'><strong>oc-</strong></span> 
     </span>
    </p>
   </div>
   <div class='ocr_carea' id='block_1_9' title="bbox 55 415 848 451">
    <p class='ocr_par' dir='ltr' id='par_1_9' title="bbox 55 415 848 451">
     <span class='ocr_line' id='line_1_9' title="bbox 55 415 848 451; baseline -0.004 -7"><span class='ocrx_word' id='word_1_47' title='bbox 55 417 123 444; x_wconf 67' lang='lat' dir='ltr'><strong>culte</strong></span> <span class='ocrx_word' id='word_1_48' title='bbox 138 417 244 444; x_wconf 75' lang='lat' dir='ltr'><strong>vitiare</strong></span> <span class='ocrx_word' id='word_1_49' title='bbox 261 423 411 451; x_wconf 75' lang='lat' dir='ltr'><strong>aggressus</strong></span> <span class='ocrx_word' id='word_1_50' title='bbox 422 421 472 443; x_wconf 86' lang='lat' dir='ltr'><strong>est.</strong></span> <span class='ocrx_word' id='word_1_51' title='bbox 489 425 498 442; x_wconf 75' lang='grc' dir='ltr'><strong><em>ι</em></strong></span> <span class='ocrx_word' id='word_1_52' title='bbox 516 415 555 442; x_wconf 93' lang='lat' dir='ltr'><strong>lta</strong></span> <span class='ocrx_word' id='word_1_53' title='bbox 571 423 680 450; x_wconf 84' lang='lat' dir='ltr'><strong>semper</strong></span> <span class='ocrx_word' id='word_1_54' title='bbox 704 415 848 450; x_wconf 83' lang='lat' dir='ltr'><strong>episcopos</strong></span> 
     </span>
    </p>
   </div>
   <div class='ocr_carea' id='block_1_10' title="bbox 55 461 847 497">
    <p class='ocr_par' dir='ltr' id='par_1_10' title="bbox 55 461 847 497">
     <span class='ocr_line' id='line_1_10' title="bbox 55 461 847 497; baseline -0.004 -7"><span class='ocrx_word' id='word_1_55' title='bbox 55 471 102 491; x_wconf 83' lang='lat' dir='ltr'><strong>suo</strong></span> <span class='ocrx_word' id='word_1_56' title='bbox 114 463 232 490; x_wconf 85' lang='lat' dir='ltr'><strong>nomine</strong></span> <span class='ocrx_word' id='word_1_57' title='bbox 247 462 386 497; x_wconf 78' lang='lat' dir='ltr'><strong>indigitat,</strong></span> <span class='ocrx_word' id='word_1_58' title='bbox 401 469 541 496; x_wconf 88' lang='lat' dir='ltr'><strong>nunquam</strong></span> <span class='ocrx_word' id='word_1_59' title='bbox 561 461 734 496; x_wconf 76' lang='lat' dir='ltr'><strong>presbyteros</strong></span> <span class='ocrx_word' id='word_1_60' title='bbox 756 465 847 492; x_wconf 88' lang='lat' dir='ltr'><strong>vocat,</strong></span> 
     </span>
    </p>
   </div>
   <div class='ocr_carea' id='block_1_11' title="bbox 56 506 848 544">
    <p class='ocr_par' dir='ltr' id='par_1_11' title="bbox 56 506 848 544">
     <span class='ocr_line' id='line_1_11' title="bbox 56 506 848 544; baseline -0.001 -8"><span class='ocrx_word' id='word_1_61' title='bbox 56 509 250 544; x_wconf 84' lang='lat' dir='ltr'><strong>apostolorum</strong></span> <span class='ocrx_word' id='word_1_62' title='bbox 267 507 440 542; x_wconf 83' lang='lat' dir='ltr'><strong>temporibus</strong></span> <span class='ocrx_word' id='word_1_63' title='bbox 455 508 598 542; x_wconf 81' lang='lat' dir='ltr'><strong>proximus</strong></span> <span class='ocrx_word' id='word_1_64' title='bbox 613 506 792 542; x_wconf 75' lang='lat' dir='ltr'><strong>Hegesippus.</strong></span> <span class='ocrx_word' id='word_1_65' title='bbox 809 507 848 535; x_wconf 82' lang='lat' dir='ltr'><strong>Ita</strong></span> 
     </span>
    </p>
   </div>
   <div class='ocr_carea' id='block_1_12' title="bbox 55 553 848 591">
    <p class='ocr_par' dir='ltr' id='par_1_12' title="bbox 55 553 848 591">
     <span class='ocr_line' id='line_1_12' title="bbox 55 553 848 591; baseline -0.003 -9"><span class='ocrx_word' id='word_1_66' title='bbox 55 555 216 591; x_wconf 77' lang='lat' dir='ltr'><strong>Polycrates</strong></span> <span class='ocrx_word' id='word_1_67' title='bbox 233 554 438 589; x_wconf 77' lang='lat' dir='ltr'><strong>Ephesinorum</strong></span> <span class='ocrx_word' id='word_1_68' title='bbox 453 555 608 588; x_wconf 82' lang='lat' dir='ltr'><strong>episcopus,</strong></span> <span class='ocrx_word' id='word_1_69' title='bbox 628 555 655 580; x_wconf 92' lang='lat' dir='ltr'><strong>in</strong></span> <span class='ocrx_word' id='word_1_70' title='bbox 671 554 786 588; x_wconf 88' lang='lat' dir='ltr'><strong>epistola</strong></span> <span class='ocrx_word' id='word_1_71' title='bbox 814 553 848 580; x_wconf 92' lang='lat' dir='ltr'><strong>ad</strong></span> 
     </span>
    </p>
   </div>
   <div class='ocr_carea' id='block_1_13' title="bbox 57 599 848 636">
    <p class='ocr_par' dir='ltr' id='par_1_13' title="bbox 57 599 848 636">
     <span class='ocr_line' id='line_1_13' title="bbox 57 599 848 636; baseline 0.001 -9"><span class='ocrx_word' id='word_1_72' title='bbox 57 601 197 628; x_wconf 70' lang='lat' dir='ltr'><strong>Victorem</strong></span> <span class='ocrx_word' id='word_1_73' title='bbox 223 608 322 636; x_wconf 89' lang='lat' dir='ltr'><strong>papam</strong></span> <span class='ocrx_word' id='word_1_74' title='bbox 336 621 343 632; x_wconf 86' lang='lat'><strong>,</strong></span> <span class='ocrx_word' id='word_1_75' title='bbox 366 601 400 627; x_wconf 89' lang='lat' dir='ltr'><strong>de</strong></span> <span class='ocrx_word' id='word_1_76' title='bbox 416 600 552 635; x_wconf 84' lang='lat' dir='ltr'><strong>episcopis</strong></span> <span class='ocrx_word' id='word_1_77' title='bbox 574 608 682 635; x_wconf 82' lang='lat' dir='ltr'><strong>semper</strong></span> <span class='ocrx_word' id='word_1_78' title='bbox 707 599 848 635; x_wconf 74' lang='lat' dir='ltr'><strong>lgnatiano</strong></span> 
     </span>
    </p>
   </div>
   <div class='ocr_carea' id='block_1_14' title="bbox 57 645 849 682">
    <p class='ocr_par' dir='ltr' id='par_1_14' title="bbox 57 645 849 682">
     <span class='ocr_line' id='line_1_14' title="bbox 57 645 849 682; baseline -0.004 -8"><span class='ocrx_word' id='word_1_79' title='bbox 57 655 130 674; x_wconf 86' lang='lat' dir='ltr'><strong>more</strong></span> <span class='ocrx_word' id='word_1_80' title='bbox 144 646 286 681; x_wconf 83' lang='lat' dir='ltr'><strong>loquitur:</strong></span> <span class='ocrx_word' id='word_1_81' title='bbox 307 645 405 672; x_wconf 78' lang='grc' dir='ltr'>Ἐτιδὲ</span> <span class='ocrx_word' id='word_1_82' title='bbox 413 645 644 681; x_wconf 70' lang='grc' dir='ltr'>καὶΙΙολὺκαρπος</span> <span class='ocrx_word' id='word_1_83' title='bbox 661 647 674 672; x_wconf 81' lang='grc' dir='ltr'>ὁ</span> <span class='ocrx_word' id='word_1_84' title='bbox 692 647 721 672; x_wconf 73' lang='grc' dir='ltr'><strong>ὲν</strong></span> <span class='ocrx_word' id='word_1_85' title='bbox 737 645 849 682; x_wconf 81' lang='grc' dir='ltr'><strong>Σμύρνῃ</strong></span> 
     </span>
    </p>
   </div>
   <div class='ocr_carea' id='block_1_15' title="bbox 58 691 849 727">
    <p class='ocr_par' dir='ltr' id='par_1_15' title="bbox 58 691 849 727">
     <span class='ocr_line' id='line_1_15' title="bbox 58 691 849 727; baseline -0.003 -8"><span class='ocrx_word' id='word_1_86' title='bbox 58 693 102 719; x_wconf 71' lang='grc' dir='ltr'><strong>καὶ</strong></span> <span class='ocrx_word' id='word_1_87' title='bbox 118 692 275 723; x_wconf 72' lang='grc' dir='ltr'>ἐπίσκοπος</span> <span class='ocrx_word' id='word_1_88' title='bbox 299 691 347 718; x_wconf 72' lang='grc' dir='ltr'><strong>καὶ</strong></span> <span class='ocrx_word' id='word_1_89' title='bbox 374 691 487 727; x_wconf 79' lang='grc' dir='ltr'><strong>μάρτυς,</strong></span> <span class='ocrx_word' id='word_1_90' title='bbox 505 691 551 717; x_wconf 83' lang='grc' dir='ltr'><strong>καὶ</strong></span> <span class='ocrx_word' id='word_1_91' title='bbox 568 691 690 727; x_wconf 82' lang='grc' dir='ltr'><strong>Θρασέας</strong></span> <span class='ocrx_word' id='word_1_92' title='bbox 715 691 761 718; x_wconf 81' lang='grc' dir='ltr'><strong>καὶ</strong></span> <span class='ocrx_word' id='word_1_93' title='bbox 788 691 849 718; x_wconf 81' lang='grc' dir='ltr'><strong>ὲπί-</strong></span> 
     </span>
    </p>
   </div>
   <div class='ocr_carea' id='block_1_16' title="bbox 59 736 848 773">
    <p class='ocr_par' dir='ltr' id='par_1_16' title="bbox 59 736 848 773">
     <span class='ocr_line' id='line_1_16' title="bbox 59 736 848 773; baseline -0.004 -7"><span class='ocrx_word' id='word_1_94' title='bbox 59 747 160 770; x_wconf 72' lang='grc' dir='ltr'>εηωπος</span> <span class='ocrx_word' id='word_1_95' title='bbox 177 738 226 764; x_wconf 76' lang='grc' dir='ltr'><strong>καὶ</strong></span> <span class='ocrx_word' id='word_1_96' title='bbox 245 737 351 773; x_wconf 78' lang='grc' dir='ltr'><strong>μάρτυς</strong></span> <span class='ocrx_word' id='word_1_97' title='bbox 366 737 421 764; x_wconf 71' lang='grc' dir='ltr'>ἀπὸ</span> <span class='ocrx_word' id='word_1_98' title='bbox 436 737 587 772; x_wconf 80' lang='grc' dir='ltr'><strong>Εὐμενίας.</strong></span> <span class='ocrx_word' id='word_1_99' title='bbox 607 737 639 763; x_wconf 79' lang='lat' dir='ltr'><strong>Tt</strong></span> <span class='ocrx_word' id='word_1_100' title='bbox 655 736 683 764; x_wconf 75' lang='grc' dir='ltr'><strong>δὲ</strong></span> <span class='ocrx_word' id='word_1_101' title='bbox 703 737 743 764; x_wconf 81' lang='grc' dir='ltr'><strong>δεῖ</strong></span> <span class='ocrx_word' id='word_1_102' title='bbox 759 737 848 772; x_wconf 85' lang='grc' dir='ltr'>λέγειν</span> 
     </span>
    </p>
   </div>
   <div class='ocr_carea' id='block_1_17' title="bbox 60 782 850 820">
    <p class='ocr_par' dir='ltr' id='par_1_17' title="bbox 60 782 850 820">
     <span class='ocr_line' id='line_1_17' title="bbox 60 782 850 820; baseline -0.003 -8"><span class='ocrx_word' id='word_1_103' title='bbox 60 786 178 820; x_wconf 74' lang='grc' dir='ltr'><strong>Σάγαριν</strong></span> <span class='ocrx_word' id='word_1_104' title='bbox 196 783 244 811; x_wconf 75' lang='grc' dir='ltr'><strong>καὶ</strong></span> <span class='ocrx_word' id='word_1_105' title='bbox 262 783 411 810; x_wconf 75' lang='grc' dir='ltr'>ἐπίσκοπον</span> <span class='ocrx_word' id='word_1_106' title='bbox 428 783 475 809; x_wconf 79' lang='grc' dir='ltr'><strong>καὶ</strong></span> <span class='ocrx_word' id='word_1_107' title='bbox 497 783 640 818; x_wconf 74' lang='grc' dir='ltr'><strong>μάρτυρας</strong></span> <span class='ocrx_word' id='word_1_108' title='bbox 663 782 850 819; x_wconf 73' lang='lat' dir='ltr'><strong>rPolycarpus</strong></span> 
     </span>
    </p>
   </div>
   <div class='ocr_carea' id='block_1_18' title="bbox 61 828 850 865">
    <p class='ocr_par' dir='ltr' id='par_1_18' title="bbox 61 828 850 865">
     <span class='ocr_line' id='line_1_18' title="bbox 61 828 850 865; baseline 0 -8"><span class='ocrx_word' id='word_1_109' title='bbox 61 838 171 865; x_wconf 88' lang='lat' dir='ltr'><strong>quoque</strong></span> <span class='ocrx_word' id='word_1_110' title='bbox 189 830 239 865; x_wconf 89' lang='lat' dir='ltr'><strong>qui</strong></span> <span class='ocrx_word' id='word_1_111' title='bbox 266 830 337 864; x_wconf 91' lang='lat' dir='ltr'><strong>apud</strong></span> <span class='ocrx_word' id='word_1_112' title='bbox 365 828 511 864; x_wconf 85' lang='lat' dir='ltr'><strong>Smyrnam</strong></span> <span class='ocrx_word' id='word_1_113' title='bbox 532 829 677 864; x_wconf 88' lang='lat' dir='ltr'><strong>episcopus</strong></span> <span class='ocrx_word' id='word_1_114' title='bbox 693 834 720 857; x_wconf 91' lang='lat' dir='ltr'><strong>et</strong></span> <span class='ocrx_word' id='word_1_115' title='bbox 746 835 850 865; x_wconf 83' lang='lat' dir='ltr'><strong>martyr</strong></span> 
     </span>
    </p>
   </div>
   <div class='ocr_carea' id='block_1_19' title="bbox 61 874 850 911">
    <p class='ocr_par' dir='ltr' id='par_1_19' title="bbox 61 874 850 911">
     <span class='ocr_line' id='line_1_19' title="bbox 61 874 850 911; baseline 0.001 -8"><span class='ocrx_word' id='word_1_116' title='bbox 61 876 122 909; x_wconf 82' lang='lat' dir='ltr'><strong>fuit,</strong></span> <span class='ocrx_word' id='word_1_117' title='bbox 138 877 262 911; x_wconf 84' lang='lat' dir='ltr'><strong>itemque</strong></span> <span class='ocrx_word' id='word_1_118' title='bbox 275 875 412 903; x_wconf 88' lang='lat' dir='ltr'><strong>Thraseas</strong></span> <span class='ocrx_word' id='word_1_119' title='bbox 423 874 562 902; x_wconf 58' lang='lat' dir='ltr'><strong>Eumenius</strong></span> <span class='ocrx_word' id='word_1_120' title='bbox 576 875 722 910; x_wconf 89' lang='lat' dir='ltr'><strong>episcopus</strong></span> <span class='ocrx_word' id='word_1_121' title='bbox 732 880 760 903; x_wconf 89' lang='lat' dir='ltr'><strong>et</strong></span> <span class='ocrx_word' id='word_1_122' title='bbox 775 883 850 904; x_wconf 90' lang='lat' dir='ltr'><strong>mar-</strong></span> 
     </span>
    </p>
   </div>
   <div class='ocr_carea' id='block_1_20' title="bbox 62 922 849 959">
    <p class='ocr_par' dir='ltr' id='par_1_20' title="bbox 62 922 849 959">
     <span class='ocr_line' id='line_1_20' title="bbox 62 922 849 959; baseline 0 -9"><span class='ocrx_word' id='word_1_123' title='bbox 62 928 112 959; x_wconf 84' lang='lat' dir='ltr'><strong>lyr.</strong></span> <span class='ocrx_word' id='word_1_124' title='bbox 122 922 195 956; x_wconf 83' lang='lat' dir='ltr'><strong>Quid</strong></span> <span class='ocrx_word' id='word_1_125' title='bbox 209 922 325 958; x_wconf 78' lang='lat' dir='ltr'><strong>Sagarin</strong></span> <span class='ocrx_word' id='word_1_126' title='bbox 337 922 496 957; x_wconf 84' lang='lat' dir='ltr'><strong>episcopum</strong></span> <span class='ocrx_word' id='word_1_127' title='bbox 508 922 690 957; x_wconf 85' lang='lat' dir='ltr'><strong>cumdemque</strong></span> <span class='ocrx_word' id='word_1_128' title='bbox 703 927 849 958; x_wconf 87' lang='lat' dir='ltr'><strong>martyrem</strong></span> 
     </span>
    </p>
   </div>
   <div class='ocr_carea' id='block_1_21' title="bbox 61 967 851 1003">
    <p class='ocr_par' dir='ltr' id='par_1_21' title="bbox 61 967 851 1003">
     <span class='ocr_line' id='line_1_21' title="bbox 61 967 851 1003; baseline 0.001 -7"><span class='ocrx_word' id='word_1_129' title='bbox 61 969 158 997; x_wconf 76' lang='lat' dir='ltr'><strong>attinet</strong></span> <span class='ocrx_word' id='word_1_130' title='bbox 170 968 281 996; x_wconf 83' lang='lat' dir='ltr'><strong>dicere?</strong></span> <span class='ocrx_word' id='word_1_131' title='bbox 299 978 309 994; x_wconf 75' lang='grc' dir='ltr'><strong>ι</strong></span> <span class='ocrx_word' id='word_1_132' title='bbox 327 967 453 1003; x_wconf 90' lang='lat' dir='ltr'><strong>Seipsum</strong></span> <span class='ocrx_word' id='word_1_133' title='bbox 473 968 556 995; x_wconf 89' lang='lat' dir='ltr'><strong>etiam</strong></span> <span class='ocrx_word' id='word_1_134' title='bbox 585 969 744 1003; x_wconf 86' lang='lat' dir='ltr'><strong>episcopum</strong></span> <span class='ocrx_word' id='word_1_135' title='bbox 770 974 851 997; x_wconf 85' lang='lat' dir='ltr'><strong>vocat</strong></span> 
     </span>
    </p>
   </div>
   <div class='ocr_carea' id='block_1_22' title="bbox 61 1011 851 1050">
    <p class='ocr_par' dir='ltr' id='par_1_22' title="bbox 61 1011 851 1050">
     <span class='ocr_line' id='line_1_22' title="bbox 61 1011 851 1050; baseline -0.001 -8"><span class='ocrx_word' id='word_1_136' title='bbox 61 1022 114 1042; x_wconf 81' lang='lat' dir='ltr'><strong>non</strong></span> <span class='ocrx_word' id='word_1_137' title='bbox 131 1015 226 1042; x_wconf 86' lang='lat' dir='ltr'><strong>minus</strong></span> <span class='ocrx_word' id='word_1_138' title='bbox 246 1021 330 1048; x_wconf 90' lang='lat' dir='ltr'><strong>quam</strong></span> <span class='ocrx_word' id='word_1_139' title='bbox 345 1012 484 1048; x_wconf 80' lang='lat' dir='ltr'><strong>Ignalius:</strong></span> <span class='ocrx_word' id='word_1_140' title='bbox 512 1013 597 1040; x_wconf 83' lang='grc' dir='ltr'><strong>Ἑπτὰ</strong></span> <span class='ocrx_word' id='word_1_141' title='bbox 615 1014 665 1049; x_wconf 84' lang='grc' dir='ltr'><strong>μὲν</strong></span> <span class='ocrx_word' id='word_1_142' title='bbox 689 1011 760 1049; x_wconf 81' lang='grc' dir='ltr'><strong>ἦσαν</strong></span> <span class='ocrx_word' id='word_1_143' title='bbox 787 1023 851 1050; x_wconf 80' lang='grc' dir='ltr'>συγ-</span> 
     </span>
    </p>
   </div>
   <div class='ocr_carea' id='block_1_23' title="bbox 62 1059 852 1096">
    <p class='ocr_par' dir='ltr' id='par_1_23' title="bbox 62 1059 852 1096">
     <span class='ocr_line' id='line_1_23' title="bbox 62 1059 852 1096; baseline 0.003 -9"><span class='ocrx_word' id='word_1_144' title='bbox 62 1063 145 1095; x_wconf 80' lang='grc' dir='ltr'>γενεῖς</span> <span class='ocrx_word' id='word_1_145' title='bbox 165 1069 211 1096; x_wconf 85' lang='grc' dir='ltr'>μοι</span> <span class='ocrx_word' id='word_1_146' title='bbox 229 1061 383 1092; x_wconf 67' lang='grc' dir='ltr'><strong>ἐπίσκοποι,</strong></span> <span class='ocrx_word' id='word_1_147' title='bbox 395 1059 450 1095; x_wconf 76' lang='grc' dir='ltr'><strong>ἐγὼ</strong></span> <span class='ocrx_word' id='word_1_148' title='bbox 465 1060 494 1087; x_wconf 81' lang='grc' dir='ltr'><strong>δὲ</strong></span> <span class='ocrx_word' id='word_1_149' title='bbox 509 1060 611 1095; x_wconf 74' lang='grc' dir='ltr'>ὁγδοος·</span> <span class='ocrx_word' id='word_1_150' title='bbox 632 1070 641 1087; x_wconf 72' lang='grc' dir='ltr'><strong>ε</strong></span> <span class='ocrx_word' id='word_1_151' title='bbox 654 1061 762 1096; x_wconf 83' lang='lat' dir='ltr'><strong>Septem</strong></span> <span class='ocrx_word' id='word_1_152' title='bbox 774 1065 852 1089; x_wconf 86' lang='lat' dir='ltr'><strong>erant</strong></span> 
     </span>
    </p>
   </div>
   <div class='ocr_carea' id='block_1_24' title="bbox 62 1106 851 1142">
    <p class='ocr_par' dir='ltr' id='par_1_24' title="bbox 62 1106 851 1142">
     <span class='ocr_line' id='line_1_24' title="bbox 62 1106 851 1142; baseline 0.001 -8"><span class='ocrx_word' id='word_1_153' title='bbox 62 1107 126 1134; x_wconf 89' lang='lat' dir='ltr'><strong>mibi</strong></span> <span class='ocrx_word' id='word_1_154' title='bbox 142 1107 240 1134; x_wconf 70' lang='lat' dir='ltr'><strong>amnes</strong></span> <span class='ocrx_word' id='word_1_155' title='bbox 252 1106 383 1141; x_wconf 83' lang='lat' dir='ltr'><strong>episcopi,</strong></span> <span class='ocrx_word' id='word_1_156' title='bbox 395 1114 446 1142; x_wconf 80' lang='lat' dir='ltr'><strong>ego</strong></span> <span class='ocrx_word' id='word_1_157' title='bbox 461 1112 551 1134; x_wconf 88' lang='lat' dir='ltr'><strong>autem</strong></span> <span class='ocrx_word' id='word_1_158' title='bbox 565 1112 687 1135; x_wconf 86' lang='lat' dir='ltr'><strong>octavus.</strong></span> <span class='ocrx_word' id='word_1_159' title='bbox 701 1117 710 1134; x_wconf 71' lang='grc' dir='ltr'><strong>ι</strong></span> <span class='ocrx_word' id='word_1_160' title='bbox 726 1107 851 1136; x_wconf 82' lang='lat' dir='ltr'><strong>Ostendit</strong></span> 
     </span>
    </p>
   </div>
   <div class='ocr_carea' id='block_1_25' title="bbox 62 1154 852 1188">
    <p class='ocr_par' dir='ltr' id='par_1_25' title="bbox 62 1154 852 1188">
     <span class='ocr_line' id='line_1_25' title="bbox 62 1154 852 1188; baseline 0.005 -9"><span class='ocrx_word' id='word_1_161' title='bbox 62 1161 191 1188; x_wconf 69' lang='lat' dir='ltr'><strong>magnum</strong></span> <span class='ocrx_word' id='word_1_162' title='bbox 218 1160 281 1180; x_wconf 88' lang='lat' dir='ltr'><strong>esse</strong></span> <span class='ocrx_word' id='word_1_163' title='bbox 295 1160 440 1180; x_wconf 81' lang='lat' dir='ltr'><strong>numerum</strong></span> <span class='ocrx_word' id='word_1_164' title='bbox 462 1160 558 1180; x_wconf 91' lang='lat' dir='ltr'><strong>eorum</strong></span> <span class='ocrx_word' id='word_1_165' title='bbox 586 1154 633 1188; x_wconf 86' lang='lat' dir='ltr'><strong>qui</strong></span> <span class='ocrx_word' id='word_1_166' title='bbox 660 1154 712 1182; x_wconf 83' lang='lat' dir='ltr'><strong>sibi</strong></span> <span class='ocrx_word' id='word_1_167' title='bbox 737 1154 852 1183; x_wconf 87' lang='lat' dir='ltr'><strong>aderant</strong></span> 
     </span>
    </p>
   </div>
   <div class='ocr_carea' id='block_1_26' title="bbox 62 1198 850 1235">
    <p class='ocr_par' dir='ltr' id='par_1_26' title="bbox 62 1198 850 1235">
     <span class='ocr_line' id='line_1_26' title="bbox 62 1198 850 1235; baseline 0.001 -8"><span class='ocrx_word' id='word_1_168' title='bbox 62 1207 123 1227; x_wconf 83' lang='lat' dir='ltr'><strong>eum</strong></span> <span class='ocrx_word' id='word_1_169' title='bbox 136 1199 170 1226; x_wconf 86' lang='lat' dir='ltr'><strong>ad</strong></span> <span class='ocrx_word' id='word_1_170' title='bbox 181 1198 321 1226; x_wconf 75' lang='lat' dir='ltr'><strong>Victorem</strong></span> <span class='ocrx_word' id='word_1_171' title='bbox 334 1199 481 1228; x_wconf 78' lang='lat' dir='ltr'><strong>scriberet:</strong></span> <span class='ocrx_word' id='word_1_172' title='bbox 494 1207 591 1227; x_wconf 90' lang='lat' dir='ltr'><strong>omnes</strong></span> <span class='ocrx_word' id='word_1_173' title='bbox 602 1201 745 1235; x_wconf 89' lang='lat' dir='ltr'><strong>episcopos</strong></span> <span class='ocrx_word' id='word_1_174' title='bbox 761 1205 850 1233; x_wconf 87' lang='lat' dir='ltr'><strong>vocat,</strong></span> 
     </span>
    </p>
   </div>
   <div class='ocr_carea' id='block_1_27' title="bbox 63 1244 852 1282">
    <p class='ocr_par' dir='ltr' id='par_1_27' title="bbox 63 1244 852 1282">
     <span class='ocr_line' id='line_1_27' title="bbox 63 1244 852 1282; baseline 0.003 -10"><span class='ocrx_word' id='word_1_175' title='bbox 63 1245 135 1280; x_wconf 89' lang='lat' dir='ltr'><strong>quod</strong></span> <span class='ocrx_word' id='word_1_176' title='bbox 154 1244 280 1280; x_wconf 83' lang='lat' dir='ltr'><strong>episcopi</strong></span> <span class='ocrx_word' id='word_1_177' title='bbox 293 1249 396 1278; x_wconf 86' lang='lat' dir='ltr'><strong>essent,</strong></span> <span class='ocrx_word' id='word_1_178' title='bbox 412 1252 464 1272; x_wconf 87' lang='lat' dir='ltr'><strong>nec</strong></span> <span class='ocrx_word' id='word_1_179' title='bbox 483 1253 603 1280; x_wconf 84' lang='lat' dir='ltr'><strong>unquam</strong></span> <span class='ocrx_word' id='word_1_180' title='bbox 625 1246 778 1282; x_wconf 77' lang='lat' dir='ltr'><strong>presbyteri</strong></span> <span class='ocrx_word' id='word_1_181' title='bbox 801 1254 852 1274; x_wconf 92' lang='lat' dir='ltr'><strong>no-</strong></span> 
     </span>
    </p>
   </div>
   <div class='ocr_carea' id='block_1_28' title="bbox 63 1290 847 1327">
    <p class='ocr_par' dir='ltr' id='par_1_28' title="bbox 63 1290 847 1327">
     <span class='ocr_line' id='line_1_28' title="bbox 63 1290 847 1327; baseline 0.001 -8"><span class='ocrx_word' id='word_1_182' title='bbox 63 1293 135 1319; x_wconf 86' lang='lat' dir='ltr'><strong>mine</strong></span> <span class='ocrx_word' id='word_1_183' title='bbox 151 1292 252 1325; x_wconf 69' lang='lat' dir='ltr'><strong>utitur.</strong></span> <span class='ocrx_word' id='word_1_184' title='bbox 270 1290 401 1326; x_wconf 87' lang='lat' dir='ltr'><strong>Serapion</strong></span> <span class='ocrx_word' id='word_1_185' title='bbox 427 1292 540 1319; x_wconf 85' lang='lat' dir='ltr'><strong>secundi</strong></span> <span class='ocrx_word' id='word_1_186' title='bbox 561 1292 654 1319; x_wconf 73' lang='lat' dir='ltr'><strong>saeculi</strong></span> <span class='ocrx_word' id='word_1_187' title='bbox 684 1293 801 1327; x_wconf 86' lang='lat' dir='ltr'><strong>scriptor</strong></span> <span class='ocrx_word' id='word_1_188' title='bbox 817 1293 847 1320; x_wconf 84' lang='grc' dir='ltr'>Η</span> 
     </span>
    </p>
   </div>
   <div class='ocr_carea' id='block_1_29' title="bbox 62 1337 852 1374">
    <p class='ocr_par' dir='ltr' id='par_1_29' title="bbox 62 1337 852 1374">
     <span class='ocr_line' id='line_1_29' title="bbox 62 1337 852 1374; baseline 0.003 -9"><span class='ocrx_word' id='word_1_189' title='bbox 62 1338 206 1366; x_wconf 88' lang='lat' dir='ltr'><strong>Commodi</strong></span> <span class='ocrx_word' id='word_1_190' title='bbox 226 1338 401 1372; x_wconf 85' lang='lat' dir='ltr'><strong>imperatoris</strong></span> <span class='ocrx_word' id='word_1_191' title='bbox 426 1346 499 1366; x_wconf 90' lang='lat' dir='ltr'><strong>anno</strong></span> <span class='ocrx_word' id='word_1_192' title='bbox 529 1337 681 1366; x_wconf 66' lang='lat' dir='ltr'><strong>Antiochia:</strong></span> <span class='ocrx_word' id='word_1_193' title='bbox 706 1339 852 1374; x_wconf 89' lang='lat' dir='ltr'><strong>episcopus</strong></span> 
     </span>
    </p>
   </div>
   <div class='ocr_carea' id='block_1_30' title="bbox 63 1383 852 1418">
    <p class='ocr_par' dir='ltr' id='par_1_30' title="bbox 63 1383 852 1418">
     <span class='ocr_line' id='line_1_30' title="bbox 63 1383 852 1418; baseline 0 -6"><span class='ocrx_word' id='word_1_194' title='bbox 63 1385 228 1416; x_wconf 83' lang='lat' dir='ltr'><strong>ordinatus.</strong></span> <span class='ocrx_word' id='word_1_195' title='bbox 243 1383 359 1418; x_wconf 87' lang='lat' dir='ltr'><strong>epistola</strong></span> <span class='ocrx_word' id='word_1_196' title='bbox 376 1384 409 1411; x_wconf 92' lang='lat' dir='ltr'><strong>ad</strong></span> <span class='ocrx_word' id='word_1_197' title='bbox 433 1383 560 1411; x_wconf 89' lang='lat' dir='ltr'><strong>Caricum</strong></span> <span class='ocrx_word' id='word_1_198' title='bbox 588 1388 616 1411; x_wconf 91' lang='lat' dir='ltr'><strong>et</strong></span> <span class='ocrx_word' id='word_1_199' title='bbox 639 1383 782 1412; x_wconf 87' lang='lat' dir='ltr'><strong>Ponticum</strong></span> <span class='ocrx_word' id='word_1_200' title='bbox 808 1385 852 1412; x_wconf 89' lang='lat' dir='ltr'><strong>his</strong></span> 
     </span>
    </p>
   </div>
   <div class='ocr_carea' id='block_1_31' title="bbox 64 1429 852 1466">
    <p class='ocr_par' dir='ltr' id='par_1_31' title="bbox 64 1429 852 1466">
     <span class='ocr_line' id='line_1_31' title="bbox 64 1429 852 1466; baseline 0 -10"><span class='ocrx_word' id='word_1_201' title='bbox 64 1430 153 1458; x_wconf 82' lang='lat' dir='ltr'><strong>verbis</strong></span> <span class='ocrx_word' id='word_1_202' title='bbox 175 1431 211 1457; x_wconf 88' lang='lat' dir='ltr'><strong>de</strong></span> <span class='ocrx_word' id='word_1_203' title='bbox 232 1429 390 1464; x_wconf 77' lang='lat' dir='ltr'><strong>Apollinare</strong></span> <span class='ocrx_word' id='word_1_204' title='bbox 413 1429 536 1464; x_wconf 76' lang='lat' dir='ltr'><strong>scripsit:</strong></span> <span class='ocrx_word' id='word_1_205' title='bbox 562 1429 696 1466; x_wconf 80' lang='grc' dir='ltr'><strong>Πέπομφα</strong></span> <span class='ocrx_word' id='word_1_206' title='bbox 719 1430 783 1465; x_wconf 78' lang='grc' dir='ltr'><strong>ὑμῖν</strong></span> <span class='ocrx_word' id='word_1_207' title='bbox 804 1430 852 1457; x_wconf 73' lang='grc' dir='ltr'><strong>καὶ</strong></span> 
     </span>
    </p>
   </div>
   <div class='ocr_carea' id='block_1_32' title="bbox 63 1474 852 1512">
    <p class='ocr_par' dir='ltr' id='par_1_32' title="bbox 63 1474 852 1512">
     <span class='ocr_line' id='line_1_32' title="bbox 63 1474 852 1512; baseline 0.001 -10"><span class='ocrx_word' id='word_1_208' title='bbox 63 1475 196 1502; x_wconf 73' lang='grc' dir='ltr'>Κλαυδίου</span> <span class='ocrx_word' id='word_1_209' title='bbox 220 1474 422 1511; x_wconf 81' lang='grc' dir='ltr'>’Δπολλιναρίου</span> <span class='ocrx_word' id='word_1_210' title='bbox 438 1475 484 1501; x_wconf 85' lang='grc' dir='ltr'><strong>τοῦ</strong></span> <span class='ocrx_word' id='word_1_211' title='bbox 511 1475 719 1511; x_wconf 75' lang='grc' dir='ltr'><strong>μακαριωτάτου</strong></span> <span class='ocrx_word' id='word_1_212' title='bbox 740 1475 852 1512; x_wconf 82' lang='grc' dir='ltr'>γενομέ-</span> 
     </span>
    </p>
   </div>
   <div class='ocr_carea' id='block_1_33' title="bbox 63 1520 850 1557">
    <p class='ocr_par' dir='ltr' id='par_1_33' title="bbox 63 1520 850 1557">
     <span class='ocr_line' id='line_1_33' title="bbox 63 1520 850 1557; baseline -0.001 -8"><span class='ocrx_word' id='word_1_213' title='bbox 63 1531 109 1549; x_wconf 75' lang='grc' dir='ltr'><strong>νου</strong></span> <span class='ocrx_word' id='word_1_214' title='bbox 125 1523 154 1548; x_wconf 79' lang='grc' dir='ltr'><strong>ἐν</strong></span> <span class='ocrx_word' id='word_1_215' title='bbox 177 1521 329 1557; x_wconf 79' lang='grc' dir='ltr'><strong>Ἱεραπόλει</strong></span> <span class='ocrx_word' id='word_1_216' title='bbox 345 1521 394 1556; x_wconf 84' lang='grc' dir='ltr'><strong>τῆς</strong></span> <span class='ocrx_word' id='word_1_217' title='bbox 416 1520 507 1553; x_wconf 78' lang='grc' dir='ltr'><strong>Ἀσίας</strong></span> <span class='ocrx_word' id='word_1_218' title='bbox 523 1521 673 1548; x_wconf 77' lang='grc' dir='ltr'><strong>ἐπισκόπου</strong></span> <span class='ocrx_word' id='word_1_219' title='bbox 689 1521 850 1557; x_wconf 80' lang='grc' dir='ltr'><strong>γράμματα.</strong></span> 
     </span>
    </p>
   </div>
   <div class='ocr_carea' id='block_1_34' title="bbox 67 1566 852 1602">
    <p class='ocr_par' dir='ltr' id='par_1_34' title="bbox 67 1566 852 1602">
     <span class='ocr_line' id='line_1_34' title="bbox 67 1566 852 1602; baseline -0.001 -7"><span class='ocrx_word' id='word_1_220' title='bbox 67 1577 79 1594; x_wconf 74' lang='grc' dir='ltr'>ι</span> <span class='ocrx_word' id='word_1_221' title='bbox 92 1567 249 1595; x_wconf 78' lang='lat' dir='ltr'><strong>Beatissimi</strong></span> <span class='ocrx_word' id='word_1_222' title='bbox 264 1567 371 1594; x_wconf 77' lang='lat' dir='ltr'><strong>Claudii</strong></span> <span class='ocrx_word' id='word_1_223' title='bbox 387 1567 566 1602; x_wconf 85' lang='lat' dir='ltr'><strong>Apollinaris,</strong></span> <span class='ocrx_word' id='word_1_224' title='bbox 581 1566 792 1602; x_wconf 61' lang='lat' dir='ltr'><strong>Hierapolitanum</strong></span> <span class='ocrx_word' id='word_1_225' title='bbox 807 1575 852 1594; x_wconf 92' lang='lat' dir='ltr'><strong>ur-</strong></span> 
     </span>
    </p>
   </div>
   <div class='ocr_carea' id='block_1_35' title="bbox 65 1613 852 1648">
    <p class='ocr_par' dir='ltr' id='par_1_35' title="bbox 65 1613 852 1648">
     <span class='ocr_line' id='line_1_35' title="bbox 65 1613 852 1648; baseline -0.001 -7"><span class='ocrx_word' id='word_1_226' title='bbox 65 1614 107 1641; x_wconf 88' lang='lat' dir='ltr'><strong>his</strong></span> <span class='ocrx_word' id='word_1_227' title='bbox 118 1614 144 1641; x_wconf 90' lang='lat' dir='ltr'><strong>in</strong></span> <span class='ocrx_word' id='word_1_228' title='bbox 157 1613 226 1641; x_wconf 86' lang='lat' dir='ltr'><strong>Asia</strong></span> <span class='ocrx_word' id='word_1_229' title='bbox 241 1613 495 1648; x_wconf 81' lang='lat' dir='ltr'><strong>episcopi,litteras</strong></span> <span class='ocrx_word' id='word_1_230' title='bbox 504 1613 538 1640; x_wconf 87' lang='lat' dir='ltr'><strong>ad</strong></span> <span class='ocrx_word' id='word_1_231' title='bbox 558 1621 608 1641; x_wconf 89' lang='lat' dir='ltr'><strong>vos</strong></span> <span class='ocrx_word' id='word_1_232' title='bbox 625 1613 698 1640; x_wconf 89' lang='lat' dir='ltr'><strong>misi.</strong></span> <span class='ocrx_word' id='word_1_233' title='bbox 719 1622 728 1638; x_wconf 74' lang='grc' dir='ltr'><strong><em>ι</em></strong></span> <span class='ocrx_word' id='word_1_234' title='bbox 753 1613 780 1640; x_wconf 90' lang='lat' dir='ltr'><strong>In</strong></span> <span class='ocrx_word' id='word_1_235' title='bbox 800 1613 852 1640; x_wconf 87' lang='lat' dir='ltr'><strong>hac</strong></span> 
     </span>
    </p>
   </div>
   <div class='ocr_carea' id='block_1_36' title="bbox 62 1658 852 1694">
    <p class='ocr_par' dir='ltr' id='par_1_36' title="bbox 62 1658 852 1694">
     <span class='ocr_line' id='line_1_36' title="bbox 62 1658 852 1694; baseline -0.001 -6"><span class='ocrx_word' id='word_1_236' title='bbox 62 1665 153 1688; x_wconf 78' lang='lat' dir='ltr'><strong>autem</strong></span> <span class='ocrx_word' id='word_1_237' title='bbox 174 1660 293 1694; x_wconf 87' lang='lat' dir='ltr'><strong>epistola</strong></span> <span class='ocrx_word' id='word_1_238' title='bbox 316 1659 476 1694; x_wconf 75' lang='lat' dir='ltr'><strong>legebantur</strong></span> <span class='ocrx_word' id='word_1_239' title='bbox 501 1658 639 1686; x_wconf 88' lang='lat' dir='ltr'><strong>variorum</strong></span> <span class='ocrx_word' id='word_1_240' title='bbox 661 1659 852 1694; x_wconf 88' lang='lat' dir='ltr'><strong>episcoporum</strong></span> 
     </span>
    </p>
   </div>
   <div class='ocr_carea' id='block_1_37' title="bbox 63 1706 852 1741">
    <p class='ocr_par' dir='ltr' id='par_1_37' title="bbox 63 1706 852 1741">
     <span class='ocr_line' id='line_1_37' title="bbox 63 1706 852 1741; baseline -0.003 -7"><span class='ocrx_word' id='word_1_241' title='bbox 63 1706 292 1741; x_wconf 82' lang='lat' dir='ltr'><strong>subscriptiones,</strong></span> <span class='ocrx_word' id='word_1_242' title='bbox 307 1706 355 1741; x_wconf 89' lang='lat' dir='ltr'><strong>qui</strong></span> <span class='ocrx_word' id='word_1_243' title='bbox 370 1706 481 1734; x_wconf 90' lang='lat' dir='ltr'><strong>nomina</strong></span> <span class='ocrx_word' id='word_1_244' title='bbox 497 1713 560 1733; x_wconf 92' lang='lat' dir='ltr'><strong>cum</strong></span> <span class='ocrx_word' id='word_1_245' title='bbox 585 1706 673 1734; x_wconf 86' lang='lat' dir='ltr'><strong>titulis</strong></span> <span class='ocrx_word' id='word_1_246' title='bbox 687 1706 768 1734; x_wconf 86' lang='lat' dir='ltr'><strong>simul</strong></span> <span class='ocrx_word' id='word_1_247' title='bbox 798 1713 852 1733; x_wconf 90' lang='lat' dir='ltr'><strong>non</strong></span> 
     </span>
    </p>
   </div>
   <div class='ocr_carea' id='block_1_38' title="bbox 61 1753 853 1786">
    <p class='ocr_par' dir='ltr' id='par_1_38' title="bbox 61 1753 853 1786">
     <span class='ocr_line' id='line_1_38' title="bbox 61 1753 853 1786; baseline 0.001 -7"><span class='ocrx_word' id='word_1_248' title='bbox 61 1753 230 1780; x_wconf 80' lang='lat' dir='ltr'><strong>verebantur</strong></span> <span class='ocrx_word' id='word_1_249' title='bbox 245 1753 387 1781; x_wconf 86' lang='lat' dir='ltr'><strong>scribere:</strong></span> <span class='ocrx_word' id='word_1_250' title='bbox 409 1758 440 1781; x_wconf 92' lang='lat' dir='ltr'><strong>ut</strong></span> <span class='ocrx_word' id='word_1_251' title='bbox 467 1754 556 1786; x_wconf 76' lang='grc' dir='ltr'>Αἴλιος</span> <span class='ocrx_word' id='word_1_252' title='bbox 581 1753 712 1786; x_wconf 81' lang='grc' dir='ltr'>Πούὸλιος</span> <span class='ocrx_word' id='word_1_253' title='bbox 743 1753 853 1786; x_wconf 77' lang='grc' dir='ltr'><strong>Ἰούλιος</strong></span> 
     </span>
    </p>
   </div>
   <div class='ocr_carea' id='block_1_39' title="bbox 60 1798 852 1836">
    <p class='ocr_par' dir='ltr' id='par_1_39' title="bbox 60 1798 852 1836">
     <span class='ocr_line' id='line_1_39' title="bbox 60 1798 852 1836; baseline 0.003 -12"><span class='ocrx_word' id='word_1_254' title='bbox 60 1798 117 1825; x_wconf 65' lang='grc' dir='ltr'><strong>ἀπὸ</strong></span> <span class='ocrx_word' id='word_1_255' title='bbox 143 1798 278 1826; x_wconf 80' lang='grc' dir='ltr'>Δεϐελτοῦ</span> <span class='ocrx_word' id='word_1_256' title='bbox 299 1799 454 1832; x_wconf 78' lang='grc' dir='ltr'>Κολωνείας</span> <span class='ocrx_word' id='word_1_257' title='bbox 480 1799 527 1827; x_wconf 79' lang='grc' dir='ltr'><strong>τοῦ</strong></span> <span class='ocrx_word' id='word_1_258' title='bbox 554 1799 665 1836; x_wconf 78' lang='grc' dir='ltr'><strong>Θρᾴκης</strong></span> <span class='ocrx_word' id='word_1_259' title='bbox 694 1800 852 1831; x_wconf 78' lang='grc' dir='ltr'><strong>ἐπίσκοπος,</strong></span> 
     </span>
    </p>
   </div>
   <div class='ocr_carea' id='block_1_40' title="bbox 62 1845 854 1881">
    <p class='ocr_par' dir='ltr' id='par_1_40' title="bbox 62 1845 854 1881">
     <span class='ocr_line' id='line_1_40' title="bbox 62 1845 854 1881; baseline 0.004 -10"><span class='ocrx_word' id='word_1_260' title='bbox 62 1845 165 1880; x_wconf 80' lang='lat' dir='ltr'><strong>aliique</strong></span> <span class='ocrx_word' id='word_1_261' title='bbox 191 1845 366 1880; x_wconf 89' lang='lat' dir='ltr'><strong>complures:</strong></span> <span class='ocrx_word' id='word_1_262' title='bbox 380 1853 468 1881; x_wconf 85' lang='lat' dir='ltr'><strong>neque</strong></span> <span class='ocrx_word' id='word_1_263' title='bbox 485 1846 676 1881; x_wconf 82' lang='lat' dir='ltr'><strong>episcoporum</strong></span> <span class='ocrx_word' id='word_1_264' title='bbox 705 1846 777 1874; x_wconf 89' lang='lat' dir='ltr'><strong>ullus</strong></span> <span class='ocrx_word' id='word_1_265' title='bbox 791 1853 854 1881; x_wconf 86' lang='lat' dir='ltr'><strong>pre-</strong></span> 
     </span>
    </p>
   </div>
   <div class='ocr_carea' id='block_1_41' title="bbox 61 1891 686 1927">
    <p class='ocr_par' dir='ltr' id='par_1_41' title="bbox 61 1891 686 1927">
     <span class='ocr_line' id='line_1_41' title="bbox 61 1891 686 1927; baseline 0.003 -9"><span class='ocrx_word' id='word_1_266' title='bbox 61 1891 164 1927; x_wconf 82' lang='lat' dir='ltr'><strong>sbyteri</strong></span> <span class='ocrx_word' id='word_1_267' title='bbox 180 1891 292 1919; x_wconf 91' lang='lat' dir='ltr'><strong>nomine</strong></span> <span class='ocrx_word' id='word_1_268' title='bbox 305 1892 452 1920; x_wconf 87' lang='lat' dir='ltr'><strong>mulctatus</strong></span> <span class='ocrx_word' id='word_1_269' title='bbox 459 1892 686 1926; x_wconf 89' lang='lat' dir='ltr'><strong>deprehenditur.</strong></span> 
     </span>
    </p>
   </div>
   <div class='ocr_carea' id='block_1_42' title="bbox 98 1937 853 1974">
    <p class='ocr_par' dir='ltr' id='par_1_42' title="bbox 98 1937 853 1974">
     <span class='ocr_line' id='line_1_42' title="bbox 98 1937 853 1974; baseline 0.001 -9"><span class='ocrx_word' id='word_1_270' title='bbox 98 1937 235 1966; x_wconf 63' lang='lat' dir='ltr'><strong>Preterea</strong></span> <span class='ocrx_word' id='word_1_271' title='bbox 249 1937 408 1974; x_wconf 89' lang='lat' dir='ltr'><strong>Anonymus</strong></span> <span class='ocrx_word' id='word_1_272' title='bbox 419 1939 490 1973; x_wconf 85' lang='lat' dir='ltr'><strong>apud</strong></span> <span class='ocrx_word' id='word_1_273' title='bbox 504 1938 653 1967; x_wconf 88' lang='lat' dir='ltr'><strong>Eusebium</strong></span> <span class='ocrx_word' id='word_1_274' title='bbox 666 1939 685 1966; x_wconf 86' lang='grc' dir='ltr'><strong>ι.</strong></span> <span class='ocrx_word' id='word_1_275' title='bbox 700 1947 728 1972; x_wconf 86' lang='lat' dir='ltr'><strong>v,</strong></span> <span class='ocrx_word' id='word_1_276' title='bbox 739 1947 764 1966; x_wconf 90' lang='lat' dir='ltr'><strong>c.</strong></span> <span class='ocrx_word' id='word_1_277' title='bbox 780 1939 813 1966; x_wconf 84' lang='grc'><strong>16</strong></span> <span class='ocrx_word' id='word_1_278' title='bbox 826 1940 853 1966; x_wconf 92' lang='lat' dir='ltr'><strong>in</strong></span> 
     </span>
    </p>
   </div>
   <div class='ocr_carea' id='block_1_43' title="bbox 60 1983 854 2020">
    <p class='ocr_par' dir='ltr' id='par_1_43' title="bbox 60 1983 854 2020">
     <span class='ocr_line' id='line_1_43' title="bbox 60 1983 854 2020; baseline 0.003 -10"><span class='ocrx_word' id='word_1_279' title='bbox 60 1983 207 2018; x_wconf 75' lang='lat' dir='ltr'><strong>Excerptis</strong></span> <span class='ocrx_word' id='word_1_280' title='bbox 223 1983 307 2011; x_wconf 92' lang='lat' dir='ltr'><strong>trium</strong></span> <span class='ocrx_word' id='word_1_281' title='bbox 322 1983 454 2011; x_wconf 87' lang='lat' dir='ltr'><strong>librorum</strong></span> <span class='ocrx_word' id='word_1_282' title='bbox 470 1991 540 2019; x_wconf 90' lang='lat' dir='ltr'><strong>quos</strong></span> <span class='ocrx_word' id='word_1_283' title='bbox 559 1988 654 2012; x_wconf 90' lang='lat' dir='ltr'><strong>contra</strong></span> <span class='ocrx_word' id='word_1_284' title='bbox 669 1984 854 2020; x_wconf 80' lang='lat' dir='ltr'><strong>Cataphrygas</strong></span> 
     </span>
    </p>
   </div>
   <div class='ocr_carea' id='block_1_44' title="bbox 61 2029 853 2066">
    <p class='ocr_par' dir='ltr' id='par_1_44' title="bbox 61 2029 853 2066">
     <span class='ocr_line' id='line_1_44' title="bbox 61 2029 853 2066; baseline 0.003 -10"><span class='ocrx_word' id='word_1_285' title='bbox 61 2029 185 2064; x_wconf 81' lang='lat' dir='ltr'><strong>scripsit,</strong></span> <span class='ocrx_word' id='word_1_286' title='bbox 201 2033 332 2064; x_wconf 85' lang='lat' dir='ltr'><strong>perpetuo</strong></span> <span class='ocrx_word' id='word_1_287' title='bbox 352 2030 509 2058; x_wconf 86' lang='lat' dir='ltr'><strong>nominibus</strong></span> <span class='ocrx_word' id='word_1_288' title='bbox 525 2031 645 2065; x_wconf 88' lang='lat' dir='ltr'><strong>episcopi</strong></span> <span class='ocrx_word' id='word_1_289' title='bbox 665 2035 691 2058; x_wconf 87' lang='lat' dir='ltr'><strong>et</strong></span> <span class='ocrx_word' id='word_1_290' title='bbox 704 2031 853 2066; x_wconf 85' lang='lat' dir='ltr'><strong>presbyteri</strong></span> 
     </span>
    </p>
   </div>
   <div class='ocr_carea' id='block_1_45' title="bbox 61 2076 853 2112">
    <p class='ocr_par' dir='ltr' id='par_1_45' title="bbox 61 2076 853 2112">
     <span class='ocr_line' id='line_1_45' title="bbox 61 2076 853 2112; baseline 0.001 -8"><span class='ocrx_word' id='word_1_291' title='bbox 61 2077 193 2104; x_wconf 83' lang='lat' dir='ltr'><strong>distincte</strong></span> <span class='ocrx_word' id='word_1_292' title='bbox 224 2081 251 2103; x_wconf 93' lang='lat' dir='ltr'><strong>et</strong></span> <span class='ocrx_word' id='word_1_293' title='bbox 283 2081 357 2104; x_wconf 89' lang='lat' dir='ltr'><strong>caste</strong></span> <span class='ocrx_word' id='word_1_294' title='bbox 381 2076 484 2110; x_wconf 86' lang='lat' dir='ltr'><strong>utitur;</strong></span> <span class='ocrx_word' id='word_1_295' title='bbox 517 2077 636 2112; x_wconf 88' lang='lat' dir='ltr'><strong>seipsum</strong></span> <span class='ocrx_word' id='word_1_296' title='bbox 665 2077 853 2112; x_wconf 88' lang='lat' dir='ltr'><strong>presbyterum</strong></span> 
     </span>
    </p>
   </div>
   <div class='ocr_carea' id='block_1_46' title="bbox 62 2121 853 2158">
    <p class='ocr_par' dir='ltr' id='par_1_46' title="bbox 62 2121 853 2158">
     <span class='ocr_line' id='line_1_46' title="bbox 62 2121 853 2158; baseline 0.001 -9"><span class='ocrx_word' id='word_1_297' title='bbox 62 2123 147 2150; x_wconf 73' lang='lat' dir='ltr'><strong>fuisse</strong></span> <span class='ocrx_word' id='word_1_298' title='bbox 170 2122 282 2154; x_wconf 84' lang='lat' dir='ltr'><strong>indicat,</strong></span> <span class='ocrx_word' id='word_1_299' title='bbox 300 2121 423 2150; x_wconf 89' lang='lat' dir='ltr'><strong>Zoticum</strong></span> <span class='ocrx_word' id='word_1_300' title='bbox 445 2121 579 2150; x_wconf 90' lang='lat' dir='ltr'><strong>Otrenum</strong></span> <span class='ocrx_word' id='word_1_301' title='bbox 602 2123 853 2158; x_wconf 87' lang='lat' dir='ltr'><strong>compresbyterum</strong></span> 
     </span>
    </p>
   </div>
   <div class='ocr_carea' id='block_1_47' title="bbox 62 2168 854 2204">
    <p class='ocr_par' dir='ltr' id='par_1_47' title="bbox 62 2168 854 2204">
     <span class='ocr_line' id='line_1_47' title="bbox 62 2168 854 2204; baseline -0.001 -7"><span class='ocrx_word' id='word_1_302' title='bbox 62 2170 193 2204; x_wconf 76' lang='lat' dir='ltr'><strong>appellat,</strong></span> <span class='ocrx_word' id='word_1_303' title='bbox 206 2169 357 2204; x_wconf 68' lang='lat' dir='ltr'><strong>Ancyrante</strong></span> <span class='ocrx_word' id='word_1_304' title='bbox 372 2168 500 2196; x_wconf 62' lang='lat' dir='ltr'><strong>Ecclesia:</strong></span> <span class='ocrx_word' id='word_1_305' title='bbox 521 2169 693 2204; x_wconf 89' lang='lat' dir='ltr'><strong>presbyteros</strong></span> <span class='ocrx_word' id='word_1_306' title='bbox 706 2170 769 2201; x_wconf 83' lang='grc' dir='ltr'>τοὺς</span> <span class='ocrx_word' id='word_1_307' title='bbox 783 2170 854 2196; x_wconf 84' lang='grc' dir='ltr'><strong>κατὰ</strong></span> 
     </span>
    </p>
   </div>
   <div class='ocr_carea' id='block_1_48' title="bbox 62 2214 854 2251">
    <p class='ocr_par' dir='ltr' id='par_1_48' title="bbox 62 2214 854 2251">
     <span class='ocr_line' id='line_1_48' title="bbox 62 2214 854 2251; baseline 0 -9"><span class='ocrx_word' id='word_1_308' title='bbox 62 2215 143 2243; x_wconf 65' lang='grc' dir='ltr'>τόπον</span> <span class='ocrx_word' id='word_1_309' title='bbox 154 2214 360 2251; x_wconf 75' lang='grc' dir='ltr'>πρεσϐυτέρους</span> <span class='ocrx_word' id='word_1_310' title='bbox 373 2219 462 2248; x_wconf 88' lang='lat' dir='ltr'><strong>vocat,</strong></span> <span class='ocrx_word' id='word_1_311' title='bbox 478 2215 546 2243; x_wconf 89' lang='lat' dir='ltr'><strong>alios</strong></span> <span class='ocrx_word' id='word_1_312' title='bbox 566 2221 656 2243; x_wconf 86' lang='lat' dir='ltr'><strong>autem</strong></span> <span class='ocrx_word' id='word_1_313' title='bbox 673 2215 772 2251; x_wconf 79' lang='grc' dir='ltr'>ἄνδρας</span> <span class='ocrx_word' id='word_1_314' title='bbox 783 2216 854 2243; x_wconf 83' lang='grc' dir='ltr'><strong>δοκί-</strong></span> 
     </span>
    </p>
   </div>
   <div class='ocr_carea' id='block_1_49' title="bbox 897 275 1688 312">
    <p class='ocr_par' dir='ltr' id='par_1_49' title="bbox 897 275 1688 312">
     <span class='ocr_line' id='line_1_49' title="bbox 897 275 1688 312; baseline -0.003 -8"><span class='ocrx_word' id='word_1_315' title='bbox 897 278 1068 312; x_wconf 82' lang='lat' dir='ltr'><strong>Anonymus,</strong></span> <span class='ocrx_word' id='word_1_316' title='bbox 1084 276 1207 304; x_wconf 79' lang='lat' dir='ltr'><strong>Zoticum</strong></span> <span class='ocrx_word' id='word_1_317' title='bbox 1224 276 1306 303; x_wconf 87' lang='lat' dir='ltr'><strong>etiam</strong></span> <span class='ocrx_word' id='word_1_318' title='bbox 1319 275 1462 308; x_wconf 81' lang='lat' dir='ltr'><strong>Otrenum,</strong></span> <span class='ocrx_word' id='word_1_319' title='bbox 1485 281 1511 302; x_wconf 92' lang='lat' dir='ltr'><strong>et</strong></span> <span class='ocrx_word' id='word_1_320' title='bbox 1529 275 1688 311; x_wconf 77' lang='lat' dir='ltr'><strong>Ancyram-</strong></span> 
     </span>
    </p>
   </div>
   <div class='ocr_carea' id='block_1_50' title="bbox 899 321 1689 358">
    <p class='ocr_par' dir='ltr' id='par_1_50' title="bbox 899 321 1689 358">
     <span class='ocr_line' id='line_1_50' title="bbox 899 321 1689 358; baseline 0 -9"><span class='ocrx_word' id='word_1_321' title='bbox 899 331 960 350; x_wconf 90' lang='lat' dir='ltr'><strong>rum</strong></span> <span class='ocrx_word' id='word_1_322' title='bbox 976 323 1196 358; x_wconf 77' lang='lat' dir='ltr'><strong>presbyterorum</strong></span> <span class='ocrx_word' id='word_1_323' title='bbox 1212 323 1377 348; x_wconf 83' lang='lat' dir='ltr'><strong>mentionem</strong></span> <span class='ocrx_word' id='word_1_324' title='bbox 1394 321 1474 354; x_wconf 83' lang='lat' dir='ltr'><strong>facit;</strong></span> <span class='ocrx_word' id='word_1_325' title='bbox 1492 322 1538 349; x_wconf 88' lang='lat' dir='ltr'><strong>sed</strong></span> <span class='ocrx_word' id='word_1_326' title='bbox 1554 322 1605 349; x_wconf 73' lang='lat' dir='ltr'><strong>hos</strong></span> <span class='ocrx_word' id='word_1_327' title='bbox 1629 330 1689 349; x_wconf 87' lang='lat' dir='ltr'><strong>om-</strong></span> 
     </span>
    </p>
   </div>
   <div class='ocr_carea' id='block_1_51' title="bbox 899 367 1689 403">
    <p class='ocr_par' dir='ltr' id='par_1_51' title="bbox 899 367 1689 403">
     <span class='ocr_line' id='line_1_51' title="bbox 899 367 1689 403; baseline 0 -8"><span class='ocrx_word' id='word_1_328' title='bbox 899 376 948 396; x_wconf 90' lang='lat' dir='ltr'><strong>nes</strong></span> <span class='ocrx_word' id='word_1_329' title='bbox 969 369 1114 403; x_wconf 80' lang='lat' dir='ltr'><strong>episcopos</strong></span> <span class='ocrx_word' id='word_1_330' title='bbox 1135 368 1192 395; x_wconf 81' lang='lat' dir='ltr'><strong>sire</strong></span> <span class='ocrx_word' id='word_1_331' title='bbox 1206 367 1288 402; x_wconf 90' lang='lat' dir='ltr'><strong>primi</strong></span> <span class='ocrx_word' id='word_1_332' title='bbox 1303 367 1408 394; x_wconf 85' lang='lat' dir='ltr'><strong>ordinis</strong></span> <span class='ocrx_word' id='word_1_333' title='bbox 1423 367 1577 394; x_wconf 72' lang='lat' dir='ltr'><strong>sacerdotes</strong></span> <span class='ocrx_word' id='word_1_334' title='bbox 1593 367 1689 400; x_wconf 82' lang='lat' dir='ltr'><strong>luisse,</strong></span> 
     </span>
    </p>
   </div>
   <div class='ocr_carea' id='block_1_52' title="bbox 899 415 1692 450">
    <p class='ocr_par' dir='ltr' id='par_1_52' title="bbox 899 415 1692 450">
     <span class='ocr_line' id='line_1_52' title="bbox 899 415 1692 450; baseline 0 -8"><span class='ocrx_word' id='word_1_335' title='bbox 899 423 931 442; x_wconf 74' lang='lat' dir='ltr'><strong>ex</strong></span> <span class='ocrx_word' id='word_1_336' title='bbox 949 415 1006 450; x_wconf 88' lang='lat' dir='ltr'><strong>ipsa</strong></span> <span class='ocrx_word' id='word_1_337' title='bbox 1021 419 1160 450; x_wconf 75' lang='lat' dir='ltr'><strong>gestorum</strong></span> <span class='ocrx_word' id='word_1_338' title='bbox 1182 415 1341 442; x_wconf 83' lang='lat' dir='ltr'><strong>narratione</strong></span> <span class='ocrx_word' id='word_1_339' title='bbox 1354 415 1481 450; x_wconf 77' lang='lat' dir='ltr'><strong>colligere</strong></span> <span class='ocrx_word' id='word_1_340' title='bbox 1497 423 1525 442; x_wconf 90' lang='lat' dir='ltr'><strong>se</strong></span> <span class='ocrx_word' id='word_1_341' title='bbox 1542 422 1623 449; x_wconf 83' lang='lat' dir='ltr'><strong>posse</strong></span> <span class='ocrx_word' id='word_1_342' title='bbox 1640 423 1692 449; x_wconf 89' lang='lat' dir='ltr'><strong>pu-</strong></span> 
     </span>
    </p>
   </div>
   <div class='ocr_carea' id='block_1_53' title="bbox 899 460 1688 495">
    <p class='ocr_par' dir='ltr' id='par_1_53' title="bbox 899 460 1688 495">
     <span class='ocr_line' id='line_1_53' title="bbox 899 460 1688 495; baseline 0.003 -7"><span class='ocrx_word' id='word_1_343' title='bbox 899 460 966 488; x_wconf 80' lang='lat' dir='ltr'><strong>tavit</strong></span> <span class='ocrx_word' id='word_1_344' title='bbox 988 461 1031 488; x_wconf 88' lang='lat' dir='ltr'><strong>vir</strong></span> <span class='ocrx_word' id='word_1_345' title='bbox 1055 460 1243 493; x_wconf 80' lang='lat' dir='ltr'><strong>doctissimus,</strong></span> <span class='ocrx_word' id='word_1_346' title='bbox 1265 468 1328 488; x_wconf 90' lang='lat' dir='ltr'><strong>cum</strong></span> <span class='ocrx_word' id='word_1_347' title='bbox 1355 466 1445 487; x_wconf 87' lang='lat' dir='ltr'><strong>tamen</strong></span> <span class='ocrx_word' id='word_1_348' title='bbox 1462 460 1494 487; x_wconf 88' lang='lat' dir='ltr'><strong>ad</strong></span> <span class='ocrx_word' id='word_1_349' title='bbox 1519 461 1688 495; x_wconf 81' lang='lat' dir='ltr'><strong>probandum</strong></span> 
     </span>
    </p>
   </div>
   <div class='ocr_carea' id='block_1_54' title="bbox 900 506 1690 543">
    <p class='ocr_par' dir='ltr' id='par_1_54' title="bbox 900 506 1690 543">
     <span class='ocr_line' id='line_1_54' title="bbox 900 506 1690 543; baseline -0.001 -9"><span class='ocrx_word' id='word_1_350' title='bbox 900 512 948 534; x_wconf 90' lang='lat' dir='ltr'><strong>aut</strong></span> <span class='ocrx_word' id='word_1_351' title='bbox 973 506 1060 541; x_wconf 90' lang='lat' dir='ltr'><strong>ipsius</strong></span> <span class='ocrx_word' id='word_1_352' title='bbox 1083 506 1212 542; x_wconf 86' lang='lat' dir='ltr'><strong>anonymi</strong></span> <span class='ocrx_word' id='word_1_353' title='bbox 1237 510 1284 533; x_wconf 85' lang='lat' dir='ltr'><strong>aut</strong></span> <span class='ocrx_word' id='word_1_354' title='bbox 1298 506 1384 534; x_wconf 82' lang='lat' dir='ltr'><strong>Zotici</strong></span> <span class='ocrx_word' id='word_1_355' title='bbox 1401 508 1614 543; x_wconf 83' lang='lat' dir='ltr'><strong>compresbytcri</strong></span> <span class='ocrx_word' id='word_1_356' title='bbox 1634 508 1690 542; x_wconf 82' lang='lat' dir='ltr'><strong>rpi-</strong></span> 
     </span>
    </p>
   </div>
   <div class='ocr_carea' id='block_1_55' title="bbox 901 552 1691 589">
    <p class='ocr_par' dir='ltr' id='par_1_55' title="bbox 901 552 1691 589">
     <span class='ocr_line' id='line_1_55' title="bbox 901 552 1691 589; baseline 0.001 -9"><span class='ocrx_word' id='word_1_357' title='bbox 901 558 1043 588; x_wconf 90' lang='lat' dir='ltr'><strong>scopatum</strong></span> <span class='ocrx_word' id='word_1_358' title='bbox 1058 561 1092 580; x_wconf 80' lang='lat' dir='ltr'><strong>ex</strong></span> <span class='ocrx_word' id='word_1_359' title='bbox 1116 552 1228 580; x_wconf 88' lang='lat' dir='ltr'><strong>historia</strong></span> <span class='ocrx_word' id='word_1_360' title='bbox 1254 553 1321 580; x_wconf 89' lang='lat' dir='ltr'><strong>nihil</strong></span> <span class='ocrx_word' id='word_1_361' title='bbox 1338 553 1440 581; x_wconf 77' lang='lat' dir='ltr'><strong>atl‘erat.</strong></span> <span class='ocrx_word' id='word_1_362' title='bbox 1460 553 1494 581; x_wconf 82' lang='lat' dir='ltr'><strong>Et</strong></span> <span class='ocrx_word' id='word_1_363' title='bbox 1516 554 1625 588; x_wconf 88' lang='lat' dir='ltr'><strong>quidem</strong></span> <span class='ocrx_word' id='word_1_364' title='bbox 1642 561 1691 589; x_wconf 91' lang='lat' dir='ltr'><strong>pro</strong></span> 
     </span>
    </p>
   </div>
   <div class='ocr_carea' id='block_1_56' title="bbox 900 598 1689 635">
    <p class='ocr_par' dir='ltr' id='par_1_56' title="bbox 900 598 1689 635">
     <span class='ocr_line' id='line_1_56' title="bbox 900 598 1689 635; baseline 0.003 -9"><span class='ocrx_word' id='word_1_365' title='bbox 900 599 1031 634; x_wconf 77' lang='lat' dir='ltr'><strong>anouymi</strong></span> <span class='ocrx_word' id='word_1_366' title='bbox 1050 599 1137 634; x_wconf 86' lang='lat' dir='ltr'><strong>ipsius</strong></span> <span class='ocrx_word' id='word_1_367' title='bbox 1152 598 1313 633; x_wconf 76' lang='lat' dir='ltr'><strong>episcopatu</strong></span> <span class='ocrx_word' id='word_1_368' title='bbox 1337 599 1402 634; x_wconf 90' lang='lat' dir='ltr'><strong>quid</strong></span> <span class='ocrx_word' id='word_1_369' title='bbox 1427 599 1517 627; x_wconf 67' lang='lat' dir='ltr'><strong>alieni</strong></span> <span class='ocrx_word' id='word_1_370' title='bbox 1534 601 1620 635; x_wconf 90' lang='lat' dir='ltr'><strong>possit</strong></span> <span class='ocrx_word' id='word_1_371' title='bbox 1635 609 1689 628; x_wconf 87' lang='lat' dir='ltr'><strong>non</strong></span> 
     </span>
    </p>
   </div>
   <div class='ocr_carea' id='block_1_57' title="bbox 901 643 1690 681">
    <p class='ocr_par' dir='ltr' id='par_1_57' title="bbox 901 643 1690 681">
     <span class='ocr_line' id='line_1_57' title="bbox 901 643 1690 681; baseline 0.005 -11"><span class='ocrx_word' id='word_1_372' title='bbox 901 644 991 675; x_wconf 88' lang='lat' dir='ltr'><strong>video,</strong></span> <span class='ocrx_word' id='word_1_373' title='bbox 1005 644 1027 671; x_wconf 91' lang='lat' dir='ltr'><strong>si</strong></span> <span class='ocrx_word' id='word_1_374' title='bbox 1050 644 1133 671; x_wconf 90' lang='lat' dir='ltr'><strong>verba</strong></span> <span class='ocrx_word' id='word_1_375' title='bbox 1158 644 1230 679; x_wconf 92' lang='lat' dir='ltr'><strong>apud</strong></span> <span class='ocrx_word' id='word_1_376' title='bbox 1254 643 1402 672; x_wconf 87' lang='lat' dir='ltr'><strong>Eusebium</strong></span> <span class='ocrx_word' id='word_1_377' title='bbox 1426 650 1546 680; x_wconf 87' lang='lat' dir='ltr'><strong>spectes;</strong></span> <span class='ocrx_word' id='word_1_378' title='bbox 1570 646 1642 681; x_wconf 91' lang='lat' dir='ltr'><strong>quod</strong></span> <span class='ocrx_word' id='word_1_379' title='bbox 1666 646 1690 674; x_wconf 90' lang='lat' dir='ltr'><strong>si</strong></span> 
     </span>
    </p>
   </div>
   <div class='ocr_carea' id='block_1_58' title="bbox 902 688 1692 727">
    <p class='ocr_par' dir='ltr' id='par_1_58' title="bbox 902 688 1692 727">
     <span class='ocr_line' id='line_1_58' title="bbox 902 688 1692 727; baseline 0.005 -11"><span class='ocrx_word' id='word_1_380' title='bbox 902 688 1224 726; x_wconf 77' lang='lat' dir='ltr'><strong>Ruitinuminterprctem</strong></span> <span class='ocrx_word' id='word_1_381' title='bbox 1241 691 1379 725; x_wconf 88' lang='lat' dir='ltr'><strong>consulas,</strong></span> <span class='ocrx_word' id='word_1_382' title='bbox 1394 697 1450 725; x_wconf 88' lang='lat' dir='ltr'><strong>aut,</strong></span> <span class='ocrx_word' id='word_1_383' title='bbox 1468 692 1514 727; x_wconf 90' lang='lat' dir='ltr'><strong>qui</strong></span> <span class='ocrx_word' id='word_1_384' title='bbox 1529 700 1591 720; x_wconf 91' lang='lat' dir='ltr'><strong>eum</strong></span> <span class='ocrx_word' id='word_1_385' title='bbox 1611 701 1692 720; x_wconf 66' lang='lat' dir='ltr'><strong>secuo</strong></span> 
     </span>
    </p>
   </div>
   <div class='ocr_carea' id='block_1_59' title="bbox 901 736 1691 773">
    <p class='ocr_par' dir='ltr' id='par_1_59' title="bbox 901 736 1691 773">
     <span class='ocr_line' id='line_1_59' title="bbox 901 736 1691 773; baseline 0.004 -10"><span class='ocrx_word' id='word_1_386' title='bbox 901 740 945 764; x_wconf 91' lang='lat' dir='ltr'><strong>tus</strong></span> <span class='ocrx_word' id='word_1_387' title='bbox 969 741 1027 768; x_wconf 91' lang='lat' dir='ltr'><strong>est,</strong></span> <span class='ocrx_word' id='word_1_388' title='bbox 1044 736 1227 773; x_wconf 76' lang='lat' dir='ltr'><strong>Martyrologii</strong></span> <span class='ocrx_word' id='word_1_389' title='bbox 1244 736 1361 764; x_wconf 76' lang='lat' dir='ltr'><strong>Romani</strong></span> <span class='ocrx_word' id='word_1_390' title='bbox 1377 742 1517 765; x_wconf 87' lang='lat' dir='ltr'><strong>auctorem</strong></span> <span class='ocrx_word' id='word_1_391' title='bbox 1535 737 1625 766; x_wconf 79' lang='lat' dir='ltr'><strong>Martii</strong></span> <span class='ocrx_word' id='word_1_392' title='bbox 1641 739 1691 772; x_wconf 76' lang='grc'><strong>10,</strong></span> 
     </span>
    </p>
   </div>
   <div class='ocr_carea' id='block_1_60' title="bbox 901 783 1692 820">
    <p class='ocr_par' dir='ltr' id='par_1_60' title="bbox 901 783 1692 820">
     <span class='ocr_line' id='line_1_60' title="bbox 901 783 1692 820; baseline 0.004 -10"><span class='ocrx_word' id='word_1_393' title='bbox 901 784 954 811; x_wconf 89' lang='lat' dir='ltr'><strong>erit</strong></span> <span class='ocrx_word' id='word_1_394' title='bbox 969 784 1135 818; x_wconf 85' lang='lat' dir='ltr'><strong>Apollinaris</strong></span> <span class='ocrx_word' id='word_1_395' title='bbox 1156 783 1378 820; x_wconf 81' lang='lat' dir='ltr'><strong>llierapolitanus</strong></span> <span class='ocrx_word' id='word_1_396' title='bbox 1403 785 1557 820; x_wconf 88' lang='lat' dir='ltr'><strong>episcopus.</strong></span> <span class='ocrx_word' id='word_1_397' title='bbox 1577 785 1628 813; x_wconf 88' lang='lat' dir='ltr'><strong>Sed</strong></span> <span class='ocrx_word' id='word_1_398' title='bbox 1648 794 1692 813; x_wconf 92' lang='lat' dir='ltr'><strong>er-</strong></span> 
     </span>
    </p>
   </div>
   <div class='ocr_carea' id='block_1_61' title="bbox 902 831 1693 865">
    <p class='ocr_par' dir='ltr' id='par_1_61' title="bbox 902 831 1693 865">
     <span class='ocr_line' id='line_1_61' title="bbox 902 831 1693 865; baseline 0.003 -7"><span class='ocrx_word' id='word_1_399' title='bbox 902 838 978 858; x_wconf 83' lang='lat' dir='ltr'><strong>rasse</strong></span> <span class='ocrx_word' id='word_1_400' title='bbox 987 831 1124 858; x_wconf 70' lang='lat' dir='ltr'><strong>Bullinum</strong></span> <span class='ocrx_word' id='word_1_401' title='bbox 1137 835 1261 865; x_wconf 87' lang='lat' dir='ltr'><strong>constat;</strong></span> <span class='ocrx_word' id='word_1_402' title='bbox 1277 839 1332 858; x_wconf 93' lang='lat' dir='ltr'><strong>non</strong></span> <span class='ocrx_word' id='word_1_403' title='bbox 1345 831 1417 859; x_wconf 93' lang='lat' dir='ltr'><strong>enim</strong></span> <span class='ocrx_word' id='word_1_404' title='bbox 1430 831 1565 859; x_wconf 85' lang='lat' dir='ltr'><strong>Eusebius</strong></span> <span class='ocrx_word' id='word_1_405' title='bbox 1575 832 1693 860; x_wconf 82' lang='lat' dir='ltr'><strong>allirmat</strong></span> 
     </span>
    </p>
   </div>
   <div class='ocr_carea' id='block_1_62' title="bbox 902 876 1692 914">
    <p class='ocr_par' dir='ltr' id='par_1_62' title="bbox 902 876 1692 914">
     <span class='ocr_line' id='line_1_62' title="bbox 902 876 1692 914; baseline 0.006 -12"><span class='ocrx_word' id='word_1_406' title='bbox 902 876 1085 911; x_wconf 85' lang='lat' dir='ltr'><strong>Apollinarem</strong></span> <span class='ocrx_word' id='word_1_407' title='bbox 1105 877 1162 904; x_wconf 66' lang='lat' dir='ltr'><strong>haec</strong></span> <span class='ocrx_word' id='word_1_408' title='bbox 1187 878 1342 913; x_wconf 87' lang='lat' dir='ltr'><strong>scripsisse,</strong></span> <span class='ocrx_word' id='word_1_409' title='bbox 1364 878 1410 906; x_wconf 89' lang='lat' dir='ltr'><strong>sed</strong></span> <span class='ocrx_word' id='word_1_410' title='bbox 1434 879 1517 906; x_wconf 90' lang='lat' dir='ltr'><strong>alium</strong></span> <span class='ocrx_word' id='word_1_411' title='bbox 1543 880 1692 914; x_wconf 91' lang='lat' dir='ltr'><strong>quemdam</strong></span> 
     </span>
    </p>
   </div>
   <div class='ocr_carea' id='block_1_63' title="bbox 865 916 1694 960">
    <p class='ocr_par' dir='ltr' id='par_1_63' title="bbox 865 916 1694 960">
     <span class='ocr_line' id='line_1_63' title="bbox 865 916 1694 960; baseline 0.005 -12"><span class='ocrx_word' id='word_1_412' title='bbox 865 916 887 945; x_wconf 82' lang='grc' dir='ltr'><strong>Β</strong></span> <span class='ocrx_word' id='word_1_413' title='bbox 902 929 935 949; x_wconf 76' lang='lat' dir='ltr'><strong>ex</strong></span> <span class='ocrx_word' id='word_1_414' title='bbox 951 922 1142 957; x_wconf 86' lang='lat' dir='ltr'><strong>eloquentibus</strong></span> <span class='ocrx_word' id='word_1_415' title='bbox 1158 923 1223 951; x_wconf 91' lang='lat' dir='ltr'><strong>viris</strong></span> <span class='ocrx_word' id='word_1_416' title='bbox 1245 931 1315 958; x_wconf 88' lang='lat' dir='ltr'><strong>quos</strong></span> <span class='ocrx_word' id='word_1_417' title='bbox 1326 923 1476 958; x_wconf 85' lang='lat' dir='ltr'><strong>Apollinari</strong></span> <span class='ocrx_word' id='word_1_418' title='bbox 1504 924 1636 960; x_wconf 67' lang='lat' dir='ltr'><strong>adjungit,</strong></span> <span class='ocrx_word' id='word_1_419' title='bbox 1663 929 1694 952; x_wconf 92' lang='lat' dir='ltr'><strong>ut</strong></span> 
     </span>
    </p>
   </div>
   <div class='ocr_carea' id='block_1_64' title="bbox 898 967 1695 1003">
    <p class='ocr_par' dir='ltr' id='par_1_64' title="bbox 898 967 1695 1003">
     <span class='ocr_line' id='line_1_64' title="bbox 898 967 1695 1003; baseline 0.006 -8"><span class='ocrx_word' id='word_1_420' title='bbox 898 967 1065 1003; x_wconf 83' lang='lat' dir='ltr'><strong>jampridem</strong></span> <span class='ocrx_word' id='word_1_421' title='bbox 1089 977 1105 996; x_wconf 84' lang='lat' dir='ltr'><strong>a</strong></span> <span class='ocrx_word' id='word_1_422' title='bbox 1128 969 1195 997; x_wconf 75' lang='lat' dir='ltr'><strong>viris</strong></span> <span class='ocrx_word' id='word_1_423' title='bbox 1221 970 1309 998; x_wconf 89' lang='lat' dir='ltr'><strong>doctis</strong></span> <span class='ocrx_word' id='word_1_424' title='bbox 1334 969 1469 998; x_wconf 77' lang='lat' dir='ltr'><strong>Halloixio</strong></span> <span class='ocrx_word' id='word_1_425' title='bbox 1487 976 1513 998; x_wconf 91' lang='lat' dir='ltr'><strong>et</strong></span> <span class='ocrx_word' id='word_1_426' title='bbox 1535 971 1643 999; x_wconf 68' lang='lat' dir='ltr'><strong>V&#39;alesio</strong></span> <span class='ocrx_word' id='word_1_427' title='bbox 1666 977 1695 1000; x_wconf 86' lang='lat' dir='ltr'><strong>et</strong></span> 
     </span>
    </p>
   </div>
   <div class='ocr_carea' id='block_1_65' title="bbox 901 1014 1694 1052">
    <p class='ocr_par' dir='ltr' id='par_1_65' title="bbox 901 1014 1694 1052">
     <span class='ocr_line' id='line_1_65' title="bbox 901 1014 1694 1052; baseline 0.008 -11"><span class='ocrx_word' id='word_1_428' title='bbox 901 1014 1077 1042; x_wconf 85' lang='lat' dir='ltr'><strong>observatum</strong></span> <span class='ocrx_word' id='word_1_429' title='bbox 1104 1020 1131 1043; x_wconf 88' lang='lat' dir='ltr'><strong>et</strong></span> <span class='ocrx_word' id='word_1_430' title='bbox 1153 1016 1261 1044; x_wconf 90' lang='lat' dir='ltr'><strong>abunde</strong></span> <span class='ocrx_word' id='word_1_431' title='bbox 1290 1016 1434 1052; x_wconf 86' lang='lat' dir='ltr'><strong>probatum</strong></span> <span class='ocrx_word' id='word_1_432' title='bbox 1460 1022 1511 1045; x_wconf 89' lang='lat' dir='ltr'><strong>est.</strong></span> <span class='ocrx_word' id='word_1_433' title='bbox 1537 1018 1575 1046; x_wconf 87' lang='lat' dir='ltr'><strong>De</strong></span> <span class='ocrx_word' id='word_1_434' title='bbox 1598 1019 1694 1047; x_wconf 85' lang='lat' dir='ltr'><strong>Zotico</strong></span> 
     </span>
    </p>
   </div>
   <div class='ocr_carea' id='block_1_66' title="bbox 900 1060 1692 1098">
    <p class='ocr_par' dir='ltr' id='par_1_66' title="bbox 900 1060 1692 1098">
     <span class='ocr_line' id='line_1_66' title="bbox 900 1060 1692 1098; baseline 0.005 -11"><span class='ocrx_word' id='word_1_435' title='bbox 900 1060 973 1094; x_wconf 91' lang='lat' dir='ltr'><strong>quod</strong></span> <span class='ocrx_word' id='word_1_436' title='bbox 987 1061 1035 1093; x_wconf 87' lang='lat' dir='ltr'><strong>ait,</strong></span> <span class='ocrx_word' id='word_1_437' title='bbox 1052 1061 1225 1096; x_wconf 88' lang='lat' dir='ltr'><strong>apertissima</strong></span> <span class='ocrx_word' id='word_1_438' title='bbox 1248 1061 1356 1090; x_wconf 79' lang='lat' dir='ltr'><strong>fallacia</strong></span> <span class='ocrx_word' id='word_1_439' title='bbox 1370 1067 1421 1090; x_wconf 89' lang='lat' dir='ltr'><strong>est.</strong></span> <span class='ocrx_word' id='word_1_440' title='bbox 1445 1062 1567 1090; x_wconf 89' lang='lat' dir='ltr'><strong>Zoticum</strong></span> <span class='ocrx_word' id='word_1_441' title='bbox 1582 1064 1692 1098; x_wconf 87' lang='lat' dir='ltr'><strong>quidem</strong></span> 
     </span>
    </p>
   </div>
   <div class='ocr_carea' id='block_1_67' title="bbox 901 1106 1694 1144">
    <p class='ocr_par' dir='ltr' id='par_1_67' title="bbox 901 1106 1694 1144">
     <span class='ocr_line' id='line_1_67' title="bbox 901 1106 1694 1144; baseline 0.006 -12"><span class='ocrx_word' id='word_1_442' title='bbox 901 1106 1150 1142; x_wconf 85' lang='lat' dir='ltr'><strong>compresbyterum</strong></span> <span class='ocrx_word' id='word_1_443' title='bbox 1178 1115 1257 1135; x_wconf 89' lang='lat' dir='ltr'><strong>suum</strong></span> <span class='ocrx_word' id='word_1_444' title='bbox 1280 1111 1375 1140; x_wconf 81' lang='lat' dir='ltr'><strong>vocat,</strong></span> <span class='ocrx_word' id='word_1_445' title='bbox 1397 1109 1449 1136; x_wconf 91' lang='lat' dir='ltr'><strong>sibi</strong></span> <span class='ocrx_word' id='word_1_446' title='bbox 1466 1109 1492 1135; x_wconf 91' lang='lat' dir='ltr'><strong>in</strong></span> <span class='ocrx_word' id='word_1_447' title='bbox 1510 1109 1694 1144; x_wconf 85' lang='lat' dir='ltr'><strong>disputatione</strong></span> 
     </span>
    </p>
   </div>
   <div class='ocr_carea' id='block_1_68' title="bbox 901 1151 1693 1190">
    <p class='ocr_par' dir='ltr' id='par_1_68' title="bbox 901 1151 1693 1190">
     <span class='ocr_line' id='line_1_68' title="bbox 901 1151 1693 1190; baseline 0.008 -13"><span class='ocrx_word' id='word_1_448' title='bbox 901 1158 964 1178; x_wconf 90' lang='lat' dir='ltr'><strong>cum</strong></span> <span class='ocrx_word' id='word_1_449' title='bbox 989 1151 1162 1181; x_wconf 74' lang='lat' dir='ltr'><strong>Montanistis</strong></span> <span class='ocrx_word' id='word_1_450' title='bbox 1187 1158 1338 1187; x_wconf 88' lang='lat' dir='ltr'><strong>astantem;</strong></span> <span class='ocrx_word' id='word_1_451' title='bbox 1351 1154 1474 1182; x_wconf 86' lang='lat' dir='ltr'><strong>Zoticum</strong></span> <span class='ocrx_word' id='word_1_452' title='bbox 1489 1156 1572 1182; x_wconf 85' lang='lat' dir='ltr'><strong>etiam</strong></span> <span class='ocrx_word' id='word_1_453' title='bbox 1587 1155 1693 1190; x_wconf 84' lang='lat' dir='ltr'><strong>episco-</strong></span> 
     </span>
    </p>
   </div>
   <div class='ocr_carea' id='block_1_69' title="bbox 901 1199 1693 1237">
    <p class='ocr_par' dir='ltr' id='par_1_69' title="bbox 901 1199 1693 1237">
     <span class='ocr_line' id='line_1_69' title="bbox 901 1199 1693 1237; baseline 0.005 -13"><span class='ocrx_word' id='word_1_454' title='bbox 901 1205 966 1232; x_wconf 92' lang='lat' dir='ltr'><strong>pum</strong></span> <span class='ocrx_word' id='word_1_455' title='bbox 981 1203 1077 1232; x_wconf 86' lang='lat' dir='ltr'><strong>vocat;</strong></span> <span class='ocrx_word' id='word_1_456' title='bbox 1095 1199 1142 1226; x_wconf 84' lang='lat' dir='ltr'><strong>sed</strong></span> <span class='ocrx_word' id='word_1_457' title='bbox 1162 1199 1207 1227; x_wconf 87' lang='lat' dir='ltr'><strong>ille</strong></span> <span class='ocrx_word' id='word_1_458' title='bbox 1222 1208 1303 1235; x_wconf 86' lang='lat' dir='ltr'><strong>quem</strong></span> <span class='ocrx_word' id='word_1_459' title='bbox 1321 1201 1575 1236; x_wconf 84' lang='lat' dir='ltr'><strong>compresbyterunt</strong></span> <span class='ocrx_word' id='word_1_460' title='bbox 1600 1202 1693 1237; x_wconf 86' lang='lat' dir='ltr'><strong>appel-</strong></span> 
     </span>
    </p>
   </div>
   <div class='ocr_carea' id='block_1_70' title="bbox 903 1243 1691 1282">
    <p class='ocr_par' dir='ltr' id='par_1_70' title="bbox 903 1243 1691 1282">
     <span class='ocr_line' id='line_1_70' title="bbox 903 1243 1691 1282; baseline 0.008 -12"><span class='ocrx_word' id='word_1_461' title='bbox 903 1243 951 1275; x_wconf 87' lang='lat' dir='ltr'><strong>lat,</strong></span> <span class='ocrx_word' id='word_1_462' title='bbox 968 1243 1087 1271; x_wconf 87' lang='lat' dir='ltr'><strong>Otrenus</strong></span> <span class='ocrx_word' id='word_1_463' title='bbox 1112 1244 1181 1278; x_wconf 77' lang='lat' dir='ltr'><strong>fuit;</strong></span> <span class='ocrx_word' id='word_1_464' title='bbox 1198 1245 1243 1273; x_wconf 91' lang='lat' dir='ltr'><strong>ille</strong></span> <span class='ocrx_word' id='word_1_465' title='bbox 1267 1253 1349 1280; x_wconf 91' lang='lat' dir='ltr'><strong>quem</strong></span> <span class='ocrx_word' id='word_1_466' title='bbox 1372 1247 1532 1282; x_wconf 85' lang='lat' dir='ltr'><strong>episcopum</strong></span> <span class='ocrx_word' id='word_1_467' title='bbox 1556 1248 1691 1282; x_wconf 90' lang='lat' dir='ltr'><strong>nominat,</strong></span> 
     </span>
    </p>
   </div>
   <div class='ocr_carea' id='block_1_71' title="bbox 903 1289 1694 1328">
    <p class='ocr_par' dir='ltr' id='par_1_71' title="bbox 903 1289 1694 1328">
     <span class='ocr_line' id='line_1_71' title="bbox 903 1289 1694 1328; baseline 0.008 -12"><span class='ocrx_word' id='word_1_468' title='bbox 903 1289 1094 1318; x_wconf 86' lang='lat' dir='ltr'><strong>Comanensis.</strong></span> <span class='ocrx_word' id='word_1_469' title='bbox 1110 1290 1206 1318; x_wconf 90' lang='lat' dir='ltr'><strong>Otrum</strong></span> <span class='ocrx_word' id='word_1_470' title='bbox 1233 1291 1260 1318; x_wconf 90' lang='lat' dir='ltr'><strong>in</strong></span> <span class='ocrx_word' id='word_1_471' title='bbox 1284 1291 1401 1328; x_wconf 79' lang='lat' dir='ltr'><strong>Phrygia</strong></span> <span class='ocrx_word' id='word_1_472' title='bbox 1428 1293 1694 1327; x_wconf 71' lang='lat' dir='ltr'><strong>Salutari,Comena</strong></span> 
     </span>
    </p>
   </div>
   <div class='ocr_carea' id='block_1_72' title="bbox 903 1335 1694 1374">
    <p class='ocr_par' dir='ltr' id='par_1_72' title="bbox 903 1335 1694 1374">
     <span class='ocr_line' id='line_1_72' title="bbox 903 1335 1694 1374; baseline 0.006 -12"><span class='ocrx_word' id='word_1_473' title='bbox 903 1335 930 1362; x_wconf 89' lang='lat' dir='ltr'><strong>in</strong></span> <span class='ocrx_word' id='word_1_474' title='bbox 944 1336 1072 1363; x_wconf 87' lang='lat' dir='ltr'><strong>Armenia</strong></span> <span class='ocrx_word' id='word_1_475' title='bbox 1087 1338 1206 1364; x_wconf 83' lang='lat' dir='ltr'><strong>secunda</strong></span> <span class='ocrx_word' id='word_1_476' title='bbox 1222 1337 1283 1365; x_wconf 78' lang='lat' dir='ltr'><strong>fuit.</strong></span> <span class='ocrx_word' id='word_1_477' title='bbox 1307 1337 1425 1366; x_wconf 90' lang='lat' dir='ltr'><strong>Otrenus</strong></span> <span class='ocrx_word' id='word_1_478' title='bbox 1447 1339 1497 1374; x_wconf 90' lang='lat' dir='ltr'><strong>ipsi</strong></span> <span class='ocrx_word' id='word_1_479' title='bbox 1513 1344 1604 1367; x_wconf 88' lang='lat' dir='ltr'><strong>astare</strong></span> <span class='ocrx_word' id='word_1_480' title='bbox 1625 1340 1694 1368; x_wconf 88' lang='lat' dir='ltr'><strong>dici-</strong></span> 
     </span>
    </p>
   </div>
   <div class='ocr_carea' id='block_1_73' title="bbox 902 1383 1694 1418">
    <p class='ocr_par' dir='ltr' id='par_1_73' title="bbox 902 1383 1694 1418">
     <span class='ocr_line' id='line_1_73' title="bbox 902 1383 1694 1418; baseline 0.009 -10"><span class='ocrx_word' id='word_1_481' title='bbox 902 1386 958 1414; x_wconf 88' lang='lat' dir='ltr'><strong>tur,</strong></span> <span class='ocrx_word' id='word_1_482' title='bbox 974 1390 1035 1409; x_wconf 90' lang='lat' dir='ltr'><strong>cum</strong></span> <span class='ocrx_word' id='word_1_483' title='bbox 1049 1383 1106 1416; x_wconf 88' lang='lat' dir='ltr'><strong>jam</strong></span> <span class='ocrx_word' id='word_1_484' title='bbox 1129 1383 1162 1410; x_wconf 79' lang='grc'><strong>15</strong></span> <span class='ocrx_word' id='word_1_485' title='bbox 1184 1389 1247 1418; x_wconf 82' lang='lat' dir='ltr'><strong>post</strong></span> <span class='ocrx_word' id='word_1_486' title='bbox 1261 1389 1376 1412; x_wconf 81' lang='lat' dir='ltr'><strong>mortem</strong></span> <span class='ocrx_word' id='word_1_487' title='bbox 1396 1384 1552 1414; x_wconf 69' lang='lat' dir='ltr'><strong>Maximillae</strong></span> <span class='ocrx_word' id='word_1_488' title='bbox 1564 1387 1628 1414; x_wconf 87' lang='lat' dir='ltr'><strong>anui</strong></span> <span class='ocrx_word' id='word_1_489' title='bbox 1643 1388 1694 1415; x_wconf 83' lang='lat' dir='ltr'><strong>ﬂu-</strong></span> 
     </span>
    </p>
   </div>
   <div class='ocr_carea' id='block_1_74' title="bbox 902 1428 1694 1466">
    <p class='ocr_par' dir='ltr' id='par_1_74' title="bbox 902 1428 1694 1466">
     <span class='ocr_line' id='line_1_74' title="bbox 902 1428 1694 1466; baseline 0.008 -11"><span class='ocrx_word' id='word_1_490' title='bbox 902 1428 1006 1456; x_wconf 80' lang='lat' dir='ltr'><strong>xissent</strong></span> <span class='ocrx_word' id='word_1_491' title='bbox 1016 1437 1023 1461; x_wconf 90' lang='lat'><strong>;</strong></span> <span class='ocrx_word' id='word_1_492' title='bbox 1035 1428 1215 1456; x_wconf 81' lang='lat' dir='ltr'><strong>Comanensis</strong></span> <span class='ocrx_word' id='word_1_493' title='bbox 1224 1430 1391 1458; x_wconf 77' lang='lat' dir='ltr'><strong>examinavit</strong></span> <span class='ocrx_word' id='word_1_494' title='bbox 1401 1432 1526 1466; x_wconf 87' lang='lat' dir='ltr'><strong>spiritum</strong></span> <span class='ocrx_word' id='word_1_495' title='bbox 1540 1432 1694 1462; x_wconf 64' lang='lat' dir='ltr'><strong>Maximilla:</strong></span> 
     </span>
    </p>
   </div>
   <div class='ocr_carea' id='block_1_75' title="bbox 902 1475 1692 1516">
    <p class='ocr_par' dir='ltr' id='par_1_75' title="bbox 902 1475 1692 1516">
     <span class='ocr_line' id='line_1_75' title="bbox 902 1475 1692 1516; baseline 0.008 -14"><span class='ocrx_word' id='word_1_496' title='bbox 902 1475 966 1503; x_wconf 88' lang='lat' dir='ltr'><strong>dum</strong></span> <span class='ocrx_word' id='word_1_497' title='bbox 991 1475 1080 1503; x_wconf 80' lang='lat' dir='ltr'><strong>adhuc</strong></span> <span class='ocrx_word' id='word_1_498' title='bbox 1101 1475 1204 1503; x_wconf 83' lang='lat' dir='ltr'><strong>viveret</strong></span> <span class='ocrx_word' id='word_1_499' title='bbox 1225 1480 1252 1503; x_wconf 87' lang='lat' dir='ltr'><strong>et</strong></span> <span class='ocrx_word' id='word_1_500' title='bbox 1280 1477 1424 1504; x_wconf 86' lang='lat' dir='ltr'><strong>insaniret.</strong></span> <span class='ocrx_word' id='word_1_501' title='bbox 1443 1477 1501 1506; x_wconf 87' lang='lat' dir='ltr'><strong>Duo</strong></span> <span class='ocrx_word' id='word_1_502' title='bbox 1525 1478 1608 1514; x_wconf 81' lang='lat' dir='ltr'><strong>igitur</strong></span> <span class='ocrx_word' id='word_1_503' title='bbox 1621 1481 1692 1516; x_wconf 88' lang='lat' dir='ltr'><strong>apud</strong></span> 
     </span>
    </p>
   </div>
   <div class='ocr_carea' id='block_1_76' title="bbox 903 1521 1695 1560">
    <p class='ocr_par' dir='ltr' id='par_1_76' title="bbox 903 1521 1695 1560">
     <span class='ocr_line' id='line_1_76' title="bbox 903 1521 1695 1560; baseline 0.006 -11"><span class='ocrx_word' id='word_1_504' title='bbox 903 1529 1067 1558; x_wconf 84' lang='lat' dir='ltr'><strong>anonymum</strong></span> <span class='ocrx_word' id='word_1_505' title='bbox 1085 1521 1170 1549; x_wconf 89' lang='lat' dir='ltr'><strong>Zotici</strong></span> <span class='ocrx_word' id='word_1_506' title='bbox 1195 1521 1324 1555; x_wconf 82' lang='lat' dir='ltr'><strong>fuerunt,</strong></span> <span class='ocrx_word' id='word_1_507' title='bbox 1350 1524 1491 1559; x_wconf 87' lang='lat' dir='ltr'><strong>presbyter</strong></span> <span class='ocrx_word' id='word_1_508' title='bbox 1512 1524 1630 1553; x_wconf 92' lang='lat' dir='ltr'><strong>Otrenus</strong></span> <span class='ocrx_word' id='word_1_509' title='bbox 1642 1548 1650 1560; x_wconf 92' lang='lat'><strong>,</strong></span> <span class='ocrx_word' id='word_1_510' title='bbox 1666 1532 1695 1555; x_wconf 88' lang='lat' dir='ltr'><strong>et</strong></span> 
     </span>
    </p>
   </div>
   <div class='ocr_carea' id='block_1_77' title="bbox 905 1567 1694 1605">
    <p class='ocr_par' dir='ltr' id='par_1_77' title="bbox 905 1567 1694 1605">
     <span class='ocr_line' id='line_1_77' title="bbox 905 1567 1694 1605; baseline 0.009 -11"><span class='ocrx_word' id='word_1_511' title='bbox 905 1568 1049 1603; x_wconf 89' lang='lat' dir='ltr'><strong>episcopus</strong></span> <span class='ocrx_word' id='word_1_512' title='bbox 1063 1568 1252 1596; x_wconf 87' lang='lat' dir='ltr'><strong>Comanensis.</strong></span> <span class='ocrx_word' id='word_1_513' title='bbox 1270 1567 1344 1596; x_wconf 85' lang='lat' dir='ltr'><strong>Vidit</strong></span> <span class='ocrx_word' id='word_1_514' title='bbox 1364 1569 1422 1597; x_wconf 71' lang='lat' dir='ltr'><strong>haec</strong></span> <span class='ocrx_word' id='word_1_515' title='bbox 1437 1571 1694 1605; x_wconf 76' lang='lat' dir='ltr'><strong>perspicacissimus</strong></span> 
     </span>
    </p>
   </div>
   <div class='ocr_carea' id='block_1_78' title="bbox 905 1613 1694 1651">
    <p class='ocr_par' dir='ltr' id='par_1_78' title="bbox 905 1613 1694 1651">
     <span class='ocr_line' id='line_1_78' title="bbox 905 1613 1694 1651; baseline 0.008 -11"><span class='ocrx_word' id='word_1_516' title='bbox 905 1613 938 1640; x_wconf 84' lang='lat' dir='ltr'><strong>ll.</strong></span> <span class='ocrx_word' id='word_1_517' title='bbox 954 1613 1079 1641; x_wconf 80' lang='lat' dir='ltr'><strong>Valesius</strong></span> <span class='ocrx_word' id='word_1_518' title='bbox 1095 1618 1121 1641; x_wconf 90' lang='lat' dir='ltr'><strong>et</strong></span> <span class='ocrx_word' id='word_1_519' title='bbox 1136 1614 1289 1647; x_wconf 82' lang='lat' dir='ltr'><strong>admonuit,</strong></span> <span class='ocrx_word' id='word_1_520' title='bbox 1305 1623 1316 1640; x_wconf 74' lang='grc' dir='ltr'><strong><em>ι</em></strong></span> <span class='ocrx_word' id='word_1_521' title='bbox 1333 1614 1556 1651; x_wconf 74' lang='lat' dir='ltr'><strong>distinguendum</strong></span> <span class='ocrx_word' id='word_1_522' title='bbox 1579 1618 1623 1646; x_wconf 88' lang='lat' dir='ltr'><strong>hic</strong></span> <span class='ocrx_word' id='word_1_523' title='bbox 1641 1618 1694 1646; x_wconf 79' lang='lat' dir='ltr'><strong>Zo-</strong></span> 
     </span>
    </p>
   </div>
   <div class='ocr_carea' id='block_1_79' title="bbox 904 1659 1693 1695">
    <p class='ocr_par' dir='ltr' id='par_1_79' title="bbox 904 1659 1693 1695">
     <span class='ocr_line' id='line_1_79' title="bbox 904 1659 1693 1695; baseline 0.006 -8"><span class='ocrx_word' id='word_1_524' title='bbox 904 1660 988 1687; x_wconf 85' lang='lat' dir='ltr'><strong>ticum</strong></span> <span class='ocrx_word' id='word_1_525' title='bbox 1004 1659 1136 1687; x_wconf 88' lang='lat' dir='ltr'><strong>OIrenum</strong></span> <span class='ocrx_word' id='word_1_526' title='bbox 1163 1667 1178 1687; x_wconf 90' lang='lat' dir='ltr'><strong>a</strong></span> <span class='ocrx_word' id='word_1_527' title='bbox 1203 1659 1297 1687; x_wconf 87' lang='lat' dir='ltr'><strong>Zotico</strong></span> <span class='ocrx_word' id='word_1_528' title='bbox 1311 1660 1492 1695; x_wconf 71' lang='lat' dir='ltr'><strong>(Iomanensi;</strong></span> <span class='ocrx_word' id='word_1_529' title='bbox 1517 1671 1579 1690; x_wconf 91' lang='lat' dir='ltr'><strong>nam</strong></span> <span class='ocrx_word' id='word_1_530' title='bbox 1592 1663 1693 1692; x_wconf 86' lang='lat' dir='ltr'><strong>Coma-</strong></span> 
     </span>
    </p>
   </div>
   <div class='ocr_carea' id='block_1_80' title="bbox 903 1705 1693 1744">
    <p class='ocr_par' dir='ltr' id='par_1_80' title="bbox 903 1705 1693 1744">
     <span class='ocr_line' id='line_1_80' title="bbox 903 1705 1693 1744; baseline 0.008 -12"><span class='ocrx_word' id='word_1_531' title='bbox 903 1706 997 1733; x_wconf 89' lang='lat' dir='ltr'><strong>nensis</strong></span> <span class='ocrx_word' id='word_1_532' title='bbox 1008 1705 1053 1732; x_wconf 90' lang='lat' dir='ltr'><strong>ille</strong></span> <span class='ocrx_word' id='word_1_533' title='bbox 1067 1706 1206 1741; x_wconf 90' lang='lat' dir='ltr'><strong>antiquior</strong></span> <span class='ocrx_word' id='word_1_534' title='bbox 1217 1705 1277 1733; x_wconf 81' lang='lat' dir='ltr'><strong>fuit.</strong></span> <span class='ocrx_word' id='word_1_535' title='bbox 1295 1716 1304 1732; x_wconf 72' lang='grc' dir='ltr'>ι</span> <span class='ocrx_word' id='word_1_536' title='bbox 1322 1706 1378 1734; x_wconf 88' lang='lat' dir='ltr'><strong>Cur</strong></span> <span class='ocrx_word' id='word_1_537' title='bbox 1388 1713 1479 1734; x_wconf 91' lang='lat' dir='ltr'><strong>autem</strong></span> <span class='ocrx_word' id='word_1_538' title='bbox 1493 1708 1564 1743; x_wconf 88' lang='lat' dir='ltr'><strong>illos,</strong></span> <span class='ocrx_word' id='word_1_539' title='bbox 1580 1710 1626 1744; x_wconf 90' lang='lat' dir='ltr'><strong>qui</strong></span> <span class='ocrx_word' id='word_1_540' title='bbox 1642 1710 1693 1738; x_wconf 75' lang='lat' dir='ltr'><strong>Ec-</strong></span> 
     </span>
    </p>
   </div>
   <div class='ocr_carea' id='block_1_81' title="bbox 905 1751 1693 1790">
    <p class='ocr_par' dir='ltr' id='par_1_81' title="bbox 905 1751 1693 1790">
     <span class='ocr_line' id='line_1_81' title="bbox 905 1751 1693 1790; baseline 0.005 -12"><span class='ocrx_word' id='word_1_541' title='bbox 905 1752 997 1779; x_wconf 72' lang='lat' dir='ltr'><strong>clesite</strong></span> <span class='ocrx_word' id='word_1_542' title='bbox 1021 1751 1172 1787; x_wconf 74' lang='lat' dir='ltr'><strong>Ancyranze</strong></span> <span class='ocrx_word' id='word_1_543' title='bbox 1198 1752 1349 1788; x_wconf 83' lang='lat' dir='ltr'><strong>presbyteri</strong></span> <span class='ocrx_word' id='word_1_544' title='bbox 1376 1758 1528 1787; x_wconf 82' lang='lat' dir='ltr'><strong>vocantur,</strong></span> <span class='ocrx_word' id='word_1_545' title='bbox 1549 1755 1693 1790; x_wconf 87' lang='lat' dir='ltr'><strong>episcopos</strong></span> 
     </span>
    </p>
   </div>
   <div class='ocr_carea' id='block_1_82' title="bbox 903 1799 1693 1838">
    <p class='ocr_par' dir='ltr' id='par_1_82' title="bbox 903 1799 1693 1838">
     <span class='ocr_line' id='line_1_82' title="bbox 903 1799 1693 1838; baseline 0.004 -12"><span class='ocrx_word' id='word_1_546' title='bbox 903 1799 996 1830; x_wconf 78' lang='lat' dir='ltr'><strong>faciat,</strong></span> <span class='ocrx_word' id='word_1_547' title='bbox 1011 1800 1108 1827; x_wconf 89' lang='lat' dir='ltr'><strong>miram</strong></span> <span class='ocrx_word' id='word_1_548' title='bbox 1127 1799 1260 1826; x_wconf 87' lang='lat' dir='ltr'><strong>rationem</strong></span> <span class='ocrx_word' id='word_1_549' title='bbox 1276 1800 1353 1827; x_wconf 84' lang='lat' dir='ltr'><strong>ail&#39;ert</strong></span> <span class='ocrx_word' id='word_1_550' title='bbox 1368 1800 1482 1828; x_wconf 64' lang='lat' dir='ltr'><strong>Dallaeus</strong></span> <span class='ocrx_word' id='word_1_551' title='bbox 1496 1810 1503 1828; x_wconf 90' lang='lat'><strong>:</strong></span> <span class='ocrx_word' id='word_1_552' title='bbox 1519 1810 1615 1837; x_wconf 88' lang='lat' dir='ltr'><strong>nempe</strong></span> <span class='ocrx_word' id='word_1_553' title='bbox 1629 1803 1693 1838; x_wconf 85' lang='lat' dir='ltr'><strong>quia</strong></span> 
     </span>
    </p>
   </div>
   <div class='ocr_carea' id='block_1_83' title="bbox 905 1847 1694 1884">
    <p class='ocr_par' dir='ltr' id='par_1_83' title="bbox 905 1847 1694 1884">
     <span class='ocr_line' id='line_1_83' title="bbox 905 1847 1694 1884; baseline 0.006 -13"><span class='ocrx_word' id='word_1_554' title='bbox 905 1852 1070 1880; x_wconf 91' lang='lat' dir='ltr'><strong>anonymum</strong></span> <span class='ocrx_word' id='word_1_555' title='bbox 1092 1855 1101 1871; x_wconf 77' lang='grc' dir='ltr'>ι</span> <span class='ocrx_word' id='word_1_556' title='bbox 1121 1850 1267 1881; x_wconf 75' lang='lat' dir='ltr'><strong>rogarunt,</strong></span> <span class='ocrx_word' id='word_1_557' title='bbox 1287 1851 1317 1873; x_wconf 91' lang='lat' dir='ltr'><strong>ut</strong></span> <span class='ocrx_word' id='word_1_558' title='bbox 1331 1854 1391 1881; x_wconf 68' lang='lat' dir='ltr'><strong>qua:</strong></span> <span class='ocrx_word' id='word_1_559' title='bbox 1407 1854 1498 1874; x_wconf 89' lang='lat' dir='ltr'><strong>coram</strong></span> <span class='ocrx_word' id='word_1_560' title='bbox 1521 1847 1586 1882; x_wconf 87' lang='lat' dir='ltr'><strong>ipsis</strong></span> <span class='ocrx_word' id='word_1_561' title='bbox 1599 1848 1694 1884; x_wconf 89' lang='lat' dir='ltr'><strong>dispu-</strong></span> 
     </span>
    </p>
   </div>
   <div class='ocr_carea' id='block_1_84' title="bbox 903 1891 1692 1928">
    <p class='ocr_par' dir='ltr' id='par_1_84' title="bbox 903 1891 1692 1928">
     <span class='ocr_line' id='line_1_84' title="bbox 903 1891 1692 1928; baseline 0.004 -10"><span class='ocrx_word' id='word_1_562' title='bbox 903 1895 1025 1924; x_wconf 89' lang='lat' dir='ltr'><strong>taverat,</strong></span> <span class='ocrx_word' id='word_1_563' title='bbox 1051 1891 1148 1919; x_wconf 87' lang='lat' dir='ltr'><strong>litteris</strong></span> <span class='ocrx_word' id='word_1_564' title='bbox 1180 1893 1310 1920; x_wconf 85' lang='lat' dir='ltr'><strong>mandare</strong></span> <span class='ocrx_word' id='word_1_565' title='bbox 1332 1893 1420 1920; x_wconf 85' lang='lat' dir='ltr'><strong>vellet.</strong></span> <span class='ocrx_word' id='word_1_566' title='bbox 1445 1893 1491 1920; x_wconf 90' lang='lat' dir='ltr'><strong>llla</strong></span> <span class='ocrx_word' id='word_1_567' title='bbox 1516 1894 1588 1921; x_wconf 91' lang='lat' dir='ltr'><strong>enim</strong></span> <span class='ocrx_word' id='word_1_568' title='bbox 1615 1902 1692 1928; x_wconf 86' lang='lat' dir='ltr'><strong>cura,</strong></span> 
     </span>
    </p>
   </div>
   <div class='ocr_carea' id='block_1_85' title="bbox 905 1937 1694 1976">
    <p class='ocr_par' dir='ltr' id='par_1_85' title="bbox 905 1937 1694 1976">
     <span class='ocr_line' id='line_1_85' title="bbox 905 1937 1694 1976; baseline 0.006 -12"><span class='ocrx_word' id='word_1_569' title='bbox 905 1937 1002 1972; x_wconf 78' lang='lat' dir='ltr'><strong>inquit,</strong></span> <span class='ocrx_word' id='word_1_570' title='bbox 1015 1938 1124 1973; x_wconf 87' lang='lat' dir='ltr'><strong>proprie</strong></span> <span class='ocrx_word' id='word_1_571' title='bbox 1144 1939 1177 1966; x_wconf 91' lang='lat' dir='ltr'><strong>ad</strong></span> <span class='ocrx_word' id='word_1_572' title='bbox 1196 1939 1357 1974; x_wconf 57' lang='lat' dir='ltr'><strong>praepositos</strong></span> <span class='ocrx_word' id='word_1_573' title='bbox 1376 1940 1457 1975; x_wconf 88' lang='lat' dir='ltr'><strong>primi</strong></span> <span class='ocrx_word' id='word_1_574' title='bbox 1479 1940 1584 1968; x_wconf 81' lang='lat' dir='ltr'><strong>ordinis</strong></span> <span class='ocrx_word' id='word_1_575' title='bbox 1607 1942 1694 1976; x_wconf 86' lang='lat' dir='ltr'><strong>perti-</strong></span> 
     </span>
    </p>
   </div>
   <div class='ocr_carea' id='block_1_86' title="bbox 903 1984 1694 2022">
    <p class='ocr_par' dir='ltr' id='par_1_86' title="bbox 903 1984 1694 2022">
     <span class='ocr_line' id='line_1_86' title="bbox 903 1984 1694 2022; baseline 0.003 -10"><span class='ocrx_word' id='word_1_576' title='bbox 903 1988 960 2012; x_wconf 89' lang='lat' dir='ltr'><strong>net.</strong></span> <span class='ocrx_word' id='word_1_577' title='bbox 984 1994 993 2010; x_wconf 77' lang='grc' dir='ltr'><strong>ι</strong></span> <span class='ocrx_word' id='word_1_578' title='bbox 1012 1984 1106 2019; x_wconf 69' lang='lat' dir='ltr'><strong>Papm!</strong></span> <span class='ocrx_word' id='word_1_579' title='bbox 1128 1984 1194 2012; x_wconf 92' lang='lat' dir='ltr'><strong>Erat</strong></span> <span class='ocrx_word' id='word_1_580' title='bbox 1213 1985 1327 2021; x_wconf 71' lang='lat' dir='ltr'><strong>Ancyra:</strong></span> <span class='ocrx_word' id='word_1_581' title='bbox 1345 1994 1497 2022; x_wconf 78' lang='lat' dir='ltr'><strong>anonymus</strong></span> <span class='ocrx_word' id='word_1_582' title='bbox 1518 1992 1565 2014; x_wconf 91' lang='lat' dir='ltr'><strong>:et</strong></span> <span class='ocrx_word' id='word_1_583' title='bbox 1585 1989 1609 2014; x_wconf 83' lang='lat' dir='ltr'><strong>ot</strong></span> <span class='ocrx_word' id='word_1_584' title='bbox 1623 1988 1694 2015; x_wconf 82' lang='grc' dir='ltr'>κατὰ</span> 
     </span>
    </p>
   </div>
   <div class='ocr_carea' id='block_1_87' title="bbox 904 2030 1692 2068">
    <p class='ocr_par' dir='ltr' id='par_1_87' title="bbox 904 2030 1692 2068">
     <span class='ocr_line' id='line_1_87' title="bbox 904 2030 1692 2068; baseline 0.005 -12"><span class='ocrx_word' id='word_1_585' title='bbox 904 2031 985 2057; x_wconf 84' lang='grc' dir='ltr'>τόπον</span> <span class='ocrx_word' id='word_1_586' title='bbox 1009 2030 1188 2066; x_wconf 77' lang='grc' dir='ltr'>πρεσϐύτεροι</span> <span class='ocrx_word' id='word_1_587' title='bbox 1211 2031 1260 2065; x_wconf 90' lang='lat' dir='ltr'><strong>(ut</strong></span> <span class='ocrx_word' id='word_1_588' title='bbox 1285 2032 1367 2066; x_wconf 90' lang='lat' dir='ltr'><strong>paulo</strong></span> <span class='ocrx_word' id='word_1_589' title='bbox 1387 2037 1464 2065; x_wconf 89' lang='lat' dir='ltr'><strong>ante,</strong></span> <span class='ocrx_word' id='word_1_590' title='bbox 1483 2033 1499 2068; x_wconf 78' lang='grc' dir='ltr'><strong>ἡ</strong></span> <span class='ocrx_word' id='word_1_591' title='bbox 1521 2033 1592 2060; x_wconf 77' lang='grc' dir='ltr'>κατὰ</span> <span class='ocrx_word' id='word_1_592' title='bbox 1611 2034 1692 2060; x_wconf 76' lang='grc' dir='ltr'>τόπον</span> 
     </span>
    </p>
   </div>
   <div class='ocr_carea' id='block_1_88' title="bbox 912 2076 1693 2116">
    <p class='ocr_par' dir='ltr' id='par_1_88' title="bbox 912 2076 1693 2116">
     <span class='ocr_line' id='line_1_88' title="bbox 912 2076 1693 2116; baseline 0.006 -14"><span class='ocrx_word' id='word_1_593' title='bbox 912 2076 1080 2112; x_wconf 79' lang='grc' dir='ltr'><strong>Ἐκκλησία),</strong></span> <span class='ocrx_word' id='word_1_594' title='bbox 1096 2077 1146 2104; x_wconf 89' lang='lat' dir='ltr'><strong>hoc</strong></span> <span class='ocrx_word' id='word_1_595' title='bbox 1161 2081 1214 2110; x_wconf 84' lang='lat' dir='ltr'><strong>est,</strong></span> <span class='ocrx_word' id='word_1_596' title='bbox 1227 2086 1236 2102; x_wconf 85' lang='grc'><strong><em>‹</em></strong></span> <span class='ocrx_word' id='word_1_597' title='bbox 1249 2077 1307 2112; x_wconf 83' lang='lat' dir='ltr'><strong>ejus</strong></span> <span class='ocrx_word' id='word_1_598' title='bbox 1323 2078 1385 2111; x_wconf 89' lang='lat' dir='ltr'><strong>loci,</strong></span> <span class='ocrx_word' id='word_1_599' title='bbox 1401 2087 1447 2106; x_wconf 90' lang='lat' dir='ltr'><strong>seu</strong></span> <span class='ocrx_word' id='word_1_600' title='bbox 1464 2078 1592 2107; x_wconf 70' lang='lat' dir='ltr'><strong>Ecclesiae</strong></span> <span class='ocrx_word' id='word_1_601' title='bbox 1603 2080 1693 2116; x_wconf 87' lang='lat' dir='ltr'><strong>Ancy-</strong></span> 
     </span>
    </p>
   </div>
   <div class='ocr_carea' id='block_1_89' title="bbox 904 2123 1692 2160">
    <p class='ocr_par' dir='ltr' id='par_1_89' title="bbox 904 2123 1692 2160">
     <span class='ocr_line' id='line_1_89' title="bbox 904 2123 1692 2160; baseline 0.005 -10"><span class='ocrx_word' id='word_1_602' title='bbox 904 2131 978 2150; x_wconf 75' lang='lat' dir='ltr'><strong>ranze</strong></span> <span class='ocrx_word' id='word_1_603' title='bbox 992 2123 1153 2159; x_wconf 84' lang='lat' dir='ltr'><strong>presbyteri,</strong></span> <span class='ocrx_word' id='word_1_604' title='bbox 1169 2133 1178 2149; x_wconf 77' lang='grc' dir='ltr'>ι</span> <span class='ocrx_word' id='word_1_605' title='bbox 1197 2124 1250 2152; x_wconf 88' lang='lat' dir='ltr'><strong>boc</strong></span> <span class='ocrx_word' id='word_1_606' title='bbox 1269 2125 1303 2151; x_wconf 92' lang='lat' dir='ltr'><strong>ab</strong></span> <span class='ocrx_word' id='word_1_607' title='bbox 1316 2132 1348 2151; x_wconf 92' lang='lat' dir='ltr'><strong>eo</strong></span> <span class='ocrx_word' id='word_1_608' title='bbox 1366 2125 1515 2159; x_wconf 90' lang='lat' dir='ltr'><strong>postulant.</strong></span> <span class='ocrx_word' id='word_1_609' title='bbox 1536 2125 1578 2152; x_wconf 80' lang='lat' dir='ltr'><strong>An</strong></span> <span class='ocrx_word' id='word_1_610' title='bbox 1599 2125 1692 2160; x_wconf 64' lang='lat' dir='ltr'><strong>plurl&#39;s</strong></span> 
     </span>
    </p>
   </div>
   <div class='ocr_carea' id='block_1_90' title="bbox 906 2169 1693 2206">
    <p class='ocr_par' dir='ltr' id='par_1_90' title="bbox 906 2169 1693 2206">
     <span class='ocr_line' id='line_1_90' title="bbox 906 2169 1693 2206; baseline 0.004 -10"><span class='ocrx_word' id='word_1_611' title='bbox 906 2173 971 2196; x_wconf 85' lang='lat' dir='ltr'><strong>tunc</strong></span> <span class='ocrx_word' id='word_1_612' title='bbox 998 2169 1128 2204; x_wconf 87' lang='lat' dir='ltr'><strong>temporis</strong></span> <span class='ocrx_word' id='word_1_613' title='bbox 1156 2170 1271 2205; x_wconf 73' lang='lat' dir='ltr'><strong>Ancyrae</strong></span> <span class='ocrx_word' id='word_1_614' title='bbox 1300 2176 1377 2197; x_wconf 88' lang='lat' dir='ltr'><strong>erant</strong></span> <span class='ocrx_word' id='word_1_615' title='bbox 1411 2171 1551 2206; x_wconf 82' lang='lat' dir='ltr'><strong>episcopi?</strong></span> <span class='ocrx_word' id='word_1_616' title='bbox 1581 2171 1693 2199; x_wconf 82' lang='lat' dir='ltr'><strong>Minime</strong></span> 
     </span>
    </p>
   </div>
   <div class='ocr_carea' id='block_1_91' title="bbox 904 2215 1691 2251">
    <p class='ocr_par' dir='ltr' id='par_1_91' title="bbox 904 2215 1691 2251">
     <span class='ocr_line' id='line_1_91' title="bbox 904 2215 1691 2251; baseline 0.004 -9"><span class='ocrx_word' id='word_1_617' title='bbox 904 2221 987 2243; x_wconf 89' lang='lat' dir='ltr'><strong>certe.</strong></span> <span class='ocrx_word' id='word_1_618' title='bbox 1003 2215 1044 2242; x_wconf 91' lang='lat' dir='ltr'><strong>An</strong></span> <span class='ocrx_word' id='word_1_619' title='bbox 1067 2224 1162 2250; x_wconf 74' lang='lat' dir='ltr'><strong>rogare</strong></span> <span class='ocrx_word' id='word_1_620' title='bbox 1183 2217 1300 2251; x_wconf 87' lang='lat' dir='ltr'><strong>aliquem</strong></span> <span class='ocrx_word' id='word_1_621' title='bbox 1317 2221 1347 2243; x_wconf 91' lang='lat' dir='ltr'><strong>ut</strong></span> <span class='ocrx_word' id='word_1_622' title='bbox 1371 2217 1482 2249; x_wconf 83' lang='lat' dir='ltr'><strong>scribat,</strong></span> <span class='ocrx_word' id='word_1_623' title='bbox 1512 2217 1629 2245; x_wconf 80' lang='lat' dir='ltr'><strong>cilicium</strong></span> <span class='ocrx_word' id='word_1_624' title='bbox 1648 2223 1691 2245; x_wconf 85' lang='lat' dir='ltr'><strong>est</strong></span> 
     </span>
    </p>
   </div>
   <div class='ocr_carea' id='block_1_92' title="bbox 63 2261 853 2299">
    <p class='ocr_par' dir='ltr' id='par_1_92' title="bbox 63 2261 853 2297">
     <span class='ocr_line' id='line_1_92' title="bbox 63 2261 853 2297; baseline 0.003 -9"><span class='ocrx_word' id='word_1_625' title='bbox 63 2270 129 2296; x_wconf 74' lang='grc' dir='ltr'>μους</span> <span class='ocrx_word' id='word_1_626' title='bbox 148 2261 198 2288; x_wconf 78' lang='grc' dir='ltr'><strong>καὶ</strong></span> <span class='ocrx_word' id='word_1_627' title='bbox 219 2261 400 2292; x_wconf 67' lang='grc' dir='ltr'><strong>ἐπισκόπους,</strong></span> <span class='ocrx_word' id='word_1_628' title='bbox 418 2270 428 2286; x_wconf 79' lang='lat' dir='ltr'><strong>r</strong></span> <span class='ocrx_word' id='word_1_629' title='bbox 448 2261 523 2289; x_wconf 85' lang='lat' dir='ltr'><strong>viros</strong></span> <span class='ocrx_word' id='word_1_630' title='bbox 540 2262 670 2297; x_wconf 87' lang='lat' dir='ltr'><strong>probatos</strong></span> <span class='ocrx_word' id='word_1_631' title='bbox 690 2262 733 2289; x_wconf 87' lang='lat' dir='ltr'><strong>vel</strong></span> <span class='ocrx_word' id='word_1_632' title='bbox 748 2267 853 2297; x_wconf 87' lang='lat' dir='ltr'><strong>specta-</strong></span> 
     </span>
    </p>
   </div>
   <div class='ocr_carea' id='block_1_93' title="bbox 940 2261 1691 2299">
    <p class='ocr_par' dir='ltr' id='par_1_93' title="bbox 940 2261 1691 2299">
     <span class='ocr_line' id='line_1_93' title="bbox 940 2261 1691 2299; baseline 0.004 -12"><span class='ocrx_word' id='word_1_633' title='bbox 940 2261 1024 2296; x_wconf 91' lang='lat' dir='ltr'><strong>iscopi</strong></span> <span class='ocrx_word' id='word_1_634' title='bbox 1039 2262 1205 2297; x_wconf 87' lang='lat' dir='ltr'><strong>presbyteris</strong></span> <span class='ocrx_word' id='word_1_635' title='bbox 1217 2263 1329 2290; x_wconf 93' lang='lat' dir='ltr'><strong>minime</strong></span> <span class='ocrx_word' id='word_1_636' title='bbox 1341 2264 1516 2297; x_wconf 81' lang='lat' dir='ltr'><strong>competens?</strong></span> <span class='ocrx_word' id='word_1_637' title='bbox 1530 2263 1588 2291; x_wconf 89' lang='lat' dir='ltr'><strong>Non</strong></span> <span class='ocrx_word' id='word_1_638' title='bbox 1613 2269 1691 2299; x_wconf 84' lang='lat' dir='ltr'><strong>puto.</strong></span> 
     </span>
    </p>
   </div>
   <div class='ocr_carea' id='block_1_94' title="bbox 62 2307 850 2342">
    <p class='ocr_par' dir='ltr' id='par_1_94' title="bbox 62 2307 850 2342">
     <span class='ocr_line' id='line_1_94' title="bbox 62 2307 850 2342; baseline 0.001 -8"><span class='ocrx_word' id='word_1_639' title='bbox 62 2307 129 2335; x_wconf 83' lang='lat' dir='ltr'><strong>biles</strong></span> <span class='ocrx_word' id='word_1_640' title='bbox 142 2311 170 2334; x_wconf 91' lang='lat' dir='ltr'><strong>et</strong></span> <span class='ocrx_word' id='word_1_641' title='bbox 186 2307 340 2342; x_wconf 85' lang='lat' dir='ltr'><strong>episcopos,</strong></span> <span class='ocrx_word' id='word_1_642' title='bbox 361 2317 371 2333; x_wconf 78' lang='grc' dir='ltr'><strong><em>ι</em></strong></span> <span class='ocrx_word' id='word_1_643' title='bbox 390 2307 512 2335; x_wconf 86' lang='lat' dir='ltr'><strong>Zoticum</strong></span> <span class='ocrx_word' id='word_1_644' title='bbox 526 2315 622 2342; x_wconf 84' lang='lat' dir='ltr'><strong>nempe</strong></span> <span class='ocrx_word' id='word_1_645' title='bbox 642 2307 850 2341; x_wconf 88' lang='lat' dir='ltr'><strong>Comanensem,</strong></span> 
     </span>
    </p>
   </div>
   <div class='ocr_carea' id='block_1_95' title="bbox 62 2353 851 2388">
    <p class='ocr_par' dir='ltr' id='par_1_95' title="bbox 62 2353 851 2388">
     <span class='ocr_line' id='line_1_95' title="bbox 62 2353 851 2388; baseline 0.003 -8"><span class='ocrx_word' id='word_1_646' title='bbox 62 2358 87 2381; x_wconf 88' lang='lat' dir='ltr'><strong>et</strong></span> <span class='ocrx_word' id='word_1_647' title='bbox 99 2353 243 2380; x_wconf 71' lang='lat' dir='ltr'><strong>lulianum</strong></span> <span class='ocrx_word' id='word_1_648' title='bbox 255 2353 415 2388; x_wconf 89' lang='lat' dir='ltr'><strong>Apameum.</strong></span> <span class='ocrx_word' id='word_1_649' title='bbox 433 2354 498 2381; x_wconf 83' lang='lat' dir='ltr'><strong>Mire</strong></span> <span class='ocrx_word' id='word_1_650' title='bbox 520 2355 576 2382; x_wconf 69' lang='lat' dir='ltr'><strong>haec</strong></span> <span class='ocrx_word' id='word_1_651' title='bbox 596 2354 629 2381; x_wconf 91' lang='lat' dir='ltr'><strong>ad</strong></span> <span class='ocrx_word' id='word_1_652' title='bbox 645 2362 723 2382; x_wconf 87' lang='lat' dir='ltr'><strong>suam</strong></span> <span class='ocrx_word' id='word_1_653' title='bbox 739 2362 851 2382; x_wconf 87' lang='lat' dir='ltr'><strong>causam</strong></span> 
     </span>
    </p>
   </div>
   <div class='ocr_carea' id='block_1_96' title="bbox 62 2399 852 2436">
    <p class='ocr_par' dir='ltr' id='par_1_96' title="bbox 62 2399 852 2436">
     <span class='ocr_line' id='line_1_96' title="bbox 62 2399 852 2436; baseline 0.003 -10"><span class='ocrx_word' id='word_1_654' title='bbox 62 2408 75 2426; x_wconf 89' lang='lat' dir='ltr'><strong>a</strong></span> <span class='ocrx_word' id='word_1_655' title='bbox 91 2399 236 2427; x_wconf 88' lang='lat' dir='ltr'><strong>Blondello</strong></span> <span class='ocrx_word' id='word_1_656' title='bbox 256 2400 358 2428; x_wconf 86' lang='lat' dir='ltr'><strong>omissa</strong></span> <span class='ocrx_word' id='word_1_657' title='bbox 384 2400 468 2428; x_wconf 84' lang='lat' dir='ltr'><strong>trahit</strong></span> <span class='ocrx_word' id='word_1_658' title='bbox 483 2401 609 2428; x_wconf 76' lang='lat' dir='ltr'><strong>Dallaeus.</strong></span> <span class='ocrx_word' id='word_1_659' title='bbox 631 2400 792 2436; x_wconf 85' lang='lat' dir='ltr'><strong>Anonymus</strong></span> <span class='ocrx_word' id='word_1_660' title='bbox 808 2401 852 2428; x_wconf 92' lang='lat' dir='ltr'><strong>ille</strong></span> 
     </span>
    </p>
   </div>
   <div class='ocr_carea' id='block_1_97' title="bbox 65 2446 851 2482">
    <p class='ocr_par' dir='ltr' id='par_1_97' title="bbox 65 2446 851 2482">
     <span class='ocr_line' id='line_1_97' title="bbox 65 2446 851 2482; baseline 0.003 -10"><span class='ocrx_word' id='word_1_661' title='bbox 65 2455 74 2471; x_wconf 69' lang='grc' dir='ltr'>ι</span> <span class='ocrx_word' id='word_1_662' title='bbox 101 2453 132 2473; x_wconf 87' lang='lat' dir='ltr'><strong>se</strong></span> <span class='ocrx_word' id='word_1_663' title='bbox 161 2446 291 2480; x_wconf 84' lang='lat' dir='ltr'><strong>quidem,</strong></span> <span class='ocrx_word' id='word_1_664' title='bbox 316 2446 424 2481; x_wconf 83' lang='lat' dir='ltr'><strong>inquit,</strong></span> <span class='ocrx_word' id='word_1_665' title='bbox 452 2447 639 2482; x_wconf 88' lang='lat' dir='ltr'><strong>presbyterum</strong></span> <span class='ocrx_word' id='word_1_666' title='bbox 671 2451 698 2474; x_wconf 92' lang='lat' dir='ltr'><strong>et</strong></span> <span class='ocrx_word' id='word_1_667' title='bbox 727 2446 851 2474; x_wconf 85' lang='lat' dir='ltr'><strong>Zoticum</strong></span> 
     </span>
    </p>
   </div>
   <div class='ocr_carea' id='block_1_98' title="bbox 63 2489 850 2528">
    <p class='ocr_par' dir='ltr' id='par_1_98' title="bbox 63 2489 850 2528">
     <span class='ocr_line' id='line_1_98' title="bbox 63 2489 850 2528; baseline 0.003 -10"><span class='ocrx_word' id='word_1_668' title='bbox 63 2491 209 2526; x_wconf 88' lang='lat' dir='ltr'><strong>quemdam</strong></span> <span class='ocrx_word' id='word_1_669' title='bbox 234 2489 366 2519; x_wconf 88' lang='lat' dir='ltr'><strong>Otrenum</strong></span> <span class='ocrx_word' id='word_1_670' title='bbox 382 2493 641 2528; x_wconf 69' lang='lat' dir='ltr'><strong>gsympresbyterum</strong></span> <span class='ocrx_word' id='word_1_671' title='bbox 659 2501 739 2520; x_wconf 88' lang='lat' dir='ltr'><strong>suum</strong></span> <span class='ocrx_word' id='word_1_672' title='bbox 755 2498 850 2525; x_wconf 89' lang='lat' dir='ltr'><strong>vocat,</strong></span> 
     </span>
    </p>
   </div>
   <div class='ocr_carea' id='block_1_99' title="bbox 64 2538 853 2576">
    <p class='ocr_par' dir='ltr' id='par_1_99' title="bbox 64 2538 853 2576">
     <span class='ocr_line' id='line_1_99' title="bbox 64 2538 853 2576; baseline 0.004 -11"><span class='ocrx_word' id='word_1_673' title='bbox 64 2545 125 2565; x_wconf 88' lang='lat' dir='ltr'><strong>cum</strong></span> <span class='ocrx_word' id='word_1_674' title='bbox 140 2542 233 2565; x_wconf 86' lang='lat' dir='ltr'><strong>tamen</strong></span> <span class='ocrx_word' id='word_1_675' title='bbox 248 2546 282 2565; x_wconf 83' lang='lat' dir='ltr'><strong>ex</strong></span> <span class='ocrx_word' id='word_1_676' title='bbox 300 2538 334 2566; x_wconf 91' lang='lat' dir='ltr'><strong>iis</strong></span> <span class='ocrx_word' id='word_1_677' title='bbox 350 2546 411 2573; x_wconf 74' lang='lat' dir='ltr'><strong>qua:</strong></span> <span class='ocrx_word' id='word_1_678' title='bbox 426 2546 440 2566; x_wconf 91' lang='lat' dir='ltr'><strong>a</strong></span> <span class='ocrx_word' id='word_1_679' title='bbox 461 2547 490 2566; x_wconf 92' lang='lat' dir='ltr'><strong>se</strong></span> <span class='ocrx_word' id='word_1_680' title='bbox 508 2539 579 2575; x_wconf 92' lang='lat' dir='ltr'><strong>apud</strong></span> <span class='ocrx_word' id='word_1_681' title='bbox 593 2539 727 2576; x_wconf 90' lang='lat' dir='ltr'><strong>Ancyram</strong></span> <span class='ocrx_word' id='word_1_682' title='bbox 741 2539 853 2568; x_wconf 72' lang='lat' dir='ltr'><strong>Galatia:</strong></span> 
     </span>
    </p>
   </div>
   <div class='ocr_carea' id='block_1_100' title="bbox 65 2584 853 2621">
    <p class='ocr_par' dir='ltr' id='par_1_100' title="bbox 65 2584 853 2621">
     <span class='ocr_line' id='line_1_100' title="bbox 65 2584 853 2621; baseline 0.003 -9"><span class='ocrx_word' id='word_1_683' title='bbox 65 2588 137 2618; x_wconf 71' lang='lat' dir='ltr'><strong>gesta</strong></span> <span class='ocrx_word' id='word_1_684' title='bbox 154 2588 263 2617; x_wconf 84' lang='lat' dir='ltr'><strong>narrat,</strong></span> <span class='ocrx_word' id='word_1_685' title='bbox 278 2584 346 2612; x_wconf 89' lang='lat' dir='ltr'><strong>satis</strong></span> <span class='ocrx_word' id='word_1_686' title='bbox 359 2589 489 2619; x_wconf 87' lang='lat' dir='ltr'><strong>appareat</strong></span> <span class='ocrx_word' id='word_1_687' title='bbox 501 2592 578 2618; x_wconf 90' lang='lat' dir='ltr'><strong>eum,</strong></span> <span class='ocrx_word' id='word_1_688' title='bbox 594 2586 715 2621; x_wconf 85' lang='lat' dir='ltr'><strong>adeoque</strong></span> <span class='ocrx_word' id='word_1_689' title='bbox 731 2591 757 2614; x_wconf 91' lang='lat' dir='ltr'><strong>et</strong></span> <span class='ocrx_word' id='word_1_690' title='bbox 770 2586 853 2614; x_wconf 85' lang='lat' dir='ltr'><strong>colle-</strong></span> 
     </span>
    </p>
   </div>
   <div class='ocr_carea' id='block_1_101' title="bbox 64 2629 852 2666">
    <p class='ocr_par' dir='ltr' id='par_1_101' title="bbox 64 2629 852 2666">
     <span class='ocr_line' id='line_1_101' title="bbox 64 2629 852 2666; baseline 0.001 -9"><span class='ocrx_word' id='word_1_691' title='bbox 64 2638 123 2664; x_wconf 73' lang='lat' dir='ltr'><strong>gam</strong></span> <span class='ocrx_word' id='word_1_692' title='bbox 141 2629 277 2662; x_wconf 81' lang='lat' dir='ltr'><strong>Zoticum,</strong></span> <span class='ocrx_word' id='word_1_693' title='bbox 299 2634 447 2665; x_wconf 89' lang='lat' dir='ltr'><strong>utrumque</strong></span> <span class='ocrx_word' id='word_1_694' title='bbox 464 2630 490 2657; x_wconf 90' lang='lat' dir='ltr'><strong>in</strong></span> <span class='ocrx_word' id='word_1_695' title='bbox 512 2631 600 2666; x_wconf 87' lang='lat' dir='ltr'><strong>primo</strong></span> <span class='ocrx_word' id='word_1_696' title='bbox 619 2632 791 2659; x_wconf 91' lang='lat' dir='ltr'><strong>sacerdotum</strong></span> <span class='ocrx_word' id='word_1_697' title='bbox 806 2639 852 2658; x_wconf 93' lang='lat' dir='ltr'><strong>or-</strong></span> 
     </span>
    </p>
   </div>
   <div class='ocr_carea' id='block_1_102' title="bbox 65 2673 851 2710">
    <p class='ocr_par' dir='ltr' id='par_1_102' title="bbox 65 2673 851 2710">
     <span class='ocr_line' id='line_1_102' title="bbox 65 2673 851 2710; baseline 0.001 -9"><span class='ocrx_word' id='word_1_698' title='bbox 65 2675 125 2702; x_wconf 88' lang='lat' dir='ltr'><strong>dine</strong></span> <span class='ocrx_word' id='word_1_699' title='bbox 139 2674 236 2702; x_wconf 79' lang='lat' dir='ltr'><strong>l‘uisse.</strong></span> <span class='ocrx_word' id='word_1_700' title='bbox 255 2684 265 2700; x_wconf 85' lang='grc'><strong><em>›</em></strong></span> <span class='ocrx_word' id='word_1_701' title='bbox 280 2673 316 2702; x_wconf 77' lang='lat' dir='ltr'><strong>L‘t</strong></span> <span class='ocrx_word' id='word_1_702' title='bbox 330 2675 392 2710; x_wconf 86' lang='lat' dir='ltr'><strong>quis</strong></span> <span class='ocrx_word' id='word_1_703' title='bbox 407 2676 453 2710; x_wconf 88' lang='lat' dir='ltr'><strong>qui</strong></span> <span class='ocrx_word' id='word_1_704' title='bbox 468 2676 612 2710; x_wconf 86' lang='lat' dir='ltr'><strong>episcopus</strong></span> <span class='ocrx_word' id='word_1_705' title='bbox 626 2680 698 2704; x_wconf 88' lang='lat' dir='ltr'><strong>esset</strong></span> <span class='ocrx_word' id='word_1_706' title='bbox 710 2676 851 2703; x_wconf 86' lang='lat' dir='ltr'><strong>historiam</strong></span> 
     </span>
    </p>
   </div>
   <div class='ocr_carea' id='block_1_103' title="bbox 66 2721 852 2758">
    <p class='ocr_par' dir='ltr' id='par_1_103' title="bbox 66 2721 852 2758">
     <span class='ocr_line' id='line_1_103' title="bbox 66 2721 852 2758; baseline 0.003 -10"><span class='ocrx_word' id='word_1_707' title='bbox 66 2721 106 2748; x_wconf 71' lang='lat' dir='ltr'><strong>sui</strong></span> <span class='ocrx_word' id='word_1_708' title='bbox 120 2721 252 2756; x_wconf 89' lang='lat' dir='ltr'><strong>temporis</strong></span> <span class='ocrx_word' id='word_1_709' title='bbox 276 2725 304 2748; x_wconf 90' lang='lat' dir='ltr'><strong>et</strong></span> <span class='ocrx_word' id='word_1_710' title='bbox 327 2729 371 2748; x_wconf 89' lang='lat' dir='ltr'><strong>res</strong></span> <span class='ocrx_word' id='word_1_711' title='bbox 387 2721 421 2748; x_wconf 87' lang='lat' dir='ltr'><strong>ab</strong></span> <span class='ocrx_word' id='word_1_712' title='bbox 444 2721 505 2756; x_wconf 93' lang='lat' dir='ltr'><strong>ipso</strong></span> <span class='ocrx_word' id='word_1_713' title='bbox 528 2727 618 2758; x_wconf 80' lang='lat' dir='ltr'><strong>gestas</strong></span> <span class='ocrx_word' id='word_1_714' title='bbox 642 2730 808 2755; x_wconf 82' lang='lat' dir='ltr'><strong>memorans,</strong></span> <span class='ocrx_word' id='word_1_715' title='bbox 822 2729 852 2750; x_wconf 84' lang='lat' dir='ltr'><strong>se</strong></span> 
     </span>
    </p>
   </div>
   <div class='ocr_carea' id='block_1_104' title="bbox 65 2766 850 2802">
    <p class='ocr_par' dir='ltr' id='par_1_104' title="bbox 65 2766 850 2802">
     <span class='ocr_line' id='line_1_104' title="bbox 65 2766 850 2802; baseline 0.003 -10"><span class='ocrx_word' id='word_1_716' title='bbox 65 2766 252 2801; x_wconf 81' lang='lat' dir='ltr'><strong>presbyterum</strong></span> <span class='ocrx_word' id='word_1_717' title='bbox 268 2770 388 2799; x_wconf 82' lang='lat' dir='ltr'><strong>vocaret,</strong></span> <span class='ocrx_word' id='word_1_718' title='bbox 405 2766 542 2802; x_wconf 90' lang='lat' dir='ltr'><strong>aliumque</strong></span> <span class='ocrx_word' id='word_1_719' title='bbox 555 2767 637 2794; x_wconf 84' lang='lat' dir='ltr'><strong>etiam</strong></span> <span class='ocrx_word' id='word_1_720' title='bbox 659 2767 850 2802; x_wconf 85' lang='lat' dir='ltr'><strong>coepiscopum</strong></span> 
     </span>
    </p>
   </div>
   <div class='ocr_carea' id='block_1_105' title="bbox 67 2812 850 2848">
    <p class='ocr_par' dir='ltr' id='par_1_105' title="bbox 67 2812 850 2848">
     <span class='ocr_line' id='line_1_105' title="bbox 67 2812 850 2848; baseline 0 -9"><span class='ocrx_word' id='word_1_721' title='bbox 67 2819 112 2839; x_wconf 78' lang='lat' dir='ltr'><strong>tuo</strong></span> <span class='ocrx_word' id='word_1_722' title='bbox 128 2813 220 2845; x_wconf 89' lang='lat' dir='ltr'><strong>titulo,</strong></span> <span class='ocrx_word' id='word_1_723' title='bbox 234 2819 266 2839; x_wconf 88' lang='lat' dir='ltr'><strong>ea</strong></span> <span class='ocrx_word' id='word_1_724' title='bbox 291 2812 445 2847; x_wconf 70' lang='lat' dir='ltr'><strong>praesertim</strong></span> <span class='ocrx_word' id='word_1_725' title='bbox 462 2817 541 2840; x_wconf 64' lang='lat' dir='ltr'><strong>aetate</strong></span> <span class='ocrx_word' id='word_1_726' title='bbox 560 2821 615 2848; x_wconf 89' lang='lat' dir='ltr'><strong>qua</strong></span> <span class='ocrx_word' id='word_1_727' title='bbox 636 2813 755 2848; x_wconf 90' lang='lat' dir='ltr'><strong>episcopi</strong></span> <span class='ocrx_word' id='word_1_728' title='bbox 772 2821 850 2840; x_wconf 89' lang='lat' dir='ltr'><strong>sum-</strong></span> 
     </span>
    </p>
   </div>
   <div class='ocr_carea' id='block_1_106' title="bbox 67 2858 852 2894">
    <p class='ocr_par' dir='ltr' id='par_1_106' title="bbox 67 2858 852 2894">
     <span class='ocr_line' id='line_1_106' title="bbox 67 2858 852 2894; baseline 0.001 -9"><span class='ocrx_word' id='word_1_729' title='bbox 67 2865 135 2886; x_wconf 87' lang='lat' dir='ltr'><strong>mum</strong></span> <span class='ocrx_word' id='word_1_730' title='bbox 152 2860 180 2886; x_wconf 90' lang='lat' dir='ltr'><strong>in</strong></span> <span class='ocrx_word' id='word_1_731' title='bbox 195 2859 318 2887; x_wconf 86' lang='lat' dir='ltr'><strong>Ecclesia</strong></span> <span class='ocrx_word' id='word_1_732' title='bbox 333 2858 516 2894; x_wconf 89' lang='lat' dir='ltr'><strong>principatum</strong></span> <span class='ocrx_word' id='word_1_733' title='bbox 529 2860 588 2887; x_wconf 90' lang='lat' dir='ltr'><strong>sine</strong></span> <span class='ocrx_word' id='word_1_734' title='bbox 603 2859 788 2887; x_wconf 81' lang='lat' dir='ltr'><strong>controversia</strong></span> <span class='ocrx_word' id='word_1_735' title='bbox 803 2859 852 2886; x_wconf 92' lang='lat' dir='ltr'><strong>ob-</strong></span> 
     </span>
    </p>
   </div>
   <div class='ocr_carea' id='block_1_107' title="bbox 67 2904 844 2942">
    <p class='ocr_par' dir='ltr' id='par_1_107' title="bbox 67 2904 844 2942">
     <span class='ocr_line' id='line_1_107' title="bbox 67 2904 844 2942; baseline -0.001 -8"><span class='ocrx_word' id='word_1_736' title='bbox 67 2904 200 2942; x_wconf 80' lang='lat' dir='ltr'><strong>linebant,</strong></span> <span class='ocrx_word' id='word_1_737' title='bbox 217 2905 303 2934; x_wconf 87' lang='lat' dir='ltr'><strong>simul</strong></span> <span class='ocrx_word' id='word_1_738' title='bbox 317 2905 462 2942; x_wconf 48' lang='lat' dir='ltr'><strong>spoliaret,</strong></span> <span class='ocrx_word' id='word_1_739' title='bbox 479 2905 578 2934; x_wconf 87' lang='lat' dir='ltr'><strong>mirum</strong></span> <span class='ocrx_word' id='word_1_740' title='bbox 603 2906 670 2934; x_wconf 88' lang='lat' dir='ltr'><strong>mihi</strong></span> <span class='ocrx_word' id='word_1_741' title='bbox 696 2906 738 2934; x_wconf 87' lang='lat' dir='ltr'><strong>vel</strong></span> <span class='ocrx_word' id='word_1_742' title='bbox 761 2906 844 2941; x_wconf 81' lang='lat' dir='ltr'><strong>inspi-</strong></span> 
     </span>
    </p>
   </div>
   <div class='ocr_carea' id='block_1_108' title="bbox 905 2306 1692 2344">
    <p class='ocr_par' dir='ltr' id='par_1_108' title="bbox 905 2306 1692 2344">
     <span class='ocr_line' id='line_1_108' title="bbox 905 2306 1692 2344; baseline 0.005 -11"><span class='ocrx_word' id='word_1_743' title='bbox 905 2306 932 2333; x_wconf 90' lang='lat' dir='ltr'><strong>Si</strong></span> <span class='ocrx_word' id='word_1_744' title='bbox 954 2306 979 2334; x_wconf 91' lang='lat' dir='ltr'><strong>id</strong></span> <span class='ocrx_word' id='word_1_745' title='bbox 993 2315 1087 2334; x_wconf 78' lang='lat' dir='ltr'><strong>verum</strong></span> <span class='ocrx_word' id='word_1_746' title='bbox 1102 2307 1147 2341; x_wconf 91' lang='lat' dir='ltr'><strong>sit,</strong></span> <span class='ocrx_word' id='word_1_747' title='bbox 1163 2315 1258 2339; x_wconf 90' lang='lat' dir='ltr'><strong>nemo,</strong></span> <span class='ocrx_word' id='word_1_748' title='bbox 1276 2308 1384 2343; x_wconf 91' lang='lat' dir='ltr'><strong>opinor,</strong></span> <span class='ocrx_word' id='word_1_749' title='bbox 1400 2308 1529 2336; x_wconf 70' lang='lat' dir='ltr'><strong>Dallaeum</strong></span> <span class='ocrx_word' id='word_1_750' title='bbox 1545 2311 1650 2344; x_wconf 84' lang='lat' dir='ltr'><strong>rogavit</strong></span> <span class='ocrx_word' id='word_1_751' title='bbox 1662 2314 1692 2338; x_wconf 85' lang='lat' dir='ltr'><strong>ut</strong></span> 
     </span>
    </p>
   </div>
   <div class='ocr_carea' id='block_1_109' title="bbox 904 2353 1692 2387">
    <p class='ocr_par' dir='ltr' id='par_1_109' title="bbox 904 2353 1692 2387">
     <span class='ocr_line' id='line_1_109' title="bbox 904 2353 1692 2387; baseline 0.005 -7"><span class='ocrx_word' id='word_1_752' title='bbox 904 2353 1116 2387; x_wconf 86' lang='lat' dir='ltr'><strong>disputationem</strong></span> <span class='ocrx_word' id='word_1_753' title='bbox 1145 2353 1217 2381; x_wconf 90' lang='lat' dir='ltr'><strong>hanc</strong></span> <span class='ocrx_word' id='word_1_754' title='bbox 1248 2353 1344 2382; x_wconf 87' lang='lat' dir='ltr'><strong>litteris</strong></span> <span class='ocrx_word' id='word_1_755' title='bbox 1377 2355 1528 2383; x_wconf 86' lang='lat' dir='ltr'><strong>mandaret.</strong></span> <span class='ocrx_word' id='word_1_756' title='bbox 1560 2355 1692 2384; x_wconf 87' lang='lat' dir='ltr'><strong>Petebant</strong></span> 
     </span>
    </p>
   </div>
   <div class='ocr_carea' id='block_1_110' title="bbox 903 2399 1691 2434">
    <p class='ocr_par' dir='ltr' id='par_1_110' title="bbox 903 2399 1691 2434">
     <span class='ocr_line' id='line_1_110' title="bbox 903 2399 1691 2434; baseline 0.004 -9"><span class='ocrx_word' id='word_1_757' title='bbox 903 2399 1052 2434; x_wconf 85' lang='lat' dir='ltr'><strong>presbyteri</strong></span> <span class='ocrx_word' id='word_1_758' title='bbox 1070 2404 1100 2426; x_wconf 88' lang='lat' dir='ltr'><strong>ut</strong></span> <span class='ocrx_word' id='word_1_759' title='bbox 1122 2404 1216 2427; x_wconf 89' lang='lat' dir='ltr'><strong>contra</strong></span> <span class='ocrx_word' id='word_1_760' title='bbox 1241 2399 1420 2427; x_wconf 84' lang='lat' dir='ltr'><strong>Montanistas</strong></span> <span class='ocrx_word' id='word_1_761' title='bbox 1445 2401 1591 2434; x_wconf 86' lang='lat' dir='ltr'><strong>scriberet,</strong></span> <span class='ocrx_word' id='word_1_762' title='bbox 1619 2401 1691 2429; x_wconf 83' lang='lat' dir='ltr'><strong>idem</strong></span> 
     </span>
    </p>
   </div>
   <div class='ocr_carea' id='block_1_111' title="bbox 903 2444 1690 2480">
    <p class='ocr_par' dir='ltr' id='par_1_111' title="bbox 903 2444 1690 2480">
     <span class='ocr_line' id='line_1_111' title="bbox 903 2444 1690 2480; baseline 0.004 -9"><span class='ocrx_word' id='word_1_763' title='bbox 903 2444 950 2471; x_wconf 95' lang='lat' dir='ltr'><strong>diu</strong></span> <span class='ocrx_word' id='word_1_764' title='bbox 974 2449 1037 2472; x_wconf 86' lang='lat' dir='ltr'><strong>ante</strong></span> <span class='ocrx_word' id='word_1_765' title='bbox 1060 2445 1218 2480; x_wconf 80' lang='lat' dir='ltr'><strong>injunxerat</strong></span> <span class='ocrx_word' id='word_1_766' title='bbox 1232 2445 1376 2480; x_wconf 81' lang='lat' dir='ltr'><strong>episcopus</strong></span> <span class='ocrx_word' id='word_1_767' title='bbox 1390 2445 1515 2473; x_wconf 79' lang='lat' dir='ltr'><strong>Avircius</strong></span> <span class='ocrx_word' id='word_1_768' title='bbox 1529 2446 1690 2480; x_wconf 84' lang='lat' dir='ltr'><strong>Marcellus;</strong></span> 
     </span>
    </p>
   </div>
   <div class='ocr_carea' id='block_1_112' title="bbox 904 2490 1691 2527">
    <p class='ocr_par' dir='ltr' id='par_1_112' title="bbox 904 2490 1691 2527">
     <span class='ocr_line' id='line_1_112' title="bbox 904 2490 1691 2527; baseline 0.005 -10"><span class='ocrx_word' id='word_1_769' title='bbox 904 2491 939 2517; x_wconf 90' lang='lat' dir='ltr'><strong>ab</strong></span> <span class='ocrx_word' id='word_1_770' title='bbox 970 2490 1024 2518; x_wconf 89' lang='lat' dir='ltr'><strong>illis</strong></span> <span class='ocrx_word' id='word_1_771' title='bbox 1055 2495 1188 2525; x_wconf 79' lang='lat' dir='ltr'><strong>rogatus,</strong></span> <span class='ocrx_word' id='word_1_772' title='bbox 1212 2491 1246 2519; x_wconf 88' lang='lat' dir='ltr'><strong>ab</strong></span> <span class='ocrx_word' id='word_1_773' title='bbox 1273 2491 1328 2519; x_wconf 91' lang='lat' dir='ltr'><strong>hoc‘</strong></span> <span class='ocrx_word' id='word_1_774' title='bbox 1343 2492 1499 2527; x_wconf 70' lang='grc' dir='ltr'><strong>ἐπιταχθεὶς</strong></span> <span class='ocrx_word' id='word_1_775' title='bbox 1526 2498 1580 2520; x_wconf 88' lang='lat' dir='ltr'><strong>tres</strong></span> <span class='ocrx_word' id='word_1_776' title='bbox 1606 2494 1691 2522; x_wconf 87' lang='lat' dir='ltr'><strong>libros</strong></span> 
     </span>
    </p>
   </div>
   <div class='ocr_carea' id='block_1_113' title="bbox 903 2535 1689 2571">
    <p class='ocr_par' dir='ltr' id='par_1_113' title="bbox 903 2535 1689 2571">
     <span class='ocr_line' id='line_1_113' title="bbox 903 2535 1689 2571; baseline 0.001 -8"><span class='ocrx_word' id='word_1_777' title='bbox 903 2535 1067 2570; x_wconf 87' lang='lat' dir='ltr'><strong>conscripsit</strong></span> <span class='ocrx_word' id='word_1_778' title='bbox 1085 2536 1142 2563; x_wconf 91' lang='lat' dir='ltr'><strong>sive</strong></span> <span class='ocrx_word' id='word_1_779' title='bbox 1156 2544 1319 2571; x_wconf 87' lang='lat' dir='ltr'><strong>anonymus,</strong></span> <span class='ocrx_word' id='word_1_780' title='bbox 1335 2537 1393 2563; x_wconf 87' lang='lat' dir='ltr'><strong>sive</strong></span> <span class='ocrx_word' id='word_1_781' title='bbox 1407 2537 1531 2564; x_wconf 91' lang='lat' dir='ltr'><strong>Asterius</strong></span> <span class='ocrx_word' id='word_1_782' title='bbox 1544 2536 1669 2565; x_wconf 85' lang='lat' dir='ltr'><strong>Urbanus</strong></span> <span class='ocrx_word' id='word_1_783' title='bbox 1683 2547 1689 2565; x_wconf 88' lang='lat'><strong>:</strong></span> 
     </span>
    </p>
   </div>
   <div class='ocr_carea' id='block_1_114' title="bbox 904 2581 1691 2617">
    <p class='ocr_par' dir='ltr' id='par_1_114' title="bbox 904 2581 1691 2617">
     <span class='ocr_line' id='line_1_114' title="bbox 904 2581 1691 2617; baseline 0.001 -9"><span class='ocrx_word' id='word_1_784' title='bbox 904 2581 931 2608; x_wconf 91' lang='lat' dir='ltr'><strong>in</strong></span> <span class='ocrx_word' id='word_1_785' title='bbox 945 2581 1046 2617; x_wconf 89' lang='lat' dir='ltr'><strong>quibus</strong></span> <span class='ocrx_word' id='word_1_786' title='bbox 1060 2586 1087 2608; x_wconf 88' lang='lat' dir='ltr'><strong>ct</strong></span> <span class='ocrx_word' id='word_1_787' title='bbox 1107 2582 1228 2616; x_wconf 90' lang='lat' dir='ltr'><strong>seipsum</strong></span> <span class='ocrx_word' id='word_1_788' title='bbox 1247 2586 1274 2609; x_wconf 90' lang='lat' dir='ltr'><strong>et</strong></span> <span class='ocrx_word' id='word_1_789' title='bbox 1293 2581 1417 2608; x_wconf 89' lang='lat' dir='ltr'><strong>Zoticum</strong></span> <span class='ocrx_word' id='word_1_790' title='bbox 1430 2581 1573 2616; x_wconf 87' lang='lat' dir='ltr'><strong>Otrenum,</strong></span> <span class='ocrx_word' id='word_1_791' title='bbox 1592 2588 1618 2610; x_wconf 92' lang='lat' dir='ltr'><strong>et</strong></span> <span class='ocrx_word' id='word_1_792' title='bbox 1632 2583 1691 2609; x_wconf 87' lang='lat' dir='ltr'><strong>Au-</strong></span> 
     </span>
    </p>
   </div>
   <div class='ocr_carea' id='block_1_115' title="bbox 903 2627 1688 2664">
    <p class='ocr_par' dir='ltr' id='par_1_115' title="bbox 903 2627 1688 2664">
     <span class='ocr_line' id='line_1_115' title="bbox 903 2627 1688 2664; baseline 0 -8"><span class='ocrx_word' id='word_1_793' title='bbox 903 2637 1010 2664; x_wconf 70' lang='lat' dir='ltr'><strong>cyranaz</strong></span> <span class='ocrx_word' id='word_1_794' title='bbox 1032 2627 1159 2655; x_wconf 68' lang='lat' dir='ltr'><strong>Ecclesiae</strong></span> <span class='ocrx_word' id='word_1_795' title='bbox 1184 2629 1357 2664; x_wconf 89' lang='lat' dir='ltr'><strong>presbyteros</strong></span> <span class='ocrx_word' id='word_1_796' title='bbox 1389 2629 1532 2662; x_wconf 88' lang='lat' dir='ltr'><strong>nominat,</strong></span> <span class='ocrx_word' id='word_1_797' title='bbox 1564 2628 1688 2656; x_wconf 80' lang='lat' dir='ltr'><strong>Zoticum</strong></span> 
     </span>
    </p>
   </div>
   <div class='ocr_carea' id='block_1_116' title="bbox 903 2672 1688 2708">
    <p class='ocr_par' dir='ltr' id='par_1_116' title="bbox 903 2672 1688 2708">
     <span class='ocr_line' id='line_1_116' title="bbox 903 2672 1688 2708; baseline 0 -7"><span class='ocrx_word' id='word_1_798' title='bbox 903 2679 993 2701; x_wconf 89' lang='lat' dir='ltr'><strong>autem</strong></span> <span class='ocrx_word' id='word_1_799' title='bbox 1004 2672 1204 2700; x_wconf 86' lang='lat' dir='ltr'><strong>Comanensem</strong></span> <span class='ocrx_word' id='word_1_800' title='bbox 1218 2677 1245 2700; x_wconf 88' lang='lat' dir='ltr'><strong>et</strong></span> <span class='ocrx_word' id='word_1_801' title='bbox 1256 2672 1394 2700; x_wconf 71' lang='lat' dir='ltr'><strong>lulianum</strong></span> <span class='ocrx_word' id='word_1_802' title='bbox 1402 2673 1550 2708; x_wconf 89' lang='lat' dir='ltr'><strong>Apameum</strong></span> <span class='ocrx_word' id='word_1_803' title='bbox 1563 2683 1572 2700; x_wconf 76' lang='lat' dir='ltr'><strong>t</strong></span> <span class='ocrx_word' id='word_1_804' title='bbox 1583 2674 1688 2708; x_wconf 89' lang='lat' dir='ltr'><strong>episco-</strong></span> 
     </span>
    </p>
   </div>
   <div class='ocr_carea' id='block_1_117' title="bbox 902 2719 1304 2756">
    <p class='ocr_par' dir='ltr' id='par_1_117' title="bbox 902 2719 1304 2756">
     <span class='ocr_line' id='line_1_117' title="bbox 902 2719 1304 2756; baseline 0 -10"><span class='ocrx_word' id='word_1_805' title='bbox 902 2727 999 2756; x_wconf 84' lang='lat' dir='ltr'><strong>porum</strong></span> <span class='ocrx_word' id='word_1_806' title='bbox 1013 2728 1022 2744; x_wconf 74' lang='grc' dir='ltr'>ι</span> <span class='ocrx_word' id='word_1_807' title='bbox 1040 2719 1119 2746; x_wconf 91' lang='lat' dir='ltr'><strong>titulo</strong></span> <span class='ocrx_word' id='word_1_808' title='bbox 1133 2719 1304 2746; x_wconf 83' lang='lat' dir='ltr'><strong>cohonestat.</strong></span> 
     </span>
    </p>
   </div>
   <div class='ocr_carea' id='block_1_118' title="bbox 940 2766 1688 2802">
    <p class='ocr_par' dir='ltr' id='par_1_118' title="bbox 940 2766 1688 2802">
     <span class='ocr_line' id='line_1_118' title="bbox 940 2766 1688 2802; baseline 0.001 -9"><span class='ocrx_word' id='word_1_809' title='bbox 940 2766 1062 2801; x_wconf 91' lang='lat' dir='ltr'><strong>Denique</strong></span> <span class='ocrx_word' id='word_1_810' title='bbox 1077 2767 1203 2802; x_wconf 92' lang='lat' dir='ltr'><strong>quamvis</strong></span> <span class='ocrx_word' id='word_1_811' title='bbox 1218 2774 1336 2794; x_wconf 85' lang='lat' dir='ltr'><strong>canones</strong></span> <span class='ocrx_word' id='word_1_812' title='bbox 1352 2766 1494 2801; x_wconf 88' lang='lat' dir='ltr'><strong>apostolici</strong></span> <span class='ocrx_word' id='word_1_813' title='bbox 1509 2766 1544 2794; x_wconf 89' lang='lat' dir='ltr'><strong>ab</strong></span> <span class='ocrx_word' id='word_1_814' title='bbox 1558 2766 1688 2802; x_wconf 82' lang='lat' dir='ltr'><strong>apostolis</strong></span> 
     </span>
    </p>
   </div>
   <div class='ocr_carea' id='block_1_119' title="bbox 902 2805 1688 2848">
    <p class='ocr_par' dir='ltr' id='par_1_119' title="bbox 902 2805 1688 2848">
     <span class='ocr_line' id='line_1_119' title="bbox 902 2805 1688 2848; baseline 0.001 -9"><span class='ocrx_word' id='word_1_815' title='bbox 902 2812 970 2848; x_wconf 87' lang='lat' dir='ltr'><strong>ipsis</strong></span> <span class='ocrx_word' id='word_1_816' title='bbox 984 2813 1078 2848; x_wconf 88' lang='lat' dir='ltr'><strong>scripti</strong></span> <span class='ocrx_word' id='word_1_817' title='bbox 1089 2820 1144 2840; x_wconf 93' lang='lat' dir='ltr'><strong>non</strong></span> <span class='ocrx_word' id='word_1_818' title='bbox 1157 2812 1222 2846; x_wconf 83' lang='lat' dir='ltr'><strong>sint,</strong></span> <span class='ocrx_word' id='word_1_819' title='bbox 1235 2817 1342 2840; x_wconf 86' lang='lat' dir='ltr'><strong>constat</strong></span> <span class='ocrx_word' id='word_1_820' title='bbox 1353 2817 1456 2845; x_wconf 90' lang='lat' dir='ltr'><strong>tamen,</strong></span> <span class='ocrx_word' id='word_1_821' title='bbox 1467 2821 1501 2840; x_wconf 81' lang='lat' dir='ltr'><strong>ex</strong></span> <span class='ocrx_word' id='word_1_822' title='bbox 1516 2805 1582 2847; x_wconf 72' lang='lat' dir='ltr'><strong>ipsis</strong></span> <span class='ocrx_word' id='word_1_823' title='bbox 1594 2821 1688 2847; x_wconf 90' lang='lat' dir='ltr'><strong>quam-</strong></span> 
     </span>
    </p>
   </div>
   <div class='ocr_carea' id='block_1_120' title="bbox 902 2859 1684 2894">
    <p class='ocr_par' dir='ltr' id='par_1_120' title="bbox 902 2859 1684 2894">
     <span class='ocr_line' id='line_1_120' title="bbox 902 2859 1684 2894; baseline 0.001 -8"><span class='ocrx_word' id='word_1_824' title='bbox 902 2860 1036 2894; x_wconf 89' lang='lat' dir='ltr'><strong>plurimos</strong></span> <span class='ocrx_word' id='word_1_825' title='bbox 1051 2860 1171 2888; x_wconf 90' lang='lat' dir='ltr'><strong>secundo</strong></span> <span class='ocrx_word' id='word_1_826' title='bbox 1195 2860 1294 2887; x_wconf 63' lang='lat' dir='ltr'><strong>saeculo</strong></span> <span class='ocrx_word' id='word_1_827' title='bbox 1309 2860 1433 2888; x_wconf 87' lang='lat' dir='ltr'><strong>conditos</strong></span> <span class='ocrx_word' id='word_1_828' title='bbox 1454 2859 1549 2888; x_wconf 79' lang='lat' dir='ltr'><strong>fuisse.</strong></span> <span class='ocrx_word' id='word_1_829' title='bbox 1567 2859 1620 2888; x_wconf 86' lang='lat' dir='ltr'><strong>Eos</strong></span> <span class='ocrx_word' id='word_1_830' title='bbox 1633 2867 1684 2887; x_wconf 88' lang='lat' dir='ltr'><strong>au-</strong></span> 
     </span>
    </p>
   </div>
   <div class='ocr_carea' id='block_1_121' title="bbox 902 2905 1686 2944">
    <p class='ocr_par' dir='ltr' id='par_1_121' title="bbox 902 2905 1686 2944">
     <span class='ocr_line' id='line_1_121' title="bbox 902 2905 1686 2944; baseline 0.003 -12"><span class='ocrx_word' id='word_1_831' title='bbox 902 2909 956 2933; x_wconf 89' lang='lat' dir='ltr'><strong>tem</strong></span> <span class='ocrx_word' id='word_1_832' title='bbox 972 2905 1174 2935; x_wconf 88' lang='lat' dir='ltr'><strong>distinctionem</strong></span> <span class='ocrx_word' id='word_1_833' title='bbox 1190 2906 1261 2935; x_wconf 85' lang='lat' dir='ltr'><strong>hanc</strong></span> <span class='ocrx_word' id='word_1_834' title='bbox 1276 2906 1346 2935; x_wconf 88' lang='lat' dir='ltr'><strong>inter</strong></span> <span class='ocrx_word' id='word_1_835' title='bbox 1368 2907 1511 2943; x_wconf 85' lang='lat' dir='ltr'><strong>episcopos</strong></span> <span class='ocrx_word' id='word_1_836' title='bbox 1531 2911 1558 2936; x_wconf 90' lang='lat' dir='ltr'><strong>et</strong></span> <span class='ocrx_word' id='word_1_837' title='bbox 1573 2907 1686 2944; x_wconf 85' lang='lat' dir='ltr'><strong>presby-</strong></span> 
     </span>
    </p>
   </div>
  </div>
