1850 3072
165 179 220 209 ιω

693 177 724 205 S.
744 172 917 205 IGNATIUS.
936 187 972 193 —
990 171 1258 201 PROLEGOMENA.

1748 169 1813 196 £20

167 243 241 267 teros
267 242 341 266 caste
366 242 392 265 ct
416 242 546 273 perpetuo
568 237 745 269 observasse,
763 243 816 263 non
839 238 882 262 est
904 240 954 261 cur
967 235 991 264 Α
1005 232 1190 260 necessarium
1211 231 1354 259 videbatur
1373 230 1509 266 praecipue
1527 228 1697 261 inculcabat,
1714 232 1752 255 ut
1770 227 1815 255 ab

166 285 289 321 probem,
314 292 376 312 cum
399 284 516 312 Dallams
532 284 585 311 hoc
607 283 686 311 nobis
701 281 882 310 libentissime
896 279 951 306 lar-

167 331 266 366 giatur.
283 339 293 356 ί
311 329 344 357 Hi
369 337 506 362 canones,
523 329 621 364 inquit,
637 328 664 355 in
680 328 748 355 duos
769 327 891 354 diversos
903 332 951 352 or-

166 377 244 403 dines
260 376 452 410 episcoporum
469 379 496 402 et
519 374 741 409 presbyterorum
762 377 894 407 perpetuo
909 371 953 398 di-

165 423 271 454 vidunt,
287 421 435 456 plurimum
461 421 533 448 inter
556 428 585 447 se
609 424 637 447 et
659 419 780 452 nomine,
796 422 824 446 et
837 418 908 453 jure,
924 421 952 444 et

166 472 255 501 statu,
271 473 297 495 et
315 467 476 495 auctoritate
491 466 657 497 differentes,
678 474 687 490 ι
706 464 743 491 De
765 463 951 499 pseudepigra-

165 516 223 550 phis
239 519 325 549 apost.
341 514 388 541 lib.
406 522 448 547 ut,
465 520 524 547 cap.
543 512 586 539 l8.
605 511 642 538 Ex
660 511 702 538 bis
718 515 809 538 autem
823 509 951 536 omnibus

164 562 272 590 abunde
294 561 429 596 patefacta
457 563 499 587 cst
529 559 623 594 primat
652 557 812 585 assertiouis
838 557 950 588 veritas,

164 608 232 635 alios
246 606 464 642 quamplurimas
479 604 589 632 secundi
608 603 699 631 saeculi
718 602 865 637 scriptores
880 602 951 629 idem

164 652 312 680 discrimen
331 651 402 678 inter
414 649 547 677 voeabula
570 648 743 683 episcopatus
768 651 794 674 et
810 646 952 681 presbyte-

163 703 240 725 ratus
265 697 444 728 observasse,
460 695 533 730 quod
557 694 685 722 observat
702 693 824 728 lgnatius
848 696 951 719 noster.

164 744 254 777 Quare
269 743 343 778 quod
362 742 395 769 ad
411 741 522 769 modum
541 739 669 775 loquendi
688 739 715 766 in
733 739 786 766 hac
796 746 827 766 re
845 738 951 769 attinet,

163 789 255 824 potuit
269 788 391 823 ejusdem
413 786 500 814 aetatis
522 793 584 813 cum
601 785 644 812 liis
659 783 787 812 omnibus
799 791 860 811 esse
874 783 953 818 lgna—

164 836 220 864 tius
232 834 401 870 epistolicus,
424 833 497 869 quod
520 839 572 860 nos
592 839 655 859 cum
669 830 806 858 Salmasio
818 835 845 858 et
856 830 953 857 Alber—

164 881 223 908 tino
240 880 384 908 sentimus.

201 924 326 952 Secunda
349 922 467 952 assertio
490 926 533 950 est
554 931 561 950 :
583 921 694 949 Nullum
721 919 833 948 secundi
860 917 967 946 saeculi.

165 971 328 1006 scriptorem
351 970 420 997 adeo
442 968 598 1004 promiscue
620 966 761 994 vocabulis
782 965 902 1000 episcopi
925 968 953 992 et

164 1017 314 1054 presbyteri
332 1024 413 1043 usum
426 1023 502 1046 esse,
521 1018 550 1042 ut
562 1013 680 1048 simplici
696 1012 853 1048 presbytero
869 1011 896 1038 in
913 1018 953 1038 se-

166 1064 257 1092 cundo
273 1062 417 1090 ministerii
433 1061 518 1096 gradu
534 1060 685 1088 constituto
698 1065 819 1093 unquam
833 1057 952 1092 episcopi

166 1117 266 1138 nomen
281 1108 422 1136 tribueret.
438 1106 496 1134 lloc
507 1106 576 1133 adeo
589 1109 682 1141 aperte
694 1111 788 1132 verum
803 1107 855 1137 est,
869 1108 899 1130 ut
914 1102 952 1129 illi

165 1156 228 1192 ipsi,
243 1155 290 1190 qui
306 1153 462 1182 confusioni
483 1152 626 1180 nominum
650 1155 794 1185 tantopere
808 1149 951 1182 inhaerent,

164 1207 192 1231 et
204 1201 342 1237 apostolos
357 1200 383 1227 id
395 1199 492 1227 fecisse
505 1198 624 1226 maxime
634 1197 812 1229 contendunt,
824 1203 858 1223 ne
867 1202 953 1222 unum

165 1248 275 1283 quidem
293 1247 385 1274 locum
400 1253 433 1273 ex
447 1245 575 1272 omnibus
590 1243 664 1271 illius
677 1242 771 1271 saeculi
788 1248 952 1269 monumen-

165 1295 202 1322 tis
216 1294 306 1322 adhuc
326 1293 422 1320 aﬂ'erre
441 1291 582 1326 potuerint
597 1297 652 1325 quo
668 1289 806 1324 quispiam
826 1287 874 1323 qui
890 1293 952 1323 pre-

166 1341 259 1377 sbyter
281 1344 388 1367 tantum
411 1342 495 1370 esset,
520 1344 570 1364 nec
589 1335 756 1371 presbyteris
773 1342 836 1362 cum
858 1337 953 1361 aucto-

166 1388 248 1414 ritate
263 1389 409 1421 praeesset,
424 1384 569 1419 episcopus
593 1381 738 1409 diceretur.
756 1379 841 1407 Miror
859 1379 954 1413 itaque

168 1431 297 1459 Dallzeum
323 1431 377 1458 hoc
396 1429 501 1466 lgnatio
525 1427 667 1463 epistolico
690 1426 830 1462 obiicere,
845 1429 875 1452 ut
889 1431 952 1452 eum

167 1486 201 1506 ex
224 1477 343 1506 secundo
359 1477 458 1505 saeculo
482 1475 582 1511 ejiciat,
609 1478 636 1502 et
651 1473 685 1501 ad
707 1473 789 1500 tinem
813 1471 885 1499 tertii
905 1474 953 1499 aut

167 1527 257 1561 quarti
273 1524 380 1552 initium
402 1523 553 1558 deprimat;
568 1529 630 1549 eum
650 1527 746 1547 omnes
761 1518 885 1554 ejusdem
902 1524 954 1544 saa-

168 1571 221 1600 culi
240 1571 387 1605 scriptores
402 1569 523 1604 episcopi
535 1574 634 1595 nomen
647 1566 706 1601 pari
718 1572 780 1592 cum
794 1563 953 1592 discrimine

167 1623 195 1646 et
210 1616 362 1645 reverentia
378 1622 507 1651 supremo
521 1613 611 1641 ordini
630 1619 737 1647 semper
756 1611 888 1642 tribuant,
912 1617 955 1637 se—

168 1663 260 1691 cundo
284 1669 436 1696 nunquam.
463 1670 472 1686 ι
499 1659 664 1695 Episcopum
690 1657 821 1693 apostoli,
849 1656 953 1690 inquit,

168 1709 307 1736 interdum
322 1707 418 1735 dicttnt
438 1706 486 1741 qui
511 1704 624 1732 secundi
640 1703 745 1730 ordinis
767 1706 826 1734 est;
851 1702 954 1736 episto-

167 1755 257 1782 larum
271 1753 388 1788 scriptor
412 1758 551 1786 nunquam
567 1758 575 1776 :
590 1749 642 1777 hoc
657 1748 758 1783 ubique
770 1755 870 1775 nomen
886 1754 954 1774 con-

168 1798 337 1827 stantissime
361 1805 409 1831 pro
435 1795 535 1824 summi
568 1794 669 1830 gradus
694 1792 842 1828 prteposito
874 1799 955 1818 usur-

167 1852 248 1880 pans.
268 1853 278 1870 ι
294 1843 360 1877 Qua
385 1842 420 1870 de
447 1840 577 1876 apostolis
601 1839 677 1872 dicit,
705 1842 837 1873 quantum
859 1840 954 1864 contra

168 1899 234 1919 suos
250 1889 365 1922 faciunt,
382 1895 455 1915 nunc
479 1895 534 1914 non
560 1885 694 1917 discutio;
718 1891 780 1919 qua:
800 1882 834 1910 de
853 1881 955 1917 lgnatio

168 1937 307 1972 loquitur,
332 1942 396 1963 eum
423 1941 478 1961 non
504 1932 592 1967 magis
619 1930 722 1959 feriunt
749 1937 831 1964 quam
860 1935 955 1955 omnes

168 1982 292 2018 ejusdem
315 1982 404 2009 aetatis
431 1980 578 2015 scriptores
601 1977 636 2005 ab
658 1977 718 2012 ipso
739 1976 820 2003 etiam
837 1974 955 2002 maxime

168 2029 309 2062 laudatos;
323 2028 369 2063 qui
385 2027 494 2063 quoties
511 2025 669 2060 episcopum
685 2022 839 2054 nominant,
853 2020 955 2055 ubique

169 2075 235 2104 illud
249 2082 347 2102 nomen
363 2081 413 2109 pro
424 2072 525 2101 summi
539 2070 639 2106 gradus
653 2068 798 2104 przeposito
810 2071 953 2102 usurpant.

170 2120 287 2149 Unicum
314 2120 397 2156 igitur
412 2118 516 2146 crimen
537 2115 634 2153 lgnatii
654 2114 741 2142 nostri
764 2117 859 2146 restat,
882 2111 955 2147 quod

168 2176 216 2196 eos
229 2167 278 2202 qui
293 2173 387 2194 revera
408 2163 529 2200 episcopi
549 2167 652 2195 essent,
675 2166 816 2195 nunquam
840 2157 954 2193 presby«

168 2219 242 2242 teros
266 2215 392 2244 vocaret,
416 2218 479 2238 cum
503 2216 536 2236 eo
559 2207 671 2235 nomine
695 2205 756 2233 illos
780 2203 955 2239 indigitarent

167 2259 292 2295 ejusdem
304 2257 392 2286 aetatis
409 2256 567 2291 scriptores,
583 2258 613 2281 ut
624 2253 661 2280 illi
676 2252 781 2283 volunt,
797 2257 909 2282 omnes;
923 2253 954 2276 ut
969 2257 991 2285 ι)

169 2294 221 2333 nios
235 2303 416 2335 ostendimus,
436 2300 575 2337 perpauci.
592 2299 645 2327 Sed
660 2303 687 2326 et
709 2297 754 2325 bic
767 2295 868 2331 optima
884 2294 953 2321 ratio

169 2352 244 2380 reddi
257 2355 355 2386 potest,
369 2356 454 2384 quare
467 2356 528 2376 cum
543 2347 577 2374 iis
596 2345 687 2381 potius
701 2344 857 2378 loqueretur
872 2341 952 2376 lgna-

169 2399 235 2430 tius,
248 2398 295 2432 qui
314 2394 462 2432 presbyteri
485 2401 584 2421 nomen
606 2399 663 2419 non
686 2390 778 2417 minus
800 2395 884 2423 quam
897 2391 955 2421 ept—

169 2445 244 2479 scopi
268 2443 396 2470 distincte
417 2447 444 2468 et
457 2439 568 2475 proprie
582 2436 761 2472 usurpabant,
783 2441 866 2469 quam
890 2439 952 2460 cum

169 2477 233 2520 illis,
249 2487 295 2522 qui
310 2493 409 2514 nomen
431 2483 581 2520 presbyteri
599 2481 747 2517 aliquando
761 2480 889 2515 episcopo
905 2477 954 2504 tri-

168 2534 304 2565 buebant;
318 2532 382 2567 quia
408 2531 446 2558 rei
462 2530 516 2565 ipsi
535 2536 618 2563 quam
641 2526 775 2554 tractabat
790 2523 954 2552 convenien—

169 2580 223 2607 tior
234 2579 321 2606 multo
333 2577 493 2605 fuitltorum
520 2573 646 2602 distincta
666 2579 748 2607 quam
764 2571 872 2598 illorum
889 2577 955 2596 con-

169 2625 231 2653 fusa
248 2624 327 2651 istius
340 2622 416 2650 vocis
429 2620 584 2655 usurpatio.
602 2616 783 2645 Conﬂuebant
798 2615 831 2643 ad
848 2622 912 2642 eum
926 2614 955 2641 in

170 2671 267 2698 itinere
280 2670 314 2697 ab
326 2667 450 2696 ecclesiis
468 2666 540 2693 Asiae
557 2668 584 2691 et
595 2662 726 2698 episcopi,
746 2666 773 2689 et
792 2659 954 2696 presbyteri,

169 2721 197 2744 et
218 2714 326 2743 diaconi
340 2713 494 2747 complures
512 2710 608 2738 ordine
626 2714 655 2736 et
676 2715 788 2735 munere
802 2711 829 2734 et
843 2705 955 2733 nomine

169 2767 197 2789 et
211 2761 342 2797 dignitate
359 2758 498 2791 distincti;
512 2757 545 2784 de
559 2762 672 2783 suarum
685 2753 866 2782 ecclesiarum
880 2754 954 2778 statu

169 2816 233 2837 eum
249 2807 392 2836 certiorem
408 2805 543 2833 faciebant
556 2813 562 2831 :
576 2803 610 2830 ad
624 2802 733 2830 illorum
752 2799 882 2828 ecclesias
897 2797 956 2832 epi-

170 2855 255 2883 stolas
271 2852 411 2884 exarabat,
425 2851 476 2879 sub
486 2850 613 2886 martyris
625 2847 801 2879 auctoritate,
813 2849 840 2873 et
853 2843 953 2871 summi

170 2901 200 2929 in
212 2898 291 2934 Syria
301 2897 429 2932 episcopi,
441 2895 544 2924 monita
556 2895 589 2924 iis
600 2894 691 2923 dabat.
704 2890 781 2924 Quod
795 2889 821 2919 ei
835 2888 953 2917 maxime

1001 277 1137 305 haereticis
1161 282 1189 305 et
1212 276 1396 305 schismaticis
1421 281 1565 308 caverent,
1585 282 1620 302 ne
1646 274 1686 302 illi
1712 274 1814 302 latius

1001 324 1092 352 adhuc
1106 327 1256 358 serperent.
1270 322 1430 350 Remedium
1444 322 1508 349 huic
1520 322 1593 348 malo
1606 321 1735 348 maxime
1752 327 1813 355 op-

1001 374 1149 406 portunum
1162 370 1310 402 indicabat,
1318 374 1347 397 ut
1356 370 1430 397 clero
1440 376 1490 396 suo
1501 375 1598 396 omnes
1607 367 1780 395 adhareren
1785 373 1810 399 ι.

1001 417 1224 445 et'Christianam
1240 418 1374 444 unitatem
1396 416 1534 447 colerent;
1559 421 1714 448 omnesque
1731 413 1810 441 cleri

1002 464 1112 492 ordines
1123 463 1165 491 sui
1178 463 1230 491 loci
1244 463 1402 498 dignitatem
1417 461 1581 489 obtinerent.
1593 459 1698 487 Crebro
1710 459 1810 495 igitur

1001 511 1111 538 ordines
1122 517 1215 537 sacros
1228 509 1369 544 distinguit
1382 513 1409 536 et
1418 512 1568 540 enumerat,
1581 511 1608 534 et
1617 505 1809 540 singulorum

1002 556 1128 583 ordinum
1141 555 1288 582 nonnullos
1301 554 1357 589 jam
1371 561 1422 581 suo
1434 553 1522 580 oflicio
1537 551 1684 587 fungentes
1699 549 1809 577 nomi-

1002 607 1065 635 nat;
1077 604 1135 629 haec
1157 606 1248 628 autem
1268 606 1341 628 recte
1361 600 1419 627 ﬁeri
1443 606 1497 626 non
1511 601 1676 634 potuerunt,
1693 596 1756 624 nisi
1774 601 1808 622 et

1002 647 1129 675 ordinum
1152 647 1262 674 nomina
1287 645 1413 673 distincte
1426 644 1590 672 enuntiaret.
1605 642 1701 678 Neque
1717 641 1805 669 enim

1001 698 1057 721 tres
1071 693 1179 721 ordines
1194 693 1263 720 bene
1274 692 1449 726 distinguere,
1459 695 1506 718 aut
1519 690 1618 725 cuique
1631 696 1682 716 sua
1697 688 1805 715 ofﬁcia

1001 743 1029 766 et
1049 739 1196 774 dignitates
1219 743 1292 766 recte
1315 738 1456 772 assignare
1479 743 1582 771 p0tult,
1604 734 1658 762 nisi
1688 734 1804 768 cuique

1001 785 1083 813 etiam
1110 785 1249 820 proprium
1274 783 1384 819 aliquod
1407 790 1506 810 nomen
1531 781 1672 817 affigeret;
1699 787 1803 815 neque

1003 832 1156 868 singulares
1177 831 1301 859 homines
1321 835 1386 858 tunc
1399 828 1531 864 temporis
1545 827 1626 856 certis
1644 826 1802 854 ordinibus

1003 878 1158 911 distinctos,
1175 883 1204 906 et
1217 876 1306 904 officia
1323 876 1430 903 diversa
1444 875 1473 902 in
1492 874 1587 902 eadem
1604 871 1726 900 ecclesia
1742 879 1801 899 ex-

1003 928 1159 960 sequentes,
1173 922 1365 951 commendare
1381 921 1479 957 potuit,
1495 920 1548 948 nisi
1569 919 1621 947 sub
1642 918 1713 946 certi
1728 926 1801 953 gra-

1002 971 1054 999 dus
1071 970 1182 998 nomine
1201 974 1283 1005 atque
1296 969 1464 997 charactere.
1479 966 1548 1000 Quis
1559 965 1631 994 enim
1649 969 1706 992 tres
1726 972 1797 1000 gra-

1003 1017 1055 1045 dus
1075 1024 1259 1048 enumerans,
1280 1015 1470 1050 presbyteros,
1494 1017 1522 1041 et
1544 1012 1739 1047 presbyteros,
1767 1015 1799 1038 et

1003 1063 1132 1090 diaconos
1145 1061 1263 1090 diceret?
1273 1061 1335 1096 quis
1355 1059 1527 1096 presbyteros
1539 1057 1707 1093 presbyteris
1722 1057 1779 1084 sub
1788 1071 1797 1077 -

1001 1109 1089 1144 jectos
1112 1115 1175 1136 esse
1198 1108 1296 1135 debere
1320 1106 1448 1134 doceret?
1467 1105 1530 1140 quis
1553 1103 1623 1132 duos
1646 1103 1796 1130 ministros

1003 1156 1099 1184 eodem
1114 1158 1237 1189 tempore
1248 1153 1356 1182 diversa
1366 1157 1392 1181 et
1406 1152 1534 1180 distincta
1547 1150 1638 1178 ofﬁcia
1653 1153 1682 1177 et
1694 1157 1793 1185 opere,

1003 1205 1030 1229 et
1044 1205 1116 1229 statu
1126 1220 1135 1234 ,
1149 1205 1176 1228 et
1193 1199 1324 1235 dignitate
1340 1198 1451 1226 sortitos
1469 1196 1710 1225 indiscriminatim
1729 1203 1795 1230 pre-

1003 1247 1126 1283 sbyteros
1140 1245 1308 1281 appellaret?
1321 1244 1448 1280 Episcopi
1466 1251 1564 1271 nomen
1580 1243 1661 1270 toties
1676 1243 1704 1270 in
1719 1241 1794 1270 Scri-

1003 1295 1091 1330 pturis
1116 1297 1296 1321 memoratum
1324 1297 1388 1320 tunc
1413 1299 1468 1318 non
1492 1290 1637 1318 evanuisse
1660 1294 1790 1321 constat;

1002 1341 1103 1368 nemini
1117 1339 1233 1375 simplici
1247 1339 1403 1374 presbytero
1417 1345 1447 1364 ea
1462 1341 1540 1364 aetate
1554 1335 1714 1363 attributum
1728 1342 1792 1362 esse

1003 1395 1036 1415 ex
1051 1387 1172 1414 omnium
1184 1385 1347 1420 scriptorum
1361 1383 1469 1411 silentio
1480 1387 1606 1418 apparet;
1623 1386 1683 1409 erat
1697 1381 1792 1416 itaque

1002 1432 1092 1468 primo
1107 1432 1196 1461 ordini
1210 1437 1276 1459 tunc
1296 1435 1462 1458 reservatum
1479 1434 1507 1457 et
1521 1429 1747 1464 appropriatum;
1762 1432 1791 1455 et

1003 1480 1121 1508 absurde
1141 1479 1251 1506 locutus
1270 1481 1344 1506 esset
1361 1476 1496 1513 lgnatius,
1510 1476 1568 1510 ipse
1583 1475 1666 1503 etiam
1682 1474 1790 1509 episeo-

1003 1534 1069 1561 pus,
1092 1526 1115 1554 si
1136 1533 1235 1553 nomen
1257 1525 1346 1560 primo
1368 1523 1459 1551 ordini
1482 1529 1642 1550 concessum
1665 1520 1788 1548 inferiori

967 1585 988 1614 ρ
1006 1573 1161 1604 tribuisset:
1187 1577 1295 1600 etcum
1320 1570 1492 1606 presbyteros
1514 1573 1652 1600 moneret,
1681 1572 1712 1594 ut
1737 1574 1789 1594 suo

1005 1620 1107 1655 quique
1120 1618 1248 1654 episcopo
1271 1620 1407 1652 parerent,
1422 1616 1496 1650 ipsos
1511 1623 1526 1642 a
1542 1614 1643 1649 quibus
1658 1613 1789 1641 obedien-

1005 1666 1070 1693 tiam
1088 1665 1245 1702 postulabat
1260 1664 1403 1700 episcopos
1413 1684 1420 1696 ,
1436 1667 1482 1690 aut
1497 1662 1585 1693 illum,
1599 1661 1644 1688 cui
1659 1660 1788 1687 obedien-

1006 1713 1070 1740 tiam
1094 1711 1277 1747 praastandam
1296 1710 1419 1743 docebat,
1442 1709 1628 1743 presbyterum
1655 1706 1789 1741 appellas-

1005 1764 1056 1787 set.
1072 1758 1160 1793 .Equc
1175 1757 1248 1784 enim
1264 1756 1397 1784 absonum
1413 1754 1535 1787 videtur,
1554 1757 1584 1780 ut
1599 1752 1662 1787 quis
1680 1751 1788 1786 episco—

1004 1813 1055 1840 pos
1066 1805 1206 1839 episcopo,
1227 1807 1275 1830 aut
1285 1802 1457 1837 presbyteros
1476 1800 1634 1834 presbytero
1651 1797 1785 1832 subjectos

1005 1860 1065 1880 esse
1082 1852 1180 1879 debere
1194 1850 1314 1882 doceret,
1330 1852 1357 1875 et
1382 1848 1409 1874 in
1433 1854 1467 1874 eo
1490 1848 1681 1881 argumentum
1703 1843 1784 1871 collo-

1005 1903 1090 1930 caret,
1107 1896 1258 1932 prazsertim
1280 1902 1342 1923 eum
1369 1894 1402 1921 de
1427 1893 1574 1921 schismate
1597 1895 1734 1922 tractaret,
1759 1890 1786 1917 in

1004 1952 1059 1980 qua
1072 1952 1102 1971 re
1116 1942 1290 1970 notissimum
1302 1945 1354 1974 est,
1371 1939 1500 1967 Ecclesiae
1512 1939 1628 1966 salutem
1643 1939 1672 1964 in
1687 1936 1785 1964 summi

1005 1990 1166 2023 sacerdotis,
1179 1989 1230 2016 boc
1242 1993 1284 2016 est
1302 1987 1434 2023 episcopi,
1447 1983 1578 2021 dignitate
1589 1983 1726 2019 pendere;
1741 1983 1785 2010 cui

1005 2039 1028 2066 si
1050 2045 1105 2065 non
1131 2043 1227 2064 exsors
1242 2035 1366 2070 quaedam
1388 2038 1415 2061 et
1430 2033 1464 2060 ab
1485 2030 1643 2059 hominibus
1665 2028 1785 2056 eminens

1005 2085 1083 2113 detur
1095 2087 1226 2119 potestas,
1244 2086 1283 2109 tot
1295 2081 1321 2108 in
1335 2079 1456 2107 Ecclesia
1466 2077 1618 2106 efficienter
1628 2074 1783 2107 schismata,

1005 2137 1072 2168 quot
1085 2131 1250 2162 sacerdotes,
1266 2129 1317 2156 hoc
1329 2132 1371 2155 est
1382 2125 1541 2162 presbyteri.

1041 2179 1083 2207 Sit
1108 2179 1192 2214 igitur
1218 2178 1296 2204 tertia
1322 2175 1436 2203 assertio
1452 2172 1580 2201 :Nullum
1606 2169 1719 2198 omnino
1743 2175 1784 2196 se-

1005 2226 1088 2254 cundi
1113 2224 1204 2253 saeculi
1226 2223 1398 2258 scriptorem,
1424 2227 1486 2248 curn
1511 2218 1611 2254 gradus
1633 2220 1783 2247 enumerat,

1005 2277 1053 2301 aut
1075 2280 1138 2300 cum
1162 2272 1196 2299 de
1225 2270 1412 2306 singularibus
1436 2268 1478 2296 sui
1501 2266 1631 2301 temporis
1656 2263 1782 2292 ministris

1004 2320 1136 2356 loquitur,
1158 2326 1256 2346 nomen
1281 2316 1430 2353 presbyteri
1446 2315 1470 2343 ei
1494 2314 1540 2349 qui
1555 2313 1701 2348 episcopus
1716 2315 1783 2338 esset

1004 2369 1143 2398 tribuisse.
1169 2366 1322 2394 Nonnullos
1340 2364 1448 2399 quidem
1473 2360 1583 2389 adducit
1600 2358 1715 2385 Dallmus
1729 2362 1780 2384 tum

1005 2417 1114 2445 Graecos
1130 2420 1187 2443 tum
1207 2414 1329 2444 Latinos,
1345 2420 1360 2439 a
1377 2410 1476 2446 quibus
1489 2407 1568 2444 primi
1583 2406 1685 2441 gradus
1698 2412 1781 2431 sacer-

1004 2465 1082 2492 dotes
1092 2473 1101 2488 ι
1114 2460 1264 2498 presbyteri
1277 2469 1286 2485 ›
1297 2459 1452 2486 dicerentur
1463 2464 1470 2489 ;
1480 2454 1526 2482 sed
1539 2453 1563 2481 si
1575 2452 1699 2487 singulos
1706 2458 1782 2478 excu-

1006 2497 1122 2543 tiamus,
1132 2512 1180 2536 aut
1204 2507 1230 2535 id
1255 2514 1309 2533 non
1334 2505 1429 2532 dicunt
1444 2502 1515 2537 quod
1532 2501 1575 2528 ille
1597 2500 1668 2530 vult,
1684 2502 1729 2525 aut
1747 2497 1779 2524 ita

1005 2565 1103 2585 nomen
1120 2553 1268 2591 presbyteri
1293 2554 1437 2585 usurpant,
1455 2556 1516 2576 cum
1539 2546 1640 2582 gradus
1655 2553 1707 2572 non
1721 2551 1780 2571 enu-

1005 2607 1122 2635 merant,
1139 2605 1186 2628 aut
1197 2600 1230 2627 de
1242 2606 1298 2626 suae
1310 2597 1398 2625 anatis
1409 2593 1546 2630 episcopis
1558 2599 1611 2619 non
1627 2592 1777 2625 loquuntur.

1005 2649 1112 2684 Papias,
1122 2648 1148 2674 in
1161 2644 1331 2681 Fragmcntis
1342 2650 1403 2678 quae
1418 2642 1574 2675 supersunt,
1587 2644 1662 2664 nunc
1675 2634 1780 2671 πρεσϐυ-

1004 2680 1211 2733 tép-oucrplurali
1235 2697 1359 2721 numero,
1370 2695 1444 2717 nunc
1460 2685 1646 2722 πρεσϐύτερον
1659 2680 1778 2716 singulari

1005 2745 1039 2772 de
1054 2744 1135 2771 unico
1148 2742 1252 2769 Joanne
1270 2742 1394 2773 usurpat.
1405 2735 1474 2763 Cum
1493 2731 1591 2768 plurali
1610 2735 1722 2756 numero
1736 2726 1778 2753 ad-

1006 2791 1090 2823 hibet,
1107 2797 1160 2817 non
1176 2788 1260 2822 liquet
1272 2793 1334 2813 eum
1350 2783 1392 2811 vel
1410 2783 1442 2810 de
1456 2782 1508 2808 hoc
1523 2778 1565 2806 vel
1586 2777 1633 2804 illo
1648 2774 1727 2810 gradu
1740 2773 1777 2800 vel

1005 2837 1102 2864 ordine
1116 2833 1256 2870 speciatim
1273 2828 1475 2865 intelligendum
1493 2833 1566 2857 esse;
1580 2823 1673 2858 potius
1692 2829 1718 2848 ea
1732 2827 1778 2846 vox

1007 2867 1139 2919 generali.
1149 2887 1229 2908 sensu
1254 2876 1410 2912 accipienda
1434 2878 1476 2902 est
1487 2893 1495 2907 ,
1509 2878 1564 2907 quo
1579 2873 1659 2897 aetate
1675 2867 1778 2902 majores
