1850 3072
35 171 78 199 εει

441 176 467 204 J.
488 176 672 206 PEARSONII
689 177 851 208 νιΝοιειΑι
870 178 1083 209 ΙΟΝΔΤΙΑΝΔΞ.
1102 197 1138 202 -
1150 181 1241 210 PARS
1258 182 1290 209 ΙΙ.

1630 183 1683 212 8ὶῖ

37 239 80 259 seu
95 231 281 268 antiquiores
296 235 463 271 simpliciter
486 237 641 273 signiﬁcare
661 239 741 267 solet.
768 239 837 267 Cum
853 241 876 270 Α
889 239 983 276 Neque
1005 241 1078 269 enim
1100 241 1219 270 lrenaaus
1244 249 1365 277 unquam
1390 242 1528 271 Victorem
1549 243 1601 271 sibi
1616 251 1682 280 syn-

37 279 104 305 enim
128 278 234 313 Papias
250 286 366 316 putaret
380 290 413 310 ex
425 283 487 310 viva
502 291 569 312 voce
587 285 729 312 hominum
745 293 840 320 super-

39 325 131 352 stitum
150 325 217 360 plus
236 327 372 355 utilitatis
388 329 447 364 capi
464 330 596 364 potuisse,
612 339 694 366 quam
708 339 741 359 ex
756 332 841 360 libro-

40 379 96 398 rum
111 371 256 406 lectione;
283 375 426 408 quarebat
439 383 473 403 ex
488 375 523 403 iis
548 377 594 411 qui
616 383 696 405 erant
719 378 778 413 ipso
792 378 841 406 'se—

45 417 140 450 niores,
156 419 227 453 quid
255 419 297 446 illi
323 420 485 449 audiverant
508 422 541 449 ab
563 423 598 450 iis
615 423 662 458 qui
681 424 735 452 illis
756 425 838 452 etiam

43 463 104 499 ipsis
120 465 255 493 seniores
270 471 365 500 erant;
379 471 460 502 atque
480 468 518 496 ita
536 469 645 497 tandem
664 471 840 506 perveniebat

42 510 72 537 ad
84 511 252 539 testimonia
277 513 464 547 apostolorum
479 515 539 542 viva
554 523 621 544 voce
635 517 744 544 tradita.
759 516 835 550 Qum-

42 557 116 583 rebat
142 565 160 584 a
176 557 326 593 discipulis
338 560 536 594 apostolorum,
560 561 617 597 ipse
637 563 710 590 enim
736 564 838 592 nullius

41 603 161 637 apostoli
174 604 331 639 discipulus
344 605 405 633 fuit.
425 605 603 643 Presbyteros
617 616 713 637 omnes
727 614 838 645 aposto-

40 648 89 681 los,
105 657 268 685 omnesque
287 651 390 683 ChriSti
404 651 512 680 Domini
536 653 686 689 discipulos
699 660 788 688 vocat,
804 656 838 684 de

41 694 90 723 hoc
105 696 156 723 vel
178 696 228 724 illo
251 697 349 725 ordine
369 698 513 727 ministerii
537 701 687 737 evangelici
710 702 744 729 ab
771 710 838 738 apo—

40 741 117 769 stolis
134 742 265 770 instituto
276 751 331 771 non
343 745 456 773 omnino
468 745 532 781 agit.
547 745 680 774 Joannem
692 749 838 783 quemdam

40 787 72 814 ab
86 789 223 823 apostolo
240 789 399 818 distinctum
413 799 484 827 saepe
497 792 544 819 τὸν
558 793 745 829 πρεσϐύτερον
756 802 838 822 voca-

40 833 100 866 bat;
116 833 170 862 sed
187 835 248 862 ﬁeri
263 839 353 870 potest
364 841 394 864 ut
407 837 452 865 ille
465 839 577 866 secundi
590 839 695 868 ordinis
706 841 837 870 sacerdos

39 879 144 914 fuerit;
163 885 239 908 certe
256 881 338 916 primi
353 881 440 911 fuisse
456 888 577 912 veterum
599 892 680 913 nemo
697 885 780 920 dixit;
795 887 838 914 ni-

891 286 1015 314 cbronon
1043 288 1232 323 presbyterum
1254 289 1378 322 vocavit,
1404 297 1492 325 neque
1510 290 1576 317 dum
1602 295 1681 318 aule-

891 331 979 360 riores
1002 333 1177 368 presbyteros
1202 338 1293 366 vocat,
1317 335 1462 370 episcopos
1478 335 1598 364 Victoris
1611 341 1681 365 tem-

890 385 957 413 pore
984 379 1115 407 ecclesias
1140 380 1324 415 gubernantes
1351 382 1525 418 presbyteros
1549 383 1680 419 appellari

890 425 987 452 solitos
1000 425 1129 453 ostendit.
1145 426 1270 455 Clemens
1285 427 1485 457 Alexandrinus
1499 429 1565 464 quid
1580 430 1613 457 de
1627 430 1680 458 hac

890 477 920 497 re
938 470 1079 506 scripserit
1091 472 1242 501 videamus.
1262 473 1300 501 De
1311 473 1430 508 perfecto
1443 482 1494 502 suo
1506 475 1678 509 Christiano,

891 516 947 544 sive
959 516 1091 545 Gnostico
1109 518 1227 552 locutus,
1249 520 1324 548 addit
1338 529 1344 546 :
1362 529 1371 546 ι
1389 519 1438 548 llic
1453 525 1495 549 est
1507 529 1600 549 revera
1613 530 1677 557 pre-

890 563 981 598 sbyter
995 563 1132 598 Ecclesiae,
1155 569 1183 593 ct
1199 573 1279 594 verus
1302 567 1435 595 diaconus
1457 568 1556 596 divinae
1579 569 1678 597 volun-

889 609 965 637 tatis.
979 619 988 636 ι
999 610 1033 638 At
1044 611 1101 639 haec
1112 619 1166 638 non
1181 612 1218 639 ita
1231 612 1344 646 diceret,
1355 623 1365 639 ι
1377 613 1399 641 si
1408 622 1461 649 qua
1475 614 1548 649 apud
1566 620 1677 644 nostros

889 654 1009 690 dignitas
1038 661 1112 684 esset
1136 658 1324 694 presbyteratu
1339 660 1473 695 superior.
1491 669 1501 686 ι
1521 660 1573 688 Sed
1591 669 1676 696 quare

890 707 944 727 non
958 708 1020 728 eum
1035 701 1138 729 diceret
1150 703 1348 738 presbyterum.
1368 704 1432 732 licet
1451 705 1624 740 episcopatus
1641 707 1677 734 sit

889 745 1076 781 presbyteratu
1099 747 1235 782 superior,
1248 756 1329 784 quem
1355 748 1500 777 diac0num
1517 750 1595 784 dixit,
1612 752 1677 779 licet

889 789 1035 819 diaconatu
1055 793 1181 828 superior
1202 793 1238 821 sit
1256 795 1479 830 presbyteratus?
1491 795 1619 824 Profecto
1639 798 1676 826 ita

889 834 1016 864 Clemens
1034 845 1096 866 eum
1111 839 1265 874 appellavit,
1276 847 1339 868 cum
1355 841 1414 876 ipse
1426 842 1508 870 sciret
1520 850 1554 871 ac
1565 843 1676 871 doceret

889 883 960 916 apud
978 887 1088 912 nostros
1109 885 1266 920 dignitatem
1282 885 1367 915 fuisse
1387 888 1574 924 presbyteratu
1593 898 1674 925 supe-

39 927 92 954 rnis
108 932 208 955 autem
232 928 336 956 incerta
349 934 423 962 sunt,
442 937 504 965 quae
519 931 547 958 in
564 931 714 960 Clementis
729 933 834 960 Conui-
850 929 871 956 Β
885 927 1003 962 l‘iOl‘em;
1019 937 1082 957 nam
1094 931 1185 958 statim
1202 935 1346 968 postquam
1368 933 1425 970 haec
1440 934 1598 970 scripserat,
1615 937 1673 965 ait:

40 973 203 1007 tutionibus,
218 974 251 1002 de
259 974 366 1003 Joanne
379 983 396 1004 a
414 976 519 1005 Joanne
532 978 661 1015 episcopo
679 979 752 1008 facto
764 979 835 1008 refe-

39 1023 153 1047 runtur.
169 1019 293 1048 Marcum
304 1022 352 1056 qui
365 1021 460 1050 volunt
468 1023 504 1050 ab
513 1031 546 1051 eo
557 1024 639 1052 etiam
650 1025 834 1062 πρεσϐύτερον

39 1065 159 1099 dictum,
174 1066 259 1094 verba
277 1068 348 1102 apud
367 1067 516 1097 Eusebium
540 1069 576 1097 ita
596 1070 806 1106 interpretantes
825 1082 833 1100 :

41 1119 51 1136 ι
68 1110 131 1139 Hoc
147 1112 242 1140 senior
256 1112 364 1142 Marcus
377 1114 446 1142 dixit
461 1114 531 1143 Petri
550 1116 694 1152 interpres,
710 1127 719 1143 ι
734 1115 834 1146 fallun-

39 1161 93 1184 tur.
114 1158 200 1185 Aliud
217 1166 249 1186 ea
267 1159 350 1187 verba
372 1165 480 1190 sonant.
495 1162 551 1189 Kal.
562 1162 641 1190 τοῦτο
654 1165 669 1191 ὁ
683 1164 832 1200 πρεσϐύτε-

40 1214 85 1241 ρος
109 1206 218 1240 ἔλεγεν·
234 1206 349 1243 Μάρκος
369 1209 419 1243 μὲν
438 1209 608 1246 ἑρμηνευτὴς
632 1211 736 1247 Πέτρου
757 1213 834 1246 γενό-

41 1260 122 1286 μενος
146 1253 199 1279 ὅσα.
224 1253 437 1289 ἐμνημόνευσεν,
463 1255 584 1291 ἀκριὸὦς
608 1256 736 1292 ἔγραψεν.
767 1257 834 1291 Quae

41 1299 106 1326 satis
122 1299 270 1327 commode
289 1307 304 1327 a
318 1299 427 1328 Ruffino
445 1309 523 1329 versa
545 1307 609 1330 sunt
625 1311 632 1329 :
652 1313 661 1329 ι
676 1302 764 1331 Etiam
780 1305 833 1332 hoc

40 1343 156 1379 (inquit)
171 1345 313 1380 presbyter
326 1346 464 1380 narrabat,
479 1347 551 1382 quod
574 1347 683 1377 Marcus
697 1349 832 1385 interpres

41 1387 124 1416 fuerit
146 1388 231 1423 Petri,
247 1394 275 1417 et
284 1398 455 1426 quaecunque
474 1393 634 1421 meminerat
653 1394 688 1422 ab
699 1402 733 1422 eo
747 1395 830 1428 dicta,

39 1435 248 1470 conscripserit.
279 1445 289 1462 ι
313 1435 459 1473 Utcunque
489 1438 546 1472 sit,
570 1438 668 1474 Papias
690 1448 831 1476 nunquam

41 1481 143 1515 gradus
166 1481 372 1510 ecclesiasticos
397 1489 549 1517 enumerat,
573 1492 714 1520 nunquam
740 1486 831 1515 ofﬁcia

42 1529 203 1564 distinguit;
218 1537 353 1565 nusquam
370 1531 572 1566 episcoporum,
585 1537 634 1559 aut
650 1532 830 1561 diaconorum

42 1574 210 1601 mentionem
221 1574 306 1608 facit;
323 1583 462 1611 nunquam
476 1577 511 1604 de
524 1577 653 1613 episcopo
666 1578 757 1613 aliquo
771 1580 831 1606 sin-

42 1621 128 1655 gulari
152 1626 202 1649 aut
226 1621 396 1658 presbytero,
419 1623 466 1658 qui
488 1631 552 1651 cum
573 1624 634 1659 ipse
656 1625 789 1652 scriberet
802 1625 830 1651 in

40 1667 106 1695 vivis
121 1671 198 1695 esset
212 1667 345 1702 loquitur.
362 1667 434 1696 Idem
455 1669 537 1697 etiam
561 1670 594 1697 de
615 1669 717 1698 Irenaeo
738 1670 832 1698 dicen-

41 1714 117 1746 dum;
134 1713 312 1750 presbyteros
331 1715 493 1750 generaliter
509 1720 590 1743 vocat
609 1716 769 1751 episcopos,
783 1717 831 1744 sed

41 1754 180 1792 nunquam
193 1777 203 1791 ,
224 1758 327 1793 gradus
346 1766 529 1793 enumerans,
557 1761 712 1797 singulares
738 1762 830 1795 viros,

40 1803 84 1837 qui
107 1804 233 1839 episcopi
260 1803 389 1839 fuerant,
420 1806 596 1842 presbyteros
620 1808 753 1842 appellat;
782 1808 830 1836 sed

41 1858 145 1887 semper
172 1852 321 1887 antiquos,
349 1853 446 1889 quales
470 1858 549 1882 erant
571 1855 596 1881 οἱ
625 1855 678 1890 πρὸ
705 1855 830 1890 Σάνιηρος

41 1897 230 1934 πρεσϐύτεροι,
250 1899 275 1925 οἱ
296 1899 350 1934 πρὸ
373 1899 421 1927 σοῦ
434 1900 623 1936 πρεσϐύτεροι,
637 1902 662 1927 οἱ
677 1901 730 1937 πρὸ
743 1901 828 1928 αὑτοῦ

41 1944 230 1980 πρεσϐύτεροι,
248 1945 273 1971 οι
285 1945 340 1981 πρὸ
354 1945 433 1982 ἡμῶν
445 1946 635 1982 πρεσϐύτεροι.
654 1947 722 1975 Cum
737 1952 827 1976 autem

40 1989 70 2016 de
92 1995 229 2025 praesente
253 1991 382 2027 episcopo
402 1991 468 2027 agit,
489 1992 541 2020 sub
562 1999 618 2028 quo
635 1993 693 2028 ipse
706 1994 825 2029 scripsit,

41 2035 145 2070 proprie
159 2039 189 2062 et
201 2036 237 2063 ad
250 2037 361 2064 modum
375 2035 470 2072 Ignatii
485 2037 621 2073 loquitur,
636 2038 683 2066 lib.
697 2047 737 2072 ιιι,
749 2048 773 2067 c.
791 2040 823 2067 ὃς

43 2090 52 2106 ι
73 2080 233 2109 Fundantes
257 2082 340 2117 igitur
363 2087 391 2111 et
414 2083 589 2112 instituentes
612 2085 683 2112 beati
709 2086 825 2120 apostoli

41 2125 197 2160 Ecclesiam,
216 2126 286 2155 Lino
311 2129 500 2165 episcopatum
524 2130 748 2159 administrandae
770 2132 824 2159 Ec-

40 2176 124 2204 clesiae
149 2177 332 2205 tradiderunt.
359 2176 487 2204 Succedit
509 2182 600 2205 autem
617 2177 642 2205 ei
657 2177 821 2211 Anacletus;

40 2228 95 2257 post
108 2231 173 2251 eum
190 2223 270 2251 tertio
294 2223 329 2251 ab
352 2223 482 2258 apostolis
499 2223 685 2259 episcopatum
707 2224 822 2251 sortitur

893 974 969 1001 Ἐπεὶ
982 975 1028 1002 καὶ
1044 977 1071 1002 αἱ
1086 975 1204 1004 ἐνταῦθα
1220 979 1356 1014 προκοπαὶ
1371 980 1539 1012 ἐπισκόπων,
1554 983 1675 1018 πρεσϐυ-

885 1021 982 1057 τέρων,
998 1022 1129 1050 διακόνων
1146 1023 1301 1059 μιμήματα,
1316 1023 1410 1061 οἶμαι,
1426 1027 1574 1064 ἁγγελικῆς
1594 1029 1674 1065 δόξης

884 1067 1071 1102 τυγχάνουσιν.
1097 1068 1253 1098 Secundum
1275 1070 1442 1100 Clementem
1466 1073 1559 1109 igitur,
1573 1083 1672 1110 quem-

885 1112 1031 1141 admodum
1043 1115 1168 1151 προκοπή
1189 1123 1236 1143 seu
1247 1116 1387 1151 profectus
1395 1123 1437 1146 est
1450 1126 1465 1146 a
1477 1119 1621 1149 diaconatu
1636 1121 1671 1149 ad

883 1159 1112 1195 presbyteratum,
1126 1161 1163 1189 ita
1179 1163 1262 1190 etiam
1275 1164 1398 1200 προκοπή
1417 1171 1465 1192 seu
1479 1165 1618 1200 profectus
1629 1171 1672 1195 est

884 1213 899 1232 a
912 1206 1099 1242 presbyteratu
1112 1207 1146 1235 ad
1164 1208 1350 1243 episcopatum
1367 1218 1372 1235 :
1386 1216 1413 1237 et
1427 1210 1478 1238 hos
1490 1215 1545 1240 tres
1559 1213 1671 1242 ordines

884 1258 938 1278 non
954 1255 1059 1280 tantum
1075 1253 1202 1280 ordinum
1214 1254 1398 1289 angelicorum
1412 1256 1581 1286 imitamenta
1596 1266 1671 1293 qua:-

883 1296 946 1324 dam
960 1305 1020 1325 esse
1032 1303 1123 1333 putat;
1136 1300 1184 1327 sed
1196 1304 1222 1327 et
1234 1301 1268 1328 ab
1279 1301 1346 1336 ipsis
1357 1303 1489 1337 apostolis
1508 1304 1534 1330 in
1548 1303 1670 1333 Ecclesia

882 1342 1034 1375 institutos.
1048 1349 1076 1372 ct
1095 1345 1211 1374 diversis
1230 1347 1420 1383 distinctisque
1439 1351 1583 1385 praeceptis
1606 1359 1668 1379 nm-

883 1389 956 1417 nitos
967 1389 1092 1422 credidit,
1112 1395 1142 1418 ut
1159 1399 1191 1418 ex
1206 1391 1286 1420 tertio
1306 1392 1450 1429 Predagogi
1465 1395 1535 1423 libro
1546 1397 1668 1425 ostendi-

882 1442 955 1462 mus.
971 1434 1021 1462 Ubi
1033 1435 1116 1471 igitur
1130 1436 1241 1465 ordines
1253 1445 1300 1465 seu
1315 1439 1415 1473 gradus
1429 1446 1581 1475 enumerat,
1594 1447 1670 1470 utro-

881 1480 965 1516 bique
989 1489 1051 1509 cum
1079 1481 1183 1517 lgnatio
1206 1488 1301 1511 nostro
1317 1485 1477 1520 episcopos,
1494 1488 1669 1524 presbyteros

882 1531 909 1554 et
923 1526 1054 1555 diaconos
1065 1527 1175 1562 proprie
1196 1531 1223 1556 et
1242 1528 1370 1557 distincte
1389 1532 1520 1566 agnoscit.
1539 1533 1591 1561 Sed
1610 1544 1621 1561 ι
1640 1535 1667 1563 in

883 1572 1002 1607 quodam
1018 1580 1052 1600 ex
1066 1573 1127 1608 ejus
1135 1572 1268 1608 Operibus
1282 1575 1354 1610 quod
1370 1578 1442 1611 apud
1456 1577 1602 1608 Eusebium
1617 1589 1666 1609 ex-

881 1623 936 1646 stat
961 1619 1130 1654 fragmento,
1147 1627 1228 1655 quem
1253 1621 1344 1655 primo
1366 1623 1525 1659 episcopum
1550 1626 1666 1661 dixerat,

881 1665 1007 1692 eumdem
1022 1665 1104 1700 paulo
1117 1669 1179 1700 post
1195 1666 1382 1702 presbyterum
1401 1668 1477 1696 dicit.
1496 1679 1507 1696 »
1523 1670 1599 1698 Fecit
1615 1672 1668 1701 hoc

880 1710 990 1746 quidem
1008 1711 1035 1738 in
1059 1711 1170 1739 bomilia
1193 1711 1248 1747 jam
1274 1713 1384 1741 tandem
1406 1715 1458 1742 sub
1478 1715 1602 1752 Origenis
1615 1727 1667 1746 no-

880 1757 955 1784 mine
974 1756 1058 1789 edita,
1074 1757 1148 1793 quod
1169 1758 1255 1786 miror
1270 1763 1297 1786 et
1310 1759 1478 1789 Blondcllum
1493 1766 1520 1790 et
1535 1762 1666 1793 Dallaeum

879 1803 1011 1836 latuisse;
1027 1804 1075 1831 sed
1090 1804 1227 1839 quomodo
1242 1804 1268 1832 id
1289 1805 1385 1833 fecerit
1407 1807 1555 1837 videamus.
1571 1809 1666 1838 Homi-

879 1857 941 1877 nem
957 1850 1044 1883 illum,
1060 1851 1185 1886 quisquis
1203 1850 1263 1884 fuit,
1279 1851 1439 1880 καθεστῶτα
1459 1854 1664 1884 ὲπίσκοπονειιὶ)

877 1894 982 1923 Joanne
996 1897 1119 1932 apostolo
1130 1897 1223 1930 tradit,
1239 1905 1302 1926 cum
1317 1898 1375 1933 ipse
1388 1900 1529 1934 apostolus
1540 1902 1665 1937 reg'ones

877 1942 938 1970 illas
948 1948 1114 1978 peragraret,
1132 1944 1297 1976 ἐπισκόπους
1312 1946 1498 1981 καταστήσωνο
1510 1949 1663 1982 apostolum

877 1989 967 2024 ipsum
982 1990 1020 2017 ita
1034 1997 1097 2018 eum
1113 1990 1296 2025 alloquentem
1312 1991 1462 2020 introducit
1477 2002 1484 2008 ·
1502 1993 1569 2028 ’Δγε
1582 1994 1626 2028 δὲ,
1639 1991 1666 2022 ὗ

872 2035 1024 2068 ἐπίσκοπε,
1040 2036 1093 2063 hoc
1105 2040 1159 2070 est,
1173 2036 1216 2064 sui
1238 2037 1369 2072 temporis
1389 2038 1546 2073 episcopum
1564 2047 1596 2067 eo
1610 2048 1662 2068 no-

875 2082 949 2110 mine
963 2083 1043 2117 quasi
1059 2082 1151 2110 ofﬁcio
1169 2083 1292 2118 apprime
1310 2089 1477 2120 congruente
1498 2087 1662 2122 compellan-

874 2133 940 2157 tem.
957 2129 1017 2165 Ipse
1032 2134 1124 2158 autem
1138 2129 1265 2159 Clemens
1277 2136 1337 2166 post
1351 2139 1438 2161 annos
1450 2138 1571 2167 centum,
1588 2134 1662 2162 hunc

873 2183 954 2211 quem
971 2181 999 2204 et
1019 2172 1078 2211 ipse
1100 2181 1127 2204 et
1143 2177 1285 2212 apostolus
1302 2178 1460 2214 episcopum
1483 2180 1659 2214 appellarent,

870 2222 956 2249 semel
969 2221 1152 2258 πρεσῦύτερον
1162 2243 1169 2256 ,
1183 2223 1267 2250 semel
1282 2223 1446 2259 πρεσϐύτην,
1463 2228 1494 2252 ιιι
1508 2226 1662 2259 apostolum

40 2269 175 2303 Clemens;
203 2279 214 2295 ι
229 2274 257 2297 et
278 2269 392 2305 reliquis
410 2270 597 2297 enumeratis:
614 2279 623 2295 ι
638 2268 707 2296 Cum
728 2275 818 2297 autem
835 2276 857 2304 υ
872 2268 961 2303 ipsum
978 2269 1023 2296 τὸν
1038 2269 1153 2305 γέροντα
1165 2273 1255 2297 vocat.
1275 2269 1318 2296 Nil
1340 2269 1422 2305 igitur
1437 2275 1532 2298 contra
1554 2278 1657 2298 morem

41 2316 213 2343 successisset
236 2315 351 2343 Aniceto
369 2314 463 2348 Sotcr,
486 2323 560 2343 nunc
584 2315 746 2343 duodecimo
761 2316 821 2344 loco

40 2362 222 2398 episcopatum
235 2362 270 2389 ab
283 2362 413 2397 apostolis
430 2361 510 2389 habet
526 2361 709 2390 Eleutherius.
728 2372 738 2387 ι
753 2361 822 2390 Male

40 2407 114 2442 igitur
135 2408 255 2435 Dallaeus
277 2415 311 2435 ex
336 2408 431 2436 nescio
448 2415 502 2443 qua
526 2409 669 2444 apostolici
685 2409 821 2436 sermonis

39 2453 89 2489 lege
101 2455 233 2490 postulat,
247 2459 278 2482 ut
298 2453 330 2481 S.
357 2453 477 2489 lgnatius
498 2454 626 2488 Damam,
642 2454 819 2488 Onesimum,

39 2506 61 2527 et
76 2500 232 2537 Polybium,
247 2509 302 2529 non
325 2502 417 2529 minus
435 2509 516 2536 quam
531 2501 650 2529 Irenaaus
664 2502 818 2536 Anicetum,

39 2548 276 2586 Pium,IIygiuum,
285 2550 493 2586 Telesphorum,
508 2560 517 2576 ι
530 2550 703 2585 presbyteros
715 2560 724 2576 ›
737 2557 819 2578 voca-

38 2604 90 2624 tum
115 2598 143 2624 hi
168 2596 271 2624 Irenaeo
294 2596 466 2632 antiquiores
493 2596 616 2629 fuerint,
645 2596 684 2623 illi
715 2595 819 2631 Ignatio

37 2643 120 2676 cozvi,
137 2650 209 2678 quos
231 2650 346 2670 necesse
369 2642 394 2670 ei
419 2641 471 2669 fuit
492 2649 508 2669 a
529 2641 695 2677 presbyteris
719 2641 818 2669 distin-

36 2697 116 2724 guere.
128 2689 213 2724 Pejus
232 2693 326 2716 autem
352 2688 439 2716 multo
463 2687 615 2716 Salmasius
634 2688 662 2715 in
677 2687 817 2722 Apparatu

37 2743 43 2759 ι
57 2743 105 2762 nec
126 2734 250 2762 muneris
262 2753 270 2763 .
283 2741 335 2761 nec
356 2733 498 2769 dignitatis
524 2733 595 2760 inter
608 2733 766 2768 episcopum
790 2738 817 2760 et

34 2780 210 2816 presbyterum
217 2779 382 2807 divisionem
389 2778 508 2808 Victoris
515 2782 637 2813 tempore
651 2779 790 2806 exstitisse
802 2787 812 2804 ›

34 2827 68 2854 vel
81 2826 142 2854 inde
161 2825 274 2861 probari
296 2824 414 2860 putavit,
431 2834 440 2850 ι
455 2825 519 2860 quia
535 2832 590 2852 non
606 2824 694 2852 solum
713 2824 813 2859 ipsum,

33 2872 72 2900 ted
90 2873 169 2900 etiam
191 2871 349 2900 anteriores
369 2871 515 2906 episcopos
536 2869 679 2899 Romanos
694 2870 813 2906 πρεσσυ-

32 2919 108 2954 ςέρων
118 2920 229 2948 nomine
240 2917 392 2954 appellatos
402 2921 509 2945 constat
519 2917 554 2945 ab
565 2916 665 2945 Irenaeo
676 2921 703 2945 et
713 2916 783 2945 aliis.
798 2926 809 2943 ι

872 2314 969 2350 lgnatii
982 2314 1054 2342 fecit.
1067 2313 1221 2347 Quinetiam
1233 2313 1412 2350 Polycarpum
1425 2315 1574 2343 secundum
1590 2324 1658 2351 prte-

870 2364 975 2388 sentem
987 2360 1114 2388 Ecclesia:
1124 2364 1224 2388 statum
1237 2360 1307 2395 apud
1319 2360 1505 2396 Philippenses
1517 2361 1659 2396 scripsisse

871 2414 925 2434 non
942 2407 1048 2434 dubito.
1072 2405 1128 2435 Illis
1149 2406 1259 2441 quidem
1274 2406 1396 2441 praecipit
1416 2410 1446 2433 ut
1468 2406 1581 2441 subjecti
1603 2407 1658 2434 sint

873 2463 883 2479 ι
902 2453 1067 2489 presbyteris
1078 2459 1104 2481 et
1116 2453 1239 2481 diaconis
1250 2453 1322 2481 sicut
1334 2452 1389 2480 Deo
1404 2457 1431 2480 et
1442 2453 1562 2480 Christo.
1579 2462 1589 2480 ι
1604 2453 1657 2481 Sed

870 2500 932 2535 quis
947 2500 1039 2534 dabit,
1055 2500 1213 2535 episcopum
1228 2498 1442 2534 Pbilippcnsium
1459 2503 1524 2526 tunc
1547 2500 1574 2526 in
1588 2500 1657 2527 vivis

869 2546 974 2574 fuisse?
988 2545 1054 2579 Quis
1077 2546 1218 2581 praestabit
1241 2544 1428 2580 Philippenses
1454 2544 1516 2572 ideo
1537 2553 1552 2572 a
1575 2545 1656 2580 l’oly-

868 2599 952 2626 carpo
974 2591 1121 2619 consilium
1144 2597 1200 2618 non
1214 2590 1386 2625 etllagitasse,
1403 2590 1477 2624 quod
1497 2594 1563 2617 tunc
1586 2594 1655 2617 tcm~

869 2637 943 2672 poris
955 2637 1083 2671 episcopo
1098 2636 1148 2671 ipsi
1173 2635 1247 2663 baud
1266 2635 1440 2670 potirentur?
1456 2634 1494 2662 Ita
1509 2635 1581 2662 enim
1598 2635 1655 2670 ipse

868 2691 917 2711 eos
931 2682 1100 2718 alloquitur:
1116 2680 1222 2713 Ταῦτα,
1244 2681 1369 2716 ἀδελφοὶ,
1393 2681 1442 2707 οὐκ
1462 2680 1572 2716 ἐμαυτῷ
1594 2681 1653 2708 ἑπι-

867 2729 969 2765 τρέψας
985 2728 1083 2764 γράφω
1099 2728 1162 2763 ὑμῖν
1179 2727 1243 2762 περὶ
1256 2727 1306 2762 τῆς
1321 2727 1503 2762 δικαιοσύνης·
1521 2727 1577 2754 ἀλλ’
1591 2727 1652 2755 ἐπεὶ

866 2776 944 2810 ὑμεῖς
959 2773 1178 2810 προεκαΜσασθέ
1193 2781 1237 2809 με.
1256 2782 1266 2798 ι
1282 2772 1345 2800 Hzec
1359 2778 1459 2805 autem,
1477 2772 1585 2805 fratres,
1597 2780 1651 2800 non

866 2829 927 2849 meo
942 2822 1066 2854 arbitrio,
1080 2821 1158 2848 vobis
1171 2820 1204 2848 de
1217 2819 1322 2855 justitia
1338 2819 1440 2852 scribo,
1456 2819 1502 2847 sed
1514 2819 1587 2854 quod
1604 2826 1653 2847 vos

865 2868 898 2895 ad
915 2875 959 2895 me
974 2868 1154 2903 provocastis.
1172 2876 1181 2893 ι
1199 2866 1229 2894 1η
1245 2873 1345 2898 causa,
1363 2869 1394 2893 ut
1408 2865 1516 2900 opinor,
1530 2864 1652 2892 Valentis

863 2914 1024 2951 presbyteri,
1050 2922 1132 2950 quam
1158 2913 1262 2950 judicio
1290 2912 1431 2948 Polycarpi
1449 2911 1650 2947 permittebant.
