1850 3072
199 171 255 201 £23

728 170 759 198 S.
780 168 957 198 iGNATlUS.
974 184 1011 190 —
1028 168 1297 198 PROLEGOMENA.

1789 171 1839 200 621

200 230 265 260 1111ιο
281 231 364 267 igitur
373 238 436 259 cum
450 230 552 258 incerta
565 230 631 263 sint,
645 229 714 258 nihil
722 230 793 258 certi
808 237 842 258 ex
859 237 986 258 sermone
999 233 1023 263 Α
1038 239 1049 256 1
1066 229 1212 266 Presbyter
1239 233 1334 265 pastor
1362 227 1472 257 titulum
1495 227 1626 256 condidit.
1656 236 1669 254 1
1700 227 1839 257 Accurau

201 276 344 313 Polyearpi
359 277 450 304 afferri
473 281 571 312 potest.
588 276 660 310 Sed,
675 276 767 311 inquit
789 275 921 310 Dallzeus,
936 275 989 303 Po-

201 325 328 360 lycarpus
345 331 383 356 se,
399 328 426 350 et
436 331 494 356 eos,
510 331 627 358 quorum
641 323 752 350 nomine
767 322 988 358 Philippensibus

201 370 307 402 scribit,
328 369 471 404 episcopos
495 369 668 404 presbyteros
682 368 760 400 dicit,
778 377 788 395 1
808 368 986 404 Polycarpus,

201 419 225 443 et
243 416 290 450 qui
312 423 374 443 cum
391 423 424 443 eo
441 420 503 442 sunt
521 415 682 450 presbyteri.
701 424 710 440 1
727 413 790 442 Haec
804 415 914 450 quidem
931 423 989 450 epi-

200 463 277 489 stola
294 462 352 496 ejus
378 461 519 495 inscriptio
543 466 601 494 est,
616 461 795 497 Πολύκαρπος
820 461 866 488 καὶ
889 462 914 488 οἱ
939 462 987 488 σὺν

200 508 274 544 αὐτῷ
297 507 485 544 πρεσϐύτεροι.
513 507 565 534 Sed
590 515 623 534 an
646 507 690 535 ille
713 507 760 542 qui
785 515 885 535 nomen
906 514 987 535 suum

201 559 304 582 tantum
322 554 413 586 refert,
438 561 468 581 se
486 554 673 588 presbyterum
696 553 783 581 dicit?
799 553 841 580 An
861 561 924 580 cum
940 561 988 581 ne-

198 601 272 628 mine
285 601 338 628 nisi
359 609 422 628 cum
452 601 612 636 presbytero
633 600 782 636 presbyteri
807 608 868 628 esse
889 605 987 636 potue-

200 647 282 674 runt?
307 647 404 674 Annon
426 655 488 674 cum
515 647 643 681 episcopo
670 646 819 682 presbyteri
839 654 900 674 esse
916 647 988 674 sole-

198 693 282 721 bant?
296 693 336 720 Ex
357 693 399 720 his
412 693 534 727 exsculpi
554 692 629 720 nullo
645 692 726 720 modo
744 697 843 727 potest,
859 691 988 728 Polycar-

198 747 262 775 pum
278 740 398 774 seipsum
410 739 597 775 presbyterum
611 747 724 766 vocasse
741 748 748 766 :
763 743 792 766 ut
806 746 894 774 neque
907 739 985 772 illud,

197 794 245 813 eos
257 794 327 821 quos
341 791 420 814 vocat
440 786 612 821 presbyteros
627 793 751 820 quosque
770 785 824 813 sibi
848 785 984 820 adjungit,

198 832 341 866 episcopos
367 831 465 858 fuisse.
482 830 567 857 Nemo
589 831 663 858 enim
679 831 785 858 dubitat
808 831 874 866 quin
891 832 918 857 in
934 831 986 858 Ec-

198 877 279 904 clesia
296 877 455 912 Smyrnensi
477 876 627 913 Polycarpo
648 876 777 912 episcopo
791 876 911 911 adjuncti
927 875 986 904 fue—

199 923 255 950 rint
269 923 436 959 presbyteri;
454 931 515 950 cum
532 923 615 958 igitur
629 923 662 950 ad
677 923 766 958 ipsum
787 927 985 958 provocassem

197 968 396 1004 Philippenscs,
419 977 503 1004 quare
527 970 596 997 alios
615 978 647 997 ex
666 970 730 998 Asia
755 970 899 1005 episcopos
921 976 986 996 con-

198 1020 319 1049 vocaret,
341 1020 368 1043 et
390 1023 441 1042 suo
463 1016 633 1051 presbyterio
655 1020 801 1043 contentus
822 1023 877 1043 non
902 1019 984 1049 esset,

197 1062 324 1096 equidem
349 1070 403 1089 non
419 1062 509 1089 video.
525 1061 559 1089 Et
583 1062 610 1089 111
633 1062 742 1097 quidem
763 1066 883 1097 quatuor
899 1061 985 1090 Graeci

197 1113 260 1136 sunt
276 1109 388 1135 secundi
406 1108 498 1136 saeculi
524 1108 687 1143 scriptores,
709 1116 778 1143 quos
803 1108 918 1135 advocat
944 1108 986 1135 vir

196 1155 389 1188 doctissimus;
413 1155 539 1190 quintum
561 1155 633 1182 enim
656 1162 823 1190 anonymum
844 1155 901 1190 jam
923 1160 986 1183 ante

195 1200 391 1234 expunximus.

231 1246 389 1274 Latinorum
399 1251 488 1273 autem
507 1246 580 1274 illius
594 1246 733 1274 memoriae
748 1246 848 1274 mirum
863 1246 930 1274 texit
941 1254 984 1275 ca-

196 1294 327 1329 talogum.
335 1293 457 1321 Primum
470 1293 743 1327 lrenzeiinterpretem
754 1293 846 1326 refert,
854 1301 935 1329 quem
949 1294 985 1320 ita

199 1349 210 1366 1
221 1340 342 1367 locutum
355 1347 418 1368 esse
428 1350 437 1366 1
454 1340 529 1372 dicit,
548 1349 558 1366 1
569 1344 597 1367 et
611 1347 644 1367 ex
660 1347 715 1374 quo
733 1347 795 1374 quaI
808 1338 984 1367 fueruntlre-

196 1394 291 1414 natana
303 1387 430 1421 pleraque
438 1394 467 1413 se
474 1386 650 1420 descripsisse
662 1395 671 1409 ι
688 1385 796 1412 fatetur.
807 1385 897 1418 Quare
911 1386 984 1412 enim

195 1433 275 1460 aliter
288 1433 446 1467 loqueretur
462 1431 555 1459 Irenaei
572 1432 707 1466 interpres
721 1439 803 1466 quam
822 1431 931 1459 locutus
943 1436 985 1459 est

195 1479 339 1507 lrenmus?
356 1478 410 1505 Aut
424 1477 488 1513 quid
509 1477 658 1505 auctoritas
680 1477 836 1512 interpretis
858 1477 922 1505 huic
946 1478 985 1505 rei

194 1525 318 1557 confert,
335 1525 387 1552 nisi
403 1524 477 1559 quod
496 1523 627 1552 lrenaeum
653 1524 690 1551 ita
709 1523 853 1558 scripsisse
871 1531 985 1559 persua-

196 1579 257 1599 sum
279 1571 438 1603 habeamus,
463 1570 535 1605 quod
561 1577 641 1597 nemo
667 1570 764 1604 negat?
789 1570 852 1597 Sive
871 1569 983 1597 secundi

195 1617 288 1645 smculi
321 1616 401 1644 fuerit
436 1617 570 1651 interpres
597 1616 658 1649 ille,
696 1616 753 1643 sive
782 1616 918 1651 sequioris
932 1616 982 1643 ali-

194 1663 274 1698 cujus
288 1683 295 1695 ,
320 1662 432 1698 perinde
461 1667 521 1695 est;
547 1662 649 1689 nullam
688 1662 733 1689 ille
750 1662 803 1689 vim
824 1668 984 1698 argumento

195 1709 280 1736 addit.
306 1708 358 1742 Qui
373 1712 469 1743 putant
484 1715 546 1735 eum
572 1708 694 1742 ejusdem
720 1715 782 1735 cum
809 1707 912 1736 lrenao
932 1708 985 1736 aevi

194 1754 291 1787 fuisse,
304 1754 391 1790 ipsum
405 1754 537 1781 Irenaeum
556 1753 642 1781 fuisse
661 1753 845 1788 hariolantur;
861 1753 899 1780 ita
912 1762 984 1781 unus

195 1804 302 1827 tantum
322 1807 355 1827 ex
388 1805 500 1827 auctore
519 1803 546 1826 et
572 1799 719 1834 interprete
739 1799 815 1826 testis
829 1799 981 1827 coniicitur.

193 1845 247 1880 Qui
272 1845 431 1873 existimant
453 1845 576 1880 ejusdem
607 1852 671 1872 cum
699 1844 869 1872 Tertulliano
894 1846 982 1872 aetatis

193 1900 266 1926 esse,
287 1892 354 1919 nihil
367 1891 440 1919 aliud
456 1891 581 1924 ati‘erunt,
600 1891 652 1918 nisi
671 1891 742 1926 quod
770 1895 832 1918 ante
845 1890 874 1918 S.
890 1891 983 1926 Augu-

193 1939 298 1966 stinum
313 1938 457 1973 scripsisse
473 1938 615 1970 videatur;
633 1942 727 1964 contra
751 1945 812 1971 quae
827 1937 912 1964 multa
934 1937 983 1964 ob—

193 1984 240 2019 jici
256 1987 377 2018 possent,
387 1983 409 2011 si
423 1991 465 2010 res
476 1983 532 2018 ipsa
543 1982 589 2010 tali
602 1981 761 2009 defensione
773 1982 914 2017 indigeret.
928 1981 982 2009 lre-

195 2030 248 2056 naei
270 2030 411 2064 interpreti
438 2029 578 2064 subjungit
600 2027 678 2055 Pium
707 2027 801 2055 Romae
822 2028 981 2063 episcopum

194 2075 275 2111 cujus
287 2076 429 2110 epistolam
441 2074 520 2102 Justo
533 2075 661 2109 episcopo
684 2073 831 2101 Viennensi
850 2073 981 2101 directam

195 2119 275 2146 nobis
293 2119 406 2153 objicit;
421 2126 503 2153 quam
530 2123 621 2146 tamen
635 2127 645 2144 1
670 2125 726 2146 11011
739 2118 774 2145 ab
792 2118 868 2146 omni
894 2119 982 2153 impo-

191 2169 276 2192 sturze
287 2165 444 2199 suspicione
456 2165 568 2192 liberam
584 2173 593 2190 1
613 2163 679 2191 olim
700 2163 859 2191 Blondellus
871 2163 982 2198 judica—

192 2210 240 2237 vit.
258 2209 304 2237 Ille
328 2211 455 2244 quidem,
468 2209 594 2244 quisquis
612 2213 672 2241 est.
693 2209 727 2237 de
754 2209 919 2245 presbyteris
933 2209 980 2244 qui

997 1594 1018 1623 C

1039 276 1127 312 igitur
1144 276 1350 304 distinctionem
1365 275 1494 304 ordinum
1519 275 1722 310 nominumque
1740 275 1839 303 obser-

1039 321 1113 349 vavit
1119 320 1184 349 Pius
1194 321 1248 353 ille,
1258 329 1319 348 cum
1327 321 1360 348 de
1367 320 1439 349 clero
1448 323 1491 350 sui
1516 321 1647 356 temporis
1661 321 1839 356 loqueretur.

1039 368 1096 397 Nec
1114 369 1206 397 minus
1221 368 1365 396 infeliciter
1380 369 1452 396 hunc
1469 376 1518 404 pro
1532 369 1732 397 communione
1753 367 1839 396 nomi-

1039 423 1104 443 num
1126 416 1216 442 attulit
1241 415 1368 449 Dallaeus,
1384 423 1466 450 quam
1490 423 1540 450 pro
1560 417 1678 450 paritate
1705 415 1839 442 ordinum

1038 462 1205 495 Blondellus,
1222 470 1302 497 quem
1315 462 1382 489 adeo
1399 462 1472 488 clare
1492 461 1622 489 refutavit
1639 461 1839 489 Hammundus

1039 513 1142 536 noster.
1157 507 1189 534 111
1207 513 1272 535 sunt
1288 508 1412 543 praeclari
1428 508 1482 535 duo
1504 512 1588 536 testes
1607 508 1724 536 secundi
1742 509 1839 536 saeculi

1039 553 1171 581 adversus
1193 552 1328 589 lgnatium
1357 553 1500 588 producti;
1526 554 1626 589 quibus
1655 554 1745 581 miror
1762 561 1837 587 eum,

1038 608 1101 628 cum
1118 605 1194 627 tanta
1215 600 1306 634 inopia
1335 605 1514 635 premeretur,
1535 608 1590 628 nou
1607 599 1753 628 addidisse
1775 599 1838 627 Vic-

1037 647 1106 674 toris
1118 654 1193 682 papae
1204 645 1393 674 testimonium
1407 654 1422 674 a
1434 645 1574 674 Blondello
1583 651 1610 674 et
1620 646 1763 674 Salmasio
1772 654 1837 682 pro-

1037 692 1160 725 ductum,
1172 692 1245 728 quod
1255 691 1376 727 ejusdem
1390 692 1469 727 plane
1480 700 1542 719 cum
1553 692 1600 719 illo
1613 691 1769 719 Piifarina:
1782 698 1834 721 εει,

1037 737 1076 765 Ex
1091 738 1139 765 illo
1151 738 1224 765 enim
1240 737 1345 772 colligit
1361 737 1533 771 Blondellus,
1551 738 1747 774 apostolorum
1773 745 1824 766 suc

1037 790 1161 811 cessares
1185 788 1213 811 et
1240 784 1414 813 convictores
1439 784 1622 813 Ecclesiarum
1648 785 1684 813 ad
1709 785 1834 813 Victoris

1037 835 1160 866 tempora
1174 835 1295 859 rectores
1313 832 1487 868 presbyteros
1505 831 1600 860 fuisse.
1615 831 1668 860 Sed
1682 832 1762 865 vidit,
1777 833 1834 867 opi-

1037 884 1099 911 nor,
1117 881 1240 912 apertum
1261 877 1314 907 hoc
1327 885 1388 905 esse
1403 876 1593 910 mendacium;
1606 884 1688 904 nemo
1696 878 1774 904 enim
1788 885 1832 912 qui

1038 923 1224 958 apostolorum
1240 923 1381 951 convictor
1396 922 1495 957 fuerat,
1509 923 1625 950 Victoris
1640 927 1722 950 anate
1737 922 1832 951 Eccle-

1037 969 1109 997 siam
1132 969 1253 1005 regebat.
1277 969 1381 998 Planus
1405 969 1451 997 ille
1474 969 1552 997 aliter
1572 968 1652 996 Pium
1670 976 1774 1004 papam
1791 969 1831 995 1οο

1036 1019 1166 1050 queutem
1181 1021 1358 1050 repraesentat
1373 1024 1379 1042 :
1395 1024 1404 1041 t
1419 1014 1572 1051 Presbyteri
1591 1015 1639 1047 illi.
1652 1015 1700 1050 qui
1717 1014 1754 1042 ab
1768 1022 1830 1049 apo-

1036 1063 1114 1091 stolis
1125 1062 1234 1090 educati
1254 1069 1343 1097 neque
1364 1061 1397 1089 ad
1413 1069 1463 1089 nos
1479 1065 1671 1096 pervenerunt,
1688 1069 1754 1088 cum
1771 1061 1829 1096 qui-

1035 1107 1088 1136 bus
1102 1108 1185 1135 simul
1204 1107 1318 1135 verbum
1340 1106 1404 1134 fidei
1431 1107 1523 1142 partiti
1548 1114 1684 1140 sumus,a
1712 1107 1827 1134 Domino

1035 1154 1124 1182 vocati
1149 1155 1177 1181 in
1191 1154 1328 1182 cubilibus
1350 1153 1460 1181 {sternis
1479 1153 1566 1180 clausi
1586 1157 1727 1180 tenentur.
1747 1162 1757 1178 1
1775 1152 1827 1179 Sub

1036 1201 1085 1228 Pio
1103 1201 1185 1236 igitur
1207 1201 1394 1236 episcopatum
1421 1204 1530 1227 tenente
1553 1207 1649 1227 omnes
1674 1199 1825 1234 presbyteri

1035 1247 1223 1282 apostolorum
1242 1247 1413 1274 convictores
1436 1246 1574 1274 demortui
1600 1245 1731 1278 fuerunt,
1743 1251 1782 1278 et,
1799 1251 1825 1272 ut

1035 1294 1082 1321 ille
1098 1294 1195 1327 voluit,
1210 1303 1219 1319 1
1239 1294 1350 1322 aeternis
1368 1294 1505 1322 cubilibus
1524 1293 1620 1321 clausi.
1642 1303 1651 1319 1
1670 1293 1738 1321 P0st
1748 1293 1823 1320 Pium

1036 1340 1105 1368 sedit
1116 1340 1259 1373 Anicetus,
1276 1344 1338 1375 post
1351 1340 1497 1368 Anicetum
1517 1339 1609 1373 Sotcr,
1624 1344 1688 1374 post
1702 1338 1821 1367 Soterem

1034 1385 1207 1419 Eleutherus,
1224 1391 1286 1421 post
1300 1386 1477 1414 Eleutherum
1493 1385 1596 1413 Victor.
1610 1386 1652 1412 An
1669 1386 1755 1422 igitur
1766 1393 1823 1421 pre-

1034 1432 1136 1468 sbyteri
1145 1432 1185 1460 illi
1195 1433 1304 1460 aeternis
1315 1433 1450 1460 cubilibus
1458 1433 1595 1468 perruptis
1602 1436 1820 1465 resurrexerunt,

1034 1482 1065 1505 ut
1089 1477 1123 1505 ad
1141 1482 1262 1513 tempora
1279 1477 1398 1506 Victoris
1419 1483 1446 1506 et
1471 1479 1564 1506 nescio
1588 1478 1669 1513 cujus
1693 1478 1819 1506 Desiderii

1034 1522 1198 1552 Viennensis
1209 1524 1340 1560 episcopi,
1361 1525 1492 1552 ecclesias
1515 1525 1723 1560 gubernarent?
1736 1524 1819 1559 ipsius

1034 1569 1166 1598 Blondelli
1183 1571 1264 1599 verba
1290 1575 1367 1603 sunt,
1392 1571 1529 1606 Apologia
1557 1571 1679 1598 sectione
1703 1571 1816 1606 quinta:

1039 1626 1048 1643 1
1062 1615 1255 1644 Observaverit
1283 1617 1367 1652 igitur
1383 1617 1479 1651 lector,
1495 1616 1545 1644 Pio
1557 1617 1668 1645 sedente
1679 1617 1760 1652 (inter
1774 1625 1819 1644 an-

1035 1671 1101 1691 num
1116 1663 1168 1693 146
1183 1668 1210 1691 et
1225 1663 1296 1699 150)
1312 1664 1505 1692 mortalitatem
1522 1664 1676 1699 explevisse
1691 1669 1818 1699 quotquot

1035 1709 1131 1738 Romae
1152 1710 1348 1746 superfuerant
1367 1710 1554 1745 apostolorum
1576 1710 1717 1745 discipuli.
1735 1719 1745 1736 1
1771 1709 1816 1736 Pio

1033 1761 1125 1784 autem
1136 1761 1266 1792 tanquam
1282 1756 1394 1784 fratrem
1413 1758 1574 1791 scriptorem
1598 1756 1725 1791 adjungit
1748 1755 1816 1784 (1121-

1033 1810 1096 1830 cum
1108 1801 1235 1830 Hermum
1247 1802 1397 1830 Pastorem.
1407 1801 1458 1829 Sed
1472 1802 1547 1829 illum
1558 1801 1599 1829 Pii
1611 1800 1726 1830 fratrem
1739 1801 1815 1831 fuisse

1033 1848 1096 1882 quis
1120 1847 1233 1875 credet?
1256 1846 1431 1883 Supposititii
1458 1846 1644 1880 Tertulliani,
1673 1852 1722 1874 aut
1748 1846 1813 1874 Libri

1033 1894 1192 1930 pontiﬁcalis
1212 1895 1362 1922 auctoritas
1376 1898 1450 1921 tanta
1466 1901 1520 1920 non
1532 1898 1583 1925 est,
1598 1898 1629 1920 ut
1643 1901 1739 1921 verum
1756 1893 1812 1920 illud

1033 1947 1094 1967 esse
1118 1939 1280 1973 credamus,
1295 1940 1369 1975 quod
1395 1939 1514 1967 lrenazus
1538 1939 1585 1974 qui
1609 1939 1663 1966 sub
1685 1939 1733 1966 Pio
1743 1939 1811 1968 vixit.

1032 1985 1105 2020 quod
1123 1984 1307 2012 Tertullianus
1319 1986 1393 2021 ipse,
1412 1985 1485 2020 quod
1507 1984 1692 2020 Hieronymus
1710 1992 1812 2020 prorsus

1033 2032 1174 2066 ignorasse
1188 2036 1401 2067 cognoscuntur.
1420 2042 1429 2058 1
1441 2031 1481 2059 Eo
1498 2031 1580 2067 igitur
1595 2031 1701 2059 [actum
1714 2040 1765 2060 non
1776 2032 1811 2058 vi-

1032 2078 1121 2111 detur,
1146 2084 1176 2105 ut
1198 2077 1313 2106 Hermas
1339 2079 1492 2106 ministeria
1517 2078 1649 2106 Ecclesia:
1677 2087 1693 2106 a
1713 2079 1811 2106 Christo

1032 2124 1095 2151 data
1106 2125 1193 2152 obiter
1210 2125 1310 2153 alicubi
1328 2133 1547 2153 commemorans
1565 2133 1619 2152 non
1641 2126 1712 2153 alios
1725 2133 1808 2152 recen-

1033 2172 1096 2198 seat
1109 2179 1191 2205 quam
1211 2171 1350 2206 apostolos
1370 2176 1397 2199 et
1422 2172 1566 2207 episcopos
1595 2176 1621 2199 et
1647 2173 1769 2201 doctores
1788 2176 1809 2197 et

1032 2217 1184 2250 ministros,
1200 2217 1226 2244 id
1243 2222 1285 2245 est
1303 2218 1444 2245 diaconos.
1465 2227 1474 2243 1
1489 2217 1531 2244 An
1552 2217 1617 2252 quia
1638 2217 1705 2245 Pius
1717 2218 1809 2252 episco-

193 2256 229 2283 ab
244 2256 376 2290 apostolis
388 2255 495 2282 educati
509 2254 767 2290 fuerunt,loquitur,
779 2255 826 2282 sed
836 2255 905 2289 jam,
917 2263 923 2282 t

1077 2270 1082 2289 i
1097 2263 1131 2289 ab
1141 2262 1272 2296 apostolis
1283 2263 1412 2290 educatos
1430 2263 1604 2298 presbyteros
1618 2263 1743 2294 vocabat,
1758 2261 1807 2288 ideo

193 2302 336 2334 scriberet,
361 2301 495 2328 mortuis:
512 2301 585 2335 quod
608 2300 642 2327 ad
663 2309 721 2328 rem
742 2301 820 2328 nihil.
839 2300 868 2328 111
885 2301 978 2328 eadem

193 2353 283 2376 autem
297 2347 412 2382 epistola
436 2346 469 2374 de
489 2346 531 2374 sui
558 2346 687 2381 temporis
708 2347 816 2375 clericis
840 2346 980 2382 lgnatiano

194 2400 270 2420 more
289 2392 421 2426 loquitur,
434 2391 548 2419 secundi
559 2392 664 2419 ordinis
677 2392 791 2420 clericos
804 2393 904 2421 diserte
918 2400 981 2428 pre-

193 2441 317 2476 sbyteros
335 2439 451 2474 appellat
463 2448 470 2465 :
482 2448 492 2464 1
508 2438 633 2467 Salutant
666 2444 692 2467 te
708 2439 787 2468 Soter
809 2445 836 2469 et
854 2440 980 2469 Eleuthe-

193 2487 252 2513 rius
263 2485 337 2520 digni
352 2485 511 2520 presbyteri.
526 2494 535 2510 1
545 2484 619 2512 Tunc
626 2485 760 2520 enimipse
773 2486 866 2514 Romae
873 2487 981 2522 episco-

193 2539 246 2566 pus
266 2531 336 2563 fuit;
350 2531 429 2557 Soter
443 2535 534 2558 autem
551 2535 578 2558 et
603 2530 773 2559 Eleutherius
797 2533 896 2560 ibidem
917 2541 980 2568 pro-

194 2577 253 2611 prie
277 2576 352 2607 dicti,
369 2576 393 2603 si
417 2576 496 2608 forte,
511 2577 672 2612 presbyteri.
703 2576 732 2604 Si
757 2577 836 2611 forte,
850 2578 977 2614 inquam;

194 2629 258 2648 nam
271 2626 332 2655 post
346 2620 386 2648 Pii
402 2621 545 2649 decessum
559 2622 744 2650 Eleutherium
760 2623 866 2651 Aniceti
888 2624 979 2651 diaco-

194 2674 261 2694 num
277 2666 362 2694 fuisse
376 2671 490 2694 testatur
501 2667 677 2703 Hegesippus.
691 2668 762 2696 Idem
782 2670 809 2696 in
822 2670 907 2697 altera
922 2671 979 2705 epi-

193 2712 264 2740 stola
278 2712 400 2747 ejusdem
418 2712 522 2747 farinae,
538 2714 635 2742 Verum
650 2714 781 2748 collegam
797 2722 877 2742 suum
890 2716 979 2742 nomi-

193 2763 249 2791 nat,
266 2757 373 2786 Iustum
387 2757 565 2787 Viennensem
584 2760 646 2795 ejus
671 2760 732 2787 loco
753 2760 931 2788 constitutum
951 2766 978 2790 ct

191 2805 298 2832 colobio
309 2805 498 2840 episcoporum
522 2806 650 2834 vestitum
680 2807 820 2841 agnoscit:
835 2807 868 2834 ad
895 2815 977 2842 quem

191 2850 232 2878 sic
245 2852 339 2879 scribit
354 2860 360 2878 :
376 2861 386 2878 1
404 2852 556 2889 Presbyteri
570 2859 597 2882 et
611 2854 720 2881 diaconi
732 2861 786 2880 non
801 2859 833 2880 ut
846 2861 976 2889 majorem

191 2896 240 2925 sed
251 2901 280 2925 ut
293 2898 449 2926 ministrum
463 2898 562 2929 Christi
577 2905 603 2928 te
619 2901 776 2929 observent.
791 2907 800 2925 1
811 2899 851 2927 Ac
861 2908 974 2929 rursus:

1032 2306 1146 2335 Hermas
1161 2307 1310 2343 presbyteri
1325 2316 1424 2335 nomen
1447 2308 1550 2340 omisit,
1573 2308 1748 2344 presbyteros
1766 2316 1807 2334 au-

1031 2357 1085 2380 tem
1108 2354 1183 2388 ipsos
1206 2353 1258 2380 sub
1273 2353 1408 2388 episcopis
1432 2354 1593 2388 complexus
1613 2354 1804 2388 est?Quaanam

1030 2399 1090 2427 haec
1102 2399 1172 2426 ratio
1186 2399 1248 2426 est?
1266 2399 1319 2426 Sed
1336 2407 1425 2435 neque
1448 2407 1542 2427 verum
1557 2406 1610 2433 est,
1627 2401 1715 2429 multo
1727 2401 1804 2428 minus

1029 2450 1146 2478 certum,
1175 2444 1302 2473 Hennam
1320 2446 1494 2482 presbyteros
1520 2446 1572 2474 sub
1591 2447 1727 2483 episcopis
1741 2455 1803 2475 com—

1029 2491 1140 2526 plexum
1154 2500 1233 2526 esse;
1256 2500 1327 2527 quos
1341 2493 1393 2520 sub
1407 2493 1568 2520 doctoribus
1583 2495 1677 2528 potius
1700 2494 1801 2529 comple-

1029 2544 1081 2564 xus
1092 2542 1143 2564 est.
1164 2536 1199 2565 Ut
1214 2538 1241 2564 111
1255 2539 1384 2573 passione
1404 2538 1433 2566 S.
1455 2538 1595 2573 Perpetua:
1608 2540 1738 2575 legimus:
1752 2551 1760 2566 1
1775 2540 1800 2566 Et

1029 2582 1164 2611 cxivimus
1185 2588 1212 2611 et
1227 2584 1344 2612 vidimus
1355 2590 1417 2612 ante
1433 2584 1506 2612 fores
1517 2585 1648 2620 Optatum
1662 2587 1798 2622 episcopum

1028 2628 1063 2655 ad
1085 2628 1218 2662 dextram,
1243 2634 1271 2658 et
1294 2631 1440 2666 Aspasium
1457 2632 1651 2668 presbyterum
1677 2634 1797 2661 doctorem

1028 2674 1062 2702 ad
1086 2675 1236 2703 sinistram.
1256 2686 1267 2702 1
1291 2675 1328 2704 Ut
1353 2676 1539 2706 Tertullianus
1556 2688 1563 2706 :
1580 2689 1589 2705 1
1608 2679 1680 2713 Quid
1700 2688 1756 2715 ergo
1778 2679 1798 2706 si

1028 2721 1184 2756 episcopus,
1199 2723 1222 2750 si
1235 2722 1377 2755 diaconus,
1388 2723 1411 2750 si
1424 2723 1516 2756 vidua,
1526 2724 1549 2751 si
1570 2724 1658 2760 virgo,
1675 2725 1697 2753 si
1710 2725 1796 2756 doctor,

1028 2767 1051 2793 si
1065 2767 1146 2794 etiam
1165 2772 1268 2803 martyr
1291 2768 1383 2803 lapsus
1398 2776 1413 2795 a
1429 2769 1521 2804 regula
1550 2769 1645 2798 fuerit.
1663 2781 1672 2797 1
1692 2770 1738 2799 Ubi
1758 2771 1796 2797 do-

1028 2816 1130 2839 ctorem
1151 2813 1210 2842 sine
1231 2814 1316 2842 'dubio
1339 2822 1389 2849 pro
1413 2815 1573 2850 presbytero
1589 2817 1692 2851 posuit.
1715 2816 1739 2844 S.
1754 2816 1795 2851 Cy-
1813 2838 1814 2845 η

1027 2859 1151 2893 prianus,
1176 2860 1292 2895 epistola
1314 2860 1350 2888 24
1370 2870 1376 2888 :
1399 2871 1408 2887 1
1425 2861 1540 2894 Quando
1561 2870 1625 2890 cum
1651 2863 1813 2900 presbyteris,

1027 2903 1187 2934 doctoribus
1203 2906 1318 2936 lectores
1333 2907 1475 2943 diligenter
1494 2908 1686 2943 probaremus.
1704 2920 1712 2936 1
1727 2910 1795 2936 1111111-
1811 2941 1812 2951 η
