1850 3072
73 169 116 196 ΔΞΤὶ

454 167 478 195 J.
503 167 683 196 PEARSONII
705 168 866 196 VINDICIAS
896 168 1105 198 IGNATIANE.
1123 186 1157 191 —
1176 169 1267 198 PARS
1282 170 1315 198 II.

1638 169 1654 193 ι
1659 169 1691 193 tib

71 230 146 258 dellus
167 228 284 264 quidem
315 228 430 257 afﬁrmat
459 234 587 257 constare
615 230 686 264 apud
710 229 850 261 ﬂet-mam,
866 230 888 259 Α
904 235 1008 258 veteres
1022 231 1180 265 scriptores.
1195 230 1230 258 ab
1240 230 1426 265 apostolorum
1438 235 1559 265 tempore
1571 230 1622 258 hos
1635 235 1689 258 tres

72 277 183 302 ductores
195 275 231 302 ad
252 275 401 311 episcopos
430 276 564 310 praecipue
586 275 694 308 referri,
712 283 774 304 cum
796 276 854 310 epi-

74 325 198 355 scopatum
219 321 348 356 gessisse
359 321 497 354 dicantur;
513 321 619 352 dolose.
631 327 662 349 ut
673 322 751 350 solet.
766 321 852 350 Verba

71 366 160 394 llermae
174 371 243 394 sunt
256 367 405 394 visione3:
418 377 427 393 ‹
442 367 461 394 li
475 372 540 395 sunt
554 368 668 403 apostoli
680 373 706 395 ct
721 369 852 402 episcopi,

70 417 90 436 ct
99 412 229 445 doctores,
237 417 267 439 et
275 413 405 445 ministri,
417 413 464 447 qui
472 413 586 448 ingressi
598 418 661 440 sunt
672 413 699 439 in
711 413 852 441 clementia

72 456 110 484 Dei
141 463 168 485 et
193 458 390 493 episcopatum
417 463 577 493 gesserunt,
600 464 627 486 et
649 460 812 491 docuerunt,
826 465 853 487 et

70 501 287 531 tuinistraverunt
303 509 396 532 sancte
411 509 437 532 et
456 505 578 532 modeste
592 506 686 534 electis
700 505 759 533 Dei.
773 516 782 532 ι
805 506 853 534 His

68 555 145 577 autem
162 551 281 578 minime
290 551 417 579 doctores
432 551 510 578 docet
523 552 709 587 episcopatum
724 552 851 587 gessisse,

67 601 174 630 atqueea
181 597 294 624 ratione
304 597 337 624 ad
353 598 496 632 episcopos
510 597 605 625 referri
615 599 728 630 debere,
744 598 789 625 sed
801 599 851 625 tri-

67 643 110 670 bus
118 643 255 670 distinctis
272 644 405 678 gradibus
414 652 526 671 suorum
543 644 692 672 ciliciorum
700 651 778 673 actus
794 646 852 674 dis-

67 689 140 716 tincte
155 690 322 717 tribuuntur
332 699 338 716 :
348 699 409 718 nam
427 691 546 726 episcopi
559 691 745 727 episcopatum
759 699 851 727 gesse-

68 739 130 766 runt,
144 734 277 763 doctores
289 736 454 768 docuerunt,
471 736 589 764 ministri
606 736 848 771 ministraverunt;

69 785 92 806 ut
113 780 297 808 similitudine
312 781 329 808 9
346 781 468 816 loquitur
484 791 492 809 :
512 791 520 807 ε
537 781 572 809 llt
596 782 709 817 quidam
725 782 850 811 doctores

68 826 106 860 qui
120 831 190 854 caste
207 832 236 853 et
251 827 365 854 sincere
379 827 596 862 praedicaverunt
612 835 645 855 ac
661 828 823 856 docuerunt.
837 838 846 855 ι

68 870 95 898 lli
109 872 187 907 igitttr
205 881 272 899 cum
291 880 390 900 omnes
399 873 453 900 sint
463 873 575 901 secundi
588 873 680 901 sutili
702 874 849 909 scriptores

905 275 1015 304 ordines
1027 276 1213 304 ministrorum
1230 276 1257 304 in
1270 275 1391 304 Ecclesia
1405 275 1509 303 Christi
1527 275 1622 309 fuisse,
1633 277 1689 310 epi-

905 327 1015 356 scopos,
1032 323 1205 358 presbyteros
1221 327 1247 350 et
1259 320 1596 350 diaconos.t05tendimus
1608 321 1690 356 hujus

903 369 990 402 partis
1009 368 1097 403 capite
1111 369 1200 403 primo
1208 369 1264 404 jam
1279 373 1337 396 tum
1357 369 1383 395 in
1396 368 1526 395 Ecclesiis
1539 367 1610 395 Asia:
1632 367 1690 402 epi-

904 421 1003 448 scopos
1016 415 1165 448 exstitisse,
1176 423 1239 442 cum
1257 415 1412 450 S.lgnatius
1430 414 1462 441 ad
1474 414 1635 450 martyrium
1651 413 1689 441 ie-

904 460 1027 488 stinaret.
1058 460 1182 488 Diximus
1215 461 1351 488 neminem
1380 468 1502 496 unquam
1528 460 1688 495 scriptorem

903 505 1093 534 Christianum
1107 512 1134 534 et
1156 507 1321 534 catholicum
1339 507 1441 534 dixisse
1456 506 1598 541 pauciores
1613 505 1688 533 ordi-

904 561 953 580 nes
970 561 1053 588 quam
1076 558 1130 581 tres
1148 554 1286 582 exstitisse
1301 554 1421 582 secundo
1445 553 1555 586 saeculo,
1574 556 1622 580 aut
1635 553 1688 580 ulla

902 598 962 633 ejus
977 604 1063 634 parte,
1079 600 1161 626 etiam
1182 599 1245 627 illos
1268 607 1364 626 omnes
1383 598 1430 634 qui
1449 597 1571 633 episcopi
1584 601 1611 624 et
1628 604 1690 632 pre-

903 645 1004 680 sbyteri
1020 645 1167 672 nominain
1181 645 1368 680 apostolorum
1378 645 1488 679 scriptis
1500 644 1614 671 confusa
1628 650 1690 671 esse

901 691 1107 723 existimabant,
1117 697 1164 718 aut
1179 696 1243 719 tunc
1257 699 1318 719 cum
1331 691 1382 726 ipsi
1398 690 1515 725 apostoli
1529 690 1687 720 scriberent,

901 741 949 764 aut
976 737 1072 764 saltem
1098 741 1162 765 ante
1179 737 1330 765 secundum
1350 736 1480 764 saeculum
1496 741 1552 764 tres
1576 735 1688 763 ordines

901 787 948 808 seu
977 781 1078 816 gradus
1107 781 1270 813 tradidisse;
1302 781 1374 816 quod
1400 781 1452 808 hoc
1479 781 1539 808 loco
1557 780 1624 808 satis
1638 788 1687 816 op-

900 831 1019 861 portuno
1030 827 1272 854 detuonstrandum
1287 827 1405 861 suscepi.
1421 825 1490 854 Sunt
1505 831 1595 853 autem
1611 825 1639 853 hi
1655 833 1688 853 ex

899 872 1046 905 veteribus,
1059 877 1089 900 ut
1102 873 1210 907 opinor,
1227 880 1334 906 omnes,
1348 877 1396 900 aut
1415 877 1489 900 certe
1503 872 1642 907 praecipui,
1657 871 1687 900 S.

68 919 182 954 quoslpt-o
190 919 507 947 confusionenomiuum
516 920 622 948 adducit
630 920 755 953 Dallaaus,
765 921 849 956 liquet
865 920 886 948 Β
901 918 1124 954 Cltrysostomus,
1150 917 1342 954 Hieronymus,
1357 917 1556 949 Theodoretus,
1569 917 1686 945 Ambro~

67 972 96 990 ne
107 973 185 991 unum
201 965 329 1000 quidem,
345 973 407 993 cum
432 965 533 1000 gradus
553 971 707 999 enumerat,
724 971 847 994 autcum

69 1010 95 1036 de
116 1010 304 1045 singularibus
326 1011 370 1039 sui
396 1012 527 1047 temporis
550 1012 685 1040 ministris
710 1012 848 1048 Evangelii

68 1055 183 1090 loquitur,
201 1065 309 1084 nomen
326 1057 477 1094 presbyteri
495 1059 520 1086 ei
546 1058 593 1093 qui
616 1059 761 1094 episcopus
775 1065 848 1087 esset

67 1101 190 1130 tribuisse.
207 1102 240 1130 Et
257 1107 322 1130 tum
334 1110 367 1130 ex
383 1103 445 1136 hac,
462 1108 519 1130 tum
536 1111 571 1131 ex
596 1103 680 1139 priori
697 1104 848 1132 assertione

66 1153 128 1180 patet
146 1156 226 1182 quam
251 1148 358 1176 falsum
375 1149 411 1177 sit
430 1149 504 1184 quod
530 1149 648 1178 Dallieus
671 1158 722 1178 nos
747 1151 848 1178 docere

67 1193 157 1220 voluit:
172 1203 181 1219 ι
198 1193 247 1221 llic
258 1199 325 1221 erat
335 1194 417 1229 hujus
430 1195 506 1222 vocis
516 1195 643 1230 publicus
655 1195 727 1231 apud
738 1201 847 1224 nostros

67 1246 143 1272 usus,
171 1240 230 1268 haec
267 1239 494 1268 Christianorum
519 1241 592 1269 illius
620 1242 761 1270 memoriae
797 1242 847 1270 lto-

66 1285 156 1313 miuum
182 1287 328 1314 institutio
348 1294 381 1314 ac
401 1288 587 1320 consuetudo,
604 1292 634 1315 ut
657 1288 846 1323 presbyterum

66 1331 135 1366 vulgo
151 1336 204 1359 tam
220 1332 268 1367 qui
282 1337 360 1360 esset
375 1332 533 1367 primarius,
545 1341 628 1368 quam
650 1334 697 1368 qui
712 1333 847 1362 secunda-

67 1376 125 1408 riut,
137 1381 162 1404 et
175 1377 305 1405 dicerent
334 1378 387 1413 ipsi
408 1383 436 1406 et
455 1379 490 1406 ab
505 1379 567 1407 aliis
591 1380 695 1408 dictum
715 1381 848 1417 intellige-

68 1427 126 1450 rent.
142 1433 150 1449 ι
163 1423 221 1451 Νοη
237 1424 274 1451 ita
286 1423 385 1459 lgnatii
408 1424 476 1452 Acta
492 1425 652 1460 loquuntur,
667 1434 721 1454 non
741 1434 847 1455 sermo-

67 1467 103 1494 nis
118 1467 340 1496 Christianorum
364 1469 480 1504 diligens
502 1470 661 1498 observator
697 1471 845 1506 Adrianus,

68 1521 112 1541 non
126 1513 242 1542 Ecclesia
258 1515 449 1550 Smyrnensis,
465 1523 518 1543 tton
535 1521 668 1552 martyres
682 1517 832 1553 Lttgtlutten

67 1567 112 1592 ses.
128 1569 178 1588 non
192 1561 378 1598 Hegesippus.
391 1571 444 1590 non
459 1563 615 1599 Polycrates
627 1584 634 1596 ,
648 1572 702 1592 non
721 1564 846 1600 Serapio,

68 1613 113 1633 non
125 1614 276 1643 anonymus
298 1609 344 1643 qui
361 1614 457 1636 contra
473 1608 652 1637 Montanistas
663 1611 784 1646 scripsit,
792 1619 846 1638 non

68 1653 151 1676 auctor
171 1652 301 1687 martyrii
327 1651 356 1679 S.
375 1652 524 1688 Perpetuze,
539 1661 594 1681 non
610 1661 731 1682 canones
741 1655 787 1690 qui
803 1656 847 1683 di-

68 1701 153 1723 cuntur
165 1698 322 1732 apostolici,
338 1706 373 1725 ne
394 1697 509 1727 Hermas
519 1699 641 1735 quidem.
663 1700 760 1729 Nullus
773 1701 848 1730 illius

69 1742 110 1768 aevi
125 1743 238 1778 scriptor
252 1752 341 1772 unum
369 1745 542 1779 primarium,
556 1746 640 1773 alium
654 1747 846 1775 secundarium

69 1789 240 1826 prcsbyterum
257 1792 390 1825 tradidit;
417 1793 509 1821 nullus
525 1793 562 1820 ita
578 1793 688 1822 ordines
703 1801 848 1822 enumera-

70 1836 100 1862 vit
113 1841 139 1864 ut
162 1837 188 1865 in
212 1839 307 1874 primo
322 1839 523 1874 presbyterutn,
549 1839 577 1866 in
607 1840 726 1867 secundo
751 1848 847 1867 rursus

71 1884 242 1920 presbyterum
258 1886 382 1918 locaret;
410 1885 501 1913 nullus
515 1886 672 1921 quempiam
696 1889 761 1913 tttuc
783 1893 845 1914 cum

70 1929 117 1962 ipse
129 1932 263 1970 scriberet~
288 1931 464 1966 superstitem
479 1935 506 1958 et
521 1932 602 1966 primi
627 1932 732 1960 ordinis
758 1932 846 1960 ollicio

70 1975 208 2010 fungentem
221 1978 414 2014 presbyterum
428 1978 583 2013 appellavit.

96 2022 149 2051 Jam
163 2033 225 2052 vero
238 2025 308 2053 licet
322 2026 363 2052 vir
376 2024 552 2052 doctissimus
568 2031 602 2051 ex
619 2022 780 2051 confusione
796 2031 846 2051 no-

71 2069 170 2103 minum,
182 2078 265 2106 quam
285 2070 311 2097 in
325 2070 438 2098 secundi
452 2070 544 2097 saeculi
559 2069 740 2104 scriptoribus
753 2070 846 2097 obser-

70 2114 148 2146 vabat,
161 2123 212 2143 non
237 2116 387 2144 concludat
407 2123 470 2143 cum
496 2115 632 2143 Salmasio
647 2115 717 2142 duos
739 2120 844 2142 tantum

71 2160 164 2189 ordines
189 2171 286 2190 sacros
303 2163 331 2190 in
346 2162 468 2190 Ecclesia
494 2161 581 2189 fuisse
605 2169 664 2189 aevo
683 2161 845 2197 lgnatiano;

71 2205 124 2233 licet
135 2213 261 2242 praeterea
277 2207 448 2236 Hammondo
463 2209 519 2241 det,
534 2208 617 2236 etiant
637 2208 689 2235 sub
711 2207 845 2242 apostolis

899 963 1006 996 siaster,
1021 962 1146 999 Pelagius
1159 983 1166 996 ,
1179 963 1320 997 Sedulius,
1336 963 1498 997 Primasius,
1516 963 1690 999 Theophyla-

899 1016 970 1040 c'us,
984 1008 1178 1037 (Ecutnenius.
1201 1009 1254 1043 Qui
1269 1010 1392 1037 omttium
1410 1010 1516 1045 primus
1533 1010 1603 1037 inter
1614 1009 1690 1037 Gre-

898 1063 946 1082 cos
961 1055 1032 1082 hanc
1046 1055 1188 1082 nominum
1214 1055 1403 1084 confusionem
1426 1056 1506 1084 nobis
1528 1056 1640 1083 tradidit
1658 1055 1687 1083 S.

898 1100 1123 1136 Chrysostomus,
1136 1101 1237 1137 ubique
1251 1101 1370 1130 ostendit
1382 1102 1462 1130 etiam
1479 1106 1544 1129 tunc
1557 1102 1688 1137 temporis

898 1149 1084 1183 episcopatum
1104 1147 1191 1176 fuisse
1205 1148 1328 1176 ordinem
1346 1156 1367 1184 _a
1385 1149 1574 1184 presbyteratu
1591 1148 1688 1175 distiu-

898 1199 972 1221 ctum
985 1198 1012 1221 et
1029 1194 1208 1229 superiorem.
1222 1193 1262 1221 Ad
1278 1194 1323 1222 illa
1335 1195 1417 1222 verba
1429 1194 1530 1229 Philip.
1544 1203 1562 1227 I,
1575 1194 1587 1221 ί
1604 1202 1611 1219 :
1624 1193 1690 1220 Σὺν

897 1239 1072 1273 ἐπισκόποις
1087 1241 1135 1267 καὶ
1151 1240 1312 1273 διακόνοις,
1331 1240 1388 1267 haec
1403 1240 1515 1267 adnotat
1528 1249 1534 1267 :
1547 1239 1579 1266 Τί
1597 1239 1691 1273 τοῦτο;

897 1285 970 1317 Mai;
985 1285 1088 1318 πόλεως
1098 1285 1188 1312 πολλοὶ
1197 1286 1340 1313 ἐπίσκοποι
1352 1284 1423 1321 ἦσαν
1435 1294 1442 1318 ;
1461 1285 1593 1320 Οὐδαμῶς
1601 1295 1608 1301 ·
1620 1285 1689 1313 ἀλλὰ

897 1330 961 1362 τοὺς
977 1331 1179 1367 πρεσϐυτέρους
1202 1331 1289 1363 οὕτως
1314 1331 1443 1358 ἐκάλεσε·
1471 1331 1533 1358 τότε
1549 1330 1603 1367 γὰρ
1619 1331 1688 1363 τέως

897 1375 1057 1404 ἐκοινώνουν
1072 1378 1127 1408 τοῖς
1150 1377 1278 1413 ὀνόμασι,
1297 1378 1343 1404 καὶ
1359 1377 1480 1410 διάκονος
1505 1379 1520 1404 ὀ
1540 1378 1688 1410 ἐπίσκοπος

897 1422 1016 1457 ἐλέγετο.
1032 1433 1041 1449 ι
1055 1423 1127 1456 Quid
1146 1423 1215 1451 hoc?
1231 1423 1318 1451 Unius
1334 1424 1412 1451 urbis
1437 1424 1516 1452 multi
1532 1429 1611 1452 erant
1630 1424 1688 1459 epi-

898 1468 992 1503 scopi?
1003 1468 1198 1504 Nequaquam;
1222 1468 1270 1497 sed
1287 1469 1460 1505 presbyteros
1475 1470 1511 1498 ita
1526 1470 1686 1506 appellavit:

899 1518 964 1541 tunc
980 1514 1053 1542 enim
1083 1515 1174 1542 adhuc
1202 1515 1361 1542 nominibus
1388 1516 1637 1549 communicabaut,
1661 1519 1689 1543 et

899 1561 1044 1595 episcOpus
1059 1560 1193 1588 diaconus
1207 1561 1358 1589 dicebatur.
1378 1570 1387 1587 I
1404 1561 1521 1596 Agnovit
1535 1562 1617 1598 igitur
1631 1561 1689 1590 sin-

900 1607 1008 1641 gulares
1022 1607 1166 1642 episcopos
1192 1607 1220 1634 in
1241 1607 1358 1643 singulis
1376 1608 1492 1636 urbibus
1511 1610 1688 1642 constitutos,

900 1654 947 1689 qui
961 1661 1035 1681 nunc
1049 1653 1182 1689 episcopi,
1198 1661 1271 1681 nunc
1293 1654 1443 1689 presbyteri
1459 1675 1467 1688 ,
1485 1663 1558 1683 nunc
1580 1656 1687 1684 diaconi

898 1700 1067 1728 dicebantur.
1095 1699 1188 1727 Talem
1217 1701 1375 1736 episcopum
1401 1700 1574 1729 Timotheum
1602 1701 1689 1730 fuisse

899 1746 1016 1774 asseruit
1031 1754 1038 1772 :
1055 1746 1116 1774 Ὀτι
1132 1746 1187 1780 γὰρ
1202 1747 1351 1778 ἐπίσκοπος
1366 1744 1410 1782 ἦν,
1428 1747 1495 1783 φησὶ
1511 1747 1580 1784 πρὸς
1596 1747 1687 1781 αὑτὸν,

897 1792 1003 1827 Χεῖρας
1012 1791 1125 1826 ταχέως
1127 1790 1370 1825 μηδπὶὲπιτίθει.
1387 1793 1539 1826 «Quoniam
1552 1795 1624 1822 enim
1632 1795 1689 1830 epi-

897 1846 998 1874 scopus
1012 1844 1081 1872 erat,
1093 1843 1120 1867 et
1128 1839 1193 1866 dicit
1206 1848 1214 1866 ;
1228 1839 1323 1866 Munus
1339 1840 1391 1866 cito
1406 1841 1503 1868 nemini
1517 1842 1620 1876 impone
1635 1842 1685 1869 ⁵⁸.»

897 1883 1003 1911 Rursus
1011 1891 1072 1918 quae
1080 1888 1142 1911 ante
1152 1883 1259 1911 dixerat
1267 1885 1426 1919 recolligens
1434 1886 1594 1913 sententiam
1610 1894 1687 1914 suam

897 1935 990 1965 aperte
1004 1931 1130 1958 enuntiat
1146 1939 1153 1957 :
1172 1931 1260 1966 Ὅπερ
1276 1927 1322 1957 οὖν
1339 1930 1416 1966 ἔφην,
1434 1932 1480 1959 καὶ
1497 1933 1521 1959 ot
1538 1933 1688 1970 πρεσϐύτε-

898 1986 939 2013 ροι
949 1977 979 2003 τὸ
987 1976 1101 2004 παλαιὸν
1113 1976 1258 2003 ἐκαλοῦντο
1269 1977 1412 2005 ἐπίσκοποι
1422 1998 1428 2010 ,
1442 1979 1489 2005 καὶ
1503 1980 1527 2006 οἱ
1544 1980 1688 2008 ἐπίσκοποι

898 2023 1077 2060 πρεσϐύτεροι
1101 2023 1148 2050 καὶ
1165 2023 1283 2050 διάκονοι
1300 2024 1346 2050 τοῦ
1357 2024 1476 2060 Χριστοῦ
1494 2025 1541 2060 (ita
1557 2026 1614 2054 haec
1627 2034 1689 2062 qua:

897 2070 924 2097 in
939 2070 1019 2098 editis
1038 2069 1152 2097 confusa
1180 2074 1254 2103 sunt,
1272 2069 1384 2105 legenda
1408 2078 1470 2098 esse
1492 2079 1524 2098 ex
1549 2072 1688 2106 prioribus

896 2117 990 2150 patet),
1004 2115 1064 2142 ὅθεν
1081 2116 1127 2142 καὶ
1143 2115 1191 2142 νῦν
1208 2116 1300 2143 πολλοὶ
1318 2110 1551 2152 ωμπρεσὸυτέρῳ
1578 2117 1689 2144 ἐπίσκο-

880 2171 942 2197 ,ποι
968 2162 1102 2198 γράφουσι
1120 2162 1167 2189 καὶ
1190 2162 1364 2198 συνδιακόνῳ,
1388 2163 1480 2190 λοιπὸν
1495 2163 1524 2190 δὲ
1540 2163 1571 2191 τὸ
1589 2164 1688 2195 ἰδιάζον

897 2207 1003 2243 ἑκάστῳ
1019 2207 1219 2248 ἀπονενέμηται
1236 2207 1331 2243 ὄνομα,
1341 2208 1355 2234 ὁ
1367 2208 1516 2241 ἐπίσκοπος
1533 2209 1579 2235 καὶ
1595 2209 1610 2235 ό
1621 2217 1689 2245 πρε-

72 2256 117 2280 tres
131 2255 234 2283 ordines
252 2255 409 2287 exstitisse;
427 2259 516 2282 tanien
541 2262 604 2282 cum
628 2254 687 2289 ipse
705 2254 765 2281 loca
781 2260 846 2288 apo—
862 2260 883 2288 D
899 2253 1039 2289 σϐύτερος.
1061 2263 1069 2279 ι
1090 2254 1168 2287 Quod
1187 2254 1269 2289 igitur
1279 2254 1415 2287 dicebam,
1430 2259 1458 2281 et
1469 2255 1620 2291 presbyteri
1635 2262 1687 2282 an-

72 2300 154 2327 stolica
169 2302 244 2330 aliter
256 2301 396 2336 explicare
409 2301 543 2332 videatur,
560 2304 587 2327 et
608 2299 762 2335 argumenti
775 2299 846 2326 mul-

73 2349 96 2371 to
109 2347 186 2381 major
209 2349 251 2376 vis
273 2352 356 2380 esset,
375 2347 398 2375 si
423 2346 574 2374 adversarii
596 2346 713 2381 probare
734 2349 846 2381 possent

74 2397 155 2419 revera
171 2398 224 2421 tres
243 2393 358 2421 ordines
372 2392 518 2420 distinctos
537 2392 634 2427 lgnatii
650 2398 709 2419 aevo
733 2391 846 2418 minime

75 2435 157 2470 luisse,
173 2447 241 2474 quos
258 2439 438 2475 epistolarum
453 2439 570 2473 scriptor
585 2442 640 2465 tam
657 2441 733 2465 caste
744 2442 772 2464 et
782 2444 846 2472 per-

76 2486 146 2515 petuo
155 2485 314 2521 distinguit;
337 2492 370 2512 ne
391 2484 553 2512 sententiam
570 2482 697 2511 Salmasii
717 2483 846 2511 intactam

77 2527 222 2564 relinquere,
237 2535 287 2559 aut
300 2530 472 2559 coucessioni
492 2529 634 2557 Dallwame
658 2529 739 2557 nimis
763 2529 847 2557 ﬁdere

79 2573 167 2608 videar,
180 2578 211 2604 de
222 2578 274 2606 hac
286 2585 316 2605 re
333 2577 448 2604 ulterius
460 2576 650 2605 disserendum
662 2583 724 2603 esse
741 2576 845 2611 putavi.

80 2619 116 2648 Sit
124 2621 199 2656 igitur
212 2628 308 2659 quarta
334 2623 450 2651 assertio
465 2631 471 2649 :
485 2621 523 2649 Ea
543 2627 622 2650 aetate
639 2629 692 2656 qua
721 2621 750 2648 S.
767 2620 846 2656 lgna-

80 2667 126 2694 tius
139 2670 259 2704 epistolas
274 2670 419 2705 scripsisse
433 2669 542 2701 dicitur,
556 2672 612 2695 tres
628 2675 722 2695 sacros
735 2667 845 2694 ordines

81 2716 220 2749 seugradus
234 2717 377 2745 distinctos
402 2716 428 2743 in
452 2714 573 2742 Ecclesia
592 2713 692 2742 fuisse.
725 2713 783 2741 Hoc
812 2713 845 2740 ab

82 2757 184 2788 Feclesia
198 2763 343 2799 Anglicana
358 2770 465 2797 semper
474 2760 567 2794 didici,
583 2767 644 2796 qua:
666 2759 694 2786 in
709 2758 846 2787 Ordinalis

82 2805 277 2841 ﬁulprzefatione
299 2809 338 2835 ita
356 2808 497 2843 loquitur:
515 2816 525 2833 ι
550 2805 668 2834 Evidens
692 2809 735 2832 est
757 2804 846 2832 omni-

84 2849 126 2878 bus
146 2853 277 2889 diligenter
299 2854 452 2889 legentibus
480 2857 603 2881 sanctam
627 2851 795 2888 Scripturam
819 2855 846 2878 et

111 2906 131 2920 “
143 2907 153 2932 ι
166 2906 231 2936 Tim.
252 2917 277 2941 ν,
293 2909 338 2936 ‘22.

221 2956 356 2988 PATttOL.
371 2956 428 2988 Gl.
454 2955 491 2986 Υ.

897 2299 1011 2334 tiquitus
1024 2300 1195 2326 vocabantur
1209 2299 1340 2334 episcopi,
1358 2303 1386 2327 et
1399 2300 1519 2335 episcopi
1536 2299 1685 2335 presbyteri

896 2349 924 2373 et
934 2344 1041 2373 diaconi
1061 2345 1163 2372 Christi
1187 2345 1271 2380 (unde
1295 2346 1444 2373 etiamnum
1471 2345 1550 2373 multi
1566 2345 1685 2381 episcopt

897 2391 1020 2419 scribunt
1031 2391 1259 2427 sympresbytero,
1268 2396 1296 2419 et
1309 2390 1486 2427 syndiacono)
1497 2400 1504 2425 ;
1516 2394 1609 2426 postea
1621 2398 1687 2418 vero

897 2437 1034 2472 peculiare
1049 2437 1199 2470 unicuique
1213 2444 1313 2464 nomen
1329 2437 1497 2472 assignatum
1511 2440 1563 2469 est,
1579 2436 1673 2471 episco

897 2491 948 2518 pus
963 2487 990 2510 et
1018 2483 1169 2518 presbyter.
1190 2492 1199 2508 ι
1217 2481 1323 2510 Rursus
1346 2482 1459 2510 homilia
1482 2482 1626 2510 undecima
1657 2483 1684 2510 in

897 2529 1012 2564 primam
1039 2529 1074 2556 ad
1094 2528 1269 2556 Timotheum
1296 2528 1444 2564 Epistolam
1465 2538 1472 2555 :
1490 2528 1684 2565 Διαλεγόμενος

897 2574 962 2611 περὶ
983 2574 1141 2601 ἐπισκόπων
1164 2574 1211 2602 καὶ
1226 2574 1433 2610 χαρακτηρίσας
1457 2574 1564 2606 αὐτοὺς,
1581 2574 1629 2601 καὶ
1645 2575 1684 2601 ει-

897 2620 955 2647 πὼν
970 2620 1030 2647 τίνα
1047 2620 1095 2655 μὲν
1110 2619 1193 2655 ἔχειν,
1209 2620 1289 2647 τίνων
1304 2619 1332 2646 δὲ
1348 2620 1496 2656 ἀπέχεσθαι
1512 2620 1576 2657 χρὴ,
1594 2620 1640 2647 καί
1654 2620 1685 2647 τὸ

896 2666 951 2693 τῶν
967 2665 1159 2702 πρεσϐυτέρων
1182 2665 1274 2701 τάγμα
1289 2665 1379 2700 ἀφεὶς,
1404 2667 1444 2697 εις
1467 2665 1530 2697 τοὺς
1545 2665 1685 2698 διακόνους

899 2711 1079 2748 μετεπήδησε.
1095 2711 1128 2737 Τί
1134 2710 1234 2746 δήποτε
1244 2719 1251 2744 ;
1263 2711 1304 2738 ὅτι
1321 2711 1352 2738 οὐ
1366 2711 1434 2738 πολὺ
1451 2711 1480 2738 τὺ
1499 2711 1580 2747 μέσον
1596 2711 1686 2738 αὐτῶν

898 2758 943 2785 καὶ
960 2757 1013 2784 τῶν
1039 2756 1206 2788 ἐπισκόπων,
1225 2757 1272 2784 καὶ
1287 2757 1342 2793 γὰρ
1359 2757 1405 2784 καὶ
1422 2757 1499 2784 αὐτοὶ
1511 2757 1686 2784 διδασκαλίαν

897 2805 969 2831 εἰσὶν
983 2803 1189 2838 ἁναδεδεγμένοι
1199 2803 1246 2830 καὶ
1258 2803 1425 2840 προστασίαν
1441 2803 1489 2838 τῆς
1505 2802 1666 2837 Ἐκκλησιας
1676 2810 1682 2816 ·

898 2849 944 2878 καὶ
960 2848 977 2876 ἃ
993 2848 1057 2884 περὶ
1073 2847 1229 2875 ἐπισκόπων
1245 2845 1316 2880 εἷπε,
1329 2847 1413 2876 ταῦτα
1432 2847 1477 2874 καὶ
1490 2847 1684 2883 πρεσϐυτέροις

1472 2960 1507 2990 14
