1850 3072
117 194 172 222 “e27

641 187 670 217 S.
686 185 862 216 IGNATIUS.
875 200 910 206 —
933 180 1201 212 PROLEGOMENA.

1703 173 1760 201 ηδ

122 255 272 290 ἁρμόττειθ
297 255 331 289 τῇ
343 252 396 289 γὰρ
413 250 563 288 χειροτονίᾳ
592 251 660 287 μόνῃ
683 249 852 285 ὑπερϐεϐλήν

1035 251 1088 271 iam
1107 242 1140 270 ad
1157 239 1280 269 Corinth.
1296 247 1302 264 :
1321 239 1436 264 Ἔπειτα
1451 235 1528 271 ὤφθη
1546 232 1680 268 Ἰακώϐῳ,
1699 231 1765 267 ἐμοὶ

123 304 171 331 καὶ
186 302 273 337 τούτῳ
289 301 368 336 μόνον
388 299 495 327 δοκοῦσι
520 298 689 325 πλεονεκτεῖν
709 298 771 328 τοὺς
796 295 911 332 πρεσϐυ-

123 350 229 386 τέρους.
251 359 260 375 ι
280 348 422 376 Disserens
434 347 468 374 de
481 346 617 381 episcopis
626 365 633 377 ,
647 352 797 378 eorumque
811 344 911 371 chara--

125 402 212 424 cteres
229 395 396 428 describens,
418 394 567 428 dicensquc
592 400 653 428 quae
675 399 724 419 eos
748 395 840 418 tenere
859 394 911 417 eta

125 442 225 478 quibus
253 442 390 469 abstinere
417 444 540 475 oportet.
565 438 785 474 presbyterorum
816 435 912 463 ordine

125 489 238 521 omisso,
246 489 278 516 ad
294 488 426 516 diaconos
435 486 573 514 transiliit.
585 484 694 518 Quare?
707 483 771 518 quia
784 483 854 510 inter
865 490 913 509 eos

120 542 152 564 et
166 537 309 571 episcopos
326 543 381 562 non
402 534 517 561 multum
533 533 654 560 interest.
669 530 738 558 Nam
753 534 780 558 et
791 529 842 564 ipsi
861 529 913 556 do-

118 582 204 611 ~cendi
226 590 326 609 munus
346 586 373 609 et
387 580 576 616 pnrfecturam
588 577 715 605 Ecclesiae
734 579 911 610 acceperunt:

125 635 153 657 et
162 638 195 658 ea
209 637 269 664 quae
284 629 318 656 de
328 627 463 662 episcopis
474 626 551 657 dixit,
567 625 651 652 etiam
666 623 832 658 presbyteris
847 628 914 649 con-

125 677 253 709 veniunt;
267 675 325 702 sola
341 674 413 702 enim
426 672 567 701 ordinandi
585 675 718 706 potestate
731 669 877 701 excellunt,
887 672 915 695 et

126 723 178 750 hac
192 729 245 749 una
274 729 303 748 re
328 721 453 748 videntur
466 719 631 755 presbyteris
647 716 801 751 superiores
815 722 885 742 esse.
901 723 911 739 ι

127 768 204 796 Unde
227 771 335 795 constat
355 771 479 794 sanctum
494 766 722 800 Cbrysostomum
741 761 915 788 existimasse

126 819 191 842 tunc
205 820 267 840 cum
289 812 323 839 ad
347 809 519 838 Timotheum
541 810 650 844 scripsit
672 811 786 836 sanctus
801 805 913 837 Paulus,

126 864 225 895 printer
241 859 372 886 diacon05
387 861 414 884 et
428 857 611 891 presbyteros,
625 854 708 882 etiam
733 852 875 887 episcopos
887 851 914 878 in
948 870 953 877 .

127 905 247 934 Ecclesia
274 905 375 936 fuisse,
404 911 452 938 per
473 903 616 937 episcopos
630 908 663 928 eo
688 900 748 927 loco
770 899 843 927 soles
858 898 915 933 pri-

127 964 164 991 mi
181 963 285 991 ordinis
305 962 445 990 ministros
468 961 630 993 intellectas,
643 964 729 987 totum
745 959 915 994 presbytero-

127 1019 187 1038 rum
203 1010 326 1038 ordinem
339 1009 471 1036 omissum
493 1015 553 1035 esse
566 1027 574 1040 ,
592 1006 739 1034 discrimen
759 1005 829 1032 inter
844 1004 914 1032 duos

127 1057 236 1084 ordines
257 1057 324 1084 satis
344 1054 520 1082 manifestum
534 1061 606 1085 esse,
620 1051 694 1087 quod
713 1055 834 1086 potestas
848 1057 916 1077 con-

128 1103 232 1130 ferendi
255 1109 348 1129 sacros
365 1101 476 1128 ordines
496 1099 631 1134 episcopis
650 1101 832 1132 competeret,
853 1103 916 1131 pre—

128 1148 243 1184 sbyteris
257 1155 364 1182 semper
377 1151 472 1180 negata
480 1149 562 1172 esset.
575 1143 764 1172 Falsissimum
778 1142 860 1177 igitur
874 1146 916 1169 est

127 1194 200 1229 quod
215 1192 370 1220 Blondellus
385 1192 413 1218 in
433 1191 564 1226 Apologia
581 1198 614 1217 ex
637 1190 690 1217 hoc
712 1196 767 1216 uno
790 1188 851 1216 loco
866 1194 916 1222 pro

128 1248 180 1268 suo
194 1247 269 1267 more
285 1237 422 1273 expiscari
444 1237 541 1270 voluit,
557 1236 784 1271 Chrysostomum
801 1234 915 1268 interja-

127 1293 193 1313 cens
206 1289 285 1312 aetate
300 1292 349 1311 sua
370 1283 443 1310 inter
454 1283 608 1310 sacerdotes
623 1282 770 1316 διάστημα,
793 1281 829 1309 ob
847 1287 916 1307 ocu~

127 1331 171 1359 los
185 1330 322 1363 habuisse,
339 1337 409 1364 quos
423 1334 514 1356 tamen
529 1328 564 1356 ab
579 1328 683 1364 origine
697 1336 776 1363 pares
791 1331 913 1354 noverat.

128 1376 196 1404 Nam
234 1377 287 1403 alia
330 1375 422 1402 omnia
457 1375 630 1410 διαστήματα
672 1382 734 1410 quae
765 1381 815 1401 sua
851 1377 916 1400 teta-

130 1429 157 1450 te
180 1421 407 1457 agnoscebantur,
435 1428 549 1456 prorsus
581 1420 705 1453 abstulit,
732 1419 779 1447 sed
804 1419 838 1446 ab
855 1419 915 1454 ipsa

129 1469 233 1503 origine
255 1468 410 1496 observavit
434 1468 486 1495 hoc
503 1467 670 1500 discrimen,
694 1471 855 1502 semperque
879 1466 916 1493 ita

129 1519 253 1542 sanctum
280 1514 395 1541 Paulum
422 1514 617 1549 interpretatus
645 1517 750 1545 est,ut
777 1512 916 1547 impositio

129 1569 259 1588 manuutn
271 1561 338 1587 nulli
354 1560 407 1588 nisi
422 1560 504 1595 primi
519 1560 622 1588 ordinis
637 1559 781 1593 sacerdoti,
792 1559 849 1598 sive
859 1558 916 1593 epi-

963 278 1047 321 έοκεῑ,
1064 288 1103 324 τῷ
1121 286 1228 322 ἀδελφῷ
1243 285 1283 321 τῷ
1293 284 1399 318 ἑαυτοῦ,
1416 283 1496 314 αὐτὸς
1513 281 1567 317 γὰρ
1584 280 1668 307 αὑτὸν
1684 278 1768 312 λὲγμ

963 344 1008 363 ται
1032 333 1293 370 κεχειῳτονηκέναι,
1316 331 1363 357 καλ⁸
1384 330 1532 357 ἐπίσκοπον
1556 328 1584 354 ἐν
1607 324 1769 361 Ἱεροσολὺ-

966 389 1025 417 μοις
1042 378 1221 414 πεποιηκέναι
1239 376 1358 413 πρῶτον.
1373 385 1382 400 ι
1393 374 1491 402 Postea
1506 370 1768 408 apparuitJacobo,

965 432 994 454 ut
1006 426 1074 454 mihi
1084 426 1203 457 videtur,
1219 423 1295 450 fratri
1308 430 1368 450 suo.
1395 421 1456 456 lpse
1475 420 1548 447 enim
1564 419 1642 445 illum
1657 417 1768 444 dicitur

965 472 1110 500 ordinasse
1131 475 1159 499 et
1172 470 1292 506 primum
1318 467 1569 503 Hierosolymorum
1596 465 1766 499 episcopum

965 519 1072 546 fecisse.
1091 527 1100 543 ι
1118 517 1191 544 ldem
1204 519 1329 544 sanctum
1354 513 1488 551 lgnatium
1513 516 1651 543 nostrum,
1667 509 1768 536 Antio-

965 566 1059 592 chense
1073 563 1201 592 Ecclesia:
1215 562 1375 597 episcopum
1392 568 1407 587 a
1423 563 1519 587 sancto
1536 557 1617 585 Petro
1644 556 1765 584 ordina-

966 616 1024 638 tum
1038 610 1172 645 agnovit,
1190 613 1218 636 et
1243 606 1426 635 ordinationis
1449 605 1523 632 illius
1547 603 1765 639 praerogativam

966 657 1045 684 miris
1061 656 1149 683 tnodis
1161 654 1329 690 praedicavit.

1001 702 1032 729 Β.
1049 701 1240 729 Theodorctus
1251 699 1442 727 confusionem
1459 697 1604 724 nominum
1619 694 1762 730 agnoscit,

965 753 993 776 et
1005 749 1058 776 late
1074 747 1202 783 explicat,
1214 746 1247 774 ad
1262 746 1379 780 Philipp.
1389 753 1408 777 t,
1417 744 1442 771 l.
1454 743 1507 770 Sed
1519 743 1665 777 episcopos
1677 741 1763 768 etiam

965 800 1031 822 tunc
1049 794 1180 829 temporis
1207 793 1347 820 exstitisse
1361 795 1389 818 et
1404 789 1570 826 presbyteris
1597 788 1763 822 superiores

966 841 1054 869 fuisse
1067 839 1149 868 simul
1162 838 1271 866 asserit.
1288 838 1372 864 Docet
1383 844 1417 865 eo
1431 835 1486 864 loci
1499 833 1703 870 pcrepiscopos
1717 831 1764 858 in-

967 886 1050 921 telligi
1077 886 1252 921 presbyteros
1265 883 1380 916 debere;
1398 881 1445 910 sed
1461 879 1692 916 Epaphroditum,
1713 877 1764 912 qui

930 934 953 964 Β
969 939 1024 960 tum
1039 932 1069 959 S.
1085 931 1171 959 Paulo
1187 931 1292 962 aderat,
1305 934 1332 957 et
1344 936 1392 964 per
1406 935 1489 963 quem
1507 925 1651 960 epistolam
1674 924 1764 957 misit,

966 977 1184 1013 Philippensiutn
1198 976 1358 1011 episcopum
1374 974 1460 1001 fuisse
1476 971 1608 999 ostendit.
1623 970 1676 996 Τὸν
1689 969 1719 996 δέ
1731 977 1765 1003 γε

968 1024 1103 1060 μακάριον
1122 1022 1314 1059 Ἐπαφρόδιτον
1329 1022 1357 1048 ὲν
1367 1021 1436 1055 αὐτῇ
1452 1020 1485 1054 τῇ
1498 1017 1626 1053 ἐπιστολῇ
1641 1016 1764 1043 ἀπόστο-

965 1071 1011 1098 λον
1022 1070 1113 1098 αὺτῶν
1128 1069 1273 1104 κέκληκεν.
1299 1068 1397 1103 Σαφῶς
1413 1066 1503 1093 τοίνυν
1518 1064 1637 1097 ἐδίδαξεν
1656 1063 1696 1095 ὡς
1712 1062 1764 1098 τὴν

966 1116 1145 1152 ὲκισκοπικὴν
1159 1114 1316 1150 οἰκονομίαν
1325 1114 1406 1145 αὐτὸς
1419 1112 1598 1140 ἐπεπίστευτο
1614 1109 1685 1144 ἔχων
1696 1108 1765 1135 ἁπλο-

967 1163 1061 1190 στόλου
1087 1161 1293 1198 προσηγορίανε
1314 1169 1324 1185 ι
1349 1159 1462 1187 Beatum
1486 1156 1706 1192 Epaphroditum
1734 1154 1763 1181 in

966 1209 1082 1245 epistola
1108 1208 1167 1243 ipsa
1183 1206 1338 1242 apostolum
1363 1212 1460 1232 eorum
1475 1202 1633 1238 appellavit.
1662 1201 1764 1235 Aperte

966 1264 1030 1291 ergo
1049 1255 1146 1282 docuit
1165 1252 1348 1289 episcopalem
1364 1250 1598 1285 dispensationem
1625 1248 1651 1275 ei
1675 1247 1764 1275 fuisse

966 1299 1109 1331 creditam,
1124 1306 1186 1325 cum
1201 1296 1409 1332 appellationem
1423 1294 1536 1321 haberet
1555 1293 1685 1328 apostoli.
1703 1301 1713 1317 ι
1731 1291 1764 1318 Et

966 1353 1064 1372 rursus
1081 1344 1114 1371 ad
1126 1343 1222 1378 cap.2,
1244 1350 1315 1370 vers.
1328 1342 1364 1369 25
1380 1351 1386 1368 :
1407 1339 1566 1367 Ἀπόστολον
1579 1339 1607 1366 δὲ
1621 1339 1705 1366 αὑτὸν
1716 1338 1763 1365 κέ-

966 1390 1067 1426 κληκεν
1082 1389 1183 1422 αὐτῶν,
1196 1389 1233 1420 ὡς
1245 1388 1295 1424 τὴν
1310 1387 1469 1423 ἐπιμέλειαν
1480 1385 1569 1412 αὐτῶν
1579 1386 1764 1420 ἐμπεπιστευ-

968 1437 1058 1473 μένον,
1072 1435 1110 1468 ὡς
1124 1432 1192 1462 εῖναι
1203 1434 1281 1470 δῆλον
1295 1434 1335 1460 ὅτι
1350 1433 1402 1459 ὑπὸ
1415 1431 1509 1459 τοῦτον
1521 1431 1629 1458 ὲτέλουν
1643 1431 1669 1457 οἱ
1683 1431 1713 1456 ἐν
1724 1429 1763 1465 τῷ

967 1481 1103 1518 προοιμίῳ
1119 1480 1265 1517 κληθέντες
1279 1479 1433 1509 ἐπίσκοποι,
1451 1477 1498 1505 τοῦ
1517 1476 1707 1513 πρεσὸυτέρου
1718 1476 1764 1511 δη-

966 1527 1053 1554 λονότι
1079 1527 1129 1563 τὴν
1151 1525 1227 1559 τάξιν
1241 1523 1418 1561 πληροῦντες.
1434 1533 1444 1549 ι
1458 1522 1621 1558 Apostolum
1638 1521 1763 1556 ipsorum

967 1573 1086 1606 vocavit,
1101 1576 1131 1599 ut
1144 1571 1188 1600 cui
1203 1575 1277 1599 esset
1291 1577 1386 1598 eorum
1395 1577 1462 1597 cura
1474 1567 1644 1596 concredita.
1661 1565 1698 1593 Ut
1708 1566 1764 1594 cla-

130 1615 212 1643 ⁵⁶⁰Ρ⁰
237 1607 345 1642 proprie
362 1606 434 1634 diem
448 1611 514 1634 "mc
526 1610 701 1641 compewml'
716 1605 744 1632 l"
761 1605 811 1633 hac
823 1613 852 1632 re
861 1604 953 1645 (φῖ-α
970 1626 1033 1646 rum
1061 1604 1097 1645 sit
1109 1617 1160 1645 sub
1173 1617 1220 1644 illo
1242 1616 1414 1644 ministrasse
1429 1622 1487 1648 eos,
1504 1614 1551 1649 qui
1575 1613 1603 1639 in
1621 1611 1764 1640 Prommio

129 1661 226 1688 scopos
243 1653 427 1689 ὑπερϐαίνειν,
445 1653 472 1680 in
493 1653 544 1680 hac
559 1652 728 1678 πλεονεκτεῖν
748 1652 812 1683 τοὺς
829 1659 915 1686 πρεσ-

129 1699 259 1736 ϐυτέρους
274 1699 342 1727 dixit
357 1707 364 1726 :
382 1704 408 1727 et
419 1699 486 1727 satis
501 1698 620 1733 amplum
637 1698 689 1725 hoc
701 1696 848 1724 discrimen
861 1695 919 1731 ipse

128 1745 269 1781 judicavit.
291 1743 358 1772 Nam
377 1745 486 1772 πάντων
504 1743 621 1779 μάλιστα
647 1742 823 1779 κυριώτατον,
841 1742 887 1770 καὶ
903 1742 917 1769 ὃ

131 1791 247 1827 μάλιστα
265 1792 369 1826 συνέχει
400 1791 448 1826 τὴν
472 1789 647 1826 Ἐκκλησίαν,
665 1789 695 1816 τὸ
716 1788 771 1815 τῶν
796 1797 917 1824 χειροτο-

130 1836 205 1869 νιῶν,
216 1847 225 1862 ι
242 1841 402 1872 potestatem
428 1836 572 1864 ordinandi
584 1835 706 1863 omnium
720 1842 875 1870 supremam
891 1838 919 1862 et

130 1892 190 1919 qum
210 1883 360 1911 Ecclesiam
388 1883 508 1910 maxime
523 1881 653 1915 continet,
672 1881 803 1908 thomilia
819 1882 915 1915 quinta

131 1933 164 1959 ad
182 1932 297 1967 primam
313 1931 397 1966 Epist.
412 1930 446 1958 ad
460 1930 633 1957 Timotheum
655 1928 857 1964 pronuntiavit;
871 1936 918 1963 pa-

132 1986 176 2006 res
190 1978 272 2014 igitur
284 1986 423 2013 nunquam
440 1977 560 2013 agnovit.
579 1976 636 2004 lloc
648 1977 675 2004 in
700 1976 859 2011 explicanda
887 1975 917 2003 S.

130 2024 319 2060 (llirysostomi
335 2024 468 2051 sententia
483 2028 586 2050 certum
603 2027 654 2055 est,
670 2026 700 2049 ut
722 2022 748 2049 in
776 2021 916 2049 nonnullis

131 2071 199 2098 locis
215 2070 260 2098 tibi
277 2070 425 2106 presbyteri
443 2077 541 2097 nomen
553 2069 705 2096 adhibitum
718 2073 769 2100 cst,
779 2068 918 2103 presbyte-

132 2125 178 2145 ros
198 2125 293 2144 omnes
312 2116 468 2148 excluserit,
482 2121 509 2143 et
522 2117 666 2151 episcopos
680 2116 755 2143 solos
772 2115 921 2150 intelligen-

131 2163 182 2190 dos
196 2170 256 2189 esse
270 2162 403 2194 docuerit,
423 2166 452 2189 ut
472 2161 483 2188 l
501 2160 573 2189 Tim.
590 2170 633 2194 tv,
651 2161 685 2188 14
698 2170 704 2187 :
719 2161 756 2187 υὺ
774 2161 838 2196 περὶ
855 2168 922 2197 πρε-

132 2208 269 2245 σῦυτέρων
286 2209 368 2245 φησὶν
385 2208 514 2241 ἐνταῦθα,
532 2208 601 2236 ἀλλὰ
616 2209 680 2245 περὶ
701 2208 874 2239 ἐπισκόπων,
891 2206 921 2233 οὐ

130 2255 184 2292 γὰρ
199 2255 232 2291 δὴ
258 2255 437 2292 πρεσὸύτεροι
460 2255 607 2283 ἐπίσκοπον
627 2256 821 2291 ἐχειροτόνουν.
835 2263 844 2279 ι
860 2253 921 2281 Non

968 1664 1138 1692 vocabantur
1145 1662 1278 1698 episcopi,
1285 1669 1382 1696 nempe
1389 1659 1539 1696 presbyteri
1550 1659 1676 1686 ordinem
1690 1665 1765 1685 com-

970 1710 1085 1746 plentes.
1103 1719 1113 1736 »
1129 1709 1298 1737 Sententiam
1312 1708 1372 1742 ejus
1381 1705 1668 1742 plenius'explicatam
1680 1704 1765 1731 habe-

970 1764 1033 1784 mus
1049 1758 1082 1783 ad
1099 1756 1108 1783 l
1123 1755 1195 1783 Tim.
1219 1762 1281 1790 cap.
1300 1762 1330 1781 ιιι
1343 1762 1350 1780 :
1365 1754 1434 1784 Τοὺς
1450 1753 1548 1783 αὐτοὺς
1567 1750 1683 1778 ἐκάλουν
1698 1750 1765 1777 ποτὲ

970 1802 1176 1839 πρεσϐυτέρους
1187 1801 1234 1828 καὶ
1248 1800 1423 1831 ἐπισκόπους
1442 1798 1505 1830 τοὺς
1524 1798 1552 1824 δὲ
1566 1797 1614 1824 νῦν
1625 1796 1764 1832 καλουμέ-

969 1856 1031 1879 νους
1047 1847 1212 1878 ἐπισκόπους
1226 1845 1390 1876 ἀποστόλους
1401 1843 1550 1879 ὠνόμαζον·
1564 1842 1610 1869 τοῦ
1624 1842 1654 1868 δὲ
1668 1842 1765 1878 χρόνου

970 1893 1123 1928 προϊόντος,
1140 1892 1170 1920 τὸ
1182 1892 1231 1928 μὲν
1244 1892 1294 1927 τῆς
1313 1890 1466 1925 ἀποστολῆς
1480 1889 1565 1924 ὖνομα
1583 1890 1639 1920 τοῖς
1656 1887 1766 1924 ἀληθῶς

970 1938 1130 1970 ἀποστόλοις
1138 1937 1291 1965 κατέλιπον·
1304 1936 1352 1972 τὴν
1364 1936 1392 1962 δὲ
1404 1936 1452 1972 τῆς
1469 1934 1620 1969 ἐπισκοπῆς
1631 1942 1767 1969 προσηγο-

971 1985 1032 2021 ρῐαν
1042 1986 1097 2016 τοῖς
1113 1984 1196 2011 πάλαι
1208 1983 1288 2010 καλου
1293 1982 1383 2018 μένοις
1396 1980 1553 2012 ἀποστόλοις
1563 1979 1708 2006 ἐπέθεσαν·
1719 1979 1765 2006 οὕ-

970 2040 1009 2058 τω
1024 2029 1211 2065 Φιλιππησίων
1222 2028 1371 2060 ἀπόστολος
1385 2028 1399 2053 ό
1419 2025 1614 2062 Ἐπαφρόδιτος
1628 2023 1675 2061 ἦν·
1691 2025 1765 2052 οὕτω

971 2075 1090 2112 Κρητῶν
1101 2076 1116 2103 ὁ
1126 2075 1215 2107 Τίτος,
1229 2074 1276 2102 καὶ
1293 2073 1422 2101 Ἀσιανῶν
1433 2074 1447 2099 ὁ
1463 2072 1592 2108 Τιμόθεος
1607 2071 1762 2098 ἀπόστολοι·

971 2121 1042 2149 οὓτω
1059 2122 1113 2149 ἀπὸ
1126 2121 1180 2148 τῶν
1198 2120 1391 2156 Ἰεροσολύμων
1404 2121 1461 2151 τοῖς
1475 2119 1503 2145 ὲν
1522 2118 1674 2153 Ἀντιοχείᾳ
1684 2118 1764 2153 ἐγρα-

971 2168 1025 2203 ψαν
1038 2169 1062 2195 οἱ
1078 2167 1222 2194 ἀπόστολοι
1236 2167 1282 2194 καὶ
1296 2168 1321 2193 οἱ
1333 2166 1521 2202 πρεσϐύτεροι.
1538 2174 1548 2191 ι
1565 2164 1684 2192 Eosdem
1698 2165 1762 2192 olim

973 2215 1109 2242 vocabant
1132 2213 1308 2249 presbyteros
1322 2217 1350 2240 et
1362 2213 1507 2248 episcopos
1527 2220 1533 2238 :
1549 2219 1597 2239 eos
1610 2216 1704 2238 autem
1717 2211 1762 2246 qui

974 2268 1048 2288 nunc
1073 2264 1207 2287 vocantur
1231 2259 1372 2294 episcopi,
1402 2258 1543 2293 apostolos
1571 2257 1761 2285 nominabant.

132 2301 177 2329 hic
191 2303 223 2329 de
236 2302 402 2338 presbyteris
417 2302 547 2337 loquitur,
560 2302 607 2329 sed
619 2302 652 2329 de
667 2301 810 2336 episcopis.
826 2299 862 2327 Ne

1031 2307 1142 2334 cedente
1155 2310 1246 2333 autem
1263 2309 1385 2340 tempore
1401 2304 1571 2339 apostolatus
1583 2310 1684 2330 nomen
1701 2302 1761 2330 reli-

132 2347 204 2374 enim
216 2348 366 2384 presbyteri
377 2349 535 2383 episcopum
543 2347 716 2376 ordinabant.
729 2358 738 2373 ι
752 2346 785 2373 Ει
798 2346 851 2374 Tit.
864 2347 917 2380 1,5:

131 2393 202 2425 Τοὺς
217 2394 381 2426 ἐπισκόπους
398 2393 515 2421 ἐνταῦθα
529 2403 605 2430 φησι,
618 2394 707 2426 καθὼς
721 2393 837 2428 ἀλλαχοῦ
854 2394 920 2428 ἡμῖν

131 2439 250 2475 εἴρηται.
268 2449 277 2465 ι
293 2439 442 2474 Episcopos
456 2440 500 2467 hic
522 2440 658 2473 intelligit,
682 2439 916 2474 quemadmodum

133 2492 149 2511 a
166 2485 244 2512 nobis
257 2485 322 2512 alibi
336 2485 439 2512 dictum
453 2489 505 2517 est,
521 2493 617 2519 nempe
629 2486 661 2512 ad
671 2485 767 2520 Philip.
783 2493 801 2519 ι,
816 2485 847 2518 5;
869 2485 919 2512 ho-

134 2531 208 2558 inilia
219 2532 314 2566 quinta
330 2531 364 2558 ad
372 2531 545 2559 Timotheum
555 2542 561 2558 :
570 2531 797 2566 Διαλεχθεὶςπερὶ
804 2530 923 2566 ιἐπισκό-

134 2584 202 2608 πων,
216 2576 280 2612 περὶ
290 2576 430 2609 διακόνων,
444 2576 559 2613 ἀνδρῶν,
573 2576 720 2611 γυναικῶν,
737 2576 800 2612 περὶ
816 2575 919 2611 χηρῶν,

135 2621 198 2657 περὶ
206 2621 406 2658 πρεσϐυτέρων,
417 2623 478 2660 περὶ
487 2623 539 2650 τῶν
546 2623 632 2650 ἄλλων
639 2622 774 2655 ἁπάντων,
782 2623 828 2649 καὶ
835 2621 922 2653 δείξας

133 2668 203 2694 ὅσων
213 2667 287 2693 ἐστιν
296 2668 443 2700 ἐπίσκοπος
453 2669 545 2705 κύριος
553 2690 560 2702 ,
567 2670 611 2696 ὅτε
622 2669 686 2705 περὶ
692 2669 809 2705 κρίσεως
819 2668 922 2702 ἔλεγεν,

135 2713 283 2748 ἐπήγαγε(
296 2713 363 2741 Cum
370 2714 582 2742 disseruissetde
595 2714 922 2750 episcopis,dediaconis,

136 2763 193 2785 tum
207 2759 272 2785 viris
283 2763 340 2787 tum
356 2759 474 2793 feminis,
490 2761 524 2788 de
534 2761 634 2795 viduis,
648 2761 681 2788 dc
695 2761 872 2796 presbyteris,
887 2761 922 2788 de

134 2806 196 2833 aliis
225 2807 363 2840 omnibus,
385 2809 602 2844 ostendissetque
623 2808 746 2844 qualium
778 2808 923 2843 episcopus

133 2852 367 2887 clominttsestntbi
379 2856 522 2890 dejutlicio
532 2856 648 2887 dixerat,
658 2855 811 2890 snlijunxit.
827 2864 836 2880 ›
846 2855 920 2881 ldetn

135 2900 266 2928 Iacobum
282 2900 393 2929 fratrem
419 2901 525 2929 Domini
539 2901 788 2936 llierosolytnoruzn
814 2901 920 2934 episco-

135 2955 198 2982 pum
223 2947 258 2974 ab
285 2947 363 2976 initio
384 2948 539 2976 ordinatum
555 2947 674 2982 putavit.
702 2945 818 2973 llouiilia
848 2946 875 2972 ll
893 2946 920 2973 in

975 2356 1095 2387 querunt
1117 2351 1150 2378 iis
1176 2351 1223 2386 qui
1248 2357 1312 2377 vere
1328 2354 1407 2377 erant
1431 2349 1569 2384 apostoli;
1585 2348 1761 2382 episcopatus

973 2401 1064 2425 autem
1095 2396 1305 2432 appellationem
1331 2395 1365 2422 iis
1390 2395 1437 2430 qui
1463 2394 1528 2421 oli.n
1554 2393 1761 2428 appellabantur

974 2443 1100 2479 apostoli,
1119 2443 1318 2478 imposuerunt.
1336 2443 1376 2468 lla
1391 2440 1606 2475 Philippensium
1623 2440 1760 2476 apostolus

973 2494 1031 2517 erat
1044 2489 1244 2524 Epaphroditns
1258 2497 1265 2515 :
1281 2488 1316 2515 ita
1337 2487 1510 2519 Cretensium
1526 2485 1616 2519 Titus,
1638 2490 1667 2513 et
1685 2486 1759 2513 Asia-

974 2543 1072 2562 norum
1089 2534 1252 2562 Timotheus
1264 2533 1393 2569 apostoli.
1416 2533 1454 2559 Ita
1470 2532 1505 2558 ab
1520 2531 1718 2567 Hierosolymis
1729 2531 1759 2557 iis

974 2580 1020 2615 qui
1034 2584 1113 2607 erant
1124 2579 1287 2610 Antiochiae,
1303 2579 1473 2614 scripserunt
1487 2577 1602 2612 apostoli
1613 2581 1640 2604 et
1653 2577 1760 2612 presby-

974 2625 1035 2652 teri.
1048 2635 1058 2651 ι
1071 2624 1144 2652 Unde
1156 2629 1268 2659 apparet
1282 2632 1314 2651 ex
1325 2623 1457 2651 sententia
1468 2622 1499 2650 Β.
1511 2622 1688 2654 Theodereti,
1700 2627 1759 2650 tem-

975 2678 1040 2705 pore
1055 2670 1243 2705 apostolorum
1270 2674 1326 2697 tres
1350 2669 1436 2697 fuisse
1457 2669 1559 2704 gradus
1577 2668 1605 2695 in
1622 2668 1756 2696 Ecclesia:

974 2717 1127 2752 episcopos,
1135 2717 1182 2752 qui
1192 2723 1248 2744 tum
1261 2716 1421 2744 dicebantur
1429 2716 1546 2750 apostoli
1556 2724 1564 2749 ;
1579 2715 1756 2751 presbyteros.

974 2764 1021 2798 qui
1036 2771 1110 2790 nunc
1129 2763 1263 2797 episcopi,
1281 2771 1354 2789 nunc
1370 2762 1520 2797 presbyteri
1536 2762 1716 2794 vocabantur,
1733 2765 1758 2787 et

975 2808 1127 2836 diaconos:
1143 2813 1238 2843 postea
1259 2816 1334 2841 vero,
1358 2808 1439 2842 primi
1464 2808 1571 2835 ordinis
1595 2807 1757 2839 sacerdotes.

975 2855 1084 2881 nomine
1099 2853 1214 2889 apostoli
1236 2853 1288 2880 illis
1302 2853 1349 2888 qui
1373 2861 1436 2880 vere
1453 2853 1569 2888 apostoli
1586 2852 1707 2886 fuerunt,
1719 2860 1757 2879 rc-

975 2905 1095 2932 scrvato,
1113 2900 1224 2934 proprie
1235 2904 1261 2926 et
1276 2900 1404 2926 distincte
1426 2900 1569 2934 episcopos
1588 2899 1678 2926 dictos
1692 2906 1755 2929 essv.

976 2950 1001 2972 ct
1016 2945 1134 2980 reliquos
1152 2944 1264 2972 secundi
1281 2944 1386 2972 ordinis
1403 2943 1558 2972 sacerdotes
1576 2942 1756 2978 presbyteros.
