  <div class='ocr_page' id='page_1' title='image "/cluster/home/n/w/nwhite01/storage/ocr_20150623/5/njp.32101077772372/262.png"; bbox 0 0 1850 3072; ppageno 0'>
   <div class='ocr_carea' id='block_1_1' title="bbox 85 184 128 212">
    <p class='ocr_par' dir='ltr' id='par_1_1' title="bbox 85 184 128 212">
     <span class='ocr_line' id='line_1_1' title="bbox 85 184 128 212; baseline 0 0"><span class='ocrx_word' id='word_1_1' title='bbox 85 184 128 212; x_wconf 61' lang='lat'><strong>139</strong></span> 
     </span>
    </p>
   </div>
   <div class='ocr_carea' id='block_1_2' title="bbox 454 188 853 217">
    <p class='ocr_par' dir='ltr' id='par_1_2' title="bbox 454 188 853 217">
     <span class='ocr_line' id='line_1_2' title="bbox 454 188 853 217; baseline 0 -1"><span class='ocrx_word' id='word_1_2' title='bbox 454 189 479 217; x_wconf 76' lang='grc' dir='ltr'><strong>Ι.</strong></span> <span class='ocrx_word' id='word_1_3' title='bbox 501 188 681 217; x_wconf 73' lang='grc' dir='ltr'><strong>ΡΕΑΚΞΟΝΗ</strong></span> <span class='ocrx_word' id='word_1_4' title='bbox 702 188 853 216; x_wconf 72' lang='lat' dir='ltr'><strong>VlNDlCl/E</strong></span> 
     </span>
    </p>
   </div>
   <div class='ocr_carea' id='block_1_3' title="bbox 938 188 1301 217">
    <p class='ocr_par' dir='ltr' id='par_1_3' title="bbox 940 188 1301 217">
     <span class='ocr_line' id='line_1_3' title="bbox 940 188 1301 217; baseline -0.003 -1"><span class='ocrx_word' id='word_1_5' title='bbox 940 189 1094 217; x_wconf 72' lang='grc' dir='ltr'><strong>ΑΤΙΑΝᾸΞ.</strong></span> <span class='ocrx_word' id='word_1_6' title='bbox 1115 204 1148 210; x_wconf 85' lang='lat'><strong>-—</strong></span> <span class='ocrx_word' id='word_1_7' title='bbox 1165 189 1255 217; x_wconf 75' lang='lat' dir='ltr'><strong>PARS</strong></span> <span class='ocrx_word' id='word_1_8' title='bbox 1269 188 1301 216; x_wconf 87' lang='lat' dir='ltr'><strong>ll.</strong></span> 
     </span>
    </p>
   </div>
   <div class='ocr_carea' id='block_1_4' title="bbox 1628 193 1681 218">
    <p class='ocr_par' dir='ltr' id='par_1_4' title="bbox 1628 193 1681 218">
     <span class='ocr_line' id='line_1_4' title="bbox 1628 193 1681 218; baseline 0.038 -2"><span class='ocrx_word' id='word_1_9' title='bbox 1628 193 1681 218; x_wconf 67' lang='grc'><strong>430</strong></span> 
     </span>
    </p>
   </div>
   <div class='ocr_carea' id='block_1_5' title="bbox 84 243 1682 287">
    <p class='ocr_par' dir='ltr' id='par_1_5' title="bbox 84 243 1682 287">
     <span class='ocr_line' id='line_1_5' title="bbox 84 243 1682 287; baseline -0.003 -7"><span class='ocrx_word' id='word_1_10' title='bbox 84 251 112 280; x_wconf 77' lang='lat' dir='ltr'><strong>At</strong></span> <span class='ocrx_word' id='word_1_11' title='bbox 121 251 230 287; x_wconf 78' lang='lat' dir='ltr'><strong>apostoli</strong></span> <span class='ocrx_word' id='word_1_12' title='bbox 246 259 346 280; x_wconf 85' lang='lat' dir='ltr'><strong>nomen</strong></span> <span class='ocrx_word' id='word_1_13' title='bbox 357 250 438 286; x_wconf 85' lang='lat' dir='ltr'><strong>primi</strong></span> <span class='ocrx_word' id='word_1_14' title='bbox 449 251 554 278; x_wconf 88' lang='lat' dir='ltr'><strong>ordinis</strong></span> <span class='ocrx_word' id='word_1_15' title='bbox 569 251 757 279; x_wconf 75' lang='lat' dir='ltr'><strong>sacerdotibus</strong></span> <span class='ocrx_word' id='word_1_16' title='bbox 766 251 847 278; x_wconf 80' lang='lat' dir='ltr'><strong>tribui</strong></span> <span class='ocrx_word' id='word_1_17' title='bbox 867 252 889 280; x_wconf 72' lang='grc' dir='ltr'><strong>Α</strong></span> <span class='ocrx_word' id='word_1_18' title='bbox 903 250 1017 285; x_wconf 78' lang='lat' dir='ltr'><strong>singulis</strong></span> <span class='ocrx_word' id='word_1_19' title='bbox 1039 249 1169 277; x_wconf 82' lang='lat' dir='ltr'><strong>Ecclesiis</strong></span> <span class='ocrx_word' id='word_1_20' title='bbox 1193 256 1310 284; x_wconf 70' lang='lat' dir='ltr'><strong>praeesse</strong></span> <span class='ocrx_word' id='word_1_21' title='bbox 1337 247 1466 276; x_wconf 76' lang='lat' dir='ltr'><strong>decrevit.</strong></span> <span class='ocrx_word' id='word_1_22' title='bbox 1486 258 1495 275; x_wconf 74' lang='grc' dir='ltr'><strong>ο</strong></span> <span class='ocrx_word' id='word_1_23' title='bbox 1510 243 1549 276; x_wconf 81' lang='lat' dir='ltr'><strong>Ac</strong></span> <span class='ocrx_word' id='word_1_24' title='bbox 1562 257 1658 277; x_wconf 84' lang='lat' dir='ltr'><strong>rursus</strong></span> <span class='ocrx_word' id='word_1_25' title='bbox 1677 271 1682 275; x_wconf 91' lang='lat'><strong>.</strong></span> 
     </span>
    </p>
   </div>
   <div class='ocr_carea' id='block_1_6' title="bbox 85 297 851 334">
    <p class='ocr_par' dir='ltr' id='par_1_6' title="bbox 85 297 851 334">
     <span class='ocr_line' id='line_1_6' title="bbox 85 297 851 334; baseline -0.001 -8"><span class='ocrx_word' id='word_1_26' title='bbox 85 299 153 327; x_wconf 80' lang='lat' dir='ltr'><strong>desiit</strong></span> <span class='ocrx_word' id='word_1_27' title='bbox 165 303 226 327; x_wconf 87' lang='lat' dir='ltr'><strong>ante</strong></span> <span class='ocrx_word' id='word_1_28' title='bbox 253 299 413 334; x_wconf 78' lang='lat' dir='ltr'><strong>martyrium</strong></span> <span class='ocrx_word' id='word_1_29' title='bbox 430 297 537 334; x_wconf 81' lang='lat' dir='ltr'><strong>lgnatii.</strong></span> <span class='ocrx_word' id='word_1_30' title='bbox 563 297 634 333; x_wconf 87' lang='lat' dir='ltr'><strong>Ergo</strong></span> <span class='ocrx_word' id='word_1_31' title='bbox 657 305 690 324; x_wconf 78' lang='lat' dir='ltr'><strong>ex</strong></span> <span class='ocrx_word' id='word_1_32' title='bbox 717 298 851 325; x_wconf 91' lang='lat' dir='ltr'><strong>sententia</strong></span> 
     </span>
    </p>
   </div>
   <div class='ocr_carea' id='block_1_7' title="bbox 84 342 859 379">
    <p class='ocr_par' dir='ltr' id='par_1_7' title="bbox 84 342 859 379">
     <span class='ocr_line' id='line_1_7' title="bbox 84 342 859 379; baseline -0.003 -8"><span class='ocrx_word' id='word_1_33' title='bbox 84 343 233 372; x_wconf 80' lang='lat' dir='ltr'><strong>Theodoreti</strong></span> <span class='ocrx_word' id='word_1_34' title='bbox 245 345 300 372; x_wconf 89' lang='lat' dir='ltr'><strong>sub</strong></span> <span class='ocrx_word' id='word_1_35' title='bbox 314 343 426 379; x_wconf 80' lang='lat' dir='ltr'><strong>Ignatio,</strong></span> <span class='ocrx_word' id='word_1_36' title='bbox 442 347 470 371; x_wconf 83' lang='lat' dir='ltr'><strong>et</strong></span> <span class='ocrx_word' id='word_1_37' title='bbox 483 343 570 370; x_wconf 84' lang='lat' dir='ltr'><strong>oﬁicio</strong></span> <span class='ocrx_word' id='word_1_38' title='bbox 585 347 612 370; x_wconf 87' lang='lat' dir='ltr'><strong>et</strong></span> <span class='ocrx_word' id='word_1_39' title='bbox 628 342 739 370; x_wconf 82' lang='lat' dir='ltr'><strong>nomine</strong></span> <span class='ocrx_word' id='word_1_40' title='bbox 752 342 859 369; x_wconf 87' lang='lat' dir='ltr'><strong>distin-&#39;</strong></span> 
     </span>
    </p>
   </div>
   <div class='ocr_carea' id='block_1_8' title="bbox 84 389 568 426">
    <p class='ocr_par' dir='ltr' id='par_1_8' title="bbox 84 389 568 426">
     <span class='ocr_line' id='line_1_8' title="bbox 84 389 568 426; baseline -0.002 -9"><span class='ocrx_word' id='word_1_41' title='bbox 84 391 222 426; x_wconf 86' lang='lat' dir='ltr'><strong>guebantur</strong></span> <span class='ocrx_word' id='word_1_42' title='bbox 232 390 355 425; x_wconf 80' lang='lat' dir='ltr'><strong>episcopi</strong></span> <span class='ocrx_word' id='word_1_43' title='bbox 366 394 394 417; x_wconf 93' lang='lat' dir='ltr'><strong>et</strong></span> <span class='ocrx_word' id='word_1_44' title='bbox 406 389 568 425; x_wconf 75' lang='lat' dir='ltr'><strong>presbyteri.</strong></span> 
     </span>
    </p>
   </div>
   <div class='ocr_carea' id='block_1_9' title="bbox 113 434 852 470">
    <p class='ocr_par' dir='ltr' id='par_1_9' title="bbox 113 434 852 470">
     <span class='ocr_line' id='line_1_9' title="bbox 113 434 852 470; baseline 0.003 -9"><span class='ocrx_word' id='word_1_45' title='bbox 113 434 326 470; x_wconf 84' lang='lat' dir='ltr'><strong>Theophylactus</strong></span> <span class='ocrx_word' id='word_1_46' title='bbox 343 439 416 462; x_wconf 84' lang='lat' dir='ltr'><strong>certe</strong></span> <span class='ocrx_word' id='word_1_47' title='bbox 429 443 482 462; x_wconf 92' lang='lat' dir='ltr'><strong>non</strong></span> <span class='ocrx_word' id='word_1_48' title='bbox 497 435 665 462; x_wconf 77' lang='lat' dir='ltr'><strong>existimavit</strong></span> <span class='ocrx_word' id='word_1_49' title='bbox 679 435 852 470; x_wconf 82' lang='lat' dir='ltr'><strong>presbyteros</strong></span> 
     </span>
    </p>
   </div>
   <div class='ocr_carea' id='block_1_10' title="bbox 85 480 852 516">
    <p class='ocr_par' dir='ltr' id='par_1_10' title="bbox 85 480 852 516">
     <span class='ocr_line' id='line_1_10' title="bbox 85 480 852 516; baseline 0 -8"><span class='ocrx_word' id='word_1_50' title='bbox 85 481 112 508; x_wconf 83' lang='lat' dir='ltr'><strong>ad</strong></span> <span class='ocrx_word' id='word_1_51' title='bbox 120 480 306 515; x_wconf 85' lang='lat' dir='ltr'><strong>Philippenses</strong></span> <span class='ocrx_word' id='word_1_52' title='bbox 318 481 460 516; x_wconf 80' lang='lat' dir='ltr'><strong>episcopos</strong></span> <span class='ocrx_word' id='word_1_53' title='bbox 474 488 535 508; x_wconf 85' lang='lat' dir='ltr'><strong>esse</strong></span> <span class='ocrx_word' id='word_1_54' title='bbox 550 480 639 508; x_wconf 89' lang='lat' dir='ltr'><strong>dictos</strong></span> <span class='ocrx_word' id='word_1_55' title='bbox 653 481 699 508; x_wconf 87' lang='lat' dir='ltr'><strong>sed</strong></span> <span class='ocrx_word' id='word_1_56' title='bbox 711 481 852 516; x_wconf 87' lang='lat' dir='ltr'><strong>coepisco-</strong></span> 
     </span>
    </p>
   </div>
   <div class='ocr_carea' id='block_1_11' title="bbox 85 525 852 561">
    <p class='ocr_par' dir='ltr' id='par_1_11' title="bbox 85 525 852 561">
     <span class='ocr_line' id='line_1_11' title="bbox 85 525 852 561; baseline 0.003 -9"><span class='ocrx_word' id='word_1_57' title='bbox 85 533 139 560; x_wconf 89' lang='lat' dir='ltr'><strong>pos;</strong></span> <span class='ocrx_word' id='word_1_58' title='bbox 160 525 305 560; x_wconf 84' lang='lat' dir='ltr'><strong>episcopos</strong></span> <span class='ocrx_word' id='word_1_59' title='bbox 329 530 418 557; x_wconf 82' lang='lat' dir='ltr'><strong>autem</strong></span> <span class='ocrx_word' id='word_1_60' title='bbox 440 526 597 560; x_wconf 84' lang='lat' dir='ltr'><strong>apostolicis</strong></span> <span class='ocrx_word' id='word_1_61' title='bbox 612 527 781 561; x_wconf 88' lang='lat' dir='ltr'><strong>temporibus</strong></span> <span class='ocrx_word' id='word_1_62' title='bbox 804 533 852 554; x_wconf 86' lang='lat' dir='ltr'><strong>eos</strong></span> 
     </span>
    </p>
   </div>
   <div class='ocr_carea' id='block_1_12' title="bbox 84 570 850 608">
    <p class='ocr_par' dir='ltr' id='par_1_12' title="bbox 84 570 850 608">
     <span class='ocr_line' id='line_1_12' title="bbox 84 570 850 608; baseline 0.001 -10"><span class='ocrx_word' id='word_1_63' title='bbox 84 571 151 598; x_wconf 83' lang='lat' dir='ltr'><strong>etiam</strong></span> <span class='ocrx_word' id='word_1_64' title='bbox 163 570 250 598; x_wconf 88' lang='lat' dir='ltr'><strong>dictos</strong></span> <span class='ocrx_word' id='word_1_65' title='bbox 267 571 381 604; x_wconf 87' lang='lat' dir='ltr'><strong>putavit,</strong></span> <span class='ocrx_word' id='word_1_66' title='bbox 403 571 440 602; x_wconf 84' lang='grc' dir='ltr'><strong>ὡς</strong></span> <span class='ocrx_word' id='word_1_67' title='bbox 458 571 673 604; x_wconf 80' lang='grc' dir='ltr'>ἐπισκοποῦντας</span> <span class='ocrx_word' id='word_1_68' title='bbox 687 572 785 608; x_wconf 85' lang='grc' dir='ltr'><strong>δηλαδὴ</strong></span> <span class='ocrx_word' id='word_1_69' title='bbox 803 572 850 599; x_wconf 75' lang='grc' dir='ltr'>καὶ</span> 
     </span>
    </p>
   </div>
   <div class='ocr_carea' id='block_1_13' title="bbox 83 619 853 654">
    <p class='ocr_par' dir='ltr' id='par_1_13' title="bbox 83 619 853 654">
     <span class='ocr_line' id='line_1_13' title="bbox 83 619 853 654; baseline 0 -7"><span class='ocrx_word' id='word_1_70' title='bbox 83 620 167 651; x_wconf 50' lang='grc' dir='ltr'><strong>αὐτοὺς</strong></span> <span class='ocrx_word' id='word_1_71' title='bbox 179 619 224 646; x_wconf 81' lang='grc' dir='ltr'><strong>τὸν</strong></span> <span class='ocrx_word' id='word_1_72' title='bbox 235 619 312 651; x_wconf 78' lang='grc' dir='ltr'>λαόν,</span> <span class='ocrx_word' id='word_1_73' title='bbox 334 627 343 644; x_wconf 86' lang='grc'><em>‹</em></span> <span class='ocrx_word' id='word_1_74' title='bbox 360 619 430 654; x_wconf 89' lang='lat' dir='ltr'><strong>quod</strong></span> <span class='ocrx_word' id='word_1_75' title='bbox 446 619 527 646; x_wconf 91' lang='lat' dir='ltr'><strong>etiam</strong></span> <span class='ocrx_word' id='word_1_76' title='bbox 545 619 594 654; x_wconf 88' lang='lat' dir='ltr'><strong>ipsi</strong></span> <span class='ocrx_word' id='word_1_77' title='bbox 614 619 743 653; x_wconf 83' lang='lat' dir='ltr'><strong>populum</strong></span> <span class='ocrx_word' id='word_1_78' title='bbox 760 619 853 654; x_wconf 90' lang='lat' dir='ltr'><strong>inspe-</strong></span> 
     </span>
    </p>
   </div>
   <div class='ocr_carea' id='block_1_14' title="bbox 84 665 852 700">
    <p class='ocr_par' dir='ltr' id='par_1_14' title="bbox 84 665 852 700">
     <span class='ocr_line' id='line_1_14' title="bbox 84 665 852 700; baseline -0.001 -7"><span class='ocrx_word' id='word_1_79' title='bbox 84 671 182 699; x_wconf 83' lang='lat' dir='ltr'><strong>ctarent,</strong></span> <span class='ocrx_word' id='word_1_80' title='bbox 197 676 207 691; x_wconf 85' lang='grc'><strong>›</strong></span> <span class='ocrx_word' id='word_1_81' title='bbox 217 665 264 693; x_wconf 89' lang='lat' dir='ltr'><strong>sed</strong></span> <span class='ocrx_word' id='word_1_82' title='bbox 278 672 331 692; x_wconf 92' lang='lat' dir='ltr'><strong>suo</strong></span> <span class='ocrx_word' id='word_1_83' title='bbox 346 665 547 698; x_wconf 48' lang='lat' dir='ltr'><strong>moduloﬁns</strong></span> <span class='ocrx_word' id='word_1_84' title='bbox 556 665 695 700; x_wconf 81' lang='grc' dir='ltr'>καθαίρειν</span> <span class='ocrx_word' id='word_1_85' title='bbox 709 666 755 692; x_wconf 78' lang='grc' dir='ltr'><strong>καὶ</strong></span> <span class='ocrx_word' id='word_1_86' title='bbox 768 667 852 700; x_wconf 79' lang='grc' dir='ltr'>φωτι-</span> 
     </span>
    </p>
   </div>
   <div class='ocr_carea' id='block_1_15' title="bbox 84 711 850 746">
    <p class='ocr_par' dir='ltr' id='par_1_15' title="bbox 84 711 850 746">
     <span class='ocr_line' id='line_1_15' title="bbox 84 711 850 746; baseline 0.001 -9"><span class='ocrx_word' id='word_1_87' title='bbox 84 711 130 743; x_wconf 83' lang='grc' dir='ltr'>ζειν</span> <span class='ocrx_word' id='word_1_88' title='bbox 139 711 197 742; x_wconf 72' lang='grc' dir='ltr'><strong>τοὺς</strong></span> <span class='ocrx_word' id='word_1_89' title='bbox 211 711 366 746; x_wconf 83' lang='grc' dir='ltr'><strong>δεομένους,</strong></span> <span class='ocrx_word' id='word_1_90' title='bbox 390 719 399 735; x_wconf 80' lang='grc' dir='ltr'><strong>ι</strong></span> <span class='ocrx_word' id='word_1_91' title='bbox 415 715 444 737; x_wconf 94' lang='lat' dir='ltr'><strong>ut</strong></span> <span class='ocrx_word' id='word_1_92' title='bbox 458 715 608 745; x_wconf 77' lang='lat' dir='ltr'><strong>purgarent</strong></span> <span class='ocrx_word' id='word_1_93' title='bbox 624 715 651 737; x_wconf 91' lang='lat' dir='ltr'><strong>et</strong></span> <span class='ocrx_word' id='word_1_94' title='bbox 671 711 850 744; x_wconf 83' lang='lat' dir='ltr'><strong>illustrarent,</strong></span> 
     </span>
    </p>
   </div>
   <div class='ocr_carea' id='block_1_16' title="bbox 84 756 852 791">
    <p class='ocr_par' dir='ltr' id='par_1_16' title="bbox 84 756 852 791">
     <span class='ocr_line' id='line_1_16' title="bbox 84 756 852 791; baseline 0 -7"><span class='ocrx_word' id='word_1_95' title='bbox 84 765 122 784; x_wconf 76' lang='lat' dir='ltr'><strong>seu</strong></span> <span class='ocrx_word' id='word_1_96' title='bbox 135 756 301 791; x_wconf 84' lang='lat' dir='ltr'><strong>baptizarent</strong></span> <span class='ocrx_word' id='word_1_97' title='bbox 313 764 363 784; x_wconf 92' lang='lat' dir='ltr'><strong>eos</strong></span> <span class='ocrx_word' id='word_1_98' title='bbox 374 764 444 790; x_wconf 89' lang='lat' dir='ltr'><strong>quos</strong></span> <span class='ocrx_word' id='word_1_99' title='bbox 457 760 531 784; x_wconf 87' lang='lat' dir='ltr'><strong>esset</strong></span> <span class='ocrx_word' id='word_1_100' title='bbox 548 764 670 784; x_wconf 87' lang='lat' dir='ltr'><strong>necesse.</strong></span> <span class='ocrx_word' id='word_1_101' title='bbox 693 765 703 782; x_wconf 75' lang='grc' dir='ltr'><strong>ι</strong></span> <span class='ocrx_word' id='word_1_102' title='bbox 717 756 784 784; x_wconf 88' lang='lat' dir='ltr'><strong>Nam</strong></span> <span class='ocrx_word' id='word_1_103' title='bbox 799 757 852 784; x_wconf 88' lang='lat' dir='ltr'><strong>alia</strong></span> 
     </span>
    </p>
   </div>
   <div class='ocr_carea' id='block_1_17' title="bbox 84 802 852 839">
    <p class='ocr_par' dir='ltr' id='par_1_17' title="bbox 84 802 852 839">
     <span class='ocr_line' id='line_1_17' title="bbox 84 802 852 839; baseline 0.001 -10"><span class='ocrx_word' id='word_1_104' title='bbox 84 810 147 829; x_wconf 79' lang='lat' dir='ltr'><strong>sacra</strong></span> <span class='ocrx_word' id='word_1_105' title='bbox 157 802 240 830; x_wconf 78' lang='lat' dir='ltr'><strong>oliicia</strong></span> <span class='ocrx_word' id='word_1_106' title='bbox 255 802 340 829; x_wconf 89' lang='lat' dir='ltr'><strong>etiam</strong></span> <span class='ocrx_word' id='word_1_107' title='bbox 355 806 411 829; x_wconf 92' lang='lat' dir='ltr'><strong>tum</strong></span> <span class='ocrx_word' id='word_1_108' title='bbox 424 802 560 837; x_wconf 84' lang='lat' dir='ltr'><strong>episcopis</strong></span> <span class='ocrx_word' id='word_1_109' title='bbox 574 803 732 830; x_wconf 85' lang='lat' dir='ltr'><strong>reservavit.</strong></span> <span class='ocrx_word' id='word_1_110' title='bbox 749 803 786 829; x_wconf 84' lang='grc' dir='ltr'><strong>Οὐ</strong></span> <span class='ocrx_word' id='word_1_111' title='bbox 797 803 852 839; x_wconf 77' lang='grc' dir='ltr'>γὰρ</span> 
     </span>
    </p>
   </div>
   <div class='ocr_carea' id='block_1_18' title="bbox 85 847 851 884">
    <p class='ocr_par' dir='ltr' id='par_1_18' title="bbox 85 847 851 884">
     <span class='ocr_line' id='line_1_18' title="bbox 85 847 851 884; baseline 0.003 -10"><span class='ocrx_word' id='word_1_112' title='bbox 85 848 244 884; x_wconf 76' lang='grc' dir='ltr'>πρεσϐύτεροι</span> <span class='ocrx_word' id='word_1_113' title='bbox 269 848 417 875; x_wconf 74' lang='grc' dir='ltr'>ἐπίσκοπον</span> <span class='ocrx_word' id='word_1_114' title='bbox 442 848 634 883; x_wconf 75' lang='grc' dir='ltr'>ἐχειροτόνουν.</span> <span class='ocrx_word' id='word_1_115' title='bbox 650 857 659 874; x_wconf 88' lang='grc'><strong>‹</strong></span> <span class='ocrx_word' id='word_1_116' title='bbox 678 847 738 876; x_wconf 85' lang='grc' dir='ltr'><strong>Νοη</strong></span> <span class='ocrx_word' id='word_1_117' title='bbox 765 849 851 882; x_wconf 84' lang='lat' dir='ltr'><strong>enim,</strong></span> 
     </span>
    </p>
   </div>
   <div class='ocr_carea' id='block_1_19' title="bbox 85 892 850 928">
    <p class='ocr_par' dir='ltr' id='par_1_19' title="bbox 85 892 850 928">
     <span class='ocr_line' id='line_1_19' title="bbox 85 892 850 928; baseline 0.004 -10"><span class='ocrx_word' id='word_1_118' title='bbox 85 893 167 928; x_wconf 89' lang='lat' dir='ltr'><strong>inquit,</strong></span> <span class='ocrx_word' id='word_1_119' title='bbox 180 893 332 928; x_wconf 78' lang='lat' dir='ltr'><strong>presbyteri</strong></span> <span class='ocrx_word' id='word_1_120' title='bbox 346 893 503 927; x_wconf 87' lang='lat' dir='ltr'><strong>episcopum</strong></span> <span class='ocrx_word' id='word_1_121' title='bbox 519 893 693 921; x_wconf 88' lang='lat' dir='ltr'><strong>ordinabant.</strong></span> <span class='ocrx_word' id='word_1_122' title='bbox 714 903 722 919; x_wconf 72' lang='grc' dir='ltr'><strong>ι</strong></span> <span class='ocrx_word' id='word_1_123' title='bbox 735 892 812 921; x_wconf 85' lang='lat' dir='ltr'><strong>Unde</strong></span> <span class='ocrx_word' id='word_1_124' title='bbox 823 894 850 921; x_wconf 91' lang='lat' dir='ltr'><strong>in</strong></span> 
     </span>
    </p>
   </div>
   <div class='ocr_carea' id='block_1_20' title="bbox 83 927 888 974">
    <p class='ocr_par' dir='ltr' id='par_1_20' title="bbox 83 927 888 974">
     <span class='ocr_line' id='line_1_20' title="bbox 83 927 888 974; baseline 0.002 -10"><span class='ocrx_word' id='word_1_125' title='bbox 83 927 202 966; x_wconf 76' lang='lat' dir='ltr'><strong>Protemio</strong></span> <span class='ocrx_word' id='word_1_126' title='bbox 214 938 246 966; x_wconf 86' lang='lat' dir='ltr'><strong>ad</strong></span> <span class='ocrx_word' id='word_1_127' title='bbox 258 927 353 965; x_wconf 80' lang='lat' dir='ltr'><strong>Titum</strong></span> <span class='ocrx_word' id='word_1_128' title='bbox 369 947 376 965; x_wconf 87' lang='lat'><strong>:</strong></span> <span class='ocrx_word' id='word_1_129' title='bbox 391 937 450 964; x_wconf 84' lang='grc' dir='ltr'><strong>Τῶν</strong></span> <span class='ocrx_word' id='word_1_130' title='bbox 464 938 562 974; x_wconf 79' lang='grc' dir='ltr'>Παύλῳ</span> <span class='ocrx_word' id='word_1_131' title='bbox 577 938 709 965; x_wconf 86' lang='grc' dir='ltr'><strong>συνόντων</strong></span> <span class='ocrx_word' id='word_1_132' title='bbox 729 938 849 974; x_wconf 80' lang='grc' dir='ltr'><strong>δοκιμώ-</strong></span> <span class='ocrx_word' id='word_1_133' title='bbox 866 927 888 956; x_wconf 75' lang='grc' dir='ltr'><strong><em>Β</em></strong></span> 
     </span>
    </p>
   </div>
   <div class='ocr_carea' id='block_1_21' title="bbox 83 984 852 1021">
    <p class='ocr_par' dir='ltr' id='par_1_21' title="bbox 83 984 852 1021">
     <span class='ocr_line' id='line_1_21' title="bbox 83 984 852 1021; baseline 0.003 -11"><span class='ocrx_word' id='word_1_134' title='bbox 83 993 150 1016; x_wconf 68' lang='lat' dir='ltr'><strong>rato;</strong></span> <span class='ocrx_word' id='word_1_135' title='bbox 160 985 173 1011; x_wconf 83' lang='grc' dir='ltr'><strong>ὁ</strong></span> <span class='ocrx_word' id='word_1_136' title='bbox 184 984 262 1016; x_wconf 85' lang='grc' dir='ltr'>Τίτος</span> <span class='ocrx_word' id='word_1_137' title='bbox 278 984 329 1016; x_wconf 84' lang='grc' dir='ltr'><strong>ὦν,</strong></span> <span class='ocrx_word' id='word_1_138' title='bbox 346 984 493 1016; x_wconf 74' lang='grc' dir='ltr'><strong>ἐπίσκοπός</strong></span> <span class='ocrx_word' id='word_1_139' title='bbox 505 993 534 1011; x_wconf 87' lang='grc' dir='ltr'>τε</span> <span class='ocrx_word' id='word_1_140' title='bbox 545 984 595 1019; x_wconf 85' lang='grc' dir='ltr'><strong>τῆς</strong></span> <span class='ocrx_word' id='word_1_141' title='bbox 608 985 721 1020; x_wconf 72' lang='grc' dir='ltr'><strong>Κρήτης</strong></span> <span class='ocrx_word' id='word_1_142' title='bbox 733 985 852 1021; x_wconf 77' lang='grc' dir='ltr'><strong>μεγάλης</strong></span> 
     </span>
    </p>
   </div>
   <div class='ocr_carea' id='block_1_22' title="bbox 83 1030 851 1067">
    <p class='ocr_par' dir='ltr' id='par_1_22' title="bbox 83 1030 851 1067">
     <span class='ocr_line' id='line_1_22' title="bbox 83 1030 851 1067; baseline 0.001 -10"><span class='ocrx_word' id='word_1_143' title='bbox 83 1030 152 1067; x_wconf 75' lang='grc' dir='ltr'><strong>οὗσης</strong></span> <span class='ocrx_word' id='word_1_144' title='bbox 173 1031 204 1058; x_wconf 87' lang='grc' dir='ltr'><strong>δι’</strong></span> <span class='ocrx_word' id='word_1_145' title='bbox 215 1031 282 1058; x_wconf 75' lang='grc' dir='ltr'>αὐτὸ</span> <span class='ocrx_word' id='word_1_146' title='bbox 309 1031 389 1057; x_wconf 77' lang='grc' dir='ltr'>τοῦτο</span> <span class='ocrx_word' id='word_1_147' title='bbox 414 1031 629 1067; x_wconf 81' lang='grc' dir='ltr'><strong>κεχειροτόνητο,</strong></span> <span class='ocrx_word' id='word_1_148' title='bbox 649 1031 696 1058; x_wconf 75' lang='grc' dir='ltr'><strong>καὶ</strong></span> <span class='ocrx_word' id='word_1_149' title='bbox 717 1031 851 1058; x_wconf 78' lang='grc' dir='ltr'><strong>τοσούτων</strong></span> 
     </span>
    </p>
   </div>
   <div class='ocr_carea' id='block_1_23' title="bbox 84 1077 852 1113">
    <p class='ocr_par' dir='ltr' id='par_1_23' title="bbox 84 1077 852 1113">
     <span class='ocr_line' id='line_1_23' title="bbox 84 1077 852 1113; baseline 0 -9"><span class='ocrx_word' id='word_1_150' title='bbox 84 1077 222 1104; x_wconf 75' lang='grc' dir='ltr'>ἐπισκόπων</span> <span class='ocrx_word' id='word_1_151' title='bbox 237 1077 332 1113; x_wconf 75' lang='grc' dir='ltr'>κρίσιν</span> <span class='ocrx_word' id='word_1_152' title='bbox 344 1077 390 1104; x_wconf 77' lang='grc' dir='ltr'><strong>καὶ</strong></span> <span class='ocrx_word' id='word_1_153' title='bbox 401 1077 566 1113; x_wconf 78' lang='grc' dir='ltr'><strong>χειροτονίαν</strong></span> <span class='ocrx_word' id='word_1_154' title='bbox 576 1077 729 1113; x_wconf 74' lang='grc' dir='ltr'><strong>ἐπετράπη.</strong></span> <span class='ocrx_word' id='word_1_155' title='bbox 749 1087 758 1103; x_wconf 82' lang='grc' dir='ltr'><strong>ι</strong></span> <span class='ocrx_word' id='word_1_156' title='bbox 779 1078 852 1105; x_wconf 82' lang='lat' dir='ltr'><strong>Inter</strong></span> 
     </span>
    </p>
   </div>
   <div class='ocr_carea' id='block_1_24' title="bbox 83 1124 852 1160">
    <p class='ocr_par' dir='ltr' id='par_1_24' title="bbox 83 1124 852 1160">
     <span class='ocr_line' id='line_1_24' title="bbox 83 1124 852 1160; baseline 0.001 -8"><span class='ocrx_word' id='word_1_157' title='bbox 83 1131 165 1152; x_wconf 85' lang='lat' dir='ltr'><strong>omnes</strong></span> <span class='ocrx_word' id='word_1_158' title='bbox 184 1125 228 1160; x_wconf 95' lang='lat' dir='ltr'><strong>qui</strong></span> <span class='ocrx_word' id='word_1_159' title='bbox 253 1133 318 1152; x_wconf 88' lang='lat' dir='ltr'><strong>cum</strong></span> <span class='ocrx_word' id='word_1_160' title='bbox 334 1124 419 1151; x_wconf 87' lang='lat' dir='ltr'><strong>Paulo</strong></span> <span class='ocrx_word' id='word_1_161' title='bbox 437 1124 536 1151; x_wconf 84' lang='lat' dir='ltr'><strong>versati</strong></span> <span class='ocrx_word' id='word_1_162' title='bbox 550 1128 624 1157; x_wconf 89' lang='lat' dir='ltr'><strong>sunt,</strong></span> <span class='ocrx_word' id='word_1_163' title='bbox 640 1125 852 1159; x_wconf 85' lang='lat' dir='ltr'><strong>probatissimus</strong></span> 
     </span>
    </p>
   </div>
   <div class='ocr_carea' id='block_1_25' title="bbox 84 1169 853 1207">
    <p class='ocr_par' dir='ltr' id='par_1_25' title="bbox 84 1169 853 1207">
     <span class='ocr_line' id='line_1_25' title="bbox 84 1169 853 1207; baseline 0.003 -11"><span class='ocrx_word' id='word_1_164' title='bbox 84 1176 134 1196; x_wconf 85' lang='lat' dir='ltr'><strong>cum</strong></span> <span class='ocrx_word' id='word_1_165' title='bbox 143 1175 212 1198; x_wconf 87' lang='lat' dir='ltr'><strong>esset</strong></span> <span class='ocrx_word' id='word_1_166' title='bbox 224 1170 471 1204; x_wconf 88' lang='lat' dir='ltr'><strong>Titus,episcopus</strong></span> <span class='ocrx_word' id='word_1_167' title='bbox 485 1174 627 1204; x_wconf 81' lang='lat' dir='ltr'><strong>propterea</strong></span> <span class='ocrx_word' id='word_1_168' title='bbox 640 1169 853 1207; x_wconf 64' lang='lat' dir='ltr'><strong>Cretz,magn:e</strong></span> 
     </span>
    </p>
   </div>
   <div class='ocr_carea' id='block_1_26' title="bbox 84 1215 851 1251">
    <p class='ocr_par' dir='ltr' id='par_1_26' title="bbox 84 1215 851 1251">
     <span class='ocr_line' id='line_1_26' title="bbox 84 1215 851 1251; baseline 0.004 -10"><span class='ocrx_word' id='word_1_169' title='bbox 84 1215 145 1243; x_wconf 87' lang='lat' dir='ltr'><strong>illius</strong></span> <span class='ocrx_word' id='word_1_170' title='bbox 162 1216 267 1246; x_wconf 74' lang='lat' dir='ltr'><strong>insulae,</strong></span> <span class='ocrx_word' id='word_1_171' title='bbox 282 1217 389 1243; x_wconf 87' lang='lat' dir='ltr'><strong>electus</strong></span> <span class='ocrx_word' id='word_1_172' title='bbox 400 1220 452 1248; x_wconf 89' lang='lat' dir='ltr'><strong>est,</strong></span> <span class='ocrx_word' id='word_1_173' title='bbox 471 1220 565 1250; x_wconf 87' lang='lat' dir='ltr'><strong>totque</strong></span> <span class='ocrx_word' id='word_1_174' title='bbox 586 1216 776 1251; x_wconf 88' lang='lat' dir='ltr'><strong>episcoporum</strong></span> <span class='ocrx_word' id='word_1_175' title='bbox 790 1225 851 1244; x_wconf 92' lang='lat' dir='ltr'><strong>cum</strong></span> 
     </span>
    </p>
   </div>
   <div class='ocr_carea' id='block_1_27' title="bbox 82 1261 852 1298">
    <p class='ocr_par' dir='ltr' id='par_1_27' title="bbox 82 1261 852 1298">
     <span class='ocr_line' id='line_1_27' title="bbox 82 1261 852 1298; baseline 0.003 -10"><span class='ocrx_word' id='word_1_176' title='bbox 82 1261 207 1295; x_wconf 82' lang='lat' dir='ltr'><strong>judicium,</strong></span> <span class='ocrx_word' id='word_1_177' title='bbox 222 1267 279 1290; x_wconf 92' lang='lat' dir='ltr'><strong>tum</strong></span> <span class='ocrx_word' id='word_1_178' title='bbox 296 1261 435 1289; x_wconf 87' lang='lat' dir='ltr'><strong>ordinatio</strong></span> <span class='ocrx_word' id='word_1_179' title='bbox 446 1261 470 1288; x_wconf 89' lang='lat' dir='ltr'><strong>ei</strong></span> <span class='ocrx_word' id='word_1_180' title='bbox 481 1261 643 1288; x_wconf 85' lang='lat' dir='ltr'><strong>demandata</strong></span> <span class='ocrx_word' id='word_1_181' title='bbox 654 1266 705 1289; x_wconf 91' lang='lat' dir='ltr'><strong>est.</strong></span> <span class='ocrx_word' id='word_1_182' title='bbox 726 1271 735 1288; x_wconf 70' lang='grc' dir='ltr'><strong>ι</strong></span> <span class='ocrx_word' id='word_1_183' title='bbox 745 1261 776 1290; x_wconf 89' lang='lat' dir='ltr'><strong>Et</strong></span> <span class='ocrx_word' id='word_1_184' title='bbox 788 1264 852 1298; x_wconf 88' lang='lat' dir='ltr'><strong>qui-</strong></span> 
     </span>
    </p>
   </div>
   <div class='ocr_carea' id='block_1_28' title="bbox 84 1306 852 1345">
    <p class='ocr_par' dir='ltr' id='par_1_28' title="bbox 84 1306 852 1345">
     <span class='ocr_line' id='line_1_28' title="bbox 84 1306 852 1345; baseline 0.005 -12"><span class='ocrx_word' id='word_1_185' title='bbox 84 1306 133 1333; x_wconf 87' lang='lat' dir='ltr'><strong>dem</strong></span> <span class='ocrx_word' id='word_1_186' title='bbox 143 1307 173 1334; x_wconf 91' lang='lat' dir='ltr'><strong>de</strong></span> <span class='ocrx_word' id='word_1_187' title='bbox 188 1308 324 1335; x_wconf 85' lang='lat' dir='ltr'><strong>sententia</strong></span> <span class='ocrx_word' id='word_1_188' title='bbox 338 1307 544 1342; x_wconf 86' lang='lat' dir='ltr'><strong>Theophylacti,</strong></span> <span class='ocrx_word' id='word_1_189' title='bbox 562 1312 706 1343; x_wconf 88' lang='lat' dir='ltr'><strong>postquam</strong></span> <span class='ocrx_word' id='word_1_190' title='bbox 719 1309 753 1336; x_wconf 87' lang='lat' dir='ltr'><strong>de</strong></span> <span class='ocrx_word' id='word_1_191' title='bbox 767 1308 852 1345; x_wconf 84' lang='lat' dir='ltr'><strong>Chry-</strong></span> 
     </span>
    </p>
   </div>
   <div class='ocr_carea' id='block_1_29' title="bbox 85 1353 667 1386">
    <p class='ocr_par' dir='ltr' id='par_1_29' title="bbox 85 1353 667 1386">
     <span class='ocr_line' id='line_1_29' title="bbox 85 1353 667 1386; baseline 0.003 -6"><span class='ocrx_word' id='word_1_192' title='bbox 85 1357 188 1380; x_wconf 85' lang='lat' dir='ltr'><strong>sostomo</strong></span> <span class='ocrx_word' id='word_1_193' title='bbox 202 1354 336 1386; x_wconf 85' lang='lat' dir='ltr'><strong>diximus,</strong></span> <span class='ocrx_word' id='word_1_194' title='bbox 352 1353 531 1382; x_wconf 77' lang='lat' dir='ltr'><strong>dubitandum</strong></span> <span class='ocrx_word' id='word_1_195' title='bbox 547 1362 602 1382; x_wconf 92' lang='lat' dir='ltr'><strong>non</strong></span> <span class='ocrx_word' id='word_1_196' title='bbox 616 1358 667 1382; x_wconf 89' lang='lat' dir='ltr'><strong>est.</strong></span> 
     </span>
    </p>
   </div>
   <div class='ocr_carea' id='block_1_30' title="bbox 112 1397 853 1435">
    <p class='ocr_par' dir='ltr' id='par_1_30' title="bbox 112 1397 853 1435">
     <span class='ocr_line' id='line_1_30' title="bbox 112 1397 853 1435; baseline 0.005 -10"><span class='ocrx_word' id='word_1_197' title='bbox 112 1397 175 1427; x_wconf 84' lang='lat' dir='ltr'><strong>Inter</strong></span> <span class='ocrx_word' id='word_1_198' title='bbox 189 1399 301 1428; x_wconf 90' lang='lat' dir='ltr'><strong>Latinos</strong></span> <span class='ocrx_word' id='word_1_199' title='bbox 316 1400 422 1435; x_wconf 91' lang='lat' dir='ltr'><strong>primus</strong></span> <span class='ocrx_word' id='word_1_200' title='bbox 439 1400 523 1429; x_wconf 80' lang='lat' dir='ltr'><strong>fuisse</strong></span> <span class='ocrx_word' id='word_1_201' title='bbox 537 1401 657 1429; x_wconf 89' lang='lat' dir='ltr'><strong>creditur</strong></span> <span class='ocrx_word' id='word_1_202' title='bbox 664 1405 760 1429; x_wconf 89' lang='lat' dir='ltr'><strong>auctor</strong></span> <span class='ocrx_word' id='word_1_203' title='bbox 770 1401 853 1429; x_wconf 86' lang='lat' dir='ltr'><strong>Com-</strong></span> 
     </span>
    </p>
   </div>
   <div class='ocr_carea' id='block_1_31' title="bbox 84 1445 851 1481">
    <p class='ocr_par' dir='ltr' id='par_1_31' title="bbox 84 1445 851 1481">
     <span class='ocr_line' id='line_1_31' title="bbox 84 1445 851 1481; baseline 0.004 -10"><span class='ocrx_word' id='word_1_204' title='bbox 84 1445 260 1473; x_wconf 89' lang='lat' dir='ltr'><strong>mentariorum</strong></span> <span class='ocrx_word' id='word_1_205' title='bbox 276 1447 304 1473; x_wconf 92' lang='lat' dir='ltr'><strong>in</strong></span> <span class='ocrx_word' id='word_1_206' title='bbox 318 1446 448 1481; x_wconf 84' lang='lat' dir='ltr'><strong>epistolas</strong></span> <span class='ocrx_word' id='word_1_207' title='bbox 471 1446 500 1475; x_wconf 90' lang='lat' dir='ltr'><strong>S.</strong></span> <span class='ocrx_word' id='word_1_208' title='bbox 521 1446 598 1474; x_wconf 91' lang='lat' dir='ltr'><strong>Pauli</strong></span> <span class='ocrx_word' id='word_1_209' title='bbox 619 1447 670 1475; x_wconf 88' lang='lat' dir='ltr'><strong>sub</strong></span> <span class='ocrx_word' id='word_1_210' title='bbox 688 1447 799 1475; x_wconf 88' lang='lat' dir='ltr'><strong>nomine</strong></span> <span class='ocrx_word' id='word_1_211' title='bbox 822 1447 851 1474; x_wconf 90' lang='lat' dir='ltr'><strong>S.</strong></span> 
     </span>
    </p>
   </div>
   <div class='ocr_carea' id='block_1_32' title="bbox 84 1490 853 1528">
    <p class='ocr_par' dir='ltr' id='par_1_32' title="bbox 84 1490 853 1528">
     <span class='ocr_line' id='line_1_32' title="bbox 84 1490 853 1528; baseline 0.004 -11"><span class='ocrx_word' id='word_1_212' title='bbox 84 1490 205 1519; x_wconf 79' lang='lat' dir='ltr'><strong>Ambrosii</strong></span> <span class='ocrx_word' id='word_1_213' title='bbox 220 1492 371 1524; x_wconf 84' lang='lat' dir='ltr'><strong>editorum,</strong></span> <span class='ocrx_word' id='word_1_214' title='bbox 387 1493 458 1527; x_wconf 90' lang='lat' dir='ltr'><strong>quod</strong></span> <span class='ocrx_word' id='word_1_215' title='bbox 470 1501 500 1520; x_wconf 91' lang='lat' dir='ltr'><strong>se</strong></span> <span class='ocrx_word' id='word_1_216' title='bbox 516 1493 658 1528; x_wconf 86' lang='lat' dir='ltr'><strong>scripsisse</strong></span> <span class='ocrx_word' id='word_1_217' title='bbox 670 1493 721 1520; x_wconf 89' lang='lat' dir='ltr'><strong>sub</strong></span> <span class='ocrx_word' id='word_1_218' title='bbox 735 1493 853 1521; x_wconf 82' lang='lat' dir='ltr'><strong>Damaso</strong></span> 
     </span>
    </p>
   </div>
   <div class='ocr_carea' id='block_1_33' title="bbox 84 1537 853 1576">
    <p class='ocr_par' dir='ltr' id='par_1_33' title="bbox 84 1537 853 1576">
     <span class='ocr_line' id='line_1_33' title="bbox 84 1537 853 1576; baseline 0.004 -12"><span class='ocrx_word' id='word_1_219' title='bbox 84 1537 194 1573; x_wconf 78' lang='lat' dir='ltr'><strong>episcopo</strong></span> <span class='ocrx_word' id='word_1_220' title='bbox 219 1538 360 1568; x_wconf 79' lang='lat' dir='ltr'><strong>Romano.</strong></span> <span class='ocrx_word' id='word_1_221' title='bbox 379 1538 432 1565; x_wconf 91' lang='lat' dir='ltr'><strong>hoc</strong></span> <span class='ocrx_word' id='word_1_222' title='bbox 446 1543 488 1566; x_wconf 88' lang='lat' dir='ltr'><strong>cst</strong></span> <span class='ocrx_word' id='word_1_223' title='bbox 506 1544 567 1567; x_wconf 84' lang='lat' dir='ltr'><strong>ante</strong></span> <span class='ocrx_word' id='word_1_224' title='bbox 588 1546 619 1576; x_wconf 36' lang='lat' dir='ltr'><strong>.a.</strong></span> <span class='ocrx_word' id='word_1_225' title='bbox 636 1539 668 1566; x_wconf 91' lang='lat' dir='ltr'><strong>D.</strong></span> <span class='ocrx_word' id='word_1_226' title='bbox 689 1539 743 1566; x_wconf 74' lang='lat'><strong>584-</strong></span> <span class='ocrx_word' id='word_1_227' title='bbox 767 1540 853 1574; x_wconf 83' lang='lat' dir='ltr'><strong>proﬁ-</strong></span> 
     </span>
    </p>
   </div>
   <div class='ocr_carea' id='block_1_34' title="bbox 85 1583 851 1620">
    <p class='ocr_par' dir='ltr' id='par_1_34' title="bbox 85 1583 851 1620">
     <span class='ocr_line' id='line_1_34' title="bbox 85 1583 851 1620; baseline 0.007 -12"><span class='ocrx_word' id='word_1_228' title='bbox 85 1585 168 1614; x_wconf 80' lang='lat' dir='ltr'><strong>teatur,</strong></span> <span class='ocrx_word' id='word_1_229' title='bbox 183 1583 227 1618; x_wconf 90' lang='lat' dir='ltr'><strong>qui</strong></span> <span class='ocrx_word' id='word_1_230' title='bbox 243 1583 368 1619; x_wconf 86' lang='lat' dir='ltr'><strong>episcopi</strong></span> <span class='ocrx_word' id='word_1_231' title='bbox 385 1588 411 1611; x_wconf 86' lang='lat' dir='ltr'><strong>et</strong></span> <span class='ocrx_word' id='word_1_232' title='bbox 423 1584 573 1619; x_wconf 83' lang='lat' dir='ltr'><strong>presbyteri</strong></span> <span class='ocrx_word' id='word_1_233' title='bbox 597 1585 708 1612; x_wconf 90' lang='lat' dir='ltr'><strong>nomina</strong></span> <span class='ocrx_word' id='word_1_234' title='bbox 721 1589 851 1620; x_wconf 85' lang='lat' dir='ltr'><strong>tanquam</strong></span> 
     </span>
    </p>
   </div>
   <div class='ocr_carea' id='block_1_35' title="bbox 85 1629 853 1666">
    <p class='ocr_par' dir='ltr' id='par_1_35' title="bbox 85 1629 853 1666">
     <span class='ocr_line' id='line_1_35' title="bbox 85 1629 853 1666; baseline 0.007 -12"><span class='ocrx_word' id='word_1_235' title='bbox 85 1635 217 1664; x_wconf 78' lang='lat' dir='ltr'><strong>synonyma</strong></span> <span class='ocrx_word' id='word_1_236' title='bbox 238 1630 264 1657; x_wconf 94' lang='lat' dir='ltr'><strong>in</strong></span> <span class='ocrx_word' id='word_1_237' title='bbox 281 1629 425 1664; x_wconf 86' lang='lat' dir='ltr'><strong>Scriptura</strong></span> <span class='ocrx_word' id='word_1_238' title='bbox 440 1630 594 1658; x_wconf 83' lang='lat' dir='ltr'><strong>tradiderit.</strong></span> <span class='ocrx_word' id='word_1_239' title='bbox 620 1630 670 1658; x_wconf 83' lang='lat' dir='ltr'><strong>Hic</strong></span> <span class='ocrx_word' id='word_1_240' title='bbox 687 1635 777 1659; x_wconf 91' lang='lat' dir='ltr'><strong>tamen</strong></span> <span class='ocrx_word' id='word_1_241' title='bbox 794 1632 853 1666; x_wconf 91' lang='lat' dir='ltr'><strong>epi-</strong></span> 
     </span>
    </p>
   </div>
   <div class='ocr_carea' id='block_1_36' title="bbox 85 1674 851 1711">
    <p class='ocr_par' dir='ltr' id='par_1_36' title="bbox 85 1674 851 1711">
     <span class='ocr_line' id='line_1_36' title="bbox 85 1674 851 1711; baseline 0.004 -11"><span class='ocrx_word' id='word_1_242' title='bbox 85 1680 166 1707; x_wconf 68' lang='lat' dir='ltr'><strong>scopos</strong></span> <span class='ocrx_word' id='word_1_243' title='bbox 187 1674 344 1709; x_wconf 74' lang='lat' dir='ltr'><strong>singulares</strong></span> <span class='ocrx_word' id='word_1_244' title='bbox 360 1675 488 1702; x_wconf 86' lang='lat' dir='ltr'><strong>Ecclesiis</strong></span> <span class='ocrx_word' id='word_1_245' title='bbox 502 1675 646 1710; x_wconf 58' lang='lat' dir='ltr'><strong>praefuisse</strong></span> <span class='ocrx_word' id='word_1_246' title='bbox 664 1677 851 1711; x_wconf 86' lang='lat' dir='ltr'><strong>apostolorum</strong></span> 
     </span>
    </p>
   </div>
   <div class='ocr_carea' id='block_1_37' title="bbox 85 1720 853 1756">
    <p class='ocr_par' dir='ltr' id='par_1_37' title="bbox 85 1720 853 1756">
     <span class='ocr_line' id='line_1_37' title="bbox 85 1720 853 1756; baseline 0.008 -13"><span class='ocrx_word' id='word_1_247' title='bbox 85 1722 189 1752; x_wconf 82' lang='lat' dir='ltr'><strong>tempore</strong></span> <span class='ocrx_word' id='word_1_248' title='bbox 213 1721 316 1755; x_wconf 74' lang='lat' dir='ltr'><strong>saepius</strong></span> <span class='ocrx_word' id='word_1_249' title='bbox 331 1720 420 1747; x_wconf 89' lang='lat' dir='ltr'><strong>docet.</strong></span> <span class='ocrx_word' id='word_1_250' title='bbox 437 1720 555 1756; x_wconf 85' lang='lat' dir='ltr'><strong>Insignis</strong></span> <span class='ocrx_word' id='word_1_251' title='bbox 578 1721 658 1756; x_wconf 85' lang='lat' dir='ltr'><strong>plane</strong></span> <span class='ocrx_word' id='word_1_252' title='bbox 684 1722 773 1754; x_wconf 90' lang='lat' dir='ltr'><strong>locus,</strong></span> <span class='ocrx_word' id='word_1_253' title='bbox 798 1729 853 1756; x_wconf 90' lang='lat' dir='ltr'><strong>quo</strong></span> 
     </span>
    </p>
   </div>
   <div class='ocr_carea' id='block_1_38' title="bbox 85 1762 851 1802">
    <p class='ocr_par' dir='ltr' id='par_1_38' title="bbox 85 1762 851 1802">
     <span class='ocr_line' id='line_1_38' title="bbox 85 1762 851 1802; baseline 0.007 -12"><span class='ocrx_word' id='word_1_254' title='bbox 85 1762 122 1791; x_wconf 81' lang='lat' dir='ltr'><strong>illa</strong></span> <span class='ocrx_word' id='word_1_255' title='bbox 136 1765 165 1792; x_wconf 83' lang='lat' dir='ltr'><strong>ad</strong></span> <span class='ocrx_word' id='word_1_256' title='bbox 186 1766 389 1802; x_wconf 86' lang='lat' dir='ltr'><strong>Philippenses,</strong></span> <span class='ocrx_word' id='word_1_257' title='bbox 411 1775 470 1794; x_wconf 84' lang='lat' dir='ltr'><strong>cum</strong></span> <span class='ocrx_word' id='word_1_258' title='bbox 484 1768 613 1802; x_wconf 78' lang='lat' dir='ltr'><strong>episcopis</strong></span> <span class='ocrx_word' id='word_1_259' title='bbox 633 1772 658 1794; x_wconf 80' lang='lat' dir='ltr'><strong>et</strong></span> <span class='ocrx_word' id='word_1_260' title='bbox 682 1768 851 1800; x_wconf 74' lang='lat' dir='ltr'><strong>diaconibus,</strong></span> 
     </span>
    </p>
   </div>
   <div class='ocr_carea' id='block_1_39' title="bbox 86 1811 852 1851">
    <p class='ocr_par' dir='ltr' id='par_1_39' title="bbox 86 1811 852 1851">
     <span class='ocr_line' id='line_1_39' title="bbox 86 1811 852 1851; baseline 0.003 -13"><span class='ocrx_word' id='word_1_261' title='bbox 86 1811 196 1845; x_wconf 76' lang='lat' dir='ltr'><strong>explicat.</strong></span> <span class='ocrx_word' id='word_1_262' title='bbox 211 1822 220 1839; x_wconf 83' lang='lat'><strong>(</strong></span> <span class='ocrx_word' id='word_1_263' title='bbox 230 1812 290 1841; x_wconf 87' lang='lat' dir='ltr'><strong>Hoc</strong></span> <span class='ocrx_word' id='word_1_264' title='bbox 302 1817 357 1845; x_wconf 88' lang='lat' dir='ltr'><strong>est,</strong></span> <span class='ocrx_word' id='word_1_265' title='bbox 370 1813 469 1851; x_wconf 81' lang='lat' dir='ltr'><strong>inquit,</strong></span> <span class='ocrx_word' id='word_1_266' title='bbox 484 1821 547 1840; x_wconf 92' lang='lat' dir='ltr'><strong>cum</strong></span> <span class='ocrx_word' id='word_1_267' title='bbox 561 1812 648 1841; x_wconf 88' lang='lat' dir='ltr'><strong>Paulo</strong></span> <span class='ocrx_word' id='word_1_268' title='bbox 659 1817 686 1840; x_wconf 91' lang='lat' dir='ltr'><strong>et</strong></span> <span class='ocrx_word' id='word_1_269' title='bbox 698 1813 852 1845; x_wconf 86' lang='lat' dir='ltr'><strong>Timotheo,</strong></span> 
     </span>
    </p>
   </div>
   <div class='ocr_carea' id='block_1_40' title="bbox 86 1856 854 1894">
    <p class='ocr_par' dir='ltr' id='par_1_40' title="bbox 86 1856 854 1894">
     <span class='ocr_line' id='line_1_40' title="bbox 86 1856 854 1894; baseline 0.005 -12"><span class='ocrx_word' id='word_1_270' title='bbox 86 1856 124 1890; x_wconf 89' lang='lat' dir='ltr'><strong>qui</strong></span> <span class='ocrx_word' id='word_1_271' title='bbox 136 1858 222 1893; x_wconf 90' lang='lat' dir='ltr'><strong>utique</strong></span> <span class='ocrx_word' id='word_1_272' title='bbox 241 1858 366 1894; x_wconf 88' lang='lat' dir='ltr'><strong>episcopi</strong></span> <span class='ocrx_word' id='word_1_273' title='bbox 381 1863 470 1891; x_wconf 88' lang='lat' dir='ltr'><strong>erant,</strong></span> <span class='ocrx_word' id='word_1_274' title='bbox 487 1859 569 1886; x_wconf 90' lang='lat' dir='ltr'><strong>simul</strong></span> <span class='ocrx_word' id='word_1_275' title='bbox 584 1863 612 1886; x_wconf 89' lang='lat' dir='ltr'><strong>et</strong></span> <span class='ocrx_word' id='word_1_276' title='bbox 625 1858 800 1894; x_wconf 83' lang='lat' dir='ltr'><strong>signiﬁcavit,</strong></span> <span class='ocrx_word' id='word_1_277' title='bbox 827 1863 854 1886; x_wconf 82' lang='lat' dir='ltr'><strong>et</strong></span> 
     </span>
    </p>
   </div>
   <div class='ocr_carea' id='block_1_41' title="bbox 85 1900 855 1940">
    <p class='ocr_par' dir='ltr' id='par_1_41' title="bbox 85 1900 855 1940">
     <span class='ocr_line' id='line_1_41' title="bbox 85 1900 855 1940; baseline 0.006 -12"><span class='ocrx_word' id='word_1_278' title='bbox 85 1900 199 1932; x_wconf 79' lang='lat' dir='ltr'><strong>diaconos</strong></span> <span class='ocrx_word' id='word_1_279' title='bbox 209 1906 255 1940; x_wconf 90' lang='lat' dir='ltr'><strong>qui</strong></span> <span class='ocrx_word' id='word_1_280' title='bbox 272 1905 467 1933; x_wconf 85' lang='lat' dir='ltr'><strong>ministrabant</strong></span> <span class='ocrx_word' id='word_1_281' title='bbox 479 1905 516 1933; x_wconf 92' lang='lat' dir='ltr'><strong>ci.</strong></span> <span class='ocrx_word' id='word_1_282' title='bbox 532 1905 572 1932; x_wconf 91' lang='lat' dir='ltr'><strong>Ad</strong></span> <span class='ocrx_word' id='word_1_283' title='bbox 585 1905 690 1940; x_wconf 89' lang='lat' dir='ltr'><strong>plebem</strong></span> <span class='ocrx_word' id='word_1_284' title='bbox 701 1905 773 1933; x_wconf 92' lang='lat' dir='ltr'><strong>enim</strong></span> <span class='ocrx_word' id='word_1_285' title='bbox 786 1905 855 1933; x_wconf 91' lang='lat' dir='ltr'><strong>scri-</strong></span> 
     </span>
    </p>
   </div>
   <div class='ocr_carea' id='block_1_42' title="bbox 85 1947 852 1987">
    <p class='ocr_par' dir='ltr' id='par_1_42' title="bbox 85 1947 852 1987">
     <span class='ocr_line' id='line_1_42' title="bbox 85 1947 852 1987; baseline 0.008 -14"><span class='ocrx_word' id='word_1_286' title='bbox 85 1947 126 1975; x_wconf 88' lang='lat' dir='ltr'><strong>bit.</strong></span> <span class='ocrx_word' id='word_1_287' title='bbox 137 1949 200 1978; x_wconf 86' lang='lat' dir='ltr'><strong>Nam</strong></span> <span class='ocrx_word' id='word_1_288' title='bbox 216 1951 239 1979; x_wconf 90' lang='lat' dir='ltr'><strong>si</strong></span> <span class='ocrx_word' id='word_1_289' title='bbox 255 1950 396 1987; x_wconf 87' lang='lat' dir='ltr'><strong>episcopis</strong></span> <span class='ocrx_word' id='word_1_290' title='bbox 411 1951 553 1984; x_wconf 84' lang='lat' dir='ltr'><strong>scriberet,</strong></span> <span class='ocrx_word' id='word_1_291' title='bbox 581 1956 607 1979; x_wconf 89' lang='lat' dir='ltr'><strong>et</strong></span> <span class='ocrx_word' id='word_1_292' title='bbox 626 1951 801 1984; x_wconf 88' lang='lat' dir='ltr'><strong>diaconibus,</strong></span> <span class='ocrx_word' id='word_1_293' title='bbox 818 1951 852 1979; x_wconf 91' lang='lat' dir='ltr'><strong>ad</strong></span> 
     </span>
    </p>
   </div>
   <div class='ocr_carea' id='block_1_43' title="bbox 85 1997 854 2033">
    <p class='ocr_par' dir='ltr' id='par_1_43' title="bbox 85 1997 854 2033">
     <span class='ocr_line' id='line_1_43' title="bbox 85 1997 854 2033; baseline 0.005 -12"><span class='ocrx_word' id='word_1_294' title='bbox 85 2001 201 2028; x_wconf 82' lang='lat' dir='ltr'><strong>personas</strong></span> <span class='ocrx_word' id='word_1_295' title='bbox 223 2005 321 2025; x_wconf 89' lang='lat' dir='ltr'><strong>eorum</strong></span> <span class='ocrx_word' id='word_1_296' title='bbox 338 1998 479 2030; x_wconf 86' lang='lat' dir='ltr'><strong>scriberet,</strong></span> <span class='ocrx_word' id='word_1_297' title='bbox 503 2003 530 2025; x_wconf 88' lang='lat' dir='ltr'><strong>et</strong></span> <span class='ocrx_word' id='word_1_298' title='bbox 543 1997 595 2025; x_wconf 91' lang='lat' dir='ltr'><strong>loci</strong></span> <span class='ocrx_word' id='word_1_299' title='bbox 614 1997 702 2032; x_wconf 86' lang='lat' dir='ltr'><strong>ipsius</strong></span> <span class='ocrx_word' id='word_1_300' title='bbox 725 1998 854 2033; x_wconf 87' lang='lat' dir='ltr'><strong>episcopo</strong></span> 
     </span>
    </p>
   </div>
   <div class='ocr_carea' id='block_1_44' title="bbox 85 2040 855 2074">
    <p class='ocr_par' dir='ltr' id='par_1_44' title="bbox 85 2040 855 2074">
     <span class='ocr_line' id='line_1_44' title="bbox 85 2040 855 2074; baseline 0.004 -7"><span class='ocrx_word' id='word_1_301' title='bbox 85 2040 241 2069; x_wconf 72' lang='lat' dir='ltr'><strong>icribendum</strong></span> <span class='ocrx_word' id='word_1_302' title='bbox 257 2047 328 2073; x_wconf 84' lang='lat' dir='ltr'><strong>erat.</strong></span> <span class='ocrx_word' id='word_1_303' title='bbox 344 2050 399 2070; x_wconf 91' lang='lat' dir='ltr'><strong>non</strong></span> <span class='ocrx_word' id='word_1_304' title='bbox 414 2043 521 2070; x_wconf 90' lang='lat' dir='ltr'><strong>duobus</strong></span> <span class='ocrx_word' id='word_1_305' title='bbox 533 2043 575 2069; x_wconf 85' lang='lat' dir='ltr'><strong>vel</strong></span> <span class='ocrx_word' id='word_1_306' title='bbox 587 2042 684 2074; x_wconf 81' lang='lat' dir='ltr'><strong>tribus.</strong></span> <span class='ocrx_word' id='word_1_307' title='bbox 700 2043 771 2070; x_wconf 89' lang='lat' dir='ltr'><strong>sicut</strong></span> <span class='ocrx_word' id='word_1_308' title='bbox 781 2047 808 2070; x_wconf 91' lang='lat' dir='ltr'><strong>et</strong></span> <span class='ocrx_word' id='word_1_309' title='bbox 821 2043 855 2070; x_wconf 84' lang='lat' dir='ltr'><strong>ad</strong></span> 
     </span>
    </p>
   </div>
   <div class='ocr_carea' id='block_1_45' title="bbox 85 2081 855 2122">
    <p class='ocr_par' dir='ltr' id='par_1_45' title="bbox 85 2081 855 2122">
     <span class='ocr_line' id='line_1_45' title="bbox 85 2081 855 2122; baseline 0.009 -13"><span class='ocrx_word' id='word_1_310' title='bbox 85 2081 163 2112; x_wconf 84' lang='lat' dir='ltr'><strong>Titum</strong></span> <span class='ocrx_word' id='word_1_311' title='bbox 179 2092 205 2114; x_wconf 86' lang='lat' dir='ltr'><strong>et</strong></span> <span class='ocrx_word' id='word_1_312' title='bbox 219 2087 406 2115; x_wconf 79' lang='lat' dir='ltr'><strong>Timorheum.</strong></span> <span class='ocrx_word' id='word_1_313' title='bbox 423 2097 432 2113; x_wconf 85' lang='grc'><strong>›</strong></span> <span class='ocrx_word' id='word_1_314' title='bbox 445 2087 539 2122; x_wconf 88' lang='lat' dir='ltr'><strong>Neque</strong></span> <span class='ocrx_word' id='word_1_315' title='bbox 554 2088 646 2115; x_wconf 91' lang='lat' dir='ltr'><strong>minus</strong></span> <span class='ocrx_word' id='word_1_316' title='bbox 657 2088 855 2116; x_wconf 91' lang='lat' dir='ltr'><strong>illustrislocus</strong></span> 
     </span>
    </p>
   </div>
   <div class='ocr_carea' id='block_1_46' title="bbox 85 2127 854 2169">
    <p class='ocr_par' dir='ltr' id='par_1_46' title="bbox 85 2127 854 2169">
     <span class='ocr_line' id='line_1_46' title="bbox 85 2127 854 2169; baseline 0.008 -14"><span class='ocrx_word' id='word_1_317' title='bbox 85 2127 123 2157; x_wconf 87' lang='lat' dir='ltr'><strong>ille</strong></span> <span class='ocrx_word' id='word_1_318' title='bbox 137 2136 184 2163; x_wconf 83' lang='lat' dir='ltr'><strong>est,</strong></span> <span class='ocrx_word' id='word_1_319' title='bbox 197 2141 252 2167; x_wconf 90' lang='lat' dir='ltr'><strong>quo</strong></span> <span class='ocrx_word' id='word_1_320' title='bbox 267 2133 352 2161; x_wconf 87' lang='lat' dir='ltr'><strong>verba</strong></span> <span class='ocrx_word' id='word_1_321' title='bbox 368 2133 419 2160; x_wconf 87' lang='lat' dir='ltr'><strong>ista</strong></span> <span class='ocrx_word' id='word_1_322' title='bbox 433 2140 441 2159; x_wconf 89' lang='lat'><strong>:</strong></span> <span class='ocrx_word' id='word_1_323' title='bbox 458 2132 603 2169; x_wconf 76' lang='lat' dir='ltr'><strong>Propterea</strong></span> <span class='ocrx_word' id='word_1_324' title='bbox 614 2134 689 2161; x_wconf 82' lang='lat' dir='ltr'><strong>debet</strong></span> <span class='ocrx_word' id='word_1_325' title='bbox 699 2134 796 2161; x_wconf 78' lang='lat' dir='ltr'><strong>mulier</strong></span> <span class='ocrx_word' id='word_1_326' title='bbox 806 2142 854 2169; x_wconf 88' lang='lat' dir='ltr'><strong>po-</strong></span> 
     </span>
    </p>
   </div>
   <div class='ocr_carea' id='block_1_47' title="bbox 87 2177 853 2215">
    <p class='ocr_par' dir='ltr' id='par_1_47' title="bbox 87 2177 853 2215">
     <span class='ocr_line' id='line_1_47' title="bbox 87 2177 853 2215; baseline 0.007 -14"><span class='ocrx_word' id='word_1_327' title='bbox 87 2177 193 2204; x_wconf 62' lang='lat' dir='ltr'><strong>testatem</strong></span> <span class='ocrx_word' id='word_1_328' title='bbox 207 2178 302 2206; x_wconf 80' lang='lat' dir='ltr'><strong>habere</strong></span> <span class='ocrx_word' id='word_1_329' title='bbox 314 2186 396 2213; x_wconf 76' lang='lat' dir='ltr'><strong>supra</strong></span> <span class='ocrx_word' id='word_1_330' title='bbox 410 2183 498 2214; x_wconf 78' lang='lat' dir='ltr'><strong>caput,</strong></span> <span class='ocrx_word' id='word_1_331' title='bbox 513 2180 594 2206; x_wconf 82' lang='lat' dir='ltr'><strong>etiam</strong></span> <span class='ocrx_word' id='word_1_332' title='bbox 607 2184 713 2214; x_wconf 72' lang='lat' dir='ltr'><strong>propter</strong></span> <span class='ocrx_word' id='word_1_333' title='bbox 736 2179 853 2215; x_wconf 77' lang='lat' dir='ltr'><strong>angelos,</strong></span> 
     </span>
    </p>
   </div>
   <div class='ocr_carea' id='block_1_48' title="bbox 87 2217 855 2259">
    <p class='ocr_par' dir='ltr' id='par_1_48' title="bbox 87 2217 855 2259">
     <span class='ocr_line' id='line_1_48' title="bbox 87 2217 855 2259; baseline 0.008 -15"><span class='ocrx_word' id='word_1_334' title='bbox 87 2217 163 2248; x_wconf 88' lang='lat' dir='ltr'><strong>lCor.</strong></span> <span class='ocrx_word' id='word_1_335' title='bbox 177 2230 281 2258; x_wconf 80' lang='lat' dir='ltr'><strong>cap.xr,</strong></span> <span class='ocrx_word' id='word_1_336' title='bbox 298 2231 371 2251; x_wconf 84' lang='lat' dir='ltr'><strong>vers.</strong></span> <span class='ocrx_word' id='word_1_337' title='bbox 393 2223 438 2257; x_wconf 79' lang='grc'><strong>10,</strong></span> <span class='ocrx_word' id='word_1_338' title='bbox 450 2224 588 2259; x_wconf 82' lang='lat' dir='ltr'><strong>explanat.</strong></span> <span class='ocrx_word' id='word_1_339' title='bbox 603 2224 767 2252; x_wconf 85' lang='lat' dir='ltr'><strong>Potestatem</strong></span> <span class='ocrx_word' id='word_1_340' title='bbox 788 2234 797 2250; x_wconf 84' lang='grc'><em>‹</em></span> <span class='ocrx_word' id='word_1_341' title='bbox 810 2232 855 2251; x_wconf 89' lang='lat' dir='ltr'><strong>ve-</strong></span> 
     </span>
    </p>
   </div>
   <div class='ocr_carea' id='block_1_49' title="bbox 88 2264 890 2305">
    <p class='ocr_par' dir='ltr' id='par_1_49' title="bbox 88 2264 890 2305">
     <span class='ocr_line' id='line_1_49' title="bbox 88 2264 890 2305; baseline 0.009 -14"><span class='ocrx_word' id='word_1_342' title='bbox 88 2264 165 2294; x_wconf 88' lang='lat' dir='ltr'><strong>lamen</strong></span> <span class='ocrx_word' id='word_1_343' title='bbox 181 2269 362 2303; x_wconf 86' lang='lat' dir='ltr'><strong>signiﬁcavit,</strong></span> <span class='ocrx_word' id='word_1_344' title='bbox 384 2270 495 2304; x_wconf 76' lang='lat' dir='ltr'><strong>angelos</strong></span> <span class='ocrx_word' id='word_1_345' title='bbox 517 2270 661 2305; x_wconf 79' lang='lat' dir='ltr'><strong>episcopos</strong></span> <span class='ocrx_word' id='word_1_346' title='bbox 685 2270 762 2303; x_wconf 87' lang='lat' dir='ltr'><strong>dicit,</strong></span> <span class='ocrx_word' id='word_1_347' title='bbox 783 2271 853 2298; x_wconf 89' lang='lat' dir='ltr'><strong>sicut</strong></span> <span class='ocrx_word' id='word_1_348' title='bbox 869 2274 890 2302; x_wconf 91' lang='lat' dir='ltr'><strong>D</strong></span> 
     </span>
    </p>
   </div>
   <div class='ocr_carea' id='block_1_50' title="bbox 88 2310 856 2351">
    <p class='ocr_par' dir='ltr' id='par_1_50' title="bbox 88 2310 856 2351">
     <span class='ocr_line' id='line_1_50' title="bbox 88 2310 856 2351; baseline 0.008 -13"><span class='ocrx_word' id='word_1_349' title='bbox 88 2310 186 2340; x_wconf 85' lang='lat' dir='ltr'><strong>docetur</strong></span> <span class='ocrx_word' id='word_1_350' title='bbox 198 2314 224 2341; x_wconf 90' lang='lat' dir='ltr'><strong>in</strong></span> <span class='ocrx_word' id='word_1_351' title='bbox 238 2315 401 2350; x_wconf 81' lang='lat' dir='ltr'><strong>Apocalypsi</strong></span> <span class='ocrx_word' id='word_1_352' title='bbox 422 2315 545 2343; x_wconf 86' lang='lat' dir='ltr'><strong>Joannis.</strong></span> <span class='ocrx_word' id='word_1_353' title='bbox 563 2315 597 2342; x_wconf 88' lang='lat' dir='ltr'><strong>Et</strong></span> <span class='ocrx_word' id='word_1_354' title='bbox 609 2317 671 2351; x_wconf 88' lang='lat' dir='ltr'><strong>quia</strong></span> <span class='ocrx_word' id='word_1_355' title='bbox 690 2316 784 2351; x_wconf 87' lang='lat' dir='ltr'><strong>utique</strong></span> <span class='ocrx_word' id='word_1_356' title='bbox 807 2316 856 2344; x_wconf 89' lang='lat' dir='ltr'><strong>ho-</strong></span> 
     </span>
    </p>
   </div>
   <div class='ocr_carea' id='block_1_51' title="bbox 89 2357 857 2397">
    <p class='ocr_par' dir='ltr' id='par_1_51' title="bbox 89 2357 857 2397">
     <span class='ocr_line' id='line_1_51' title="bbox 89 2357 857 2397; baseline 0.004 -11"><span class='ocrx_word' id='word_1_357' title='bbox 89 2357 165 2386; x_wconf 77' lang='lat' dir='ltr'><strong>mines</strong></span> <span class='ocrx_word' id='word_1_358' title='bbox 178 2365 248 2393; x_wconf 85' lang='lat' dir='ltr'><strong>sunt,</strong></span> <span class='ocrx_word' id='word_1_359' title='bbox 261 2361 334 2396; x_wconf 88' lang='lat' dir='ltr'><strong>quod</strong></span> <span class='ocrx_word' id='word_1_360' title='bbox 350 2369 406 2388; x_wconf 89' lang='lat' dir='ltr'><strong>non</strong></span> <span class='ocrx_word' id='word_1_361' title='bbox 421 2361 591 2396; x_wconf 87' lang='lat' dir='ltr'><strong>corriperent</strong></span> <span class='ocrx_word' id='word_1_362' title='bbox 602 2362 707 2396; x_wconf 90' lang='lat' dir='ltr'><strong>plebem</strong></span> <span class='ocrx_word' id='word_1_363' title='bbox 717 2383 724 2395; x_wconf 97' lang='lat'><strong>,</strong></span> <span class='ocrx_word' id='word_1_364' title='bbox 737 2370 857 2397; x_wconf 81' lang='lat' dir='ltr'><strong>arguun—</strong></span> 
     </span>
    </p>
   </div>
   <div class='ocr_carea' id='block_1_52' title="bbox 89 2407 856 2442">
    <p class='ocr_par' dir='ltr' id='par_1_52' title="bbox 89 2407 856 2442">
     <span class='ocr_line' id='line_1_52' title="bbox 89 2407 856 2442; baseline 0 -7"><span class='ocrx_word' id='word_1_365' title='bbox 89 2407 140 2435; x_wconf 73' lang='grc' dir='ltr'>ιιπς</span> <span class='ocrx_word' id='word_1_366' title='bbox 163 2410 186 2433; x_wconf 89' lang='lat' dir='ltr'><strong>et</strong></span> <span class='ocrx_word' id='word_1_367' title='bbox 210 2408 282 2442; x_wconf 90' lang='lat' dir='ltr'><strong>quod</strong></span> <span class='ocrx_word' id='word_1_368' title='bbox 296 2412 401 2435; x_wconf 91' lang='lat' dir='ltr'><strong>rectum</strong></span> <span class='ocrx_word' id='word_1_369' title='bbox 420 2412 462 2435; x_wconf 89' lang='lat' dir='ltr'><strong>est</strong></span> <span class='ocrx_word' id='word_1_370' title='bbox 482 2408 509 2435; x_wconf 90' lang='lat' dir='ltr'><strong>in</strong></span> <span class='ocrx_word' id='word_1_371' title='bbox 533 2408 586 2435; x_wconf 91' lang='lat' dir='ltr'><strong>illis</strong></span> <span class='ocrx_word' id='word_1_372' title='bbox 602 2408 741 2435; x_wconf 88' lang='lat' dir='ltr'><strong>laudatur.</strong></span> <span class='ocrx_word' id='word_1_373' title='bbox 759 2408 856 2436; x_wconf 82' lang='lat' dir='ltr'><strong>Mulier</strong></span> 
     </span>
    </p>
   </div>
   <div class='ocr_carea' id='block_1_53' title="bbox 90 2450 857 2489">
    <p class='ocr_par' dir='ltr' id='par_1_53' title="bbox 90 2450 857 2489">
     <span class='ocr_line' id='line_1_53' title="bbox 90 2450 857 2489; baseline 0.008 -14"><span class='ocrx_word' id='word_1_374' title='bbox 90 2456 145 2484; x_wconf 86' lang='lat' dir='ltr'><strong>ergo</strong></span> <span class='ocrx_word' id='word_1_375' title='bbox 155 2450 252 2480; x_wconf 84' lang='lat' dir='ltr'><strong>ideirco</strong></span> <span class='ocrx_word' id='word_1_376' title='bbox 264 2454 345 2481; x_wconf 88' lang='lat' dir='ltr'><strong>debet</strong></span> <span class='ocrx_word' id='word_1_377' title='bbox 356 2453 446 2480; x_wconf 91' lang='lat' dir='ltr'><strong>velare</strong></span> <span class='ocrx_word' id='word_1_378' title='bbox 458 2458 548 2488; x_wconf 88' lang='lat' dir='ltr'><strong>caput,</strong></span> <span class='ocrx_word' id='word_1_379' title='bbox 562 2454 627 2489; x_wconf 87' lang='lat' dir='ltr'><strong>quia</strong></span> <span class='ocrx_word' id='word_1_380' title='bbox 643 2461 696 2481; x_wconf 94' lang='lat' dir='ltr'><strong>non</strong></span> <span class='ocrx_word' id='word_1_381' title='bbox 710 2459 752 2481; x_wconf 92' lang='lat' dir='ltr'><strong>est</strong></span> <span class='ocrx_word' id='word_1_382' title='bbox 767 2454 857 2489; x_wconf 81' lang='lat' dir='ltr'><strong>imago</strong></span> 
     </span>
    </p>
   </div>
   <div class='ocr_carea' id='block_1_54' title="bbox 91 2492 856 2534">
    <p class='ocr_par' dir='ltr' id='par_1_54' title="bbox 91 2492 856 2534">
     <span class='ocr_line' id='line_1_54' title="bbox 91 2492 856 2534; baseline 0.003 -10"><span class='ocrx_word' id='word_1_383' title='bbox 91 2492 141 2525; x_wconf 73' lang='lat' dir='ltr'><strong>Dei.</strong></span> <span class='ocrx_word' id='word_1_384' title='bbox 154 2497 197 2524; x_wconf 79' lang='lat' dir='ltr'><strong>sed</strong></span> <span class='ocrx_word' id='word_1_385' title='bbox 216 2503 244 2525; x_wconf 91' lang='lat' dir='ltr'><strong>ut</strong></span> <span class='ocrx_word' id='word_1_386' title='bbox 260 2499 420 2526; x_wconf 81' lang='lat' dir='ltr'><strong>ostendatur</strong></span> <span class='ocrx_word' id='word_1_387' title='bbox 440 2499 573 2533; x_wconf 87' lang='lat' dir='ltr'><strong>subjecta.</strong></span> <span class='ocrx_word' id='word_1_388' title='bbox 590 2498 623 2526; x_wconf 86' lang='lat' dir='ltr'><strong>Et</strong></span> <span class='ocrx_word' id='word_1_389' title='bbox 645 2499 711 2534; x_wconf 87' lang='lat' dir='ltr'><strong>quia</strong></span> <span class='ocrx_word' id='word_1_390' title='bbox 727 2500 856 2534; x_wconf 72' lang='lat' dir='ltr'><strong>praevari—</strong></span> 
     </span>
    </p>
   </div>
   <div class='ocr_carea' id='block_1_55' title="bbox 91 2540 856 2579">
    <p class='ocr_par' dir='ltr' id='par_1_55' title="bbox 91 2540 856 2579">
     <span class='ocr_line' id='line_1_55' title="bbox 91 2540 856 2579; baseline 0.008 -13"><span class='ocrx_word' id='word_1_391' title='bbox 91 2540 152 2567; x_wconf 83' lang='lat' dir='ltr'><strong>catio</strong></span> <span class='ocrx_word' id='word_1_392' title='bbox 165 2550 210 2576; x_wconf 91' lang='lat' dir='ltr'><strong>per</strong></span> <span class='ocrx_word' id='word_1_393' title='bbox 217 2543 290 2571; x_wconf 91' lang='lat' dir='ltr'><strong>illam</strong></span> <span class='ocrx_word' id='word_1_394' title='bbox 302 2544 430 2571; x_wconf 87' lang='lat' dir='ltr'><strong>inchoata</strong></span> <span class='ocrx_word' id='word_1_395' title='bbox 445 2547 496 2577; x_wconf 89' lang='lat' dir='ltr'><strong>est,</strong></span> <span class='ocrx_word' id='word_1_396' title='bbox 508 2544 562 2572; x_wconf 87' lang='lat' dir='ltr'><strong>hoc</strong></span> <span class='ocrx_word' id='word_1_397' title='bbox 571 2544 642 2579; x_wconf 83' lang='lat' dir='ltr'><strong>signi</strong></span> <span class='ocrx_word' id='word_1_398' title='bbox 654 2544 734 2572; x_wconf 88' lang='lat' dir='ltr'><strong>debet</strong></span> <span class='ocrx_word' id='word_1_399' title='bbox 746 2544 856 2576; x_wconf 79' lang='lat' dir='ltr'><strong>habere.</strong></span> 
     </span>
    </p>
   </div>
   <div class='ocr_carea' id='block_1_56' title="bbox 93 2586 856 2626">
    <p class='ocr_par' dir='ltr' id='par_1_56' title="bbox 93 2586 856 2626">
     <span class='ocr_line' id='line_1_56' title="bbox 93 2586 856 2626; baseline 0.008 -15"><span class='ocrx_word' id='word_1_400' title='bbox 93 2590 118 2612; x_wconf 87' lang='lat' dir='ltr'><strong>ut</strong></span> <span class='ocrx_word' id='word_1_401' title='bbox 132 2586 158 2613; x_wconf 91' lang='lat' dir='ltr'><strong>in</strong></span> <span class='ocrx_word' id='word_1_402' title='bbox 166 2587 282 2617; x_wconf 82' lang='lat' dir='ltr'><strong>Ecclesia</strong></span> <span class='ocrx_word' id='word_1_403' title='bbox 295 2595 406 2625; x_wconf 87' lang='lat' dir='ltr'><strong>propter</strong></span> <span class='ocrx_word' id='word_1_404' title='bbox 414 2591 592 2618; x_wconf 87' lang='lat' dir='ltr'><strong>reverentiam</strong></span> <span class='ocrx_word' id='word_1_405' title='bbox 605 2591 785 2626; x_wconf 87' lang='lat' dir='ltr'><strong>episcopalem</strong></span> <span class='ocrx_word' id='word_1_406' title='bbox 802 2598 856 2617; x_wconf 93' lang='lat' dir='ltr'><strong>non</strong></span> 
     </span>
    </p>
   </div>
   <div class='ocr_carea' id='block_1_57' title="bbox 94 2629 858 2670">
    <p class='ocr_par' dir='ltr' id='par_1_57' title="bbox 94 2629 858 2670">
     <span class='ocr_line' id='line_1_57' title="bbox 94 2629 858 2670; baseline 0.003 -9"><span class='ocrx_word' id='word_1_407' title='bbox 94 2629 179 2660; x_wconf 69' lang='lat' dir='ltr'><strong>hibeat</strong></span> <span class='ocrx_word' id='word_1_408' title='bbox 191 2641 270 2670; x_wconf 89' lang='lat' dir='ltr'><strong>caput</strong></span> <span class='ocrx_word' id='word_1_409' title='bbox 284 2637 413 2670; x_wconf 85' lang='lat' dir='ltr'><strong>liberum,</strong></span> <span class='ocrx_word' id='word_1_410' title='bbox 438 2637 484 2664; x_wconf 88' lang='lat' dir='ltr'><strong>sed</strong></span> <span class='ocrx_word' id='word_1_411' title='bbox 505 2636 638 2664; x_wconf 84' lang='lat' dir='ltr'><strong>velamine</strong></span> <span class='ocrx_word' id='word_1_412' title='bbox 657 2641 779 2670; x_wconf 89' lang='lat' dir='ltr'><strong>tectum,</strong></span> <span class='ocrx_word' id='word_1_413' title='bbox 808 2644 858 2663; x_wconf 88' lang='lat' dir='ltr'><strong>nec</strong></span> 
     </span>
    </p>
   </div>
   <div class='ocr_carea' id='block_1_58' title="bbox 95 2675 857 2718">
    <p class='ocr_par' dir='ltr' id='par_1_58' title="bbox 95 2675 857 2718">
     <span class='ocr_line' id='line_1_58' title="bbox 95 2675 857 2718; baseline 0.004 -12"><span class='ocrx_word' id='word_1_414' title='bbox 95 2675 180 2706; x_wconf 69' lang='lat' dir='ltr'><strong>habeat</strong></span> <span class='ocrx_word' id='word_1_415' title='bbox 192 2686 348 2715; x_wconf 84' lang='lat' dir='ltr'><strong>potestatem</strong></span> <span class='ocrx_word' id='word_1_416' title='bbox 363 2683 501 2718; x_wconf 89' lang='lat' dir='ltr'><strong>loquendi,</strong></span> <span class='ocrx_word' id='word_1_417' title='bbox 526 2683 590 2718; x_wconf 87' lang='lat' dir='ltr'><strong>quia</strong></span> <span class='ocrx_word' id='word_1_418' title='bbox 602 2683 746 2718; x_wconf 81' lang='lat' dir='ltr'><strong>episcopus</strong></span> <span class='ocrx_word' id='word_1_419' title='bbox 760 2690 857 2717; x_wconf 89' lang='lat' dir='ltr'><strong>perso-</strong></span> 
     </span>
    </p>
   </div>
   <div class='ocr_carea' id='block_1_59' title="bbox 96 2724 859 2764">
    <p class='ocr_par' dir='ltr' id='par_1_59' title="bbox 96 2724 859 2764">
     <span class='ocr_line' id='line_1_59' title="bbox 96 2724 859 2764; baseline 0.007 -14"><span class='ocrx_word' id='word_1_420' title='bbox 96 2728 149 2750; x_wconf 76' lang='lat' dir='ltr'><strong>nam</strong></span> <span class='ocrx_word' id='word_1_421' title='bbox 158 2724 234 2753; x_wconf 90' lang='lat' dir='ltr'><strong>habet</strong></span> <span class='ocrx_word' id='word_1_422' title='bbox 247 2727 357 2756; x_wconf 87' lang='lat' dir='ltr'><strong>Christi.</strong></span> <span class='ocrx_word' id='word_1_423' title='bbox 367 2729 450 2761; x_wconf 85' lang='lat' dir='ltr'><strong>Quasi</strong></span> <span class='ocrx_word' id='word_1_424' title='bbox 461 2736 526 2763; x_wconf 89' lang='lat' dir='ltr'><strong>ergo</strong></span> <span class='ocrx_word' id='word_1_425' title='bbox 537 2733 600 2756; x_wconf 90' lang='lat' dir='ltr'><strong>ante</strong></span> <span class='ocrx_word' id='word_1_426' title='bbox 610 2728 729 2764; x_wconf 90' lang='lat' dir='ltr'><strong>judicem</strong></span> <span class='ocrx_word' id='word_1_427' title='bbox 744 2729 784 2756; x_wconf 91' lang='lat' dir='ltr'><strong>sic</strong></span> <span class='ocrx_word' id='word_1_428' title='bbox 795 2732 859 2755; x_wconf 87' lang='lat' dir='ltr'><strong>ante</strong></span> 
     </span>
    </p>
   </div>
   <div class='ocr_carea' id='block_1_60' title="bbox 98 2768 859 2809">
    <p class='ocr_par' dir='ltr' id='par_1_60' title="bbox 98 2768 859 2809">
     <span class='ocr_line' id='line_1_60' title="bbox 98 2768 859 2809; baseline 0 -8"><span class='ocrx_word' id='word_1_429' title='bbox 98 2768 247 2805; x_wconf 59' lang='lat' dir='ltr'><strong>elliacopum,</strong></span> <span class='ocrx_word' id='word_1_430' title='bbox 256 2775 317 2808; x_wconf 91' lang='lat' dir='ltr'><strong>quia</strong></span> <span class='ocrx_word' id='word_1_431' title='bbox 327 2774 446 2802; x_wconf 88' lang='lat' dir='ltr'><strong>vicarius</strong></span> <span class='ocrx_word' id='word_1_432' title='bbox 458 2773 566 2801; x_wconf 88' lang='lat' dir='ltr'><strong>Domini</strong></span> <span class='ocrx_word' id='word_1_433' title='bbox 575 2779 626 2806; x_wconf 90' lang='lat' dir='ltr'><strong>est,</strong></span> <span class='ocrx_word' id='word_1_434' title='bbox 642 2778 752 2809; x_wconf 91' lang='lat' dir='ltr'><strong>propter</strong></span> <span class='ocrx_word' id='word_1_435' title='bbox 767 2778 859 2801; x_wconf 87' lang='lat' dir='ltr'><strong>reatus</strong></span> 
     </span>
    </p>
   </div>
   <div class='ocr_carea' id='block_1_61' title="bbox 98 2812 857 2854">
    <p class='ocr_par' dir='ltr' id='par_1_61' title="bbox 98 2812 857 2854">
     <span class='ocr_line' id='line_1_61' title="bbox 98 2812 857 2854; baseline -0.004 -6"><span class='ocrx_word' id='word_1_436' title='bbox 98 2812 224 2848; x_wconf 75' lang='lat' dir='ltr'><strong>°&quot;il§inem,</strong></span> <span class='ocrx_word' id='word_1_437' title='bbox 248 2819 367 2854; x_wconf 86' lang='lat' dir='ltr'><strong>subjecta</strong></span> <span class='ocrx_word' id='word_1_438' title='bbox 389 2819 469 2847; x_wconf 89' lang='lat' dir='ltr'><strong>debet</strong></span> <span class='ocrx_word' id='word_1_439' title='bbox 481 2819 578 2847; x_wconf 86' lang='lat' dir='ltr'><strong>videri.</strong></span> <span class='ocrx_word' id='word_1_440' title='bbox 591 2828 600 2845; x_wconf 77' lang='grc' dir='ltr'><strong>ι</strong></span> <span class='ocrx_word' id='word_1_441' title='bbox 618 2818 651 2846; x_wconf 87' lang='lat' dir='ltr'><strong>Et</strong></span> <span class='ocrx_word' id='word_1_442' title='bbox 662 2819 744 2854; x_wconf 88' lang='lat' dir='ltr'><strong>paulo</strong></span> <span class='ocrx_word' id='word_1_443' title='bbox 769 2823 832 2854; x_wconf 89' lang='lat' dir='ltr'><strong>post</strong></span> <span class='ocrx_word' id='word_1_444' title='bbox 850 2826 857 2844; x_wconf 88' lang='lat'><strong>:</strong></span> 
     </span>
    </p>
   </div>
   <div class='ocr_carea' id='block_1_62' title="bbox 104 2858 858 2901">
    <p class='ocr_par' dir='ltr' id='par_1_62' title="bbox 104 2858 858 2901">
     <span class='ocr_line' id='line_1_62' title="bbox 104 2858 858 2901; baseline 0.003 -10"><span class='ocrx_word' id='word_1_445' title='bbox 104 2858 174 2891; x_wconf 66' lang='grc' dir='ltr'>(θυῖε</span> <span class='ocrx_word' id='word_1_446' title='bbox 187 2862 218 2889; x_wconf 88' lang='lat' dir='ltr'><strong>ah</strong></span> <span class='ocrx_word' id='word_1_447' title='bbox 231 2870 284 2891; x_wconf 92' lang='lat' dir='ltr'><strong>uno</strong></span> <span class='ocrx_word' id='word_1_448' title='bbox 292 2864 372 2893; x_wconf 83' lang='lat' dir='ltr'><strong>Patre</strong></span> <span class='ocrx_word' id='word_1_449' title='bbox 386 2871 450 2893; x_wconf 87' lang='lat' dir='ltr'><strong>sunt</strong></span> <span class='ocrx_word' id='word_1_450' title='bbox 465 2866 568 2899; x_wconf 73' lang='lat' dir='ltr'><strong>omnia,</strong></span> <span class='ocrx_word' id='word_1_451' title='bbox 583 2866 705 2901; x_wconf 83' lang='lat' dir='ltr'><strong>singulos</strong></span> <span class='ocrx_word' id='word_1_452' title='bbox 716 2865 858 2901; x_wconf 84' lang='lat' dir='ltr'><strong>episcopos</strong></span> 
     </span>
    </p>
   </div>
   <div class='ocr_carea' id='block_1_63' title="bbox 131 2903 635 2950">
    <p class='ocr_par' dir='ltr' id='par_1_63' title="bbox 131 2903 635 2950">
     <span class='ocr_line' id='line_1_63' title="bbox 131 2903 635 2950; baseline 0.008 -18"><span class='ocrx_word' id='word_1_453' title='bbox 131 2903 148 2919; x_wconf 80' lang='lat'><strong>&quot;</strong></span> <span class='ocrx_word' id='word_1_454' title='bbox 164 2903 245 2934; x_wconf 85' lang='lat' dir='ltr'><strong>lCor.</strong></span> <span class='ocrx_word' id='word_1_455' title='bbox 258 2917 305 2944; x_wconf 82' lang='grc' dir='ltr'>ιιι,</span> <span class='ocrx_word' id='word_1_456' title='bbox 322 2910 368 2937; x_wconf 76' lang='lat'><strong>29.</strong></span> <span class='ocrx_word' id='word_1_457' title='bbox 405 2910 429 2927; x_wconf 75' lang='lat'>&quot;</span> <span class='ocrx_word' id='word_1_458' title='bbox 452 2909 539 2938; x_wconf 86' lang='lat' dir='ltr'><strong>lCor.</strong></span> <span class='ocrx_word' id='word_1_459' title='bbox 558 2917 577 2943; x_wconf 86' lang='lat' dir='ltr'><strong>I,</strong></span> <span class='ocrx_word' id='word_1_460' title='bbox 591 2910 635 2950; x_wconf 51' lang='grc'><strong>12,</strong></span> 
     </span>
    </p>
   </div>
   <div class='ocr_carea' id='block_1_64' title="bbox 903 293 1672 330">
    <p class='ocr_par' dir='ltr' id='par_1_64' title="bbox 903 293 1672 330">
     <span class='ocr_line' id='line_1_64' title="bbox 903 293 1672 330; baseline 0.003 -9"><span class='ocrx_word' id='word_1_461' title='bbox 903 305 912 321; x_wconf 79' lang='grc' dir='ltr'><strong>ι</strong></span> <span class='ocrx_word' id='word_1_462' title='bbox 926 295 1052 330; x_wconf 87' lang='lat' dir='ltr'><strong>Nunquid</strong></span> <span class='ocrx_word' id='word_1_463' title='bbox 1060 302 1155 322; x_wconf 90' lang='lat' dir='ltr'><strong>omnes</strong></span> <span class='ocrx_word' id='word_1_464' title='bbox 1162 294 1277 330; x_wconf 85' lang='lat' dir='ltr'><strong>apostoli</strong></span> <span class='ocrx_word' id='word_1_465' title='bbox 1286 293 1306 309; x_wconf 79' lang='grc'><strong>’⁵⁷</strong></span> <span class='ocrx_word' id='word_1_466' title='bbox 1313 293 1435 328; x_wconf 48' lang='lat' dir='ltr'><strong>{Verum</strong></span> <span class='ocrx_word' id='word_1_467' title='bbox 1446 299 1498 328; x_wconf 78' lang='lat' dir='ltr'><strong>est,</strong></span> <span class='ocrx_word' id='word_1_468' title='bbox 1512 295 1577 329; x_wconf 89' lang='lat' dir='ltr'><strong>quia</strong></span> <span class='ocrx_word' id='word_1_469' title='bbox 1591 295 1619 322; x_wconf 93' lang='lat' dir='ltr'><strong>in</strong></span> <span class='ocrx_word' id='word_1_470' title='bbox 1636 295 1672 323; x_wconf 88' lang='lat' dir='ltr'><strong>Ec</strong></span> 
     </span>
    </p>
   </div>
   <div class='ocr_carea' id='block_1_65' title="bbox 902 340 1683 375">
    <p class='ocr_par' dir='ltr' id='par_1_65' title="bbox 902 340 1683 375">
     <span class='ocr_line' id='line_1_65' title="bbox 902 340 1683 375; baseline -0.003 -6"><span class='ocrx_word' id='word_1_471' title='bbox 902 341 985 369; x_wconf 86' lang='lat' dir='ltr'><strong>clcsia</strong></span> <span class='ocrx_word' id='word_1_472' title='bbox 1003 349 1074 368; x_wconf 82' lang='lat' dir='ltr'><strong>unus</strong></span> <span class='ocrx_word' id='word_1_473' title='bbox 1097 344 1139 368; x_wconf 90' lang='lat' dir='ltr'><strong>est</strong></span> <span class='ocrx_word' id='word_1_474' title='bbox 1152 341 1305 375; x_wconf 89' lang='lat' dir='ltr'><strong>episcopus.</strong></span> <span class='ocrx_word' id='word_1_475' title='bbox 1325 349 1335 367; x_wconf 73' lang='grc' dir='ltr'><strong>ι</strong></span> <span class='ocrx_word' id='word_1_476' title='bbox 1353 341 1426 368; x_wconf 82' lang='lat' dir='ltr'><strong>idem</strong></span> <span class='ocrx_word' id='word_1_477' title='bbox 1444 341 1477 368; x_wconf 91' lang='lat' dir='ltr'><strong>ad</strong></span> <span class='ocrx_word' id='word_1_478' title='bbox 1494 340 1588 368; x_wconf 90' lang='lat' dir='ltr'><strong>lTim.</strong></span> <span class='ocrx_word' id='word_1_479' title='bbox 1606 349 1683 368; x_wconf 87' lang='lat' dir='ltr'><strong>c.|v:</strong></span> 
     </span>
    </p>
   </div>
   <div class='ocr_carea' id='block_1_66' title="bbox 905 385 1686 421">
    <p class='ocr_par' dir='ltr' id='par_1_66' title="bbox 905 385 1686 421">
     <span class='ocr_line' id='line_1_66' title="bbox 905 385 1686 421; baseline 0.003 -9"><span class='ocrx_word' id='word_1_480' title='bbox 905 396 915 412; x_wconf 75' lang='grc' dir='ltr'><strong>ι</strong></span> <span class='ocrx_word' id='word_1_481' title='bbox 931 385 1009 414; x_wconf 87' lang='lat' dir='ltr'><strong>Nunc</strong></span> <span class='ocrx_word' id='word_1_482' title='bbox 1040 391 1131 413; x_wconf 87' lang='lat' dir='ltr'><strong>autem</strong></span> <span class='ocrx_word' id='word_1_483' title='bbox 1157 390 1260 421; x_wconf 88' lang='lat' dir='ltr'><strong>septem</strong></span> <span class='ocrx_word' id='word_1_484' title='bbox 1288 386 1420 414; x_wconf 91' lang='lat' dir='ltr'><strong>diaconos</strong></span> <span class='ocrx_word' id='word_1_485' title='bbox 1444 394 1505 414; x_wconf 85' lang='lat' dir='ltr'><strong>esse</strong></span> <span class='ocrx_word' id='word_1_486' title='bbox 1523 391 1640 421; x_wconf 89' lang='lat' dir='ltr'><strong>oportet,</strong></span> <span class='ocrx_word' id='word_1_487' title='bbox 1659 392 1686 414; x_wconf 91' lang='lat' dir='ltr'><strong>et</strong></span> 
     </span>
    </p>
   </div>
   <div class='ocr_carea' id='block_1_67' title="bbox 903 431 1685 467">
    <p class='ocr_par' dir='ltr' id='par_1_67' title="bbox 903 431 1685 467">
     <span class='ocr_line' id='line_1_67' title="bbox 903 431 1685 467; baseline 0.004 -9"><span class='ocrx_word' id='word_1_488' title='bbox 903 431 1060 467; x_wconf 90' lang='lat' dir='ltr'><strong>aliquantos</strong></span> <span class='ocrx_word' id='word_1_489' title='bbox 1075 432 1256 467; x_wconf 86' lang='lat' dir='ltr'><strong>presbyteros,</strong></span> <span class='ocrx_word' id='word_1_490' title='bbox 1274 435 1303 459; x_wconf 92' lang='lat' dir='ltr'><strong>ut</strong></span> <span class='ocrx_word' id='word_1_491' title='bbox 1314 432 1369 459; x_wconf 90' lang='lat' dir='ltr'><strong>bini</strong></span> <span class='ocrx_word' id='word_1_492' title='bbox 1385 432 1440 459; x_wconf 90' lang='lat' dir='ltr'><strong>sint</strong></span> <span class='ocrx_word' id='word_1_493' title='bbox 1450 440 1498 467; x_wconf 89' lang='lat' dir='ltr'><strong>per</strong></span> <span class='ocrx_word' id='word_1_494' title='bbox 1505 433 1646 465; x_wconf 85' lang='lat' dir='ltr'><strong>ecclesias,</strong></span> <span class='ocrx_word' id='word_1_495' title='bbox 1658 438 1685 461; x_wconf 91' lang='lat' dir='ltr'><strong>et</strong></span> 
     </span>
    </p>
   </div>
   <div class='ocr_carea' id='block_1_68' title="bbox 904 477 1684 514">
    <p class='ocr_par' dir='ltr' id='par_1_68' title="bbox 904 477 1684 514">
     <span class='ocr_line' id='line_1_68' title="bbox 904 477 1684 514; baseline 0.003 -10"><span class='ocrx_word' id='word_1_496' title='bbox 904 486 974 505; x_wconf 91' lang='lat' dir='ltr'><strong>unus</strong></span> <span class='ocrx_word' id='word_1_497' title='bbox 987 478 1014 504; x_wconf 93' lang='lat' dir='ltr'><strong>in</strong></span> <span class='ocrx_word' id='word_1_498' title='bbox 1029 477 1137 505; x_wconf 88' lang='lat' dir='ltr'><strong>civitate</strong></span> <span class='ocrx_word' id='word_1_499' title='bbox 1150 478 1323 512; x_wconf 54' lang='lat' dir='ltr'><strong>episcopus»</strong></span> <span class='ocrx_word' id='word_1_500' title='bbox 1332 477 1367 504; x_wconf 89' lang='lat' dir='ltr'><strong>De</strong></span> <span class='ocrx_word' id='word_1_501' title='bbox 1379 477 1524 505; x_wconf 87' lang='lat' dir='ltr'><strong>Timotheo</strong></span> <span class='ocrx_word' id='word_1_502' title='bbox 1537 479 1574 505; x_wconf 89' lang='lat' dir='ltr'><strong>ita</strong></span> <span class='ocrx_word' id='word_1_503' title='bbox 1593 479 1684 514; x_wconf 92' lang='lat' dir='ltr'><strong>loqui-</strong></span> 
     </span>
    </p>
   </div>
   <div class='ocr_carea' id='block_1_69' title="bbox 903 522 1684 560">
    <p class='ocr_par' dir='ltr' id='par_1_69' title="bbox 903 522 1684 560">
     <span class='ocr_line' id='line_1_69' title="bbox 903 522 1684 560; baseline 0.005 -11"><span class='ocrx_word' id='word_1_504' title='bbox 903 528 948 550; x_wconf 90' lang='lat' dir='ltr'><strong>tur</strong></span> <span class='ocrx_word' id='word_1_505' title='bbox 964 523 991 549; x_wconf 93' lang='lat' dir='ltr'><strong>in</strong></span> <span class='ocrx_word' id='word_1_506' title='bbox 1008 522 1145 550; x_wconf 81' lang='lat' dir='ltr'><strong>Prooemio</strong></span> <span class='ocrx_word' id='word_1_507' title='bbox 1161 532 1186 550; x_wconf 75' lang='grc' dir='ltr'>ει</span> <span class='ocrx_word' id='word_1_508' title='bbox 1206 522 1284 550; x_wconf 87' lang='lat' dir='ltr'><strong>Hunc</strong></span> <span class='ocrx_word' id='word_1_509' title='bbox 1294 530 1360 558; x_wconf 85' lang='lat' dir='ltr'><strong>ergo</strong></span> <span class='ocrx_word' id='word_1_510' title='bbox 1372 523 1427 558; x_wconf 88' lang='lat' dir='ltr'><strong>jam</strong></span> <span class='ocrx_word' id='word_1_511' title='bbox 1443 528 1565 551; x_wconf 90' lang='lat' dir='ltr'><strong>creatum</strong></span> <span class='ocrx_word' id='word_1_512' title='bbox 1582 525 1684 560; x_wconf 88' lang='lat' dir='ltr'><strong>episco-</strong></span> 
     </span>
    </p>
   </div>
   <div class='ocr_carea' id='block_1_70' title="bbox 903 569 1684 604">
    <p class='ocr_par' dir='ltr' id='par_1_70' title="bbox 903 569 1684 604">
     <span class='ocr_line' id='line_1_70' title="bbox 903 569 1684 604; baseline 0.004 -9"><span class='ocrx_word' id='word_1_513' title='bbox 903 576 967 603; x_wconf 92' lang='lat' dir='ltr'><strong>pum</strong></span> <span class='ocrx_word' id='word_1_514' title='bbox 985 569 1097 596; x_wconf 90' lang='lat' dir='ltr'><strong>instruit</strong></span> <span class='ocrx_word' id='word_1_515' title='bbox 1109 576 1157 603; x_wconf 91' lang='lat' dir='ltr'><strong>per</strong></span> <span class='ocrx_word' id='word_1_516' title='bbox 1169 569 1324 604; x_wconf 87' lang='lat' dir='ltr'><strong>epistolam,</strong></span> <span class='ocrx_word' id='word_1_517' title='bbox 1341 570 1480 604; x_wconf 91' lang='lat' dir='ltr'><strong>quomodo</strong></span> <span class='ocrx_word' id='word_1_518' title='bbox 1493 571 1605 598; x_wconf 87' lang='lat' dir='ltr'><strong>deberet</strong></span> <span class='ocrx_word' id='word_1_519' title='bbox 1630 571 1684 598; x_wconf 88' lang='lat' dir='ltr'><strong>Ec-</strong></span> 
     </span>
    </p>
   </div>
   <div class='ocr_carea' id='block_1_71' title="bbox 903 613 1683 654">
    <p class='ocr_par' dir='ltr' id='par_1_71' title="bbox 903 613 1683 654">
     <span class='ocr_line' id='line_1_71' title="bbox 903 613 1683 654; baseline 0.005 -13"><span class='ocrx_word' id='word_1_520' title='bbox 903 613 1014 641; x_wconf 87' lang='lat' dir='ltr'><strong>clesiam</strong></span> <span class='ocrx_word' id='word_1_521' title='bbox 1040 615 1177 642; x_wconf 87' lang='lat' dir='ltr'><strong>ordinare.</strong></span> <span class='ocrx_word' id='word_1_522' title='bbox 1198 624 1207 640; x_wconf 74' lang='grc' dir='ltr'><strong>ι</strong></span> <span class='ocrx_word' id='word_1_523' title='bbox 1223 614 1330 643; x_wconf 90' lang='lat' dir='ltr'><strong>Pariter</strong></span> <span class='ocrx_word' id='word_1_524' title='bbox 1361 621 1387 654; x_wconf 84' lang='lat' dir='ltr'><strong>et</strong></span> <span class='ocrx_word' id='word_1_525' title='bbox 1412 616 1445 644; x_wconf 87' lang='lat' dir='ltr'><strong>de</strong></span> <span class='ocrx_word' id='word_1_526' title='bbox 1462 615 1523 644; x_wconf 88' lang='lat' dir='ltr'><strong>Tito</strong></span> <span class='ocrx_word' id='word_1_527' title='bbox 1541 625 1547 642; x_wconf 90' lang='lat'><strong>:</strong></span> <span class='ocrx_word' id='word_1_528' title='bbox 1563 627 1572 642; x_wconf 81' lang='grc' dir='ltr'><strong>ι</strong></span> <span class='ocrx_word' id='word_1_529' title='bbox 1592 617 1683 646; x_wconf 88' lang='lat' dir='ltr'><strong>Titum</strong></span> 
     </span>
    </p>
   </div>
   <div class='ocr_carea' id='block_1_72' title="bbox 903 661 1686 697">
    <p class='ocr_par' dir='ltr' id='par_1_72' title="bbox 903 661 1686 697">
     <span class='ocr_line' id='line_1_72' title="bbox 903 661 1686 697; baseline 0.006 -10"><span class='ocrx_word' id='word_1_530' title='bbox 903 661 1050 695; x_wconf 84' lang='lat' dir='ltr'><strong>Apostolus</strong></span> <span class='ocrx_word' id='word_1_531' title='bbox 1061 661 1229 689; x_wconf 87' lang='lat' dir='ltr'><strong>consecravit</strong></span> <span class='ocrx_word' id='word_1_532' title='bbox 1239 662 1408 697; x_wconf 87' lang='lat' dir='ltr'><strong>episcopum,</strong></span> <span class='ocrx_word' id='word_1_533' title='bbox 1422 667 1449 690; x_wconf 88' lang='lat' dir='ltr'><strong>et</strong></span> <span class='ocrx_word' id='word_1_534' title='bbox 1460 663 1520 690; x_wconf 88' lang='lat' dir='ltr'><strong>ideo</strong></span> <span class='ocrx_word' id='word_1_535' title='bbox 1530 671 1686 692; x_wconf 86' lang='lat' dir='ltr'><strong>commonet</strong></span> 
     </span>
    </p>
   </div>
   <div class='ocr_carea' id='block_1_73' title="bbox 902 706 1682 737">
    <p class='ocr_par' dir='ltr' id='par_1_73' title="bbox 902 706 1682 737">
     <span class='ocr_line' id='line_1_73' title="bbox 902 706 1682 737; baseline 0.001 -4"><span class='ocrx_word' id='word_1_536' title='bbox 902 713 965 733; x_wconf 89' lang='lat' dir='ltr'><strong>eum</strong></span> <span class='ocrx_word' id='word_1_537' title='bbox 982 711 1011 733; x_wconf 93' lang='lat' dir='ltr'><strong>ut</strong></span> <span class='ocrx_word' id='word_1_538' title='bbox 1027 706 1062 733; x_wconf 86' lang='lat' dir='ltr'><strong>sit</strong></span> <span class='ocrx_word' id='word_1_539' title='bbox 1073 706 1208 734; x_wconf 91' lang='lat' dir='ltr'><strong>sollicitus</strong></span> <span class='ocrx_word' id='word_1_540' title='bbox 1226 707 1253 734; x_wconf 92' lang='lat' dir='ltr'><strong>in</strong></span> <span class='ocrx_word' id='word_1_541' title='bbox 1268 707 1455 735; x_wconf 87' lang='lat' dir='ltr'><strong>ecclesiastica</strong></span> <span class='ocrx_word' id='word_1_542' title='bbox 1471 709 1652 737; x_wconf 81' lang='lat' dir='ltr'><strong>ordinatione.</strong></span> <span class='ocrx_word' id='word_1_543' title='bbox 1673 720 1682 734; x_wconf 70' lang='lat'>.</span> 
     </span>
    </p>
   </div>
   <div class='ocr_carea' id='block_1_74' title="bbox 903 751 1685 788">
    <p class='ocr_par' dir='ltr' id='par_1_74' title="bbox 903 751 1685 788">
     <span class='ocr_line' id='line_1_74' title="bbox 903 751 1685 788; baseline 0.008 -10"><span class='ocrx_word' id='word_1_544' title='bbox 903 751 941 780; x_wconf 81' lang='lat' dir='ltr'><strong>Ex</strong></span> <span class='ocrx_word' id='word_1_545' title='bbox 957 753 1057 787; x_wconf 88' lang='lat' dir='ltr'><strong>quibus</strong></span> <span class='ocrx_word' id='word_1_546' title='bbox 1074 753 1201 780; x_wconf 88' lang='lat' dir='ltr'><strong>omnibus</strong></span> <span class='ocrx_word' id='word_1_547' title='bbox 1226 758 1339 788; x_wconf 86' lang='lat' dir='ltr'><strong>apparet</strong></span> <span class='ocrx_word' id='word_1_548' title='bbox 1365 758 1484 782; x_wconf 88' lang='lat' dir='ltr'><strong>veterem</strong></span> <span class='ocrx_word' id='word_1_549' title='bbox 1501 755 1574 782; x_wconf 89' lang='lat' dir='ltr'><strong>hunc</strong></span> <span class='ocrx_word' id='word_1_550' title='bbox 1589 761 1685 784; x_wconf 82' lang='lat' dir='ltr'><strong>auclo-</strong></span> 
     </span>
    </p>
   </div>
   <div class='ocr_carea' id='block_1_75' title="bbox 902 798 1687 836">
    <p class='ocr_par' dir='ltr' id='par_1_75' title="bbox 902 798 1687 836">
     <span class='ocr_line' id='line_1_75' title="bbox 902 798 1687 836; baseline 0.006 -11"><span class='ocrx_word' id='word_1_551' title='bbox 902 806 970 829; x_wconf 87' lang='lat' dir='ltr'><strong>rem,</strong></span> <span class='ocrx_word' id='word_1_552' title='bbox 978 798 1025 833; x_wconf 92' lang='lat' dir='ltr'><strong>qui</strong></span> <span class='ocrx_word' id='word_1_553' title='bbox 1037 803 1101 826; x_wconf 87' lang='lat' dir='ltr'><strong>ante</strong></span> <span class='ocrx_word' id='word_1_554' title='bbox 1109 798 1332 834; x_wconf 87' lang='lat' dir='ltr'><strong>Chrysostomum</strong></span> <span class='ocrx_word' id='word_1_555' title='bbox 1340 804 1367 827; x_wconf 91' lang='lat' dir='ltr'><strong>et</strong></span> <span class='ocrx_word' id='word_1_556' title='bbox 1376 799 1569 836; x_wconf 83' lang='lat' dir='ltr'><strong>Hieronymum</strong></span> <span class='ocrx_word' id='word_1_557' title='bbox 1577 802 1611 829; x_wconf 89' lang='lat' dir='ltr'><strong>de</strong></span> <span class='ocrx_word' id='word_1_558' title='bbox 1620 810 1687 830; x_wconf 84' lang='lat' dir='ltr'><strong>con-</strong></span> 
     </span>
    </p>
   </div>
   <div class='ocr_carea' id='block_1_76' title="bbox 903 844 1686 883">
    <p class='ocr_par' dir='ltr' id='par_1_76' title="bbox 903 844 1686 883">
     <span class='ocr_line' id='line_1_76' title="bbox 903 844 1686 883; baseline 0.005 -12"><span class='ocrx_word' id='word_1_559' title='bbox 903 844 1012 872; x_wconf 78' lang='lat' dir='ltr'><strong>fusione</strong></span> <span class='ocrx_word' id='word_1_560' title='bbox 1026 845 1167 872; x_wconf 91' lang='lat' dir='ltr'><strong>nominum</strong></span> <span class='ocrx_word' id='word_1_561' title='bbox 1177 845 1318 880; x_wconf 90' lang='lat' dir='ltr'><strong>scripsisse</strong></span> <span class='ocrx_word' id='word_1_562' title='bbox 1329 846 1445 879; x_wconf 89' lang='lat' dir='ltr'><strong>videtur,</strong></span> <span class='ocrx_word' id='word_1_563' title='bbox 1462 847 1615 882; x_wconf 79' lang='lat' dir='ltr'><strong>singulares</strong></span> <span class='ocrx_word' id='word_1_564' title='bbox 1626 849 1686 883; x_wconf 87' lang='lat' dir='ltr'><strong>epi—</strong></span> 
     </span>
    </p>
   </div>
   <div class='ocr_carea' id='block_1_77' title="bbox 903 891 1686 926">
    <p class='ocr_par' dir='ltr' id='par_1_77' title="bbox 903 891 1686 926">
     <span class='ocr_line' id='line_1_77' title="bbox 903 891 1686 926; baseline 0.005 -8"><span class='ocrx_word' id='word_1_565' title='bbox 903 898 1000 926; x_wconf 90' lang='lat' dir='ltr'><strong>scopos</strong></span> <span class='ocrx_word' id='word_1_566' title='bbox 1015 891 1203 926; x_wconf 83' lang='lat' dir='ltr'><strong>apostolorum</strong></span> <span class='ocrx_word' id='word_1_567' title='bbox 1219 899 1277 920; x_wconf 65' lang='lat' dir='ltr'><strong>aevo</strong></span> <span class='ocrx_word' id='word_1_568' title='bbox 1291 892 1318 919; x_wconf 91' lang='lat' dir='ltr'><strong>in</strong></span> <span class='ocrx_word' id='word_1_569' title='bbox 1342 893 1499 921; x_wconf 89' lang='lat' dir='ltr'><strong>civitatibus</strong></span> <span class='ocrx_word' id='word_1_570' title='bbox 1520 894 1686 922; x_wconf 87' lang='lat' dir='ltr'><strong>constitutos</strong></span> 
     </span>
    </p>
   </div>
   <div class='ocr_carea' id='block_1_78' title="bbox 902 938 1688 974">
    <p class='ocr_par' dir='ltr' id='par_1_78' title="bbox 902 938 1688 974">
     <span class='ocr_line' id='line_1_78' title="bbox 902 938 1688 974; baseline 0.005 -9"><span class='ocrx_word' id='word_1_571' title='bbox 902 938 1055 973; x_wconf 85' lang='lat' dir='ltr'><strong>agnovisse.</strong></span> <span class='ocrx_word' id='word_1_572' title='bbox 1072 938 1208 974; x_wconf 76' lang='lat' dir='ltr'><strong>Pelagius,</strong></span> <span class='ocrx_word' id='word_1_573' title='bbox 1228 943 1258 966; x_wconf 93' lang='lat' dir='ltr'><strong>ut</strong></span> <span class='ocrx_word' id='word_1_574' title='bbox 1269 939 1386 973; x_wconf 88' lang='lat' dir='ltr'><strong>videtur,</strong></span> <span class='ocrx_word' id='word_1_575' title='bbox 1401 944 1498 968; x_wconf 89' lang='lat' dir='ltr'><strong>auctor</strong></span> <span class='ocrx_word' id='word_1_576' title='bbox 1512 940 1688 969; x_wconf 88' lang='lat' dir='ltr'><strong>Commenta-</strong></span> 
     </span>
    </p>
   </div>
   <div class='ocr_carea' id='block_1_79' title="bbox 902 983 1686 1022">
    <p class='ocr_par' dir='ltr' id='par_1_79' title="bbox 902 983 1686 1022">
     <span class='ocr_line' id='line_1_79' title="bbox 902 983 1686 1022; baseline 0.006 -12"><span class='ocrx_word' id='word_1_577' title='bbox 902 984 1005 1011; x_wconf 89' lang='lat' dir='ltr'><strong>riorum</strong></span> <span class='ocrx_word' id='word_1_578' title='bbox 1021 984 1048 1011; x_wconf 93' lang='lat' dir='ltr'><strong>in</strong></span> <span class='ocrx_word' id='word_1_579' title='bbox 1066 983 1202 1019; x_wconf 87' lang='lat' dir='ltr'><strong>Epistolas</strong></span> <span class='ocrx_word' id='word_1_580' title='bbox 1221 985 1302 1012; x_wconf 90' lang='lat' dir='ltr'><strong>Pauli</strong></span> <span class='ocrx_word' id='word_1_581' title='bbox 1320 985 1483 1022; x_wconf 83' lang='lat' dir='ltr'><strong>Hieronymo</strong></span> <span class='ocrx_word' id='word_1_582' title='bbox 1504 988 1686 1022; x_wconf 87' lang='lat' dir='ltr'><strong>ascriptorum</strong></span> 
     </span>
    </p>
   </div>
   <div class='ocr_carea' id='block_1_80' title="bbox 902 1029 1688 1067">
    <p class='ocr_par' dir='ltr' id='par_1_80' title="bbox 902 1029 1688 1067">
     <span class='ocr_line' id='line_1_80' title="bbox 902 1029 1688 1067; baseline 0.005 -11"><span class='ocrx_word' id='word_1_583' title='bbox 902 1029 930 1056; x_wconf 91' lang='lat' dir='ltr'><strong>in</strong></span> <span class='ocrx_word' id='word_1_584' title='bbox 946 1029 1017 1064; x_wconf 80' lang='lat' dir='ltr'><strong>lEp.</strong></span> <span class='ocrx_word' id='word_1_585' title='bbox 1031 1030 1064 1057; x_wconf 94' lang='lat' dir='ltr'><strong>ad</strong></span> <span class='ocrx_word' id='word_1_586' title='bbox 1076 1029 1195 1057; x_wconf 92' lang='lat' dir='ltr'><strong>Timoth.</strong></span> <span class='ocrx_word' id='word_1_587' title='bbox 1214 1038 1238 1058; x_wconf 90' lang='lat' dir='ltr'><strong>c.</strong></span> <span class='ocrx_word' id='word_1_588' title='bbox 1255 1038 1304 1058; x_wconf 86' lang='lat' dir='ltr'><strong>nt:</strong></span> <span class='ocrx_word' id='word_1_589' title='bbox 1324 1040 1334 1057; x_wconf 82' lang='grc' dir='ltr'><strong>ι</strong></span> <span class='ocrx_word' id='word_1_590' title='bbox 1353 1030 1490 1064; x_wconf 66' lang='lat' dir='ltr'><strong>Quaeritur</strong></span> <span class='ocrx_word' id='word_1_591' title='bbox 1504 1040 1554 1060; x_wconf 88' lang='lat' dir='ltr'><strong>cur</strong></span> <span class='ocrx_word' id='word_1_592' title='bbox 1574 1033 1608 1060; x_wconf 88' lang='lat' dir='ltr'><strong>de</strong></span> <span class='ocrx_word' id='word_1_593' title='bbox 1626 1041 1688 1067; x_wconf 84' lang='lat' dir='ltr'><strong>prc-</strong></span> 
     </span>
    </p>
   </div>
   <div class='ocr_carea' id='block_1_81' title="bbox 902 1075 1686 1113">
    <p class='ocr_par' dir='ltr' id='par_1_81' title="bbox 902 1075 1686 1113">
     <span class='ocr_line' id='line_1_81' title="bbox 902 1075 1686 1113; baseline 0.003 -11"><span class='ocrx_word' id='word_1_594' title='bbox 902 1075 1019 1111; x_wconf 89' lang='lat' dir='ltr'><strong>sbyteris</strong></span> <span class='ocrx_word' id='word_1_595' title='bbox 1041 1076 1143 1103; x_wconf 86' lang='lat' dir='ltr'><strong>nullam</strong></span> <span class='ocrx_word' id='word_1_596' title='bbox 1162 1075 1245 1103; x_wconf 80' lang='lat' dir='ltr'><strong>faciat</strong></span> <span class='ocrx_word' id='word_1_597' title='bbox 1265 1076 1443 1111; x_wconf 86' lang='lat' dir='ltr'><strong>mentionem,</strong></span> <span class='ocrx_word' id='word_1_598' title='bbox 1466 1078 1512 1105; x_wconf 90' lang='lat' dir='ltr'><strong>sed</strong></span> <span class='ocrx_word' id='word_1_599' title='bbox 1524 1085 1572 1106; x_wconf 91' lang='lat' dir='ltr'><strong>eos</strong></span> <span class='ocrx_word' id='word_1_600' title='bbox 1586 1079 1614 1105; x_wconf 92' lang='lat' dir='ltr'><strong>in</strong></span> <span class='ocrx_word' id='word_1_601' title='bbox 1627 1078 1686 1113; x_wconf 87' lang='lat' dir='ltr'><strong>epi-</strong></span> 
     </span>
    </p>
   </div>
   <div class='ocr_carea' id='block_1_82' title="bbox 903 1120 1684 1157">
    <p class='ocr_par' dir='ltr' id='par_1_82' title="bbox 903 1120 1684 1157">
     <span class='ocr_line' id='line_1_82' title="bbox 903 1120 1684 1157; baseline 0.004 -9"><span class='ocrx_word' id='word_1_602' title='bbox 903 1128 1048 1156; x_wconf 88' lang='lat' dir='ltr'><strong>scoporum</strong></span> <span class='ocrx_word' id='word_1_603' title='bbox 1067 1121 1179 1149; x_wconf 89' lang='lat' dir='ltr'><strong>nomine</strong></span> <span class='ocrx_word' id='word_1_604' title='bbox 1195 1120 1442 1157; x_wconf 81' lang='lat' dir='ltr'><strong>com&#39;prehenderit,</strong></span> <span class='ocrx_word' id='word_1_605' title='bbox 1455 1123 1519 1157; x_wconf 89' lang='lat' dir='ltr'><strong>quia</strong></span> <span class='ocrx_word' id='word_1_606' title='bbox 1535 1123 1684 1156; x_wconf 85' lang='lat' dir='ltr'><strong>secundus,</strong></span> 
     </span>
    </p>
   </div>
   <div class='ocr_carea' id='block_1_83' title="bbox 903 1167 1685 1204">
    <p class='ocr_par' dir='ltr' id='par_1_83' title="bbox 903 1167 1685 1204">
     <span class='ocr_line' id='line_1_83' title="bbox 903 1167 1685 1204; baseline 0.004 -11"><span class='ocrx_word' id='word_1_607' title='bbox 903 1167 959 1194; x_wconf 93' lang='lat' dir='ltr'><strong>imo</strong></span> <span class='ocrx_word' id='word_1_608' title='bbox 986 1174 1054 1201; x_wconf 88' lang='lat' dir='ltr'><strong>pene</strong></span> <span class='ocrx_word' id='word_1_609' title='bbox 1073 1175 1144 1195; x_wconf 87' lang='lat' dir='ltr'><strong>unus</strong></span> <span class='ocrx_word' id='word_1_610' title='bbox 1169 1172 1211 1195; x_wconf 88' lang='lat' dir='ltr'><strong>est</strong></span> <span class='ocrx_word' id='word_1_611' title='bbox 1225 1167 1337 1202; x_wconf 87' lang='lat' dir='ltr'><strong>gradus.</strong></span> <span class='ocrx_word' id='word_1_612' title='bbox 1355 1177 1363 1193; x_wconf 78' lang='grc' dir='ltr'><strong>ι</strong></span> <span class='ocrx_word' id='word_1_613' title='bbox 1380 1167 1455 1195; x_wconf 89' lang='lat' dir='ltr'><strong>Duos</strong></span> <span class='ocrx_word' id='word_1_614' title='bbox 1472 1168 1555 1204; x_wconf 78' lang='lat' dir='ltr'><strong>igitur</strong></span> <span class='ocrx_word' id='word_1_615' title='bbox 1571 1169 1685 1204; x_wconf 83' lang='lat' dir='ltr'><strong>gradus,</strong></span> 
     </span>
    </p>
   </div>
   <div class='ocr_carea' id='block_1_84' title="bbox 902 1212 1686 1248">
    <p class='ocr_par' dir='ltr' id='par_1_84' title="bbox 902 1212 1686 1248">
     <span class='ocr_line' id='line_1_84' title="bbox 902 1212 1686 1248; baseline 0.003 -10"><span class='ocrx_word' id='word_1_616' title='bbox 902 1212 1029 1247; x_wconf 90' lang='lat' dir='ltr'><strong>quamvis</strong></span> <span class='ocrx_word' id='word_1_617' title='bbox 1043 1219 1096 1240; x_wconf 93' lang='lat' dir='ltr'><strong>non</strong></span> <span class='ocrx_word' id='word_1_618' title='bbox 1111 1220 1277 1248; x_wconf 78' lang='lat' dir='ltr'><strong>magnopere</strong></span> <span class='ocrx_word' id='word_1_619' title='bbox 1301 1212 1445 1247; x_wconf 86' lang='lat' dir='ltr'><strong>distantes,</strong></span> <span class='ocrx_word' id='word_1_620' title='bbox 1460 1214 1511 1241; x_wconf 92' lang='lat' dir='ltr'><strong>sub</strong></span> <span class='ocrx_word' id='word_1_621' title='bbox 1527 1222 1581 1241; x_wconf 93' lang='lat' dir='ltr'><strong>uno</strong></span> <span class='ocrx_word' id='word_1_622' title='bbox 1606 1214 1686 1242; x_wconf 85' lang='lat' dir='ltr'><strong>titulo</strong></span> 
     </span>
    </p>
   </div>
   <div class='ocr_carea' id='block_1_85' title="bbox 902 1257 1685 1294">
    <p class='ocr_par' dir='ltr' id='par_1_85' title="bbox 902 1257 1685 1294">
     <span class='ocr_line' id='line_1_85' title="bbox 902 1257 1685 1294; baseline 0.004 -10"><span class='ocrx_word' id='word_1_623' title='bbox 902 1257 1115 1292; x_wconf 83' lang='lat' dir='ltr'><strong>comprehensos</strong></span> <span class='ocrx_word' id='word_1_624' title='bbox 1129 1259 1249 1293; x_wconf 85' lang='lat' dir='ltr'><strong>agnovit.</strong></span> <span class='ocrx_word' id='word_1_625' title='bbox 1264 1257 1330 1292; x_wconf 58' lang='lat' dir='ltr'><strong>Quae</strong></span> <span class='ocrx_word' id='word_1_626' title='bbox 1345 1258 1685 1294; x_wconf 83' lang='lat' dir='ltr'><strong>transcripsitPrimasius,</strong></span> 
     </span>
    </p>
   </div>
   <div class='ocr_carea' id='block_1_86' title="bbox 902 1302 1686 1344">
    <p class='ocr_par' dir='ltr' id='par_1_86' title="bbox 902 1302 1686 1344">
     <span class='ocr_line' id='line_1_86' title="bbox 902 1302 1686 1344; baseline 0.005 -15"><span class='ocrx_word' id='word_1_627' title='bbox 902 1303 948 1337; x_wconf 91' lang='lat' dir='ltr'><strong>qui</strong></span> <span class='ocrx_word' id='word_1_628' title='bbox 966 1303 1000 1330; x_wconf 87' lang='lat' dir='ltr'><strong>ad</strong></span> <span class='ocrx_word' id='word_1_629' title='bbox 1016 1302 1205 1338; x_wconf 82' lang='lat' dir='ltr'><strong>Pllilippenses</strong></span> <span class='ocrx_word' id='word_1_630' title='bbox 1227 1304 1351 1331; x_wconf 77' lang='lat' dir='ltr'><strong>notavit:</strong></span> <span class='ocrx_word' id='word_1_631' title='bbox 1369 1314 1378 1330; x_wconf 78' lang='grc' dir='ltr'><strong>ι</strong></span> <span class='ocrx_word' id='word_1_632' title='bbox 1396 1304 1546 1340; x_wconf 81' lang='lat' dir='ltr'><strong>Episcopos</strong></span> <span class='ocrx_word' id='word_1_633' title='bbox 1570 1305 1615 1333; x_wconf 89' lang='lat' dir='ltr'><strong>hic</strong></span> <span class='ocrx_word' id='word_1_634' title='bbox 1630 1314 1686 1344; x_wconf 84' lang='lat' dir='ltr'><strong>nou</strong></span> 
     </span>
    </p>
   </div>
   <div class='ocr_carea' id='block_1_87' title="bbox 903 1349 1682 1386">
    <p class='ocr_par' dir='ltr' id='par_1_87' title="bbox 903 1349 1682 1386">
     <span class='ocr_line' id='line_1_87' title="bbox 903 1349 1682 1386; baseline 0.001 -9"><span class='ocrx_word' id='word_1_635' title='bbox 903 1349 991 1377; x_wconf 86' lang='lat' dir='ltr'><strong>solum</strong></span> <span class='ocrx_word' id='word_1_636' title='bbox 1008 1349 1160 1383; x_wconf 89' lang='lat' dir='ltr'><strong>pontiﬁces,</strong></span> <span class='ocrx_word' id='word_1_637' title='bbox 1176 1349 1223 1376; x_wconf 83' lang='lat' dir='ltr'><strong>sed</strong></span> <span class='ocrx_word' id='word_1_638' title='bbox 1241 1354 1267 1376; x_wconf 91' lang='lat' dir='ltr'><strong>et</strong></span> <span class='ocrx_word' id='word_1_639' title='bbox 1283 1350 1455 1385; x_wconf 77' lang='lat' dir='ltr'><strong>presbyteros</strong></span> <span class='ocrx_word' id='word_1_640' title='bbox 1466 1351 1653 1386; x_wconf 79' lang='lat' dir='ltr'><strong>intelligimus.</strong></span> <span class='ocrx_word' id='word_1_641' title='bbox 1673 1361 1682 1377; x_wconf 75' lang='grc' dir='ltr'><strong>ι</strong></span> 
     </span>
    </p>
   </div>
   <div class='ocr_carea' id='block_1_88' title="bbox 938 1394 1685 1430">
    <p class='ocr_par' dir='ltr' id='par_1_88' title="bbox 938 1394 1685 1430">
     <span class='ocr_line' id='line_1_88' title="bbox 938 1394 1685 1430; baseline 0.004 -9"><span class='ocrx_word' id='word_1_642' title='bbox 938 1394 1059 1429; x_wconf 89' lang='lat' dir='ltr'><strong>Denique</strong></span> <span class='ocrx_word' id='word_1_643' title='bbox 1085 1394 1267 1430; x_wconf 85' lang='lat' dir='ltr'><strong>Hieronymus</strong></span> <span class='ocrx_word' id='word_1_644' title='bbox 1293 1396 1340 1430; x_wconf 93' lang='lat' dir='ltr'><strong>qui</strong></span> <span class='ocrx_word' id='word_1_645' title='bbox 1369 1400 1432 1430; x_wconf 90' lang='lat' dir='ltr'><strong>post</strong></span> <span class='ocrx_word' id='word_1_646' title='bbox 1452 1395 1685 1426; x_wconf 83' lang='lat' dir='ltr'><strong>Ambrosiastrum</strong></span> 
     </span>
    </p>
   </div>
   <div class='ocr_carea' id='block_1_89' title="bbox 903 1440 1687 1470">
    <p class='ocr_par' dir='ltr' id='par_1_89' title="bbox 903 1440 1687 1470">
     <span class='ocr_line' id='line_1_89' title="bbox 903 1440 1687 1470; baseline 0 -1"><span class='ocrx_word' id='word_1_647' title='bbox 903 1441 1087 1469; x_wconf 81' lang='lat' dir='ltr'><strong>Romanorum</strong></span> <span class='ocrx_word' id='word_1_648' title='bbox 1103 1440 1279 1468; x_wconf 90' lang='lat' dir='ltr'><strong>diaconorum</strong></span> <span class='ocrx_word' id='word_1_649' title='bbox 1296 1441 1395 1468; x_wconf 77' lang='lat' dir='ltr'><strong>fastum</strong></span> <span class='ocrx_word' id='word_1_650' title='bbox 1409 1449 1462 1468; x_wconf 93' lang='lat' dir='ltr'><strong>non</strong></span> <span class='ocrx_word' id='word_1_651' title='bbox 1485 1442 1575 1470; x_wconf 85' lang='lat' dir='ltr'><strong>minus</strong></span> <span class='ocrx_word' id='word_1_652' title='bbox 1588 1443 1687 1469; x_wconf 83' lang='lat' dir='ltr'><strong>acriter</strong></span> 
     </span>
    </p>
   </div>
   <div class='ocr_carea' id='block_1_90' title="bbox 903 1487 1686 1523">
    <p class='ocr_par' dir='ltr' id='par_1_90' title="bbox 903 1487 1686 1523">
     <span class='ocr_line' id='line_1_90' title="bbox 903 1487 1686 1523; baseline 0.003 -8"><span class='ocrx_word' id='word_1_653' title='bbox 903 1487 1056 1523; x_wconf 76' lang='lat' dir='ltr'><strong>castigavit,</strong></span> <span class='ocrx_word' id='word_1_654' title='bbox 1080 1491 1108 1515; x_wconf 89' lang='lat' dir='ltr'><strong>et</strong></span> <span class='ocrx_word' id='word_1_655' title='bbox 1134 1487 1290 1515; x_wconf 81' lang='lat' dir='ltr'><strong>confusioni</strong></span> <span class='ocrx_word' id='word_1_656' title='bbox 1317 1489 1460 1516; x_wconf 92' lang='lat' dir='ltr'><strong>nominum</strong></span> <span class='ocrx_word' id='word_1_657' title='bbox 1476 1489 1544 1517; x_wconf 89' lang='lat' dir='ltr'><strong>adeo</strong></span> <span class='ocrx_word' id='word_1_658' title='bbox 1567 1490 1686 1523; x_wconf 83' lang='lat' dir='ltr'><strong>inhaesit,</strong></span> 
     </span>
    </p>
   </div>
   <div class='ocr_carea' id='block_1_91' title="bbox 903 1533 1700 1574">
    <p class='ocr_par' dir='ltr' id='par_1_91' title="bbox 903 1533 1700 1574">
     <span class='ocr_line' id='line_1_91' title="bbox 903 1533 1700 1574; baseline 0.003 -13"><span class='ocrx_word' id='word_1_659' title='bbox 903 1538 933 1561; x_wconf 89' lang='lat' dir='ltr'><strong>ut</strong></span> <span class='ocrx_word' id='word_1_660' title='bbox 946 1534 1015 1560; x_wconf 89' lang='lat' dir='ltr'><strong>idem</strong></span> <span class='ocrx_word' id='word_1_661' title='bbox 1038 1533 1158 1568; x_wconf 89' lang='lat' dir='ltr'><strong>episcopi</strong></span> <span class='ocrx_word' id='word_1_662' title='bbox 1174 1537 1200 1561; x_wconf 93' lang='lat' dir='ltr'><strong>et</strong></span> <span class='ocrx_word' id='word_1_663' title='bbox 1222 1533 1372 1569; x_wconf 77' lang='lat' dir='ltr'><strong>presbyteri</strong></span> <span class='ocrx_word' id='word_1_664' title='bbox 1386 1534 1504 1562; x_wconf 72' lang='lat' dir='ltr'><strong>ofﬁcium</strong></span> <span class='ocrx_word' id='word_1_665' title='bbox 1520 1540 1548 1562; x_wconf 94' lang='lat' dir='ltr'><strong>et</strong></span> <span class='ocrx_word' id='word_1_666' title='bbox 1560 1536 1700 1574; x_wconf 88' lang='lat' dir='ltr'><strong>eumdem_</strong></span> 
     </span>
    </p>
   </div>
   <div class='ocr_carea' id='block_1_92' title="bbox 904 1580 1688 1615">
    <p class='ocr_par' dir='ltr' id='par_1_92' title="bbox 904 1580 1688 1615">
     <span class='ocr_line' id='line_1_92' title="bbox 904 1580 1688 1615; baseline 0.004 -8"><span class='ocrx_word' id='word_1_667' title='bbox 904 1581 1038 1611; x_wconf 91' lang='lat' dir='ltr'><strong>ordinem,</strong></span> <span class='ocrx_word' id='word_1_668' title='bbox 1050 1580 1114 1608; x_wconf 88' lang='lat' dir='ltr'><strong>dum</strong></span> <span class='ocrx_word' id='word_1_669' title='bbox 1127 1581 1213 1608; x_wconf 86' lang='lat' dir='ltr'><strong>sancti</strong></span> <span class='ocrx_word' id='word_1_670' title='bbox 1225 1580 1323 1608; x_wconf 90' lang='lat' dir='ltr'><strong>Petrus</strong></span> <span class='ocrx_word' id='word_1_671' title='bbox 1335 1585 1361 1608; x_wconf 90' lang='lat' dir='ltr'><strong>et</strong></span> <span class='ocrx_word' id='word_1_672' title='bbox 1369 1580 1470 1609; x_wconf 86' lang='lat' dir='ltr'><strong>Paulus</strong></span> <span class='ocrx_word' id='word_1_673' title='bbox 1483 1582 1615 1615; x_wconf 84' lang='lat' dir='ltr'><strong>viverent,</strong></span> <span class='ocrx_word' id='word_1_674' title='bbox 1625 1590 1688 1610; x_wconf 86' lang='lat' dir='ltr'><strong>crc-</strong></span> 
     </span>
    </p>
   </div>
   <div class='ocr_carea' id='block_1_93' title="bbox 904 1626 1688 1663">
    <p class='ocr_par' dir='ltr' id='par_1_93' title="bbox 904 1626 1688 1663">
     <span class='ocr_line' id='line_1_93' title="bbox 904 1626 1688 1663; baseline 0.004 -10"><span class='ocrx_word' id='word_1_675' title='bbox 904 1626 1006 1654; x_wconf 89' lang='lat' dir='ltr'><strong>didisse</strong></span> <span class='ocrx_word' id='word_1_676' title='bbox 1020 1626 1161 1659; x_wconf 89' lang='lat' dir='ltr'><strong>videatur;</strong></span> <span class='ocrx_word' id='word_1_677' title='bbox 1178 1627 1238 1654; x_wconf 87' lang='lat' dir='ltr'><strong>sine</strong></span> <span class='ocrx_word' id='word_1_678' title='bbox 1250 1627 1437 1655; x_wconf 88' lang='lat' dir='ltr'><strong>controversia</strong></span> <span class='ocrx_word' id='word_1_679' title='bbox 1453 1632 1542 1655; x_wconf 90' lang='lat' dir='ltr'><strong>tamen</strong></span> <span class='ocrx_word' id='word_1_680' title='bbox 1555 1636 1626 1663; x_wconf 76' lang='lat' dir='ltr'><strong>szepe</strong></span> <span class='ocrx_word' id='word_1_681' title='bbox 1638 1629 1688 1656; x_wconf 86' lang='lat' dir='ltr'><strong>do-</strong></span> 
     </span>
    </p>
   </div>
   <div class='ocr_carea' id='block_1_94' title="bbox 903 1672 1688 1710">
    <p class='ocr_par' dir='ltr' id='par_1_94' title="bbox 903 1672 1688 1710">
     <span class='ocr_line' id='line_1_94' title="bbox 903 1672 1688 1710; baseline 0.004 -11"><span class='ocrx_word' id='word_1_682' title='bbox 903 1673 961 1700; x_wconf 92' lang='lat' dir='ltr'><strong>cuit</strong></span> <span class='ocrx_word' id='word_1_683' title='bbox 979 1677 1034 1700; x_wconf 87' lang='lat' dir='ltr'><strong>tres</strong></span> <span class='ocrx_word' id='word_1_684' title='bbox 1048 1673 1160 1707; x_wconf 86' lang='lat' dir='ltr'><strong>gradus,</strong></span> <span class='ocrx_word' id='word_1_685' title='bbox 1187 1673 1292 1707; x_wconf 89' lang='lat' dir='ltr'><strong>triaque</strong></span> <span class='ocrx_word' id='word_1_686' title='bbox 1307 1672 1392 1700; x_wconf 78' lang='lat' dir='ltr'><strong>cilicia</strong></span> <span class='ocrx_word' id='word_1_687' title='bbox 1415 1677 1442 1700; x_wconf 91' lang='lat' dir='ltr'><strong>et</strong></span> <span class='ocrx_word' id='word_1_688' title='bbox 1458 1675 1569 1701; x_wconf 90' lang='lat' dir='ltr'><strong>nomine</strong></span> <span class='ocrx_word' id='word_1_689' title='bbox 1591 1678 1618 1702; x_wconf 90' lang='lat' dir='ltr'><strong>et</strong></span> <span class='ocrx_word' id='word_1_690' title='bbox 1636 1682 1688 1710; x_wconf 89' lang='lat' dir='ltr'><strong>po—</strong></span> 
     </span>
    </p>
   </div>
   <div class='ocr_carea' id='block_1_95' title="bbox 904 1719 1689 1757">
    <p class='ocr_par' dir='ltr' id='par_1_95' title="bbox 904 1719 1689 1757">
     <span class='ocr_line' id='line_1_95' title="bbox 904 1719 1689 1757; baseline 0.003 -10"><span class='ocrx_word' id='word_1_691' title='bbox 904 1724 999 1748; x_wconf 87' lang='lat' dir='ltr'><strong>testate</strong></span> <span class='ocrx_word' id='word_1_692' title='bbox 1018 1720 1157 1753; x_wconf 87' lang='lat' dir='ltr'><strong>distincta,</strong></span> <span class='ocrx_word' id='word_1_693' title='bbox 1173 1724 1320 1755; x_wconf 86' lang='lat' dir='ltr'><strong>antequam</strong></span> <span class='ocrx_word' id='word_1_694' title='bbox 1346 1719 1375 1747; x_wconf 90' lang='lat' dir='ltr'><strong>S.</strong></span> <span class='ocrx_word' id='word_1_695' title='bbox 1390 1719 1511 1756; x_wconf 85' lang='lat' dir='ltr'><strong>lgnatius</strong></span> <span class='ocrx_word' id='word_1_696' title='bbox 1535 1721 1569 1748; x_wconf 88' lang='lat' dir='ltr'><strong>ad</strong></span> <span class='ocrx_word' id='word_1_697' title='bbox 1586 1727 1689 1757; x_wconf 91' lang='lat' dir='ltr'><strong>marty-</strong></span> 
     </span>
    </p>
   </div>
   <div class='ocr_carea' id='block_1_96' title="bbox 904 1764 1688 1801">
    <p class='ocr_par' dir='ltr' id='par_1_96' title="bbox 904 1764 1688 1801">
     <span class='ocr_line' id='line_1_96' title="bbox 904 1764 1688 1801; baseline 0.003 -9"><span class='ocrx_word' id='word_1_698' title='bbox 904 1766 975 1793; x_wconf 92' lang='lat' dir='ltr'><strong>rium</strong></span> <span class='ocrx_word' id='word_1_699' title='bbox 1002 1765 1159 1798; x_wconf 89' lang='lat' dir='ltr'><strong>duceretur,</strong></span> <span class='ocrx_word' id='word_1_700' title='bbox 1179 1766 1327 1793; x_wconf 89' lang='lat' dir='ltr'><strong>cxstitisse.</strong></span> <span class='ocrx_word' id='word_1_701' title='bbox 1352 1764 1416 1792; x_wconf 62' lang='lat' dir='ltr'><strong>Haec</strong></span> <span class='ocrx_word' id='word_1_702' title='bbox 1436 1766 1508 1793; x_wconf 91' lang='lat' dir='ltr'><strong>enim</strong></span> <span class='ocrx_word' id='word_1_703' title='bbox 1529 1767 1588 1801; x_wconf 87' lang='lat' dir='ltr'><strong>ejus</strong></span> <span class='ocrx_word' id='word_1_704' title='bbox 1605 1767 1688 1794; x_wconf 87' lang='lat' dir='ltr'><strong>verba</strong></span> 
     </span>
    </p>
   </div>
   <div class='ocr_carea' id='block_1_97' title="bbox 904 1811 1689 1847">
    <p class='ocr_par' dir='ltr' id='par_1_97' title="bbox 904 1811 1689 1847">
     <span class='ocr_line' id='line_1_97' title="bbox 904 1811 1689 1847; baseline 0.001 -8"><span class='ocrx_word' id='word_1_705' title='bbox 904 1816 968 1839; x_wconf 89' lang='lat' dir='ltr'><strong>sunt</strong></span> <span class='ocrx_word' id='word_1_706' title='bbox 980 1812 1094 1846; x_wconf 88' lang='lat' dir='ltr'><strong>epistola</strong></span> <span class='ocrx_word' id='word_1_707' title='bbox 1108 1812 1141 1839; x_wconf 90' lang='lat' dir='ltr'><strong>ad</strong></span> <span class='ocrx_word' id='word_1_708' title='bbox 1153 1811 1296 1847; x_wconf 83' lang='lat' dir='ltr'><strong>Evagrium</strong></span> <span class='ocrx_word' id='word_1_709' title='bbox 1309 1821 1315 1839; x_wconf 92' lang='lat'>:</span> <span class='ocrx_word' id='word_1_710' title='bbox 1328 1821 1336 1837; x_wconf 80' lang='grc' dir='ltr'><strong>ι</strong></span> <span class='ocrx_word' id='word_1_711' title='bbox 1350 1811 1384 1839; x_wconf 94' lang='lat' dir='ltr'><strong>Ut</strong></span> <span class='ocrx_word' id='word_1_712' title='bbox 1395 1811 1515 1839; x_wconf 88' lang='lat' dir='ltr'><strong>sciamus</strong></span> <span class='ocrx_word' id='word_1_713' title='bbox 1528 1813 1689 1840; x_wconf 81' lang='lat' dir='ltr'><strong>traditiones</strong></span> 
     </span>
    </p>
   </div>
   <div class='ocr_carea' id='block_1_98' title="bbox 905 1857 1688 1893">
    <p class='ocr_par' dir='ltr' id='par_1_98' title="bbox 905 1857 1688 1893">
     <span class='ocr_line' id='line_1_98' title="bbox 905 1857 1688 1893; baseline 0 -8"><span class='ocrx_word' id='word_1_714' title='bbox 905 1858 1069 1893; x_wconf 89' lang='lat' dir='ltr'><strong>apostolicas</strong></span> <span class='ocrx_word' id='word_1_715' title='bbox 1095 1862 1218 1893; x_wconf 86' lang='lat' dir='ltr'><strong>sumptas</strong></span> <span class='ocrx_word' id='word_1_716' title='bbox 1239 1858 1272 1886; x_wconf 90' lang='lat' dir='ltr'><strong>de</strong></span> <span class='ocrx_word' id='word_1_717' title='bbox 1297 1857 1388 1885; x_wconf 87' lang='lat' dir='ltr'><strong>Veteri</strong></span> <span class='ocrx_word' id='word_1_718' title='bbox 1414 1858 1599 1891; x_wconf 86' lang='lat' dir='ltr'><strong>Testamento,</strong></span> <span class='ocrx_word' id='word_1_719' title='bbox 1613 1859 1688 1893; x_wconf 59' lang='lat' dir='ltr'><strong>quod.</strong></span> 
     </span>
    </p>
   </div>
   <div class='ocr_carea' id='block_1_99' title="bbox 904 1903 1688 1939">
    <p class='ocr_par' dir='ltr' id='par_1_99' title="bbox 904 1903 1688 1939">
     <span class='ocr_line' id='line_1_99' title="bbox 904 1903 1688 1939; baseline 0.001 -9"><span class='ocrx_word' id='word_1_720' title='bbox 904 1903 995 1930; x_wconf 82' lang='lat' dir='ltr'><strong>Aaron</strong></span> <span class='ocrx_word' id='word_1_721' title='bbox 1012 1907 1039 1931; x_wconf 92' lang='lat' dir='ltr'><strong>et</strong></span> <span class='ocrx_word' id='word_1_722' title='bbox 1058 1903 1104 1930; x_wconf 89' lang='lat' dir='ltr'><strong>ﬁlii</strong></span> <span class='ocrx_word' id='word_1_723' title='bbox 1117 1903 1177 1938; x_wconf 87' lang='lat' dir='ltr'><strong>ejus</strong></span> <span class='ocrx_word' id='word_1_724' title='bbox 1194 1908 1276 1939; x_wconf 89' lang='lat' dir='ltr'><strong>atque</strong></span> <span class='ocrx_word' id='word_1_725' title='bbox 1301 1903 1388 1931; x_wconf 57' lang='lat' dir='ltr'><strong>levita».</strong></span> <span class='ocrx_word' id='word_1_726' title='bbox 1404 1903 1430 1930; x_wconf 94' lang='lat' dir='ltr'><strong>in</strong></span> <span class='ocrx_word' id='word_1_727' title='bbox 1451 1904 1550 1938; x_wconf 89' lang='lat' dir='ltr'><strong>templo</strong></span> <span class='ocrx_word' id='word_1_728' title='bbox 1565 1903 1688 1936; x_wconf 79' lang='lat' dir='ltr'><strong>fuerunt,</strong></span> 
     </span>
    </p>
   </div>
   <div class='ocr_carea' id='block_1_100' title="bbox 906 1949 1688 1985">
    <p class='ocr_par' dir='ltr' id='par_1_100' title="bbox 906 1949 1688 1985">
     <span class='ocr_line' id='line_1_100' title="bbox 906 1949 1688 1985; baseline 0 -8"><span class='ocrx_word' id='word_1_729' title='bbox 906 1950 958 1977; x_wconf 90' lang='lat' dir='ltr'><strong>hoc</strong></span> <span class='ocrx_word' id='word_1_730' title='bbox 970 1949 1022 1976; x_wconf 88' lang='lat' dir='ltr'><strong>sibi</strong></span> <span class='ocrx_word' id='word_1_731' title='bbox 1037 1949 1169 1984; x_wconf 87' lang='lat' dir='ltr'><strong>episcopi,</strong></span> <span class='ocrx_word' id='word_1_732' title='bbox 1198 1950 1350 1985; x_wconf 86' lang='lat' dir='ltr'><strong>presbyteri</strong></span> <span class='ocrx_word' id='word_1_733' title='bbox 1372 1953 1400 1977; x_wconf 91' lang='lat' dir='ltr'><strong>et</strong></span> <span class='ocrx_word' id='word_1_734' title='bbox 1416 1950 1525 1977; x_wconf 91' lang='lat' dir='ltr'><strong>diaconi</strong></span> <span class='ocrx_word' id='word_1_735' title='bbox 1547 1950 1688 1978; x_wconf 87' lang='lat' dir='ltr'><strong>vindicent</strong></span> 
     </span>
    </p>
   </div>
   <div class='ocr_carea' id='block_1_101' title="bbox 905 1996 1690 2031">
    <p class='ocr_par' dir='ltr' id='par_1_101' title="bbox 905 1996 1690 2031">
     <span class='ocr_line' id='line_1_101' title="bbox 905 1996 1690 2031; baseline -0.003 -7"><span class='ocrx_word' id='word_1_736' title='bbox 905 1997 933 2024; x_wconf 93' lang='lat' dir='ltr'><strong>in</strong></span> <span class='ocrx_word' id='word_1_737' title='bbox 948 1996 1078 2024; x_wconf 87' lang='lat' dir='ltr'><strong>Ecclesia.</strong></span> <span class='ocrx_word' id='word_1_738' title='bbox 1098 2006 1107 2022; x_wconf 74' lang='grc' dir='ltr'><strong>ι</strong></span> <span class='ocrx_word' id='word_1_739' title='bbox 1125 1996 1268 2030; x_wconf 86' lang='lat' dir='ltr'><strong>Quomodo</strong></span> <span class='ocrx_word' id='word_1_740' title='bbox 1283 2000 1373 2023; x_wconf 88' lang='lat' dir='ltr'><strong>autem</strong></span> <span class='ocrx_word' id='word_1_741' title='bbox 1387 1996 1445 2024; x_wconf 68' lang='lat' dir='ltr'><strong>haec</strong></span> <span class='ocrx_word' id='word_1_742' title='bbox 1456 1996 1564 2023; x_wconf 91' lang='lat' dir='ltr'><strong>traditio</strong></span> <span class='ocrx_word' id='word_1_743' title='bbox 1580 2001 1690 2031; x_wconf 85' lang='lat' dir='ltr'><strong>aposto-</strong></span> 
     </span>
    </p>
   </div>
   <div class='ocr_carea' id='block_1_102' title="bbox 905 2041 1689 2077">
    <p class='ocr_par' dir='ltr' id='par_1_102' title="bbox 905 2041 1689 2077">
     <span class='ocr_line' id='line_1_102' title="bbox 905 2041 1689 2077; baseline -0.001 -7"><span class='ocrx_word' id='word_1_744' title='bbox 905 2043 957 2071; x_wconf 89' lang='lat' dir='ltr'><strong>lica</strong></span> <span class='ocrx_word' id='word_1_745' title='bbox 973 2050 1034 2070; x_wconf 86' lang='lat' dir='ltr'><strong>esse</strong></span> <span class='ocrx_word' id='word_1_746' title='bbox 1051 2042 1150 2077; x_wconf 88' lang='lat' dir='ltr'><strong>potuit,</strong></span> <span class='ocrx_word' id='word_1_747' title='bbox 1177 2042 1316 2077; x_wconf 87' lang='lat' dir='ltr'><strong>quomodo</strong></span> <span class='ocrx_word' id='word_1_748' title='bbox 1342 2049 1375 2069; x_wconf 85' lang='lat' dir='ltr'><strong>ex</strong></span> <span class='ocrx_word' id='word_1_749' title='bbox 1397 2041 1486 2069; x_wconf 85' lang='lat' dir='ltr'><strong>Veteri</strong></span> <span class='ocrx_word' id='word_1_750' title='bbox 1511 2041 1689 2070; x_wconf 87' lang='lat' dir='ltr'><strong>Testamento</strong></span> 
     </span>
    </p>
   </div>
   <div class='ocr_carea' id='block_1_103' title="bbox 905 2088 1692 2123">
    <p class='ocr_par' dir='ltr' id='par_1_103' title="bbox 905 2088 1692 2123">
     <span class='ocr_line' id='line_1_103' title="bbox 905 2088 1692 2123; baseline -0.001 -7"><span class='ocrx_word' id='word_1_751' title='bbox 905 2089 1058 2123; x_wconf 83' lang='lat' dir='ltr'><strong>desumpta.</strong></span> <span class='ocrx_word' id='word_1_752' title='bbox 1073 2088 1096 2116; x_wconf 92' lang='lat' dir='ltr'><strong>si</strong></span> <span class='ocrx_word' id='word_1_753' title='bbox 1113 2095 1168 2115; x_wconf 92' lang='lat' dir='ltr'><strong>non</strong></span> <span class='ocrx_word' id='word_1_754' title='bbox 1181 2088 1367 2123; x_wconf 87' lang='lat' dir='ltr'><strong>apostolorum</strong></span> <span class='ocrx_word' id='word_1_755' title='bbox 1383 2095 1441 2115; x_wconf 68' lang='lat' dir='ltr'><strong>aevo</strong></span> <span class='ocrx_word' id='word_1_756' title='bbox 1463 2089 1619 2116; x_wconf 74' lang='lat' dir='ltr'><strong>exstiterint</strong></span> <span class='ocrx_word' id='word_1_757' title='bbox 1632 2089 1692 2122; x_wconf 83' lang='lat' dir='ltr'><strong>epi-</strong></span> 
     </span>
    </p>
   </div>
   <div class='ocr_carea' id='block_1_104' title="bbox 906 2134 1689 2170">
    <p class='ocr_par' dir='ltr' id='par_1_104' title="bbox 906 2134 1689 2170">
     <span class='ocr_line' id='line_1_104' title="bbox 906 2134 1689 2170; baseline -0.001 -7"><span class='ocrx_word' id='word_1_758' title='bbox 906 2135 980 2170; x_wconf 91' lang='lat' dir='ltr'><strong>scopi</strong></span> <span class='ocrx_word' id='word_1_759' title='bbox 995 2135 1161 2170; x_wconf 84' lang='lat' dir='ltr'><strong>presbyteris</strong></span> <span class='ocrx_word' id='word_1_760' title='bbox 1171 2134 1337 2168; x_wconf 87' lang='lat' dir='ltr'><strong>superiores,</strong></span> <span class='ocrx_word' id='word_1_761' title='bbox 1350 2134 1580 2169; x_wconf 90' lang='lat' dir='ltr'><strong>quemadmodum</strong></span> <span class='ocrx_word' id='word_1_762' title='bbox 1597 2135 1689 2162; x_wconf 85' lang='lat' dir='ltr'><strong>Aaron</strong></span> 
     </span>
    </p>
   </div>
   <div class='ocr_carea' id='block_1_105' title="bbox 905 2179 1690 2215">
    <p class='ocr_par' dir='ltr' id='par_1_105' title="bbox 905 2179 1690 2215">
     <span class='ocr_line' id='line_1_105' title="bbox 905 2179 1690 2215; baseline -0.001 -6"><span class='ocrx_word' id='word_1_763' title='bbox 905 2186 933 2209; x_wconf 86' lang='lat' dir='ltr'><strong>et</strong></span> <span class='ocrx_word' id='word_1_764' title='bbox 955 2180 1044 2208; x_wconf 77' lang='lat' dir='ltr'><strong>ofﬁcio</strong></span> <span class='ocrx_word' id='word_1_765' title='bbox 1060 2184 1087 2207; x_wconf 87' lang='lat' dir='ltr'><strong>et</strong></span> <span class='ocrx_word' id='word_1_766' title='bbox 1111 2179 1242 2215; x_wconf 77' lang='lat' dir='ltr'><strong>dignitate</strong></span> <span class='ocrx_word' id='word_1_767' title='bbox 1258 2180 1322 2207; x_wconf 89' lang='lat' dir='ltr'><strong>ﬁliis</strong></span> <span class='ocrx_word' id='word_1_768' title='bbox 1337 2180 1461 2215; x_wconf 87' lang='lat' dir='ltr'><strong>superior</strong></span> <span class='ocrx_word' id='word_1_769' title='bbox 1487 2179 1620 2208; x_wconf 83' lang='lat' dir='ltr'><strong>fuit?Aut</strong></span> <span class='ocrx_word' id='word_1_770' title='bbox 1635 2188 1690 2215; x_wconf 74' lang='lat' dir='ltr'><strong>qua</strong></span> 
     </span>
    </p>
   </div>
   <div class='ocr_carea' id='block_1_106' title="bbox 905 2224 1689 2261">
    <p class='ocr_par' dir='ltr' id='par_1_106' title="bbox 905 2224 1689 2261">
     <span class='ocr_line' id='line_1_106' title="bbox 905 2224 1689 2261; baseline -0.004 -7"><span class='ocrx_word' id='word_1_771' title='bbox 905 2226 1012 2254; x_wconf 85' lang='lat' dir='ltr'><strong>ratione</strong></span> <span class='ocrx_word' id='word_1_772' title='bbox 1034 2226 1106 2253; x_wconf 90' lang='lat' dir='ltr'><strong>hanc</strong></span> <span class='ocrx_word' id='word_1_773' title='bbox 1128 2231 1246 2253; x_wconf 82' lang='lat' dir='ltr'><strong>mentem</strong></span> <span class='ocrx_word' id='word_1_774' title='bbox 1263 2224 1422 2261; x_wconf 84' lang='lat' dir='ltr'><strong>Hieronymi</strong></span> <span class='ocrx_word' id='word_1_775' title='bbox 1442 2225 1529 2253; x_wconf 81' lang='lat' dir='ltr'><strong>fuisse</strong></span> <span class='ocrx_word' id='word_1_776' title='bbox 1552 2225 1689 2260; x_wconf 89' lang='lat' dir='ltr'><strong>quispiam</strong></span> 
     </span>
    </p>
   </div>
   <div class='ocr_carea' id='block_1_107' title="bbox 905 2271 1689 2309">
    <p class='ocr_par' dir='ltr' id='par_1_107' title="bbox 905 2271 1689 2309">
     <span class='ocr_line' id='line_1_107' title="bbox 905 2271 1689 2309; baseline -0.003 -9"><span class='ocrx_word' id='word_1_777' title='bbox 905 2272 1054 2309; x_wconf 82' lang='lat' dir='ltr'><strong>negaverit,</strong></span> <span class='ocrx_word' id='word_1_778' title='bbox 1063 2271 1110 2307; x_wconf 90' lang='lat' dir='ltr'><strong>qui</strong></span> <span class='ocrx_word' id='word_1_779' title='bbox 1120 2272 1177 2299; x_wconf 64' lang='lat' dir='ltr'><strong>haec</strong></span> <span class='ocrx_word' id='word_1_780' title='bbox 1187 2279 1249 2298; x_wconf 87' lang='lat' dir='ltr'><strong>eum</strong></span> <span class='ocrx_word' id='word_1_781' title='bbox 1259 2271 1360 2298; x_wconf 86' lang='lat' dir='ltr'><strong>diserte</strong></span> <span class='ocrx_word' id='word_1_782' title='bbox 1374 2271 1518 2305; x_wconf 88' lang='lat' dir='ltr'><strong>scripsisse</strong></span> <span class='ocrx_word' id='word_1_783' title='bbox 1528 2271 1562 2298; x_wconf 91' lang='lat' dir='ltr'><strong>ad</strong></span> <span class='ocrx_word' id='word_1_784' title='bbox 1572 2271 1689 2298; x_wconf 62' lang='lat' dir='ltr'><strong>Matthaﬁ</strong></span> 
     </span>
    </p>
   </div>
   <div class='ocr_carea' id='block_1_108' title="bbox 907 2316 1691 2353">
    <p class='ocr_par' dir='ltr' id='par_1_108' title="bbox 907 2316 1691 2353">
     <span class='ocr_line' id='line_1_108' title="bbox 907 2316 1691 2353; baseline -0.003 -8"><span class='ocrx_word' id='word_1_785' title='bbox 907 2326 967 2353; x_wconf 90' lang='lat' dir='ltr'><strong>cap.</strong></span> <span class='ocrx_word' id='word_1_786' title='bbox 986 2325 1065 2351; x_wconf 82' lang='lat' dir='ltr'><strong>xxnt,</strong></span> <span class='ocrx_word' id='word_1_787' title='bbox 1084 2317 1189 2345; x_wconf 90' lang='lat' dir='ltr'><strong>noverit</strong></span> <span class='ocrx_word' id='word_1_788' title='bbox 1204 2325 1210 2343; x_wconf 88' lang='lat'>:</span> <span class='ocrx_word' id='word_1_789' title='bbox 1231 2327 1240 2343; x_wconf 87' lang='grc'><strong><em>‹</em></strong></span> <span class='ocrx_word' id='word_1_790' title='bbox 1252 2316 1329 2350; x_wconf 84' lang='lat' dir='ltr'><strong>Quod</strong></span> <span class='ocrx_word' id='word_1_791' title='bbox 1347 2316 1507 2344; x_wconf 84' lang='lat' dir='ltr'><strong>feceruntet</strong></span> <span class='ocrx_word' id='word_1_792' title='bbox 1517 2317 1633 2352; x_wconf 85' lang='lat' dir='ltr'><strong>apostoli</strong></span> <span class='ocrx_word' id='word_1_793' title='bbox 1644 2325 1691 2352; x_wconf 73' lang='lat' dir='ltr'><strong>per</strong></span> 
     </span>
    </p>
   </div>
   <div class='ocr_carea' id='block_1_109' title="bbox 907 2362 1690 2399">
    <p class='ocr_par' dir='ltr' id='par_1_109' title="bbox 907 2362 1690 2399">
     <span class='ocr_line' id='line_1_109' title="bbox 907 2362 1690 2399; baseline -0.001 -8"><span class='ocrx_word' id='word_1_794' title='bbox 907 2363 1028 2399; x_wconf 84' lang='lat' dir='ltr'><strong>singulas</strong></span> <span class='ocrx_word' id='word_1_795' title='bbox 1043 2363 1199 2398; x_wconf 84' lang='lat' dir='ltr'><strong>provincias</strong></span> <span class='ocrx_word' id='word_1_796' title='bbox 1222 2363 1396 2398; x_wconf 86' lang='lat' dir='ltr'><strong>presbyteros</strong></span> <span class='ocrx_word' id='word_1_797' title='bbox 1410 2367 1438 2390; x_wconf 90' lang='lat' dir='ltr'><strong>et</strong></span> <span class='ocrx_word' id='word_1_798' title='bbox 1450 2362 1596 2397; x_wconf 90' lang='lat' dir='ltr'><strong>episcopos</strong></span> <span class='ocrx_word' id='word_1_799' title='bbox 1613 2363 1690 2390; x_wconf 90' lang='lat' dir='ltr'><strong>ordi—</strong></span> 
     </span>
    </p>
   </div>
   <div class='ocr_carea' id='block_1_110' title="bbox 909 2407 1692 2437">
    <p class='ocr_par' dir='ltr' id='par_1_110' title="bbox 909 2407 1692 2437">
     <span class='ocr_line' id='line_1_110' title="bbox 909 2407 1692 2437; baseline -0.001 0"><span class='ocrx_word' id='word_1_800' title='bbox 909 2414 1013 2437; x_wconf 87' lang='lat' dir='ltr'><strong>nantes.</strong></span> <span class='ocrx_word' id='word_1_801' title='bbox 1033 2418 1042 2435; x_wconf 78' lang='grc' dir='ltr'><strong>ι</strong></span> <span class='ocrx_word' id='word_1_802' title='bbox 1061 2408 1133 2436; x_wconf 89' lang='lat' dir='ltr'><strong>Idem</strong></span> <span class='ocrx_word' id='word_1_803' title='bbox 1145 2409 1172 2435; x_wconf 93' lang='lat' dir='ltr'><strong>in</strong></span> <span class='ocrx_word' id='word_1_804' title='bbox 1183 2408 1387 2436; x_wconf 89' lang='lat' dir='ltr'><strong>Commentario</strong></span> <span class='ocrx_word' id='word_1_805' title='bbox 1401 2408 1435 2435; x_wconf 91' lang='lat' dir='ltr'><strong>ad</strong></span> <span class='ocrx_word' id='word_1_806' title='bbox 1450 2407 1541 2436; x_wconf 91' lang='lat' dir='ltr'><strong>Titum</strong></span> <span class='ocrx_word' id='word_1_807' title='bbox 1560 2417 1566 2434; x_wconf 95' lang='lat'>:</span> <span class='ocrx_word' id='word_1_808' title='bbox 1583 2418 1593 2435; x_wconf 78' lang='grc' dir='ltr'><strong>ι</strong></span> <span class='ocrx_word' id='word_1_809' title='bbox 1608 2409 1692 2436; x_wconf 85' lang='lat' dir='ltr'><strong>Ante—</strong></span> 
     </span>
    </p>
   </div>
   <div class='ocr_carea' id='block_1_111' title="bbox 908 2454 1691 2490">
    <p class='ocr_par' dir='ltr' id='par_1_111' title="bbox 908 2454 1691 2490">
     <span class='ocr_line' id='line_1_111' title="bbox 908 2454 1691 2490; baseline 0.001 -9"><span class='ocrx_word' id='word_1_810' title='bbox 908 2462 990 2490; x_wconf 78' lang='lat' dir='ltr'><strong>quam</strong></span> <span class='ocrx_word' id='word_1_811' title='bbox 1006 2454 1108 2482; x_wconf 90' lang='lat' dir='ltr'><strong>diaboli</strong></span> <span class='ocrx_word' id='word_1_812' title='bbox 1125 2454 1256 2482; x_wconf 88' lang='lat' dir='ltr'><strong>instinctu</strong></span> <span class='ocrx_word' id='word_1_813' title='bbox 1279 2454 1367 2481; x_wconf 89' lang='lat' dir='ltr'><strong>studia</strong></span> <span class='ocrx_word' id='word_1_814' title='bbox 1390 2455 1418 2481; x_wconf 94' lang='lat' dir='ltr'><strong>in</strong></span> <span class='ocrx_word' id='word_1_815' title='bbox 1435 2454 1569 2490; x_wconf 85' lang='lat' dir='ltr'><strong>religione</strong></span> <span class='ocrx_word' id='word_1_816' title='bbox 1584 2455 1691 2487; x_wconf 83' lang='lat' dir='ltr'><strong>ﬁerent,</strong></span> 
     </span>
    </p>
   </div>
   <div class='ocr_carea' id='block_1_112' title="bbox 908 2499 1691 2536">
    <p class='ocr_par' dir='ltr' id='par_1_112' title="bbox 908 2499 1691 2536">
     <span class='ocr_line' id='line_1_112' title="bbox 908 2499 1691 2536; baseline -0.001 -8"><span class='ocrx_word' id='word_1_817' title='bbox 908 2507 934 2528; x_wconf 88' lang='lat' dir='ltr'><strong>et</strong></span> <span class='ocrx_word' id='word_1_818' title='bbox 949 2501 1083 2528; x_wconf 86' lang='lat' dir='ltr'><strong>diceretur</strong></span> <span class='ocrx_word' id='word_1_819' title='bbox 1102 2500 1129 2527; x_wconf 93' lang='lat' dir='ltr'><strong>in</strong></span> <span class='ocrx_word' id='word_1_820' title='bbox 1145 2500 1252 2535; x_wconf 89' lang='lat' dir='ltr'><strong>populis</strong></span> <span class='ocrx_word' id='word_1_821' title='bbox 1269 2500 1342 2535; x_wconf 91' lang='lat' dir='ltr'><strong>:Ego</strong></span> <span class='ocrx_word' id='word_1_822' title='bbox 1353 2508 1410 2527; x_wconf 83' lang='lat' dir='ltr'><strong>sum</strong></span> <span class='ocrx_word' id='word_1_823' title='bbox 1425 2499 1517 2532; x_wconf 81' lang='lat' dir='ltr'><strong>Pauli,</strong></span> <span class='ocrx_word' id='word_1_824' title='bbox 1530 2509 1575 2536; x_wconf 85' lang='lat' dir='ltr'><strong>ego</strong></span> <span class='ocrx_word' id='word_1_825' title='bbox 1585 2500 1691 2536; x_wconf 82' lang='lat' dir='ltr'><strong>Apollo.</strong></span> 
     </span>
    </p>
   </div>
   <div class='ocr_carea' id='block_1_113' title="bbox 908 2546 1677 2582">
    <p class='ocr_par' dir='ltr' id='par_1_113' title="bbox 908 2546 1677 2582">
     <span class='ocr_line' id='line_1_113' title="bbox 908 2546 1677 2582; baseline -0.001 -8"><span class='ocrx_word' id='word_1_826' title='bbox 908 2555 953 2582; x_wconf 82' lang='lat' dir='ltr'><strong>ego</strong></span> <span class='ocrx_word' id='word_1_827' title='bbox 969 2551 1056 2574; x_wconf 86' lang='lat' dir='ltr'><strong>autem</strong></span> <span class='ocrx_word' id='word_1_828' title='bbox 1073 2546 1166 2581; x_wconf 70' lang='lat' dir='ltr'><strong>Cephw</strong></span> <span class='ocrx_word' id='word_1_829' title='bbox 1177 2546 1210 2578; x_wconf 68' lang='grc'><strong>⁵⁸,</strong></span> <span class='ocrx_word' id='word_1_830' title='bbox 1227 2546 1366 2573; x_wconf 90' lang='lat' dir='ltr'><strong>communi</strong></span> <span class='ocrx_word' id='word_1_831' title='bbox 1381 2546 1603 2581; x_wconf 87' lang='lat' dir='ltr'><strong>presbyterorum</strong></span> <span class='ocrx_word' id='word_1_832' title='bbox 1625 2555 1677 2574; x_wconf 92' lang='lat' dir='ltr'><strong>con</strong></span> 
     </span>
    </p>
   </div>
   <div class='ocr_carea' id='block_1_114' title="bbox 909 2592 1693 2627">
    <p class='ocr_par' dir='ltr' id='par_1_114' title="bbox 909 2592 1693 2627">
     <span class='ocr_line' id='line_1_114' title="bbox 909 2592 1693 2627; baseline -0.001 -7"><span class='ocrx_word' id='word_1_833' title='bbox 909 2593 971 2620; x_wconf 88' lang='lat' dir='ltr'><strong>silio</strong></span> <span class='ocrx_word' id='word_1_834' title='bbox 982 2592 1103 2620; x_wconf 71' lang='lat' dir='ltr'><strong>ecclesiae</strong></span> <span class='ocrx_word' id='word_1_835' title='bbox 1116 2592 1337 2627; x_wconf 72' lang='lat' dir='ltr'><strong>gubernabantur</strong></span> <span class='ocrx_word' id='word_1_836' title='bbox 1351 2599 1358 2617; x_wconf 89' lang='lat'><strong>:</strong></span> <span class='ocrx_word' id='word_1_837' title='bbox 1372 2595 1517 2626; x_wconf 87' lang='lat' dir='ltr'><strong>postquam</strong></span> <span class='ocrx_word' id='word_1_838' title='bbox 1529 2599 1592 2619; x_wconf 85' lang='lat' dir='ltr'><strong>vero</strong></span> <span class='ocrx_word' id='word_1_839' title='bbox 1605 2600 1693 2619; x_wconf 81' lang='lat' dir='ltr'><strong>unus--</strong></span> 
     </span>
    </p>
   </div>
   <div class='ocr_carea' id='block_1_115' title="bbox 909 2636 1692 2673">
    <p class='ocr_par' dir='ltr' id='par_1_115' title="bbox 909 2636 1692 2673">
     <span class='ocr_line' id='line_1_115' title="bbox 909 2636 1692 2673; baseline -0.001 -8"><span class='ocrx_word' id='word_1_840' title='bbox 909 2638 1025 2673; x_wconf 90' lang='lat' dir='ltr'><strong>quisque</strong></span> <span class='ocrx_word' id='word_1_841' title='bbox 1036 2645 1082 2665; x_wconf 87' lang='lat' dir='ltr'><strong>eos</strong></span> <span class='ocrx_word' id='word_1_842' title='bbox 1090 2644 1159 2672; x_wconf 90' lang='lat' dir='ltr'><strong>quos</strong></span> <span class='ocrx_word' id='word_1_843' title='bbox 1168 2636 1362 2671; x_wconf 84' lang='lat' dir='ltr'><strong>baptizaverat,</strong></span> <span class='ocrx_word' id='word_1_844' title='bbox 1372 2644 1437 2664; x_wconf 90' lang='lat' dir='ltr'><strong>suos</strong></span> <span class='ocrx_word' id='word_1_845' title='bbox 1444 2637 1548 2671; x_wconf 91' lang='lat' dir='ltr'><strong>putavit</strong></span> <span class='ocrx_word' id='word_1_846' title='bbox 1556 2645 1626 2670; x_wconf 87' lang='lat' dir='ltr'><strong>esse,</strong></span> <span class='ocrx_word' id='word_1_847' title='bbox 1638 2645 1692 2664; x_wconf 84' lang='lat' dir='ltr'><strong>non</strong></span> 
     </span>
    </p>
   </div>
   <div class='ocr_carea' id='block_1_116' title="bbox 909 2683 1693 2717">
    <p class='ocr_par' dir='ltr' id='par_1_116' title="bbox 909 2683 1693 2717">
     <span class='ocr_line' id='line_1_116' title="bbox 909 2683 1693 2717; baseline -0.003 -5"><span class='ocrx_word' id='word_1_848' title='bbox 909 2684 1021 2717; x_wconf 80' lang='lat' dir='ltr'><strong>Christi,</strong></span> <span class='ocrx_word' id='word_1_849' title='bbox 1040 2685 1066 2711; x_wconf 92' lang='lat' dir='ltr'><strong>in</strong></span> <span class='ocrx_word' id='word_1_850' title='bbox 1079 2688 1135 2711; x_wconf 92' lang='lat' dir='ltr'><strong>toto</strong></span> <span class='ocrx_word' id='word_1_851' title='bbox 1151 2683 1216 2711; x_wconf 93' lang='lat' dir='ltr'><strong>orbe</strong></span> <span class='ocrx_word' id='word_1_852' title='bbox 1231 2683 1372 2710; x_wconf 87' lang='lat' dir='ltr'><strong>decretum</strong></span> <span class='ocrx_word' id='word_1_853' title='bbox 1384 2687 1436 2716; x_wconf 80' lang='lat' dir='ltr'><strong>est,</strong></span> <span class='ocrx_word' id='word_1_854' title='bbox 1453 2687 1482 2710; x_wconf 89' lang='lat' dir='ltr'><strong>ut</strong></span> <span class='ocrx_word' id='word_1_855' title='bbox 1495 2691 1566 2710; x_wconf 91' lang='lat' dir='ltr'><strong>unus</strong></span> <span class='ocrx_word' id='word_1_856' title='bbox 1581 2683 1614 2710; x_wconf 91' lang='lat' dir='ltr'><strong>de</strong></span> <span class='ocrx_word' id='word_1_857' title='bbox 1630 2691 1693 2717; x_wconf 91' lang='lat' dir='ltr'><strong>pre-</strong></span> 
     </span>
    </p>
   </div>
   <div class='ocr_carea' id='block_1_117' title="bbox 910 2728 1692 2764">
    <p class='ocr_par' dir='ltr' id='par_1_117' title="bbox 910 2728 1692 2764">
     <span class='ocr_line' id='line_1_117' title="bbox 910 2728 1692 2764; baseline 0 -8"><span class='ocrx_word' id='word_1_858' title='bbox 910 2729 1026 2764; x_wconf 87' lang='lat' dir='ltr'><strong>sbyteris</strong></span> <span class='ocrx_word' id='word_1_859' title='bbox 1041 2728 1144 2756; x_wconf 88' lang='lat' dir='ltr'><strong>electus</strong></span> <span class='ocrx_word' id='word_1_860' title='bbox 1167 2731 1398 2763; x_wconf 86' lang='lat' dir='ltr'><strong>superponeretur</strong></span> <span class='ocrx_word' id='word_1_861' title='bbox 1421 2728 1537 2761; x_wconf 69' lang='lat' dir='ltr'><strong>caeteris,</strong></span> <span class='ocrx_word' id='word_1_862' title='bbox 1561 2728 1594 2755; x_wconf 91' lang='lat' dir='ltr'><strong>ad</strong></span> <span class='ocrx_word' id='word_1_863' title='bbox 1610 2736 1692 2763; x_wconf 88' lang='lat' dir='ltr'><strong>quem</strong></span> 
     </span>
    </p>
   </div>
   <div class='ocr_carea' id='block_1_118' title="bbox 910 2774 1694 2808">
    <p class='ocr_par' dir='ltr' id='par_1_118' title="bbox 910 2774 1694 2808">
     <span class='ocr_line' id='line_1_118' title="bbox 910 2774 1694 2808; baseline 0.001 -6"><span class='ocrx_word' id='word_1_864' title='bbox 910 2775 1000 2802; x_wconf 93' lang='lat' dir='ltr'><strong>omnis</strong></span> <span class='ocrx_word' id='word_1_865' title='bbox 1012 2774 1140 2802; x_wconf 65' lang='lat' dir='ltr'><strong>Ecclesia:</strong></span> <span class='ocrx_word' id='word_1_866' title='bbox 1153 2782 1218 2802; x_wconf 92' lang='lat' dir='ltr'><strong>cura</strong></span> <span class='ocrx_word' id='word_1_867' title='bbox 1234 2774 1394 2808; x_wconf 90' lang='lat' dir='ltr'><strong>pertineret,</strong></span> <span class='ocrx_word' id='word_1_868' title='bbox 1408 2778 1436 2801; x_wconf 88' lang='lat' dir='ltr'><strong>et</strong></span> <span class='ocrx_word' id='word_1_869' title='bbox 1456 2774 1637 2801; x_wconf 85' lang='lat' dir='ltr'><strong>schismatum</strong></span> <span class='ocrx_word' id='word_1_870' title='bbox 1651 2783 1694 2803; x_wconf 88' lang='lat' dir='ltr'><strong>sc-</strong></span> 
     </span>
    </p>
   </div>
   <div class='ocr_carea' id='block_1_119' title="bbox 911 2819 1694 2854">
    <p class='ocr_par' dir='ltr' id='par_1_119' title="bbox 911 2819 1694 2854">
     <span class='ocr_line' id='line_1_119' title="bbox 911 2819 1694 2854; baseline 0.001 -6"><span class='ocrx_word' id='word_1_871' title='bbox 911 2821 983 2848; x_wconf 87' lang='lat' dir='ltr'><strong>mina</strong></span> <span class='ocrx_word' id='word_1_872' title='bbox 998 2821 1168 2848; x_wconf 88' lang='lat' dir='ltr'><strong>tollerentur.</strong></span> <span class='ocrx_word' id='word_1_873' title='bbox 1180 2819 1231 2847; x_wconf 72' lang='lat' dir='ltr'><strong>iEt</strong></span> <span class='ocrx_word' id='word_1_874' title='bbox 1246 2828 1342 2847; x_wconf 81' lang='lat' dir='ltr'><strong>rursus</strong></span> <span class='ocrx_word' id='word_1_875' title='bbox 1362 2828 1368 2846; x_wconf 96' lang='lat'>:</span> <span class='ocrx_word' id='word_1_876' title='bbox 1383 2830 1392 2845; x_wconf 79' lang='grc' dir='ltr'><strong>ι</strong></span> <span class='ocrx_word' id='word_1_877' title='bbox 1405 2819 1483 2853; x_wconf 88' lang='lat' dir='ltr'><strong>Quod</strong></span> <span class='ocrx_word' id='word_1_878' title='bbox 1497 2825 1587 2847; x_wconf 88' lang='lat' dir='ltr'><strong>autcm</strong></span> <span class='ocrx_word' id='word_1_879' title='bbox 1600 2825 1694 2854; x_wconf 72' lang='lat' dir='ltr'><strong>postea</strong></span> 
     </span>
    </p>
   </div>
   <div class='ocr_carea' id='block_1_120' title="bbox 911 2866 1694 2900">
    <p class='ocr_par' dir='ltr' id='par_1_120' title="bbox 911 2866 1694 2900">
     <span class='ocr_line' id='line_1_120' title="bbox 911 2866 1694 2900; baseline 0.001 -6"><span class='ocrx_word' id='word_1_880' title='bbox 911 2875 983 2895; x_wconf 91' lang='lat' dir='ltr'><strong>unus</strong></span> <span class='ocrx_word' id='word_1_881' title='bbox 1006 2867 1108 2897; x_wconf 88' lang='lat' dir='ltr'><strong>elec&#39;us</strong></span> <span class='ocrx_word' id='word_1_882' title='bbox 1122 2872 1173 2900; x_wconf 88' lang='lat' dir='ltr'><strong>est,</strong></span> <span class='ocrx_word' id='word_1_883' title='bbox 1196 2866 1223 2893; x_wconf 92' lang='lat' dir='ltr'><strong>in</strong></span> <span class='ocrx_word' id='word_1_884' title='bbox 1247 2867 1403 2895; x_wconf 85' lang='lat' dir='ltr'><strong>schismatis</strong></span> <span class='ocrx_word' id='word_1_885' title='bbox 1417 2866 1570 2894; x_wconf 88' lang='lat' dir='ltr'><strong>remedium</strong></span> <span class='ocrx_word' id='word_1_886' title='bbox 1590 2866 1694 2895; x_wconf 80' lang='lat' dir='ltr'><strong>factum</strong></span> 
     </span>
    </p>
   </div>
  </div>
