1850 3072
133 179 181 208 451

644 180 672 209 S.
689 178 864 209 lGNATlUS.
885 194 919 199 -—
939 178 1208 207 PROLEGOMENA.

1711 183 1762 212 F32

133 247 238 269 est:ne
245 239 432 276 unusquisque
448 240 481 268 ad
497 247 526 268 se
539 240 650 268 trahens
660 240 763 269 Christi
771 240 921 268 Ecclesiam
938 244 960 272 Α
976 245 1097 275 tempora
1111 239 1260 267 discrimen
1275 239 1341 268 illud
1362 241 1431 268 inter
1446 241 1592 276 episcopos
1606 244 1635 269 et
1651 243 1762 279 pre-thy-

133 291 281 322 rumperet.
295 285 361 313 Nam
378 290 405 314 et
424 286 594 313 Alexandriae
608 293 623 313 a
639 285 730 313 Marco
749 286 918 322 evangelista

132 341 221 369 usque
232 333 265 361 ad
278 332 418 361 lleraciam
432 338 458 360 et
469 332 628 369 Dionysium
641 334 794 369 episcopos,
809 335 920 370 presby-

132 381 182 407 teri
199 387 304 414 semper
319 388 403 407 unum
415 388 448 407 ex
467 387 495 408 se
506 380 621 408 electum
639 380 665 407 in
678 380 821 407 excelsiori
834 380 920 415 gradu

133 425 294 452 collocatum
313 425 471 460 episcopum
502 425 691 452 nominabant.
712 435 721 451 ι
740 424 802 453 Haec
821 426 917 461 igitur,

133 471 192 498 sine
212 470 286 498 omni
313 471 510 504 controversia,
539 470 568 498 S.
598 471 756 507 Hieronymi
782 472 918 499 sententia

132 517 194 551 fuit,
211 517 295 552 quod,
322 517 386 544 licet
415 518 442 544 in
464 518 574 552 scriptis
590 518 758 552 apostolicis,
782 519 918 553 praecipue

132 562 196 588 dum
213 562 333 589 viverem
347 561 445 589 Petrus
470 567 497 589 et
511 561 628 595 Paulus,
644 564 749 590 nullum
770 564 917 591 discrimen

132 609 203 636 inter
217 616 265 637 eos
282 609 328 644 qui
345 609 466 645 episcopi
476 614 504 636 et
515 610 667 645 presbyteri
679 610 851 642 dicebantur,
865 610 917 645 ipsi

132 655 298 691 apparuerit,
316 655 387 682 seris
407 659 496 682 tamen
522 656 709 690 apostolorum
736 656 916 691 temporibus,

130 703 173 730 vel
188 703 269 737 paulo
286 707 349 729 ante
361 702 465 729 obitum
475 701 549 730 Petri
567 707 594 730 et
607 702 696 736 Pauli,
708 703 750 730 vel
767 708 840 730 certe
855 709 918 730 ante

130 753 246 776 mortem
263 747 292 776 S.
310 747 435 782 Joannis,
447 748 476 775 in
488 753 545 776 toto
555 749 622 776 orbe
633 749 772 776 decretum
789 753 871 780 esset,
888 753 918 776 ut

131 801 202 821 unus
219 797 451 828 superponeretur
471 793 590 826 caeteris,
609 793 642 820 ad
659 800 740 828 quem
755 792 846 819 omnis
866 791 917 819 Ec-

129 840 220 868 clesiae
230 848 295 868 cura
310 840 468 875 pertineret,
480 843 507 866 et
521 839 568 874 qui
583 839 727 874 episcopus
739 838 849 873 proprie
864 845 916 864 no-

130 887 290 914 minaretur.
301 885 358 914 Hoc
371 894 403 913 ex
417 885 567 921 apostolica
585 885 732 912 traditione
748 883 914 919 profectum;

130 932 184 960 hoc
196 936 308 967 propter
321 932 470 959 schismata
489 935 610 966 tempore
634 930 818 965 apostolorum
841 934 915 957 certe
932 944 954 973 Β

129 981 190 1004 orta
203 976 388 1004 introductum
402 975 515 1009 docuit;
533 975 615 1010 hujus
631 975 670 1002 rei
694 974 865 1002 Alexandriae
881 974 914 1001 ab

129 1024 191 1058 ipso
207 1022 236 1050 S.
260 1022 352 1050 Marco
367 1022 618 1050 luculentissimum
634 1021 775 1049 exstitisse
790 1021 915 1048 testimo-

128 1069 206 1096 nium
217 1067 372 1103 perhibuit;
386 1067 459 1103 quod
474 1067 595 1102 primum
608 1066 755 1101 singularis
771 1065 915 1100 episcopa-

128 1120 175 1142 tus
186 1114 339 1150 exemplum
357 1113 482 1149 putavit;
500 1117 528 1140 et
543 1113 633 1148 ipsum
658 1112 769 1147 quidem
784 1116 841 1138 tum
858 1112 916 1139 sin-

127 1161 230 1196 gelare.
238 1159 306 1187 Nam
318 1168 352 1187 ex
365 1160 425 1195 ejus
441 1159 576 1187 sententia
592 1158 701 1186 Marcus
714 1167 723 1184 ι
739 1163 863 1186 mortuus
873 1162 915 1186 est

129 1211 226 1235 octavo
237 1206 355 1234 Neronis
370 1212 454 1238 anno,
471 1209 498 1233 et
517 1205 640 1240 sepultus
656 1204 838 1238 Alexandriae,
852 1212 915 1232 suc-

127 1253 242 1282 cedente
262 1253 315 1281 sibi
327 1253 446 1285 Aniano,
466 1261 475 1279 )
491 1255 521 1279 ut
532 1250 616 1279 refert
631 1252 659 1278 in
685 1251 827 1288 Catalogo.
850 1251 915 1279 lnde

132 1299 207 1327 viros
220 1306 317 1327 omnes
324 1298 488 1334 singulares,
498 1298 545 1334 qui
553 1298 607 1326 illis
614 1298 783 1333 temporibus
791 1298 914 1326 ecclesiis

127 1345 308 1381 prmfuerunt,
324 1351 433 1380 semper
445 1346 588 1380 episcopos
602 1345 712 1380 proprie
726 1345 854 1381 appellat.
877 1343 914 1372 De

129 1392 261 1420 Romanis
275 1392 301 1418 in
319 1391 449 1427 Catalogo
462 1399 469 1417 :
489 1400 499 1417 ι
518 1391 644 1419 Clemens
657 1396 772 1426 quartus
787 1396 849 1426 post
861 1390 913 1419 Pe~

129 1444 202 1466 trum
220 1438 314 1465 Romae
334 1438 500 1473 episcopus:
521 1437 656 1473 siquidem
678 1437 816 1465 secundus
829 1437 914 1465 Linus

128 1485 180 1513 fuit
192 1489 219 1512 et
231 1484 328 1512 tertius
349 1485 454 1512 Cletus.
473 1494 483 1511 υ
498 1483 584 1519 Cujus
601 1489 737 1512 exsortem
749 1488 913 1520 potestatem

127 1531 240 1563 indicat,
254 1531 287 1558 ad
302 1529 379 1558 Isaia:
391 1538 506 1565 cap.uu
517 1539 523 1557 :
535 1540 544 1556 ε
554 1530 727 1557 Clemensvir
734 1531 912 1565 apostolicus,

127 1577 175 1612 qui
192 1581 254 1612 post
265 1575 376 1604 Petrum
392 1575 542 1603 Romanam
557 1576 628 1603 rexit
643 1575 804 1609 Ecclesiam,
818 1577 914 1604 scribit

975 290 1047 313 teros
1064 286 1217 321 agnovisse,
1234 286 1280 321 qui
1291 287 1382 314 sciunt
1397 295 1454 314 rem
1466 295 1526 315 esse
1540 287 1762 322 antiquissimam

972 335 1002 358 ut
1016 332 1071 358 duo
1087 331 1114 358 hi
1133 331 1244 359 otdincs
1268 332 1296 358 in
1321 331 1440 359 Ecclesia
1470 332 1571 359 fuerint
1585 332 1721 367 distincti,
1737 335 1761 361 si

969 377 1143 411 excipiantur
1157 378 1308 411 apostolica
1325 383 1456 413 tempora.
1475 387 1484 404 ι
1777 407 1779 413 ι

1004 422 1097 456 Quare
1110 432 1171 451 cum
1190 428 1245 451 tres
1263 424 1374 451 ordines
1394 425 1452 452 sive
1469 425 1572 460 gradus
1588 432 1684 452 sacros
1697 430 1765 454 tunc

970 477 1031 496 cum
1063 469 1092 496 S.
1121 470 1242 505 lgnatius
1266 470 1398 505 epistolas
1425 471 1570 506 scripsisse
1592 471 1704 504 dicitur,
1735 471 1761 498 in

969 514 1132 543 Christianis
1145 516 1312 549 civitatibus,
1326 517 1513 552 acpraesertim
1530 516 1764 548 Asiaticis,exsti-

970 561 1035 588 tisse
1047 569 1156 588 summo
1169 567 1290 589 veterum
1306 570 1442 589 CORSCIISU
1456 567 1578 596 constet;
1588 571 1650 589 cum
1663 570 1764 597 quam-

969 606 1078 641 plurimi
1094 607 1217 642 ejusdem
1239 609 1331 635 saeculi
1349 616 1402 635 non
1426 609 1507 636 aliter
1519 617 1601 644 quam
1615 609 1650 636 de
1665 613 1706 636 tot
1719 608 1763 635 di-

969 653 1077 681 stinctis
1097 658 1124 682 et
1145 654 1234 682 oﬂicio
1256 659 1282 682 et
1305 655 1416 682 nomine
1435 655 1565 690 gradibus
1585 655 1669 682 locuti
1683 654 1760 688 sint;

968 708 1030 727 cum
1053 708 1134 728 nemo
1155 708 1277 736 unquam
1302 701 1425 736 ejusdem
1449 702 1499 729 aevi
1514 709 1694 737 quemquam,
1709 702 1760 737 qui

968 746 1080 773 secundi
1094 746 1200 773 ordinis
1212 751 1294 778 esset,
1308 746 1467 781 episcopum
1483 747 1680 781 appellaverit;
1694 754 1760 774 cum

967 791 1087 826 denique
1104 792 1184 827 pauci
1209 792 1258 824 illi,
1279 792 1327 827 qui
1351 800 1398 820 eos
1422 792 1469 827 qui
1485 792 1606 828 episcOpi
1634 792 1759 826 fuerant.

967 841 1029 872 post
1047 845 1143 864 eorum
1167 843 1295 870 mortem,
1317 842 1344 865 et
1357 839 1436 874 quasi
1453 839 1633 874 antiquiores,
1650 843 1761 867 tantum

967 882 1143 918 presbyteros
1161 885 1330 917 vocaverint,
1343 885 1452 919 quoties
1461 891 1551 912 autem
1564 884 1677 912 ordines
1689 893 1761 912 enu-

967 928 1101 961 merandi,
1125 933 1174 956 aut
1194 929 1227 957 de
1242 930 1284 957 sui
1297 930 1429 965 temporis
1442 931 1577 958 ministris
1591 931 1761 966 evangelici!

967 975 1097 1010 loquendi
1122 975 1233 1003 occasio
1257 983 1287 1003 sc
1303 976 1449 1009 obtulerat,
1469 976 1549 1003 aliter
1564 976 1648 1004 locuti
1669 981 1752 1010 sunt;

965 1016 1035 1048 raiio
1051 1021 1124 1048 nulla
1139 1026 1260 1056 apparet,
1276 1029 1326 1049 cur
1337 1022 1391 1054 ille,
1403 1023 1448 1057 qui
1462 1030 1495 1049 eo
1508 1021 1590 1050 modo
1600 1022 1760 1051 distinctio-

965 1074 1027 1093 nem
1041 1067 1169 1094 ordinum
1185 1067 1213 1094 iu
1230 1067 1352 1102 epistolis
1363 1068 1420 1095 suis
1430 1073 1504 1095 caste
1517 1072 1545 1095 et
1556 1072 1689 1103 perpetuo
1698 1076 1759 1096 ser-

965 1112 1050 1145 vavit,
1063 1119 1112 1147 pro
1131 1120 1195 1139 vero
1210 1113 1315 1148 lgnatio
1330 1113 1502 1140 Antiocheno
1523 1113 1572 1141 illo
1585 1118 1613 1141 et
1633 1119 1760 1150 martyre

966 1166 1020 1186 non
1034 1159 1178 1186 habeatur.
1191 1157 1249 1186 Non
1267 1164 1309 1187 est
1327 1159 1391 1192 hoc,
1414 1167 1468 1187 non
1485 1164 1540 1194 est,
1554 1169 1563 1186 ι
1576 1168 1660 1196 supra
1674 1169 1759 1188 suum

965 1204 1106 1237 saeculum,
1122 1211 1204 1239 supra
1229 1204 1327 1233 fratres
1347 1213 1414 1233 suos
1438 1206 1610 1233 venerandos
1634 1206 1757 1242 seipsum

964 1250 1069 1278 eﬂ'erre.
1083 1261 1092 1277 ι
1102 1250 1194 1286 Neque
1207 1251 1302 1279 dubito
1315 1252 1380 1287 quin
1394 1252 1536 1280 verissime
1551 1260 1675 1280 asserere
1690 1261 1758 1288 pos-

965 1296 1029 1328 sim,
1043 1296 1176 1331 lgnatium
1189 1301 1314 1325 nostrum
1330 1301 1386 1324 tum
1398 1297 1518 1332 episcopi
1530 1298 1564 1325 de
1577 1299 1685 1333 primis,
1698 1303 1757 1326 tum

965 1342 1114 1378 presbyteri
1127 1343 1289 1371 vocabulum
1302 1343 1336 1372 de
1343 1341 1470 1372 secundis
1478 1343 1607 1372 Ecclesiae
1619 1345 1758 1380 cnjusquc

965 1389 1162 1422 sacerdotibus,
1176 1397 1226 1424 pro
1235 1390 1276 1417 sui
1287 1390 1379 1418 saeculi
1392 1398 1442 1417 usu
1455 1394 1482 1417 et
1494 1398 1581 1422 more,
1592 1399 1756 1426 usurpasse,

964 1441 1018 1460 non
1031 1438 1136 1462 tantum
1152 1435 1179 1462 in
1196 1443 1335 1467 sermone,
1358 1436 1405 1464 sed
1426 1436 1452 1463 in
1474 1437 1705 1471 pmceptionibus
1724 1444 1757 1465 ac

964 1478 1184 1509 institutionibus
1207 1481 1402 1509 ecclesiasticis
1432 1482 1506 1509 hunc
1535 1490 1642 1510 morem
1671 1488 1757 1518 atque

964 1533 1044 1552 usum
1056 1526 1227 1555 observasse.
1242 1527 1275 1554 Et
1297 1535 1360 1555 cum
1384 1528 1439 1555 sint
1451 1529 1576 1564 quaedam
1593 1529 1755 1557 hominibus

964 1572 1025 1600 latae
1035 1580 1066 1600 ac
1081 1573 1230 1608 proposita
1245 1574 1327 1609 leges,
1349 1582 1453 1610 easque
1468 1582 1595 1602 sermone
1615 1576 1756 1610 imprimis

127 1621 162 1649 ad
171 1621 339 1649 Corinthios.
351 1630 360 1646 ›
374 1620 461 1648 Etlib.
473 1628 481 1648 ι
494 1621 626 1648 adversus
639 1620 831 1648 Iovinianum:
850 1630 858 1647 ι
873 1621 913 1649 Ad
927 1622 948 1651 C
965 1619 1040 1646 claro
1053 1623 1080 1647 et
1099 1619 1173 1647 facili
1189 1624 1215 1647 et
1229 1620 1377 1656 unicuique
1392 1621 1561 1649 audientium
1577 1623 1658 1650 obvio
1668 1631 1700 1650 ac
1712 1623 1755 1650 fa-

128 1668 178 1695 hos
188 1672 216 1695 et
226 1667 352 1694 Clemens
365 1674 508 1694 successor
519 1667 634 1701 apostoli
648 1666 731 1700 Petri,
745 1666 824 1702 cujus
839 1666 912 1694 Pau-

127 1713 171 1741 lus
188 1713 328 1748 apostolns
341 1712 476 1744 meminit,
492 1712 588 1740 scribit
605 1712 746 1747 epistolas.
763 1722 772 1738 )
790 1712 827 1741 De
848 1713 913 1741 Hie-

128 1759 334 1791 rosolymitanis
364 1757 398 1785 ad
425 1757 536 1785 Galatas
569 1765 630 1794 cap.
648 1766 656 1785 l
676 1767 684 1786 :
707 1768 716 1784 ‹
743 1758 791 1786 llic
821 1764 911 1787 autem

126 1805 246 1833 Iacobus
262 1805 406 1840 cpiscopus
430 1803 683 1840 Hierosolymorum
713 1805 819 1839 primus
848 1805 910 1839 fuit,

126 1855 308 1887 cognomento
318 1850 430 1883 Justus;
443 1851 484 1877 vir
493 1855 575 1878 tanta:
589 1850 741 1878 sanctitatis
753 1855 781 1878 et
792 1851 911 1879 rumoris

127 1897 154 1925 in
173 1897 284 1932 populo,
307 1900 338 1923 ut
363 1896 500 1923 ﬁmbriam
525 1895 679 1923 vestimenti
705 1896 765 1930 ejus
785 1896 910 1923 certatim

126 1950 255 1979 cuperent
270 1943 413 1978 attingere.
432 1941 485 1975 Qui
508 1946 535 1970 et
551 1942 608 1976 ipse
624 1946 717 1977 postea
732 1942 766 1970 de
782 1943 882 1977 templo
895 1950 910 1970 a

125 1989 227 2017 ludatis
240 1989 423 2024 praecipitatus
438 1996 624 2016 successorem
640 1988 733 2016 habuit
755 1988 910 2016 Simeonem

125 2042 207 2070 quem
220 2039 248 2061 et
259 2034 347 2069 ipsum
361 2034 472 2061 tradunt
485 2040 533 2068 pro
546 2033 661 2060 Domino
674 2033 862 2061 crucifixum.)
874 2033 911 2061 De

125 2080 348 2112 Antiochenis,in
359 2079 504 2114 Catalogo:
516 2088 525 2104 ι
536 2078 655 2115 lgnatius
668 2079 845 2106 Antiochense
858 2078 910 2106 Ec-

125 2127 216 2155 clesia:
237 2127 334 2154 tertius
347 2130 411 2162 post
429 2126 540 2153 Petrum
555 2125 707 2160 apostolum
722 2125 877 2160 episcopus.
897 2135 907 2152 υ

125 2172 164 2200 De
177 2172 307 2200 Asianis:
325 2180 334 2196 ‹
353 2169 471 2198 Joannes
495 2170 635 2204 apostolus
659 2169 827 2196 novissimus
851 2176 911 2196 om-

124 2219 200 2246 nium
215 2217 326 2253 scripsit
342 2216 518 2250 Evangelium
543 2219 655 2250 rogatus
671 2215 705 2242 ab
717 2215 788 2243 Asiae
802 2215 910 2249 episco-

124 2265 176 2300 pis.
192 2273 202 2290 ι
219 2263 252 2290 Et
266 2263 294 2290 in
305 2262 401 2289 eodem
410 2261 542 2297 Catalogo
560 2270 567 2288 :
583 2270 592 2287 ί
610 2260 778 2297 Polycarpus
795 2259 910 2288 Joannis

964 1665 1065 1692 miliari
1080 1665 1185 1700 concipi
1201 1666 1338 1701 scribique
1349 1667 1454 1701 deceat,
1469 1668 1544 1695 nulla
1569 1668 1596 1694 in
1620 1668 1654 1696 iis
1671 1677 1754 1697 voca-

962 1710 1026 1737 bula
1040 1710 1122 1738 dubia
1136 1716 1163 1739 et
1179 1712 1296 1740 obscura
1311 1714 1430 1746 misceri,
1444 1714 1486 1741 vel
1501 1714 1661 1749 hujusmodi
1675 1716 1755 1743 deni—

963 1765 1028 1793 que,
1044 1765 1161 1792 quorum
1185 1758 1300 1786 lectores
1323 1767 1377 1786 nou
1402 1759 1493 1787 statim
1508 1760 1663 1794 intelligant
1688 1769 1752 1788 eum

969 1803 1058 1837 ipsum
1072 1809 1132 1829 esse
1144 1811 1224 1837 quem
1236 1807 1332 1830 auctor
1342 1803 1428 1831 voluit
1441 1812 1561 1836 sensum,
1570 1806 1623 1833 hoc
1632 1806 1753 1834 maxime

961 1849 1115 1876 observavit
1129 1847 1248 1884 lgnatius
1261 1854 1370 1884 noster;
1385 1858 1448 1878 nam
1460 1855 1486 1877 et
1494 1858 1590 1879 omnes
1614 1856 1680 1880 tunc
1702 1861 1754 1880 no-

961 1898 1036 1929 runt,
1053 1896 1165 1923 secundi
1179 1896 1284 1924 ordinis
1300 1897 1466 1925 sacerdotem
1486 1906 1500 1925 a
1515 1899 1624 1927 nemine
1644 1900 1754 1935 episco-

961 1949 1025 1976 pum
1037 1942 1129 1969 vocari
1144 1942 1242 1976 solere,
1256 1943 1290 1970 ab
1303 1943 1431 1971 omnibus
1445 1945 1652 1980 presbyterum;
1670 1947 1752 1981 primi

963 1991 1055 2015 autem
1071 1987 1176 2016 ordinis
1196 1989 1365 2016 sacerdotem
1389 1989 1423 2016 ab
1439 1990 1566 2018 Omnibus
1587 1992 1751 2027 episcopum

961 2033 1103 2068 appellari.
1121 2033 1189 2061 Cum
1206 2034 1290 2069 igitur
1301 2040 1397 2062 auctor
1415 2036 1591 2070 epistularum
1607 2037 1642 2065 iis
1659 2037 1751 2065 nomi-

961 2078 1043 2107 nibus
1060 2079 1094 2106 ad
1109 2080 1238 2106 ordinum
1252 2080 1400 2108 discrimen
1414 2081 1589 2109 indicandum
1606 2088 1751 2118 uteretur,

961 2123 1076 2152 lectores
1097 2125 1187 2152 statim
1201 2125 1393 2153 intellexerunt
1407 2133 1469 2154 eum
1486 2127 1574 2161 ipsum
1590 2136 1653 2156 esse
1668 2137 1750 2164 quem

961 2170 1006 2197 ille
1029 2171 1115 2198 voluit
1135 2178 1264 2204 sensum;
1290 2179 1378 2206 neque
1400 2179 1447 2200 eos
1468 2173 1564 2200 sedulo
1585 2182 1701 2202 monere
1720 2182 1752 2202 ac

961 2215 1069 2249 docere,
1086 2223 1141 2251 quo
1157 2223 1238 2243 sensu
1252 2217 1295 2243 vcl
1308 2218 1429 2253 episcopi
1444 2219 1484 2245 vel
1501 2220 1655 2255 presbyteri
1671 2228 1752 2248 voca-

961 2260 1056 2287 bulum
1072 2260 1186 2296 intelligi
1198 2261 1324 2294 voluerit,
1341 2271 1454 2290 necesse
1469 2263 1529 2291 fuit.
1544 2263 1678 2293 Facessat
1701 2267 1752 2302 igi-

123 2309 239 2345 apostoli
255 2308 417 2343 discipulus,
429 2313 458 2335 ct
470 2308 504 2335 ab
519 2315 552 2335 eo
569 2307 692 2343 Smyrnae
706 2307 851 2342 episcopus
865 2314 910 2334 or-
925 2302 947 2329 Ῐ)
962 2312 1006 2334 tur
1020 2307 1064 2335 hic
1082 2307 1197 2336 Dallaeus
1216 2316 1278 2336 cum
1302 2309 1389 2337 turbis
1404 2315 1430 2337 et
1444 2311 1607 2338 tumultibus
1623 2320 1696 2347 quos
1707 2321 1752 2340 ex-

87 2356 92 2362 ‘
123 2357 246 2388 dinatus,
271 2355 357 2382 totius
380 2354 452 2382 Asiae
477 2354 604 2388 princeps
630 2353 692 2380 fuit.
714 2362 723 2379 ι
745 2352 798 2380 Et:
815 2362 824 2378 ι
838 2351 907 2380 Cum

124 2402 244 2437 lgnatius
258 2400 404 2436 Smyrnam
416 2400 537 2426 venisset
552 2399 597 2426 ubi
608 2399 786 2434 Polycarpus,
799 2399 909 2426 auditor

121 2447 248 2479 Joannis,
259 2447 405 2482 episcopus
415 2445 476 2473 fuit.
493 2454 502 2470 ›
512 2444 612 2472 Omnes
627 2445 709 2479 igitur
729 2445 767 2472 illi
780 2445 826 2479 qui
839 2452 908 2471 con-

124 2495 184 2522 fusa
199 2492 320 2528 episcopi
343 2496 371 2519 et
386 2491 538 2526 presbyteri
563 2490 674 2516 nomina
697 2490 725 2516 in
750 2490 908 2525 apostolicis

122 2539 233 2574 scriptis
246 2538 427 2569 tradiderunt,
445 2536 528 2564 simul
544 2536 627 2563 etiam
645 2535 798 2563 docuerunt
813 2537 853 2564 vel
873 2538 908 2564 ab

122 2585 241 2621 origine,
269 2585 312 2612 vel
337 2583 492 2611 viventibus
509 2583 600 2609 adhuc
615 2581 696 2609 Petro
707 2587 734 2610 et
753 2583 851 2616 Paulo,
865 2584 908 2610 vel

123 2636 187 2659 ante
211 2630 324 2659 secundi
347 2629 441 2658 szeculi
462 2629 581 2661 initium,
602 2630 748 2665 superstite
768 2630 858 2657 adhuc
876 2629 905 2657 S.

126 2676 309 2709 loanne,’tres
325 2675 411 2702 fuisse
432 2675 544 2702 ordines
565 2683 673 2708 sacros,
696 2683 742 2703 seu
763 2676 864 2711 gradus
880 2676 908 2703 in

123 2722 256 2750 Ecclesia.
270 2721 349 2755 Quod
367 2720 391 2748 si
406 2721 457 2748 hoc
468 2721 502 2748 ab
515 2721 548 2748 iis
561 2721 680 2756 positum
691 2726 743 2755 est,
763 2729 844 2748 nemo
859 2721 909 2748 du-

123 2769 220 2797 bitabit
233 2768 304 2795 idem
320 2775 335 2794 a
351 2767 464 2801 reliquis
479 2768 600 2802 agnitum
617 2768 712 2800 fuisse,
723 2767 769 2802 qui
785 2768 866 2794 toties
880 2768 907 2794 in

123 2816 154 2843 S.
178 2815 319 2849 Scriptura
345 2814 535 2849 episcoporum
565 2815 732 2842 mentionem
753 2813 812 2841 fieri
833 2814 909 2841 vide-

124 2867 198 2892 runt,
217 2868 268 2887 nec
282 2867 404 2893 unquam
423 2861 457 2887 de
468 2860 630 2888 confusione
645 2860 788 2887 nominum
803 2860 908 2894 cogita-

123 2910 199 2936 bant.
209 2905 300 2938 Quarc
313 2905 392 2932 Walo
401 2905 570 2937 Messalinus,
580 2906 626 2940 qui
635 2913 730 2933 eorum
745 2906 908 2933 sententiam

124 2954 236 2982 secutus
241 2954 293 2984 est,
300 2957 365 2977 suos
373 2958 512 2987 nunquam
520 2958 632 2986 negasse
640 2951 691 2978 aitc
704 2950 815 2984 antiqua
821 2950 904 2978 etiam

959 2352 1048 2380 citare
1062 2358 1188 2380 conatur.
1216 2352 1381 2389 Magnopere
1397 2354 1567 2382 commoveri
1585 2363 1618 2382 ac
1637 2361 1751 2383 contur-

959 2399 1018 2426 bari
1028 2407 1123 2426 omnes
1130 2399 1258 2427 debuisse
1271 2405 1357 2435 putat,
1368 2401 1414 2436 qui
1427 2401 1573 2429 dictantem
1587 2403 1749 2431 audierant:

962 2455 971 2471 ε
988 2445 1156 2480 Presbyteri,
1173 2445 1274 2472 subditi
1292 2451 1378 2474 estote
1389 2447 1542 2482 episcopo:
1558 2447 1660 2475 Fateor
1673 2449 1751 2484 equi-

958 2491 1031 2523 dem,
1047 2491 1070 2518 si
1086 2498 1176 2518 mores
1195 2491 1414 2520 Christianorum
1428 2493 1541 2521 secundi
1561 2494 1638 2522 illius
1657 2495 1749 2522 saeculi

959 2537 992 2564 ad
1007 2541 1166 2564 nostrorum
1184 2544 1307 2565 normam
1323 2539 1432 2574 exigere
1455 2540 1559 2571 liceret,
1575 2541 1750 2576 quampluri-

959 2590 1019 2610 mos
1031 2584 1113 2611 etiam
1126 2588 1182 2611 tum
1192 2586 1359 2612 commoveri
1369 2585 1501 2620 voluisse,
1515 2594 1578 2613 cum
1587 2588 1747 2622 quempiam

959 2629 1104 2657 dictantem
1117 2630 1261 2658 audirent:
1278 2640 1287 2657 ι
1299 2630 1463 2668 Presbyteri,
1476 2631 1577 2659 subditi
1593 2632 1748 2667 estoteepi-

960 2682 1053 2709 scopo.
1079 2685 1089 2701 ι
1106 2675 1179 2703 Nihil
1196 2677 1269 2704 enim
1298 2685 1360 2705 esse
1382 2678 1456 2712 quod
1482 2678 1610 2706 homines
1639 2679 1748 2715 aliquos

960 2721 1066 2756 (quales
1083 2722 1120 2748 illi
1133 2722 1189 2749 sint
1200 2730 1255 2750 non
1270 2722 1371 2759 dicam)
1384 2724 1472 2759 magis
1491 2729 1678 2757 commoveat,
1694 2725 1748 2752 imo

959 2767 993 2794 ad
1004 2775 1081 2796 arma
1093 2773 1120 2796 et
1133 2769 1248 2796 fratrum
1260 2769 1473 2797 internecionem
1489 2771 1589 2798 excitet
1604 2776 1633 2798 et
1652 2772 1748 2807 impel-

959 2813 1008 2846 lat,
1021 2821 1102 2848 quam
1115 2815 1181 2842 illud
1194 2815 1316 2847 elfatum,
1332 2810 1501 2850 experientia
1519 2816 1602 2844 nimis
1616 2822 1692 2845 certa
1708 2818 1750 2845 di-

959 2860 1087 2887 dicimus.
1106 2860 1229 2896 Cumque
1250 2862 1301 2889 ista
1313 2862 1445 2895 vidimus,
1461 2871 1514 2890 non
1535 2864 1678 2898 potuimus
1693 2872 1746 2892 non

960 2905 1004 2932 illa
1032 2905 1060 2933 S.
1091 2906 1221 2942 Cypriani
1250 2908 1277 2934 in
1293 2909 1452 2936 memoriam
1473 2917 1602 2937 revocare
1624 2918 1687 2945 qua:
1713 2911 1747 2937 ad

959 2952 1131 2987 presbyteros
1143 2957 1168 2981 et
1181 2953 1311 2982 diaconos
1331 2953 1429 2982 fratres
1456 2956 1536 2990 epist.
1562 2956 1597 2983 l0
1616 2957 1745 2991 scripsit:
