1850 3072
88 149 144 179 ‘53

497 154 521 182 ι.
543 154 727 183 PEARSONII
749 155 887 183 "INDICII

969 155 1142 184 NATIANE.
1168 172 1195 178 ν
1216 156 1304 184 PARS
1321 155 1354 183 ll.

1671 157 1723 184 4M

97 219 107 236 ι
132 210 211 244 Quod
227 212 306 240 enim
323 220 381 241 non
397 214 548 249 periculum
562 219 685 243 metuere
698 216 830 244 debemus
854 216 887 244 de

969 217 1069 250 cretici,
1080 217 1111 244 τὸ
1124 217 1212 252 λέγειν
1225 216 1306 244 αὑτὸν
1321 216 1469 243 ἐπίσκοπον
1480 215 1527 243 καὶ
1540 216 1722 253 πρεσϐύτερον

95 256 196 295 offensa
221 257 353 291 Domini,
369 260 478 295 quando
496 260 580 295 aliqui
594 261 627 289 de
647 262 826 298 presbyteris,
840 270 890 289 nec

95 302 233 341 Evangelii
267 314 319 333 nec
347 306 399 334 loci
421 306 463 334 sui
491 314 637 340 memores,
662 308 709 335 sed
732 315 821 343 neque
847 307 889 335 fu-

98 355 185 378 turum
206 351 318 379 Domini
331 352 477 386 judicium,
494 361 582 388 neque
598 361 672 380 nunc
687 353 740 381 sibi
758 354 888 389 praeposi-

98 402 151 424 tum
167 398 335 433 episcopum
353 399 513 435 cogitantes,
527 399 600 434 quod
618 408 757 435 nunquam
776 401 888 429 omnino

96 443 146 470 sub
171 445 398 472 antecessoribus
425 444 526 473 factum
556 450 607 479 est,
637 451 723 474 totum
752 447 804 475 sibi
830 448 888 475 vin-

94 489 209 517 dicent?
220 499 229 515 ι

129 536 244 565 Scimus
261 542 352 565 autem
373 542 400 565 et
414 537 524 565 eosdem
544 545 597 566 non
614 539 705 566 minus
720 540 887 568 commoveri

96 591 156 611 cum
171 585 292 612 audiunt
307 585 373 612 illud
389 585 417 613 S.
434 584 510 612 Pauli
524 594 530 610 :
551 586 643 613 Omnis
664 587 754 613 anima
768 592 887 621 potesla-

98 630 168 656 tibus
189 630 393 657 sublimioribus
406 631 512 658 subdita
526 632 561 658 sit
573 631 606 663 ⁸³,
623 636 671 658 aut
685 631 751 659 illud
766 632 793 659 S.
803 632 884 660 Petri:

98 673 204 702 Subditi
231 681 315 703 estote
336 677 390 712 regi
417 676 493 711 quasi
510 676 670 711 prwcellenli
685 678 724 711 5°;
743 686 797 705 non
814 679 887 714 quod

97 721 224 755 ignorent
245 730 309 757 quae
324 726 471 756 potestates
489 723 678 758 sublimiores,
696 729 743 752 aut
763 725 824 760 quis
840 733 885 753 rex

97 767 146 800 sit,
171 767 221 794 sed
245 767 319 802 quod
343 775 404 802 qum
424 767 461 795 sit
481 769 613 803 subjectio
635 769 800 803 Christiana,
827 779 887 806 quae

97 813 254 840 obedientia
270 821 303 840 ex
320 813 458 848 Evangelii
480 814 585 850 legibus
605 815 708 850 debita,
734 818 821 845 nolint
843 818 885 845 in-

98 859 228 894 telligerc.
247 860 308 887 Alia
324 861 436 888 secundi
455 861 548 889 saaeuli
559 861 781 892 Christianorum
797 872 884 898 mens,

939 260 998 290 ἴσον
1013 261 1092 295 εἶναι,
1107 268 1134 291 et
1153 271 1159 290 :
1177 263 1209 289 Τί
1225 263 1298 290 ἐστιν
1316 263 1466 296 ἐπίσκοπος
1483 263 1551 298 πρὸς
1569 263 1722 299 πρεσϐύτε-

940 318 1003 346 ρονς
1021 309 1096 337 οὐδὲν
1112 309 1263 336 διαλλάττει
1279 306 1356 341 οὗτος
1372 309 1476 336 τούτου.
1498 308 1562 337 Haec
1584 314 1648 337 sunt
1669 309 1723 336 Ae-

938 357 1022 385 rianaa
1036 357 1170 385 haereseos
1193 357 1284 389 eﬂata.
1306 360 1368 383 ante
1388 361 1517 391 quartum
1541 356 1672 384 seculum
1695 355 1721 382 in

939 402 1060 430 Ecclesia
1074 402 1204 430 inaudita.
1222 401 1281 429 Non
1299 401 1377 428 aliter
1390 408 1442 428 nos
1455 401 1482 428 in
1495 401 1546 428 hac
1559 408 1589 428 re
1603 400 1722 427 instituti

939 455 1045 480 sumus,
1059 455 1112 474 non
1131 447 1186 475 alio
1200 447 1297 474 horum
1307 446 1502 474 vocabulorum
1515 453 1597 473 sensu
1612 445 1721 478 imbuti,

937 502 1019 530 quam
1035 493 1145 521 fuerunt
1165 492 1277 521 secundi
1294 492 1386 520 saeculi
1405 491 1508 519 fideles.
1523 490 1626 518 Eorum
1640 495 1722 518 aetate

938 547 1022 567 unum
1035 539 1111 566 illum
1123 538 1171 574 qui
1186 538 1214 565 in
1229 537 1362 572 cujusque
1376 536 1498 564 ecclesiae
1509 536 1582 563 clero
1596 543 1721 563 summus

937 590 1012 617 erat.
1033 586 1207 620 episcopum;
1226 588 1338 611 exteros
1359 582 1474 618 proximi
1497 582 1532 609 ah
1550 582 1604 610 hoc
1619 582 1720 617 gradus

937 630 1111 665 presbyteros
1140 636 1194 656 non
1218 628 1362 663 episcopos
1386 628 1475 655 dictos
1502 635 1563 655 esse
1582 627 1719 659 novimus,

936 681 963 704 et
975 677 1031 712 jam
1047 680 1109 703 ante
1124 675 1351 708 monstravimus;
1367 674 1433 702 satis
1446 674 1528 709 igitur
1543 674 1610 700 bene
1624 681 1718 700 eorum

939 727 1090 758 temporum
1123 722 1215 749 fideles
1243 725 1270 748 et
1295 719 1448 756 presbyteri
1481 720 1533 747 hoc
1555 724 1718 754 praeceptum

938 770 967 798 S.
979 769 1074 805 lgnatii
1090 768 1284 803 intelligebant,
1304 775 1355 794 nec
1372 767 1405 794 ad
1424 766 1571 795 cavendam
1587 765 1720 793 offensio-

937 823 998 843 nem
1017 815 1150 843 monitore
1171 814 1337 848 indigebant.
1361 811 1495 845 Quoniam
1509 818 1573 838 vero
1588 819 1642 839 non
1658 815 1720 838 tan-

938 867 995 890 tum
1014 861 1088 888 illius
1102 861 1189 888 aetatis
1207 868 1297 892 nsum,
1316 859 1363 887 sed
1379 863 1406 886 et
1416 858 1603 893 apostolorum
1629 857 1719 884 imita-

97 904 164 932 alius
180 906 297 932 animus
311 904 377 938 fuit;
395 906 427 932 ad
443 906 641 941 subiectionem
661 913 688 936 et
704 909 885 937 obedientiam
901 898 924 928 Β
940 907 1040 935 tionem
1060 907 1087 933 in
1102 905 1263 933 confusione
1280 905 1420 937 nominum
1443 909 1529 939 urget,
1546 904 1719 938 scriptorem-

97 951 281 986 przstandam
309 952 476 986 paratissimi
501 952 629 986 fuerunt,
654 955 754 990 quibus
779 963 810 982 ea
837 956 887 983 tri-

98 997 204 1024 luenda
228 1002 301 1025 esset
326 1006 380 1024 non
406 998 580 1033 ignorabant.
607 999 703 1028 Mirum
725 1001 808 1036 igitur
833 1002 886 1031 illis

95 1044 250 1071 orationem
267 1044 411 1071 substituit
427 1044 553 1079 Dallams,
575 1054 677 1082 eosque
694 1055 741 1082 per
755 1056 887 1084 prosopo-

98 1092 186 1126 peiam
212 1090 254 1119 sic
273 1091 530 1119 submurmurantes
563 1098 740 1127 repraesentat
758 1103 765 1121 :
788 1104 796 1120 ι
812 1095 886 1129 Quos

96 1145 158 1165 vero
171 1138 225 1165 iste
243 1137 322 1165 nobis
338 1137 480 1173 (dicerent)
494 1147 502 1164 ι
532 1139 716 1174 presbyteros.
736 1150 746 1166 ι
761 1146 788 1169 et
804 1149 884 1176 quem

96 1187 210 1210 narratu
237 1182 420 1217 episcopum?
437 1181 500 1210 Haec
527 1188 619 1211 autem
644 1188 673 1211 ut
697 1185 734 1212 illi
755 1186 884 1218 dicerent.

95 1229 140 1263 qui
164 1228 292 1263 quotidie
313 1236 376 1255 cum
397 1229 565 1265 presbyteris
588 1234 616 1258 et
635 1231 764 1267 episcopo
787 1240 837 1259 suo
857 1232 884 1259 in

95 1282 180 1301 unum
201 1274 425 1302 conveniebant?
443 1275 490 1310 qui
508 1276 610 1311 optime
631 1283 733 1305 norunt
745 1279 884 1314 presbyte-

94 1327 138 1346 ros
151 1327 219 1347 suos
235 1327 268 1347 eo
284 1320 395 1348 nomine
413 1320 519 1348 censeri
534 1325 598 1349 tunc
613 1321 723 1355 solitos,
750 1330 765 1350 a
778 1323 886 1350 nemine

92 1369 185 1393 autem
202 1366 349 1401 episcopos
370 1367 443 1394 dici?
460 1366 522 1395 Haec
539 1372 568 1394 ut
587 1367 884 1404 dicerentpresbyteri,

93 1410 140 1445 qui
166 1410 262 1438 locum
286 1419 368 1438 suum
392 1412 453 1446 :non
478 1411 656 1447 ignorabant,
679 1417 706 1440 et
729 1422 813 1441 unum
831 1414 885 1441 sibi

93 1457 273 1491 praepositum
291 1457 475 1492 agnoscebant
493 1466 573 1494 quem
592 1463 619 1486 et
630 1459 787 1495 episcopum
803 1467 885 1487 voca-

93 1503 170 1535 bant,
192 1503 247 1530 sibi
265 1503 330 1530 illud
350 1511 450 1531 nomen
468 1504 580 1532 minime
598 1505 786 1534 vindicantes?
804 1506 885 1534 Blon-

91 1549 182 1577 dellus
210 1549 270 1584 ipse
294 1549 393 1577 fatetur
421 1549 507 1578 fuisse
538 1555 602 1578 tunc
630 1552 759 1587 temporis
788 1560 921 1601 unum,c

89 1603 174 1631 quem
194 1596 223 1623 in
245 1605 255 1622 ε
268 1604 434 1632 unoquoque
446 1604 517 1627 cmtu
532 1600 665 1634 primatus
677 1599 859 1634 contingebat,
872 1609 880 1625 ι

89 1642 138 1670 cui
161 1651 171 1668 ε
190 1642 289 1677 prima:
304 1637 440 1671 cathedrae
454 1645 669 1680 praesidialisque
683 1645 825 1680 potestatis
839 1645 884 1679 jus

89 1692 265 1715 reservatum
284 1693 336 1721 est,
353 1698 362 1714 ι
379 1690 426 1725 qui
449 1690 577 1726 «collegii
592 1690 710 1726 primum
732 1690 884 1717 membrum

88 1739 118 1762 et
133 1734 314 1762 honorarium
331 1741 422 1771 caput,
434 1745 443 1761 ι
461 1736 508 1772 qui
527 1745 536 1762 ι
547 1735 708 1772 presbyterii
724 1735 884 1770 praepositus

88 1786 119 1809 ct
136 1781 267 1817 ἔξαρχος,
286 1785 313 1808 et
329 1782 395 1809 cleri
411 1781 495 1810 totius
507 1788 590 1817 caput
603 1792 612 1808 I
633 1782 695 1815 fuit,
709 1782 755 1817 qui
777 1791 786 1808 t
803 1789 819 1809 a
832 1781 884 1809 Do-

90 1829 169 1855 mino
185 1829 248 1864 ipso
261 1828 289 1855 in
300 1828 427 1856 Asiaticis
439 1829 566 1856 Ecclesiis
581 1838 590 1855 ι
602 1829 714 1864 angelus
722 1829 812 1856 dictus
825 1833 883 1862 est;

89 1880 128 1900 an
141 1873 217 1900 hunc
231 1873 400 1908 presbyteri,
419 1874 466 1908 qui
481 1873 533 1901 sub
550 1873 597 1901 illo
616 1878 745 1908 tanquam
771 1873 823 1901 sub
838 1881 884 1900 ea-

89 1919 146 1954 pite
166 1918 316 1951 vivebant,
345 1925 541 1953 recognoscere
564 1926 620 1946 non
639 1923 797 1954 potuerunt.
820 1927 883 1947 cum

88 1974 153 1994 eum
171 1965 333 2000 episcopum
349 1965 512 2000 appellatum
526 1964 662 1992 audirent.
677 1964 755 1992 Certe
769 1965 884 1993 Ambro-

89 2012 204 2043 siaster,
220 2011 302 2045 cujus
320 2011 477 2038 testimonio
497 2011 623 2038 innititur
635 2010 765 2038 Blondelli
780 2015 808 2038 et
823 2011 884 2038 Sai-

90 2057 175 2085 masii
192 2056 226 2084 de
241 2056 332 2091 primo
350 2056 508 2092 presbytero
519 2057 677 2091 sententia,
693 2057 804 2084 nomina
826 2057 883 2092 epi-

90 2103 170 2138 scopi
191 2106 219 2129 et
238 2101 389 2137 presbyteri
410 2101 498 2129 divisa
519 2106 546 2129 et
560 2102 689 2130 distincta
711 2101 798 2130 fuisse
820 2107 883 2130 ante

89 2156 198 2176 annum
219 2147 332 2182 Trajani
351 2147 487 2175 decimum
509 2153 627 2176 testatur
650 2157 656 2174 :
685 2158 694 2174 ι
714 2148 804 2176 Beatis
819 2156 883 2176 vero

91 2193 230 2229 apostolis
251 2193 461 2226 decedentibus,
485 2193 523 2221 illi
537 2193 585 2228 qui
603 2198 665 2228 post
680 2194 742 2221 illos
764 2193 881 2221 ordinati

937 961 990 988 que
1004 952 1182 988 epistularum
1214 960 1223 977 ι
1238 950 1339 978 diversi
1366 950 1399 977 ab
1428 950 1559 985 apostolis
1584 949 1720 978 sermonis

936 999 1087 1029 hominem,
1103 1007 1112 1023 ι
1137 998 1193 1025 imo
1211 1007 1220 1023 ε
1232 997 1372 1032 apostolici
1386 996 1522 1024 sermonis
1537 1001 1718 1024 correctorem

936 1048 963 1072 et
974 1044 1176 1073 emendatorem
1189 1053 1198 1069 ι
1216 1043 1342 1078 appellat,
1367 1042 1482 1077 ideoque
1501 1049 1564 1069 eum
1587 1042 1718 1070 charissi-

936 1099 1009 1118 mum
1030 1095 1112 1125 atque
1137 1089 1410 1118 observantissimum
1435 1088 1622 1123 apostolorum
1636 1088 1719 1116 disci-

935 1139 1029 1174 pulum
1051 1138 1186 1174 lgnatium
1210 1144 1271 1165 esse
1299 1140 1395 1171 negat;
1416 1143 1505 1170 operae
1527 1135 1644 1169 pretium
1676 1142 1720 1162 me

935 1185 1071 1213 facturum
1096 1184 1201 1220 putavi,
1225 1182 1248 1211 si
1268 1182 1439 1210 ostenderem
1465 1189 1547 1216 porro
1571 1182 1629 1209 haec
1650 1181 1718 1209 nihil

936 1231 1064 1268 ponderis
1075 1234 1236 1266 argumento
1251 1229 1360 1260 addere,
1376 1236 1466 1264 neque
1481 1235 1658 1263 quemquam.
1670 1229 1717 1263 qui

936 1277 1048 1305 secundi
1064 1277 1155 1304 saeculi
1170 1280 1197 1303 et
1212 1283 1302 1303 mores
1320 1279 1348 1302 et
1359 1275 1488 1310 loquendi
1508 1273 1619 1302 modum
1635 1281 1719 1301 nove-

935 1323 981 1356 rit,
995 1322 1036 1350 vel
1051 1322 1143 1349 leviter
1156 1328 1263 1348 movere
1277 1327 1366 1356 posse.

969 1367 1176 1396 Observandum
1202 1367 1275 1394 enim
1296 1371 1338 1394 est
1359 1365 1448 1400 primo
1476 1365 1582 1393 nullum
1606 1365 1718 1393 secundi

934 1415 976 1442 vel
995 1414 1076 1442 etiam
1091 1414 1163 1441 tertii
1179 1413 1272 1441 szeculi
1298 1413 1460 1447 scriptorem
1479 1412 1506 1439 in
1527 1411 1636 1446 scriptis
1651 1418 1718 1445 apo-

935 1460 1038 1489 stolicis
1053 1459 1168 1488 cnnfusa
1184 1467 1245 1487 esse
1260 1460 1369 1486 nomina
1391 1458 1512 1493 episcopi
1526 1461 1553 1484 et
1568 1457 1717 1492 presbyteri

935 1507 1106 1535 observasse.
1123 1506 1200 1540 Quod
1220 1506 1243 1533 si
1258 1513 1352 1532 verum
1372 1506 1417 1536 sit.
1437 1504 1515 1532 fateri
1534 1511 1645 1532 necesse
1664 1508 1717 1536 est,

935 1561 983 1582 eos
997 1553 1177 1589 apostolicum
1195 1559 1349 1580 sermonem
1370 1551 1471 1578 imitari
1483 1558 1538 1578 non
1553 1550 1675 1585 potuisse
1688 1550 1717 1577 in

935 1607 967 1628 ea
981 1607 1021 1632 re.
1036 1606 1118 1634 quam
1134 1599 1185 1634 ipsi
1207 1605 1261 1626 non
1276 1597 1413 1625 viderunt.
1433 1595 1531 1624 Verum
1552 1602 1642 1623 autem
1657 1603 1718 1623 esse

935 1650 965 1673 ut
976 1645 1097 1677 credam,
1111 1645 1195 1672 multa
1208 1644 1383 1680 persuadent.
1402 1642 1491 1677 Atque
1504 1641 1571 1669 illud
1584 1641 1718 1676 imprimis

935 1692 1081 1720 observato
1106 1690 1229 1726 dignum,
1255 1690 1325 1717 inter
1347 1689 1458 1717 Graecos
1482 1687 1576 1715 Patres
1599 1688 1718 1722 primum

936 1737 964 1765 S.
980 1737 1220 1773 Chrysostomum,
1248 1736 1320 1763 inter
1347 1735 1458 1762 Latinos
1484 1739 1529 1761 aut
1557 1733 1717 1761 Ambrosia-

934 1787 1033 1816 strum,
1049 1786 1096 1810 aut
1108 1781 1301 1817 Hieronymum
1314 1781 1416 1808 diserte
1434 1779 1588 1812 tradidisse,
1602 1778 1717 1807 confusa

934 1835 995 1856 esse
1009 1828 1119 1855 nomina
1133 1827 1252 1862 episcopi
1271 1831 1298 1853 et
1311 1826 1463 1862 presbyteri
1485 1825 1512 1852 in
1527 1825 1636 1859 scriptis
1651 1832 1719 1860 apo—

934 1875 1050 1902 stolicis.
1064 1873 1157 1909 Neque
1166 1874 1239 1901 enim
1255 1879 1421 1908 quemquam
1437 1879 1490 1899 nos
1501 1871 1616 1903 scimus,
1628 1878 1718 1906 neque

933 1921 986 1948 viri
997 1921 1068 1949 docti
1081 1920 1128 1956 qui
1142 1928 1158 1947 a
1170 1920 1248 1947 nobis
1261 1919 1436 1951 dissentiunt,
1449 1917 1541 1945 adhuc
1551 1924 1717 1952 quemquam

934 1967 1121 2000 nominarunt,
1135 1966 1182 2001 qui
1201 1965 1272 1993 idem
1287 1969 1350 1992 ante
1371 1971 1419 1992 eos
1432 1963 1616 1991 allirmaverit.
1638 1963 1673 1990 At
1689 1963 1717 1990 hi

933 2017 1062 2048 vergente
1081 2012 1137 2047 jam
1158 2011 1192 2039 ad
1215 2012 1295 2038 tinem
1320 2014 1421 2046 quarto
1445 2009 1545 2038 seculo
1567 2009 1715 2044 scripsere;

933 2063 961 2086 et
985 2062 1049 2086 ante
1074 2065 1122 2086 eos
1153 2057 1264 2092 scripsit
1289 2056 1479 2091 Epiphanius,
1503 2056 1550 2091 qui
1578 2055 1717 2084 contraria

933 2105 1026 2132 omnia
1041 2104 1145 2132 docuit.
1167 2103 1236 2131 Cum
1258 2102 1330 2130 enim
1346 2103 1445 2130 Aerius
1459 2110 1492 2129 ex
1508 2109 1634 2130 sermone
1649 2109 1716 2137 apo-

933 2151 1030 2178 stolico
1052 2150 1207 2183 docuisset,
1231 2146 1300 2176 εἴναι
1326 2148 1371 2175 τὸν
1394 2147 1475 2174 αὑτὸν
1496 2147 1654 2179 ἐπίσκοπον,
1671 2146 1716 2173 τὸν

932 2195 1011 2222 αὐτὸν
1028 2194 1222 2231 πρεσϐύτερον,
1239 2194 1292 2221 hoc
1304 2201 1337 2220 ex
1352 2193 1472 2220 haeretici
1486 2192 1638 2229 ignorantia
1652 2199 1717 2227 proo

91 2245 158 2268 sunt
181 2243 211 2267 ut
232 2244 382 2274 praaessent
400 2238 540 2273 Ecelesiis,
559 2240 613 2268 illis
628 2240 723 2275 primis
745 2240 880 2275 exaequari
896 2240 919 2267 D
933 2241 1034 2268 fectum
1058 2240 1167 2273 asserit,
1188 2241 1235 2275 qui
1253 2247 1307 2267 non
1328 2239 1521 2267 observaverat
1541 2246 1574 2266 ex
1595 2238 1717 2273 antiquis

92 2294 147 2313 non
177 2289 320 2320 poterant,
351 2293 440 2320 neque
465 2286 660 2313 miraculorum
695 2286 880 2313 testimonium

91 2331 208 2364 habere,
220 2331 267 2359 sed
287 2332 314 2358 in
332 2331 426 2358 multis
438 2331 499 2358 aliis
512 2331 656 2359 inferiores
665 2331 720 2359 illis
733 2338 793 2358 esse
806 2331 882 2358 vide-

92 2377 196 2404 bantur
220 2386 226 2403 :
252 2384 336 2411 grave
365 2377 590 2404 existimaverunt
618 2377 805 2411 apostolorum
829 2377 881 2404 sibi

92 2422 236 2450 vindicare
255 2417 498 2457 nuncupationem.
523 2422 680 2450 Diviserunt
692 2430 757 2457 ergo
770 2423 881 2450 nomina

94 2469 164 2504 ipsa,
178 2473 206 2496 et
221 2468 286 2501 illis,
301 2468 327 2495 id
343 2473 385 2495 est
399 2468 566 2504 presbyteris
580 2475 678 2496 nomen
695 2468 880 2503 reliquerunt:

95 2512 139 2540 alii
162 2519 228 2539 vero
248 2512 369 2547 episcopi
387 2516 451 2540 sunt
471 2513 631 2547 nuncupati,
655 2512 738 2548 hique
759 2517 786 2541 et
805 2513 880 2541 crdis-

96 2558 218 2586 nationis
235 2558 340 2593 pnediti
360 2562 503 2593 potestate,
524 2558 560 2586 ita
579 2564 608 2586 ut
622 2558 779 2594 plenissime
799 2559 880 2587 iidem

96 2608 303 2638 cognoscerent.
326 2603 409 2639 Atqui
425 2611 451 2632 et
468 2605 614 2640 episcopus
632 2605 772 2641 presbyter
786 2610 838 2639 est,
853 2610 881 2633 et

95 2650 237 2686 presbyter
254 2651 410 2686 episcopus.
426 2652 468 2678 An
487 2659 572 2678 unum
592 2652 773 2687 eamdemque
791 2653 881 2680 homi-

96 2703 155 2724 nem
170 2697 216 2724 hic
235 2697 287 2725 sibi
302 2701 330 2724 et
345 2697 444 2733 subjici
461 2701 487 2725 et
499 2705 615 2733 praeesse
634 2699 711 2726 vult?
723 2709 732 2725 ι
767 2698 880 2732 Qualem

98 2743 244 2770 orationem
271 2743 474 2778 primitivorum
502 2743 617 2786 fratrum
640 2749 688 2772 aut
708 2745 880 2781 presbytero-

98 2794 154 2815 rum
168 2789 281 2816 nomine
296 2789 399 2824 promit
410 2789 455 2817 hic
470 2797 567 2817 eorum
580 2789 731 2818 Tertullus!
749 2789 809 2818 Non
824 2791 880 2818 haec

98 2841 187 2862 eorum
217 2840 374 2871 temporum
397 2841 444 2863 aut
463 2835 606 2864 hominum
634 2840 718 2871 sunt,
742 2837 788 2866 sed
807 2836 879 2864 Acrii

132 2891 152 2908 δ’
169 2892 250 2922 Rom.
269 2901 331 2928 xlii,
348 2892 373 2920 ι.
411 2892 434 2909 ⁸⁸
452 2892 545 2921 lPetr.
564 2901 595 2928 ιι,
611 2893 654 2922 l3.

933 2286 1072 2319 historiis,
1097 2286 1124 2313 in
1145 2285 1281 2320 aliquibus
1305 2284 1428 2312 ecclesiis
1450 2284 1484 2311 ab
1504 2283 1609 2318 origine
1631 2283 1716 2310 fuisse

932 2333 1118 2368 presbyteros,
1145 2332 1266 2359 nondum
1283 2331 1440 2359 constitutis
1455 2329 1600 2364 episcopis,
1626 2329 1653 2355 in
1669 2329 1716 2355 ali-

932 2380 1032 2414 quibus
1044 2378 1196 2413 episcopos,
1209 2378 1329 2405 nondum
1345 2377 1445 2404 additis
1459 2374 1624 2410 presbyteris
1638 2384 1645 2402 :
1661 2381 1714 2407 qua
1744 2378 1754 2387 ·

932 2425 1012 2452 unica
1028 2424 1217 2452 observatione
1232 2423 1290 2450 tolli
1312 2422 1417 2457 putavit
1435 2421 1620 2456 promiscuam
1641 2420 1714 2447 illaut

932 2472 1073 2500 nominum
1088 2471 1303 2505 usurpationem.
1317 2468 1380 2496 Haec
1397 2473 1488 2496 autem
1503 2472 1597 2495 contra
1612 2467 1716 2494 hereti-

932 2525 994 2546 cum
1009 2516 1123 2552 protulit
1137 2515 1316 2550 Epiphanius,
1332 2519 1362 2541 ut
1376 2514 1404 2540 in
1420 2512 1589 2548 exponendis
1603 2515 1715 2547 aposto-

931 2563 965 2590 lis
979 2562 1050 2590 ftede
1063 2562 1218 2596 deceptum,
1233 2565 1261 2588 et
1277 2561 1454 2594 antiquorum
1472 2562 1713 2586 monumentorum

931 2609 1068 2644 ignarum.
1084 2606 1205 2634 Credidit
1225 2606 1318 2641 itaque
1330 2605 1500 2641 Epiphanius
1513 2607 1620 2631 veteres
1632 2603 1713 2632 Chri-

931 2655 1035 2682 stianos
1053 2653 1132 2681 aliter
1150 2653 1303 2687 apostolum
1324 2651 1500 2679 intellexisse.
1520 2650 1646 2678 Nondum
1663 2649 1713 2684 igiA

930 2704 975 2727 tu:
998 2699 1043 2727 illa
1063 2698 1212 2734 apostolica
1234 2697 1374 2725 nominum
1398 2696 1524 2724 confusio
1546 2696 1573 2723 in
1592 2694 1712 2722 Ecclesia

931 2746 1022 2782 agnita
1036 2750 1089 2778 est,
1106 2749 1175 2773 teste
1189 2743 1352 2779 Epiphanio.
1374 2742 1467 2778 Neque
1480 2749 1545 2770 vero
1565 2742 1639 2770 illius
1651 2748 1713 2769 sen-

930 2792 1021 2821 tentia
1042 2792 1097 2819 ulla
1121 2790 1234 2826 vestigia
1259 2794 1366 2818 exstare
1389 2793 1455 2825 puto
1479 2789 1551 2824 apud
1566 2787 1713 2823 scriptores

930 2838 1130 2867 ecclesiasticos
1144 2837 1296 2873 Epiphanio
1311 2836 1451 2872 aliquanto
1461 2834 1640 2870 antiquiores.
1655 2833 1719 2861 lno
