1850 3072
165 179 220 209 ιω

693 181 724 209 S.
744 178 917 209 lGNATIUS.
936 193 972 199 —
990 179 1258 208 PROLEGOMENA.

1737 181 1791 209 L20

166 243 240 267 teros
267 244 341 267 caste
366 243 392 267 et
415 244 546 275 perpetuo
567 240 745 274 observasse,
762 248 815 268 non
839 243 882 268 est
903 247 954 266 cur
967 242 991 270 Α
1005 239 1190 267 necessarium
1211 240 1354 267 videbatur
1373 240 1508 276 praecipue
1527 239 1693 273 inculcabat,
1709 245 1739 268 ut
1754 240 1792 268 ab

165 286 289 321 probem,
314 293 376 313 cum
399 285 516 314 Dalla‘us
532 287 584 314 hoc
606 287 686 314 nobis
701 286 881 314 libentissime
895 286 950 312 lar-

166 331 265 366 giatur.
281 340 292 356 ‹
310 330 342 358 Hi
368 339 505 365 canones,
521 332 620 367 inquit,
636 332 664 359 in
679 333 747 359 duos
768 332 890 359 diversos
902 338 950 358 or-

164 377 242 404 dines
258 377 450 412 episcoporum
467 382 494 405 et
519 378 740 413 presbyterorum
761 382 892 412 perpetuo
907 377 952 404 di-

163 423 270 456 vidunt,
285 423 433 457 plurimum
459 423 531 450 inter
554 431 583 451 se
607 428 635 451 et
657 424 778 457 nomine,
794 427 822 451 et
834 423 906 458 jure,
922 427 950 450 et

164 472 253 501 statu,
269 473 295 495 et
313 469 474 496 auctoritate
489 469 655 501 differentes,
675 478 685 494 ο
704 468 740 495 De
763 469 949 504 pseudepigra-

163 516 220 550 phis
237 519 323 550 apost.
338 516 385 542 lib.
404 524 446 549 ll],
462 523 522 550 cap.
540 515 584 542 18.
602 515 640 542 Ex
657 515 700 542 his
715 519 806 542 autem
820 515 949 542 omnibus

162 563 269 590 abunde
291 563 426 597 patefacta
453 566 496 590 cst
526 562 620 596 prima:
649 561 809 590 assertiouis
835 562 947 594 veritas,

161 608 229 636 alios
243 608 460 643 quamplurimos
475 608 586 635 secundi
604 607 696 634 saeculi
714 607 861 642 scriptores
876 607 948 635 idem

161 652 308 680 discrimen
327 652 398 680 inter
410 652 543 679 vocabula
567 652 740 687 episcopatus
764 655 791 678 et
807 652 948 687 presbyte—

159 703 236 726 ratus
261 699 440 731 observasse,
456 698 529 732 quod
553 697 682 725 observat
698 697 819 733 lgnatius
844 702 946 725 noster.

160 744 250 777 Quare
265 744 338 780 quod
358 744 391 771 ad
406 744 517 771 modum
536 743 665 778 loquendi
683 743 711 770 in
729 743 781 771 hac
792 751 822 771 re
840 744 946 775 attinet,

159 789 250 824 potuit
265 789 387 824 ejusdem
408 788 495 816 atatis
517 796 579 816 cum
597 789 639 816 his
654 788 782 816 omnibus
794 796 855 816 esse
870 788 948 824 lgna-

159 837 215 864 tius
227 835 396 871 epistolicus,
420 835 492 871 quod
515 843 567 863 nos
587 843 650 863 cum
665 834 800 863 Salmasio
813 840 840 863 et
851 835 948 863 Alber-

158 881 218 909 tino
235 881 378 908 sentimus.

195 925 320 953 Secunda
344 925 461 953 assertio
484 929 527 953 est
549 934 555 953 :
578 924 688 952 Nullum
715 924 827 953 secundi
854 923 961 952 saeculi.

159 971 322 1007 scriptorem
345 971 414 999 adeo
435 971 591 1006 promiscue
614 970 755 998 vocabulis
775 970 896 1005 episcopi
919 974 947 998 et

157 1018 307 1053 presbyteri
326 1025 406 1045 usum
419 1025 496 1049 esse,
514 1021 543 1045 ut
555 1017 673 1052 simplici
689 1017 847 1052 presbytero
862 1016 889 1043 in
906 1024 946 1044 se-

159 1064 250 1092 cundo
266 1064 410 1091 ministerii
426 1064 511 1098 gradu
527 1063 678 1092 constituto
691 1071 812 1098 unquam
826 1063 945 1098 episcopi

159 1118 259 1138 nomen
274 1110 414 1137 tribueret.
430 1109 488 1136 Hoc
500 1109 568 1136 adeo
582 1113 674 1144 aperte
687 1116 781 1136 verum
796 1113 848 1142 est,
862 1113 892 1136 ut
906 1108 945 1136 illi

157 1156 220 1192 ipsi,
236 1156 282 1191 qui
298 1155 454 1183 confusioni
476 1155 618 1182 nominum
643 1159 786 1190 tantopere
800 1154 944 1188 inhatrent,

156 1207 184 1231 et
196 1203 334 1238 apostolos
350 1201 375 1229 id
388 1201 484 1229 fecisse
497 1201 615 1228 maxime
626 1201 803 1234 contendunt,
815 1208 849 1228 ne
860 1208 944 1228 unum

156 1249 267 1284 quidem
285 1248 376 1275 locum
391 1256 425 1275 ex
439 1247 567 1275 omnibus
582 1247 656 1275 illius
669 1247 762 1275 saeculi
779 1254 943 1274 monumen-

156 1295 193 1323 tis
207 1295 297 1322 adhuc
317 1294 413 1322 afferre
433 1294 573 1328 potuerint
588 1301 643 1328 quo
659 1293 797 1328 quispiam
817 1293 866 1328 qui
881 1299 944 1328 pre-

157 1342 250 1377 sbyter
272 1345 379 1368 tantum
402 1345 486 1372 esset,
511 1347 561 1367 nec
580 1339 747 1375 presbyteris
764 1346 826 1366 cum
848 1343 944 1366 aucto-

157 1388 238 1415 ritate
253 1390 399 1422 praeesset,
414 1386 559 1421 episcopus
584 1385 729 1412 diceretur.
746 1384 832 1412 Miror
850 1384 944 1419 itaque

157 1432 287 1460 Dallzum
313 1433 366 1460 hoc
386 1431 492 1467 lgnatio
515 1431 657 1466 epistolico
681 1431 820 1466 objicere,
836 1435 865 1458 ut
879 1437 942 1457 eum

156 1486 190 1506 ex
213 1478 333 1506 secundo
348 1478 448 1506 saeculo
472 1478 572 1513 ejiciat,
598 1481 626 1505 et
641 1477 675 1505 ad
697 1477 778 1504 ﬁnem
803 1477 875 1504 tertii
895 1480 943 1504 aut

156 1527 247 1561 quarti
263 1526 369 1553 initium
392 1525 542 1559 deprimat;
557 1532 619 1552 cum
639 1531 736 1551 omnes
750 1523 875 1558 ejusdem
891 1530 943 1550 sae-

157 1572 210 1600 culi
229 1571 376 1606 scriptores
391 1571 511 1606 episcopi
524 1577 623 1597 nomen
637 1570 695 1605 pari
707 1577 769 1596 cum
783 1569 942 1597 discrimine

155 1623 184 1646 et
198 1618 351 1646 reverentia
367 1625 495 1652 supremo
509 1617 599 1644 ordini
619 1623 725 1651 semper
745 1615 877 1648 tribuant,
900 1623 943 1643 se-

155 1663 248 1691 cundo
272 1671 425 1698 nunquam.
451 1672 461 1688 ‹
488 1662 653 1697 Episcopum
679 1662 809 1696 apostoli,
837 1661 941 1696 inquit,

156 1709 294 1736 interdum
310 1709 405 1736 dicunt
426 1708 474 1743 qui
499 1707 613 1735 secundi
628 1707 733 1734 ordinis
755 1712 814 1740 est;
839 1707 942 1742 episto-

155 1755 244 1783 larum
259 1755 375 1789 scriptor
399 1761 538 1788 nunquam
555 1760 562 1779 :
578 1753 629 1780 hoc
645 1752 746 1788 ubique
759 1759 858 1780 nomen
874 1759 942 1780 con-

155 1799 324 1827 stantissime
349 1806 397 1833 pro
422 1798 522 1826 summi
555 1797 656 1833 gradus
682 1797 829 1832 praeposito
861 1805 942 1824 usur-

154 1852 234 1880 pans.
255 1854 265 1871 ι
280 1844 347 1878 Quae
372 1844 407 1872 de
433 1843 564 1878 apostolis
588 1842 664 1876 dicit,
692 1847 823 1877 quantum
846 1846 941 1869 contra

154 1899 221 1920 suos
237 1889 351 1923 faciunt,
368 1897 442 1917 nunc
465 1897 521 1917 non
546 1888 681 1921 discutio;
705 1895 767 1923 quae
787 1887 821 1916 de
839 1887 942 1923 lgnatio

153 1937 293 1972 loquitur,
318 1944 382 1964 eum
409 1943 464 1963 non
491 1935 578 1970 magis
605 1934 708 1962 feriunt
735 1941 817 1969 quam
846 1941 941 1961 omnes

154 1983 278 2019 ejusdem
301 1983 390 2010 aetatis
417 1982 564 2017 scriptores
586 1981 622 2009 ab
644 1981 704 2016 ipso
725 1981 806 2008 etiam
822 1979 941 2007 maxime

153 2029 294 2063 laudatos;
308 2029 355 2064 qui
370 2029 479 2065 quoties
497 2028 655 2063 episcopum
671 2027 824 2060 nominant,
839 2025 941 2061 ubique

153 2075 220 2104 illud
233 2083 332 2103 nomen
348 2083 398 2110 pro
409 2074 509 2103 summi
524 2074 624 2109 gradus
638 2072 784 2108 praeposito
795 2077 938 2107 usurpant.

155 2121 271 2150 Unicum
299 2121 382 2157 igitur
397 2120 501 2148 crimen
522 2119 618 2156 lgnatii
638 2119 726 2146 nostri
749 2122 844 2152 restat,
867 2117 940 2153 quod

152 2176 200 2197 eos
214 2168 262 2202 qui
277 2175 371 2196 revera
392 2166 513 2202 episcopi
534 2170 636 2199 essent,
660 2171 801 2199 nunquam
825 2163 939 2199 presby«

152 2219 226 2242 teros
250 2217 376 2246 vocaret,
400 2219 463 2240 cuin
487 2219 520 2239 eo
543 2211 654 2238 nomine
678 2210 741 2237 illos
764 2209 939 2244 indigitareut

151 2260 276 2295 ejusdem
288 2258 375 2287 atatis
392 2258 550 2293 scriptores,
567 2261 597 2284 ut
608 2257 645 2284 illi
659 2257 765 2288 volunt,
781 2262 893 2288 omnes;
908 2259 937 2282 ut
952 2264 974 2291 ι)

152 2314 204 2333 nos
218 2304 399 2337 ostendimus,
419 2303 558 2339 perpauci.
575 2302 628 2330 Sed
643 2306 670 2330 et
692 2302 737 2329 hic
751 2301 852 2336 optima
867 2299 936 2328 ratio

151 2353 227 2380 reddi
240 2356 338 2387 potest,
352 2358 437 2386 quare
450 2358 511 2378 cum
526 2350 560 2377 iis
579 2349 670 2384 potius
684 2348 840 2383 loqueretur
855 2346 935 2382 Igna-

151 2399 217 2431 tius,
230 2399 277 2433 qui
297 2397 445 2432 presbyteri
468 2404 567 2423 nomen
589 2403 646 2423 non
668 2394 759 2422 minus
783 2400 866 2428 quam
879 2397 937 2427 ept-

151 2445 226 2479 scopi
251 2444 378 2471 distincte
399 2449 426 2470 et
439 2442 550 2477 proprie
564 2440 743 2475 usurpabant,
765 2446 849 2474 quam
872 2445 934 2466 cum

151 2489 215 2521 illis,
231 2488 277 2523 qui
293 2495 391 2514 nomen
413 2486 563 2522 presbyteri
581 2485 729 2520 aliquando
743 2485 871 2520 episcopo
888 2483 936 2510 tri-

150 2534 285 2566 buebant;
299 2533 364 2568 quia
390 2533 428 2560 rei
444 2532 497 2567 ipsi
517 2539 599 2566 quam
623 2530 756 2558 tractabat
771 2529 936 2557 convenien-

151 2581 204 2608 tior
215 2580 302 2607 multo
314 2578 474 2606 iuitliorum
502 2576 627 2605 distincta
647 2583 729 2611 quam
745 2575 853 2603 illorum
870 2582 936 2602 con-

150 2625 212 2653 fusa
229 2625 308 2652 istius
321 2624 397 2651 vocis
411 2622 565 2657 usurpatio.
583 2621 763 2649 Confluebant
779 2620 812 2648 ad
829 2628 892 2648 eum
906 2620 935 2647 in

151 2672 248 2699 itinere
261 2671 295 2698 ab
307 2669 431 2698 ecclesiis
449 2668 521 2695 Asia:
537 2671 565 2694 ct
575 2666 706 2702 episcopi,
726 2671 754 2694 et
773 2665 934 2701 presbyteri,

149 2721 177 2744 et
198 2715 306 2743 diaconi
320 2714 475 2749 complures
493 2713 588 2740 ordine
606 2717 635 2740 et
656 2719 768 2740 munere
782 2716 809 2739 et
823 2711 935 2738 nomine

150 2767 177 2789 et
191 2762 321 2797 dignitate
338 2760 478 2792 distincti;
492 2759 524 2787 de
538 2766 651 2786 suarum
665 2758 846 2786 ecclesiarum
860 2760 934 2783 statu

149 2817 212 2837 eum
228 2809 372 2835 certiorem
387 2806 522 2834 faciebant
535 2816 541 2834 :
555 2807 589 2834 ad
604 2806 712 2833 illorum
731 2804 861 2833 ecclesias
876 2803 935 2838 epi-

150 2855 235 2882 stolas
251 2853 390 2886 exarabat,
404 2853 455 2880 sub
466 2853 592 2889 martyris
604 2851 780 2884 auctoritate,
791 2855 819 2878 et
831 2849 932 2877 summi

149 2901 179 2929 in
191 2898 269 2934 Syria
279 2898 408 2934 episcopi,
420 2898 522 2927 monita
534 2899 567 2927 iis
579 2897 670 2926 dabat.
682 2895 759 2929 Quod
774 2895 799 2924 ei
814 2893 932 2923 maxime

1001 284 1137 313 haereticis
1161 289 1188 313 et
1212 285 1395 313 scliismaticis
1420 291 1564 319 caverent,
1584 293 1619 314 ne
1643 285 1682 313 illi
1707 286 1791 314 latius

1000 330 1091 358 adhuc
1105 336 1254 366 serperent.
1269 331 1428 360 Remedium
1443 333 1507 360 huic
1519 333 1591 359 malo
1605 333 1725 360 maxime
1739 340 1790 367 op-

1000 381 1148 412 portunum
1161 378 1308 411 indicabat,
1316 383 1345 406 ut
1355 379 1428 406 clero
1438 387 1489 406 suo
1500 387 1596 406 omnes
1605 379 1789 411 adhaererent,

999 425 1222 453 et'Christianatn
1238 428 1372 453 unitatem
1394 426 1533 458 colerent;
1557 432 1707 460 omnesque
1721 426 1789 453 cleri

1000 471 1110 499 ordines
1121 471 1163 499 sui
1175 471 1228 499 loci
1242 471 1400 506 dignitatem
1415 472 1578 500 obtinerent.
1590 471 1693 499 Crebro
1703 471 1790 507 igitur

999 517 1108 545 ordines
1119 525 1213 545 sacros
1225 518 1366 553 distinguit
1379 523 1406 545 et
1415 522 1566 551 enumerat,
1577 522 1605 545 et
1614 517 1788 552 singulorum

999 563 1125 590 ordinum
1137 563 1284 590 nonnullos
1297 563 1354 598 jam
1368 571 1420 590 suo
1430 563 1519 590 ofﬁcio
1534 562 1678 598 fungentes
1693 562 1789 589 nomi-

999 613 1062 642 nat;
1074 611 1131 637 baac
1154 613 1245 637 autem
1265 615 1337 637 recte
1358 609 1416 637 ﬁeri
1440 617 1493 636 non
1508 613 1671 644 potuerunt,
1687 608 1743 636 nisi
1759 614 1789 635 et

998 655 1125 682 ordinum
1149 655 1259 682 nomina
1283 655 1409 682 distincte
1422 655 1586 682 enuntiaret.
1602 654 1694 690 Neque
1709 654 1787 682 enim

997 704 1053 728 tres
1067 700 1175 729 ordines
1190 701 1259 728 bene
1270 701 1446 736 distinguere,
1455 706 1502 728 aut
1515 701 1614 736 cuique
1627 708 1676 728 sua
1690 700 1787 728 ofﬁcia

997 750 1025 773 et
1045 746 1192 782 dignitates
1214 752 1288 774 recte
1310 747 1452 781 aSsignare
1475 754 1578 781 potuit,
1599 746 1652 774 nisi
1682 754 1787 781 ιυιιιιιε

996 792 1079 820 etiam
1105 793 1244 828 proprium
1269 793 1379 828 aliquod
1402 800 1502 820 nomen
1526 792 1666 828 afﬁgeret;
1692 800 1787 828 neque

997 839 1150 875 singulares
1172 840 1295 867 homines
1316 844 1381 867 tunc
1393 839 1525 874 temporis
1539 839 1621 867 certis
1639 837 1787 867 ordinibus

997 885 1152 918 distinctos,
1170 891 1198 913 et
1211 884 1300 912 officia
1317 885 1424 912 diversa
1438 885 1467 912 in
1487 885 1581 912 eadem
1599 884 1716 912 ecclesia
1731 891 1785 912 ex-

997 936 1153 967 sequentes,
1167 931 1360 959 commendare
1375 931 1473 966 potuit,
1489 930 1542 958 nisi
1563 930 1614 958 sub
1636 930 1704 958 certi
1718 938 1786 965 gra-

996 978 1048 1006 dus
1065 979 1176 1006 nomine
1195 983 1276 1013 atque
1289 978 1458 1006 charactere.
1473 977 1541 1011 Quis
1552 977 1624 1004 enim
1642 981 1698 1004 tres
1716 985 1783 1013 gra-

996 1024 1048 1052 dus
1069 1031 1252 1057 enumerans,
1273 1024 1463 1059 presbyteros,
1487 1027 1515 1051 et
1537 1023 1728 1058 presbyteros,
1753 1028 1785 1051 et

995 1069 1125 1097 diaconos
1138 1070 1256 1097 diceret?
1266 1070 1328 1105 quis
1349 1069 1520 1106 presbyteros
1532 1069 1697 1105 presbyteris
1712 1069 1784 1097 sub~

993 1115 1082 1150 jectos
1105 1123 1167 1143 esse
1190 1116 1289 1143 debere
1313 1116 1440 1143 doceret?
1459 1116 1522 1150 quis
1545 1115 1615 1143 duos
1639 1115 1784 1143 ministros

995 1163 1091 1190 eodem
1106 1166 1230 1198 tempore
1240 1162 1348 1190 diversa
1358 1166 1384 1190 et
1399 1162 1526 1190 distincta
1539 1161 1630 1189 ofﬁcia
1645 1166 1673 1189 et
1684 1169 1781 1197 opere,

994 1212 1022 1235 et
1035 1212 1107 1236 statu
1119 1227 1127 1241 ,
1140 1212 1168 1236 et
1185 1208 1315 1243 dignitate
1332 1208 1443 1236 sortitos
1460 1208 1700 1236 indiscriminatim
1718 1215 1783 1243 pre-

994 1254 1118 1289 sbyteros
1132 1254 1300 1289 appellaret?
1313 1253 1439 1289 Episcopi
1457 1262 1556 1282 nomen
1572 1255 1652 1282 toties
1666 1255 1693 1282 in
1708 1254 1782 1282 Scri-

993 1302 1082 1336 pturis
1107 1305 1288 1329 memoratum
1314 1306 1379 1329 tunc
1405 1309 1458 1328 non
1483 1301 1628 1329 evanuisse
1651 1306 1779 1334 constat;

993 1348 1094 1375 nemini
1108 1348 1224 1383 simplici
1238 1347 1394 1383 presbytero
1408 1355 1438 1374 ea
1453 1352 1531 1375 aetate
1544 1347 1703 1374 attributum
1717 1355 1781 1375 esse

993 1401 1026 1422 ex
1041 1394 1162 1421 omnium
1174 1393 1337 1428 scriptorum
1351 1393 1459 1421 silentio
1470 1398 1597 1428 apparet;
1613 1397 1673 1420 erat
1686 1393 1781 1428 itaque

992 1440 1082 1475 primo
1097 1440 1186 1468 ordini
1200 1445 1266 1468 tunc
1286 1445 1452 1467 reservatum
1470 1444 1497 1467 et
1510 1440 1735 1475 appropriatum;
1750 1445 1780 1468 et

993 1487 1110 1515 absurde
1131 1487 1240 1515 locutus
1260 1491 1333 1514 esset
1350 1486 1485 1522 lgnatius,
1499 1487 1558 1521 ipse
1573 1487 1656 1514 etiam
1671 1487 1780 1521 episco-

992 1541 1058 1568 pus,
1081 1534 1104 1561 si
1125 1541 1224 1561 nomen
1246 1534 1335 1568 primo
1358 1532 1449 1560 ordini
1471 1540 1632 1560 concessum
1654 1532 1778 1560 inferiori

955 1591 976 1621 ο
995 1580 1150 1612 tribuisset;
1176 1584 1284 1608 etcum
1309 1579 1481 1615 presbyteros
1503 1584 1641 1612 moneret,
1670 1584 1701 1606 ut
1726 1586 1779 1607 suo

993 1626 1095 1662 quique
1108 1626 1237 1661 episcopo
1259 1629 1396 1661 parerent,
1411 1626 1484 1660 ipsos
1500 1634 1514 1652 a
1530 1625 1632 1660 quibus
1647 1625 1779 1653 obedie-

993 1673 1057 1701 tiam
1076 1673 1233 1709 postulabat
1248 1673 1391 1709 episcopos
1401 1694 1408 1705 ,
1424 1677 1470 1700 aut
1485 1672 1573 1704 illum,
1588 1673 1632 1700 cui
1648 1671 1779 1699 obedien-

994 1720 1057 1747 tiam
1082 1719 1265 1754 praestandam
1283 1719 1407 1753 docebat,
1429 1719 1616 1754 presbyterum
1643 1718 1780 1753 appellas.

993 1770 1044 1794 set.
1059 1765 1148 1800 [Eque
1163 1765 1235 1793 enim
1251 1765 1385 1792 absonum
1401 1765 1523 1797 videtur,
1541 1768 1571 1791 ut
1586 1764 1649 1798 quis
1668 1763 1780 1798 episeo-

991 1819 1042 1847 pos
1053 1811 1192 1847 episcopo,
1214 1815 1262 1839 aut
1272 1811 1444 1846 presbyteros
1463 1810 1621 1845 presbytero
1638 1809 1777 1844 subjectos

992 1867 1052 1887 esse
1069 1859 1166 1886 debere
1180 1858 1300 1891 doceret,
1317 1862 1344 1885 et
1368 1857 1395 1884 in
1420 1864 1453 1884 eo
1476 1860 1668 1892 argumentum
1689 1856 1777 1883 collo-

991 1910 1076 1937 caret,
1093 1905 1244 1940 prazsertim
1267 1912 1328 1932 cum
1355 1903 1389 1931 de
1414 1903 1560 1931 schismate
1582 1907 1722 1934 tractaret,
1748 1903 1778 1929 in

990 1959 1044 1987 qua
1058 1959 1088 1978 re
1102 1951 1276 1978 notissimum
1288 1954 1340 1983 est,
1357 1949 1485 1978 Ecclesiae.
1498 1950 1615 1977 salutem
1629 1949 1657 1976 in
1673 1948 1777 1976 summi

991 1998 1151 2031 sacerdotis,
1165 1997 1216 2025 hoc
1227 2002 1270 2025 est
1288 1997 1419 2032 episcopi,
1432 1994 1564 2032 dignitate
1575 1994 1712 2030 pendere;
1730 1995 1778 2022 cui

990 2046 1013 2072 si
1035 2052 1090 2072 non
1116 2052 1212 2072 exsors
1227 2044 1351 2078 quaedam
1373 2048 1400 2070 et
1415 2043 1449 2070 ab
1470 2042 1628 2069 hominibus
1649 2040 1778 2068 eminens

990 2092 1068 2120 detur
1080 2095 1211 2126 potestas,
1228 2095 1268 2117 tot
1279 2091 1306 2117 in
1320 2089 1441 2117 Ecclesia
1451 2087 1603 2116 efficientur
1613 2086 1776 2119 schismata,

989 2143 1057 2175 quot
1069 2139 1234 2170 sacerdotes,
1250 2138 1302 2165 hoc
1314 2141 1355 2164 est
1366 2135 1525 2171 presbyteri.

1025 2186 1067 2214 Sit
1093 2186 1176 2222 igitur
1202 2186 1280 2212 tertia
1305 2182 1565 2212 asserti02Nul|um
1590 2180 1704 2209 omnino
1731 2188 1777 2208 se-

989 2233 1071 2261 cundi
1097 2233 1188 2260 saeculi
1209 2232 1381 2266 scriptorem,
1408 2238 1470 2258 cum
1495 2229 1595 2265 gradus
1617 2232 1777 2260 enumerat,

988 2284 1036 2308 aut
1058 2287 1120 2308 cum
1146 2281 1179 2308 de
1209 2279 1395 2314 singularibus
1419 2279 1461 2306 sui
1484 2277 1615 2312 temporis
1639 2276 1776 2304 ministris

987 2327 1119 2362 loquitur,
1141 2335 1239 2354 nomen
1264 2325 1413 2362 presbyteri
1429 2325 1453 2353 ei
1477 2325 1523 2360 qui
1538 2324 1684 2358 episcopus
1701 2328 1777 2350 esset

986 2376 1126 2404 tribuisse.
1151 2374 1305 2402 Nonuullos
1323 2374 1431 2408 quidem
1455 2371 1566 2399 adducit
1583 2370 1700 2397 Dallzeus
1715 2374 1775 2397 tum

987 2424 1096 2452 Graecos
1112 2428 1169 2451 tum
1189 2422 1311 2453 Latinos,
1328 2428 1342 2448 a
1360 2420 1458 2455 quibus
1471 2418 1550 2454 primi
1566 2417 1667 2452 gradus
1680 2424 1775 2443 sacer-

986 2471 1064 2499 dotes
1074 2480 1083 2496 l
1096 2469 1246 2505 presbyteri
1259 2478 1268 2494 ν
1278 2468 1434 2495 dicerentur
1444 2475 1452 2499 ;
1462 2465 1509 2492 sed
1522 2464 1545 2491 si
1558 2463 1681 2498 singulos
1689 2471 1776 2490 excu-

987 2519 1097 2551 tiamus,
1114 2521 1161 2544 aut
1185 2516 1211 2543 id
1237 2522 1291 2542 non
1316 2514 1410 2541 dicunt
1425 2512 1497 2547 quod
1514 2511 1557 2538 ille
1579 2511 1648 2542 vult,
1665 2514 1715 2537 aut
1736 2510 1773 2536 ita

986 2572 1084 2592 nomen
1101 2562 1249 2598 presbyteri
1274 2563 1418 2594 usurpant,
1436 2567 1497 2586 cum
1520 2557 1621 2593 gradus
1636 2565 1691 2583 non
1706 2564 1775 2583 enu-

985 2615 1103 2643 merant,
1119 2613 1166 2636 aut
1177 2609 1210 2635 de
1223 2615 1279 2636 suae
1291 2606 1379 2634 aetatis
1390 2604 1526 2640 episcopis
1538 2611 1591 2630 nou
1608 2603 1772 2637 loquuntur.

985 2655 1092 2691 Papias,
1102 2655 1128 2682 in
1142 2653 1311 2689 Fragmentis
1322 2659 1383 2687 quae
1397 2654 1554 2685 supersunt,
1567 2656 1642 2676 nunc
1654 2647 1775 2683 πρεσϐυ-

984 2704 1080 2740 τέρους
1093 2701 1191 2738 plurali
1214 2707 1339 2731 numero,
1351 2705 1424 2726 nunc
1440 2695 1626 2733 πρεσΰύτερον
1639 2693 1773 2729 singulari

985 2752 1019 2779 de
1033 2751 1115 2778 unico
1128 2749 1232 2777 Joanne
1250 2751 1374 2782 usurpat.
1385 2745 1453 2773 Cum
1473 2742 1570 2779 plurali
1590 2747 1708 2767 numero
1725 2739 1773 2765 ad~

985 2798 1069 2831 hibet,
1087 2805 1139 2824 non
1155 2796 1239 2830 liquet
1251 2802 1313 2822 eum
1330 2793 1371 2820 vel
1389 2793 1421 2819 de
1435 2791 1487 2818 hoc
1503 2790 1544 2817 vel
1565 2788 1612 2815 illo
1628 2786 1715 2822 gradu
1730 2786 1771 2812 vel

984 2844 1080 2871 ordine
1095 2841 1235 2877 speciatim
1251 2838 1454 2874 intelligendum
1472 2844 1545 2868 esse;
1558 2834 1652 2870 potius
1671 2841 1703 2861 ea
1719 2840 1772 2859 vox

985 2889 1103 2925 generali
1127 2895 1207 2916 sensu
1233 2885 1388 2921 accipienda
1413 2888 1452 2912 est
1465 2904 1473 2917 ,
1488 2889 1542 2917 quo
1557 2884 1637 2908 aetate
1653 2879 1772 2915 majores
