1850 3072
53 169 97 198 HI

459 175 485 203 J.
507 175 692 204 PEARSONII
709 176 870 206 VINDICLE
889 176 1103 207 ῙΕΝΔΤΙΑΝΛΕ.
1121 194 1158 199 -
1170 178 1189 206 P

578 175 692 204 RSONll
709 176 870 206 VINDICIE
889 176 1103 207 ῙΕΝΔΤΙΑΝΛΕ.
1121 194 1158 199 -
1170 177 1259 207 PARS
1277 179 1308 206 ll.

1649 179 1702 207 822

58 239 102 259 seu
117 231 302 267 antiquiores
317 234 482 270 simpliciter
505 236 660 272 significare
681 237 761 265 solet.
787 237 857 265 Cum
872 239 896 268 Α
909 236 1002 273 Neque
1025 238 1098 266 enim
1120 238 1239 266 Irenaaus
1263 246 1383 274 unquam
1409 239 1546 268 Victorem
1566 239 1619 268 sibi
1634 248 1700 276 syn-

61 279 128 305 enim
149 277 256 313 Papias
271 285 385 315 putaret
400 289 433 309 ex
445 281 506 309 viva
521 290 589 311 voce
607 283 749 311 hominum
764 292 860 318 super-

66 325 155 352 stitum
172 325 239 360 plus
258 326 392 354 utilitatis
407 328 467 363 capi
483 328 616 363 potuisse,
632 337 715 364 quam
727 337 762 357 ex
775 330 861 358 libro-

69 379 124 398 rum
137 371 277 405 lectione;
304 374 445 407 quarebat
459 382 493 402 ex
509 374 543 402 iis
567 375 614 410 qui
636 382 716 403 erant
739 376 860 411 ipso'se—

70 417 165 450 niores,
180 418 248 453 quid
275 418 317 446 illi
334 419 505 448 audiverant
527 421 561 448 ab
583 421 618 449 iis
635 422 682 456 qui
701 422 755 450 illis
776 423 858 450 etiam

68 463 133 499 ipsis
149 464 275 493 seniores
290 470 385 499 erant;
399 470 480 501 atque
500 467 538 495 ita
556 467 665 496 tandem
684 469 860 504 perveniebat

68 510 100 537 ad
113 511 272 539 testimonia
297 512 484 546 apostolorum
499 513 559 541 viva
574 521 641 542 voce
655 515 764 542 tradita.
778 514 856 549 Qua:-

67 557 145 584 rebat
167 564 183 584 a
199 557 346 593 discipulis
359 559 556 594 apostolorum,
580 560 638 595 ipse
657 561 730 589 enim
756 562 859 590 nullius

66 603 184 637 apostoli
197 603 351 639 discipulus
364 604 426 632 fuit.
445 605 623 641 Presbyteros
637 614 734 636 omnes
748 612 859 643 aposto-

66 648 117 680 los,
133 656 288 685 omnesque
308 650 410 682 Christi
425 651 533 679 Domini
556 651 706 688 discipulos
720 658 809 687 vocat,
825 654 859 682 de

66 693 119 723 boc
133 695 178 722 vel
201 696 248 723 illo
272 697 370 724 ordine
390 697 534 726 ministerii
558 699 708 735 evangelici
730 700 765 728 ab
791 708 858 736 apo«

65 741 144 769 stolis
160 741 285 770 instituto
296 750 352 770 non
364 744 476 772 omnino
488 744 554 780 agit.
569 744 702 774 Joannem
713 747 859 782 quemdam

65 787 100 814 ab
114 788 244 822 apostolo
261 788 420 817 distinctum
433 798 505 826 satpe
518 791 565 818 τὸν
578 791 765 828 πρεσϐύτερον
777 800 859 820 voca-

64 833 128 866 bat;
144 833 193 862 sed
211 834 269 861 ﬁeri
284 839 375 870 potest
385 840 415 863 ut
427 836 473 865 ille
485 837 597 865 secundi
611 838 717 866 ordinis
727 839 858 867 sacerdos

64 879 168 913 fuerit;
185 884 261 908 certe
277 881 360 916 primi
375 880 461 910 fuisse
477 887 598 910 veterum
620 891 701 912 nemo
718 884 801 918 dixit;
817 885 859 912 ni-

911 283 1034 312 cltronon
1063 285 1252 320 presbyterum
1273 286 1397 318 vocavit,
1422 294 1511 321 neque
1529 287 1594 314 dum
1620 291 1699 315 ante-

912 329 999 357 riores
1023 330 1197 366 presbyteros
1222 334 1312 363 vocat,
1337 331 1482 367 episcopos
1497 332 1617 361 Victoris
1630 338 1699 362 tem-

910 383 977 410 pore
1004 377 1135 404 ecclesias
1160 377 1343 412 gubernantes
1371 379 1544 414 presbyteros
1568 379 1698 414 appellari

911 422 1007 450 solitos
1020 422 1149 450 ostendit.
1165 423 1291 451 Clemens
1305 423 1505 452 Alexandrinus
1519 425 1584 460 quid
1600 425 1633 453 de
1647 426 1698 454 hac

911 475 940 495 re
959 468 1099 503 scripserit
1112 469 1262 497 videamus.
1282 469 1320 497 De
1331 470 1450 505 perfecto
1463 478 1513 498 suo
1526 470 1696 504 Christiano.

911 514 968 542 sive
980 514 1112 542 Gnostico
1130 515 1248 549 locutus,
1269 517 1345 544 addit
1358 525 1365 542 :
1383 526 1392 542 ε
1409 516 1458 544 Hic
1473 521 1515 544 est
1526 525 1620 545 revera
1633 525 1696 552 pre-

910 560 1002 596 sbyter
1015 560 1153 595 Ecclesiae,
1176 566 1204 590 et
1219 570 1300 591 verus
1323 563 1456 592 diaconus
1477 564 1576 592 divime
1599 565 1698 592 volun-

909 607 985 635 tatis.
999 617 1009 634 t
1019 607 1054 635 At
1065 608 1122 636 haec
1133 616 1186 636 non
1202 608 1238 636 ita
1252 609 1364 642 diceret,
1376 619 1385 636 ι
1398 609 1420 637 si
1429 618 1482 645 qua
1496 610 1567 645 apud
1586 616 1697 639 nostros

910 652 1030 688 dignitas
1059 658 1132 682 esset
1157 655 1344 690 presbyteratu
1359 655 1494 691 superior.
1511 665 1521 682 ›
1541 655 1593 684 Sed
1612 664 1697 692 quare

910 705 965 725 non
979 706 1041 726 eum
1056 699 1159 726 diceret
1171 700 1369 735 presbyterum,
1390 700 1453 728 licet
1472 700 1645 736 episcopatus
1662 702 1698 730 sit

910 743 1097 779 presbyteratu
1120 745 1256 779 superior,
1269 753 1350 780 quem
1376 745 1521 773 diaconum
1537 746 1616 779 dixit,
1633 747 1697 775 licet

910 788 1056 816 diaconatu
1076 790 1202 825 superior
1223 791 1259 818 sit
1277 791 1499 826 presbyteratus?
1512 791 1640 820 Profecto
1660 793 1696 821 ita

910 832 1038 863 Clemens
1054 842 1118 863 eum
1131 837 1286 871 appellavit,
1297 845 1359 866 cum
1377 838 1435 872 ipse
1447 838 1529 866 sciret
1541 846 1574 866 ac
1585 839 1696 867 doceret

911 880 982 915 apud
999 884 1109 909 nostros
1130 882 1287 917 dignitatem
1303 882 1388 911 fuisse
1409 884 1596 920 presbyteratu
1614 894 1695 921 supe-

63 927 119 954 mis
135 931 230 955 autem
254 927 358 955 incerta
371 933 444 962 sum,
463 937 525 964 qua;
540 930 568 957 in
586 929 735 959 Clementi;
750 931 856 959 σοηηὶ-
871 927 893 954 Β
907 925 1024 959 riorem;
1039 934 1103 954 nam
1115 928 1207 955 statim
1223 932 1367 964 postquam
1389 930 1446 966 haec
1461 930 1619 965 scripserat,
1635 933 1694 960 ait:

64 973 225 1007 (titionibus,
239 973 273 1002 de
280 973 387 1003 Joanne
401 983 418 1003 a
435 975 540 1004 Joanne
554 977 683 1013 episcopo
700 977 773 1006 facto
785 978 856 1007 refe-

63 1023 176 1047 runtur.
192 1018 314 1048 Marcum
326 1020 374 1056 qui
387 1021 482 1049 volunt
490 1022 526 1050 ab
535 1029 568 1050 eo
579 1022 661 1050 etiam
671 1024 856 1060 πρεσόύτερσν

63 1065 182 1099 dictum,
197 1066 280 1093 verba
299 1067 371 1102 apud
389 1066 538 1095 Eusebium
562 1068 598 1096 ita
618 1069 827 1105 interpretantes
846 1080 855 1098 ι

65 1119 76 1137 ι
95 1110 156 1139 Hoc
170 1112 264 1139 senior
277 1111 386 1141 Marcus
399 1113 467 1141 dixit
483 1113 554 1142 Petri
572 1115 716 1150 interpres,
731 1126 740 1142 ι
756 1113 856 1144 ΐθιίιιηο

60 1161 119 1185 tur.
140 1157 222 1185 Aliud
239 1165 271 1185 ea
289 1159 372 1186 verba
395 1164 502 1188 sonant.
517 1161 573 1187 Καὶ
585 1161 663 1189 τοῦτο
677 1163 691 1189 ὁ
705 1162 854 1198 πρεσϐύτε-

63 1214 111 1242 ρος
134 1205 240 1240 ἔλεγεν·
256 1206 371 1242 Μάρκος
392 1208 441 1242 μὲν
460 1208 630 1244 ἑρμηνευτὴς
654 1209 758 1245 Πέτρου
780 1211 856 1245 γενόο

65 1260 147 1287 μενος
169 1252 221 1278 ὅσα
246 1252 459 1289 ἐμνημόνευσεν,
485 1254 607 1290 ἀκριϐῶς
630 1255 758 1290 ἔγραψεν.
789 1255 856 1289 Quae

65 1298 132 1326 satis
148 1299 292 1326 commode
311 1307 327 1326 a
340 1298 450 1327 Rutfmo
467 1307 545 1328 versa
568 1305 632 1328 sunt
648 1310 654 1327 :
674 1311 683 1327 I
699 1301 786 1329 Etiam
803 1303 855 1330 hoc

65 1342 178 1379 (inquit)
194 1344 336 1380 presbyter
349 1345 486 1379 narrabat,
502 1347 573 1381 quod
597 1346 705 1375 Marcus
720 1347 854 1383 interpres

65 1387 149 1416 fuerit
169 1388 254 1423 Petri,
270 1394 297 1417 et
307 1398 478 1426 quaecunque
496 1391 657 1420 meminerat
675 1393 710 1420 ab
722 1400 756 1420 eo
770 1393 853 1426 dicta,

64 1435 271 1470 conscripserit.
301 1445 311 1461 ι
336 1434 481 1472 Utcunque
512 1437 569 1471 sit,
592 1437 690 1473 Papias
713 1446 854 1474 nunquam

64 1481 166 1515 gradus
190 1481 395 1510 ecclesiasticos
420 1487 571 1516 enumerat,
595 1491 736 1518 nunquam
763 1484 854 1512 ofﬁcia

64 1529 226 1564 distinguit;
241 1537 376 1564 nusquam
393 1529 595 1565 episcoporum,
608 1536 657 1558 aut
673 1531 854 1559 diaconorum

64 1574 233 1601 mentionem
247 1573 329 1608 facit;
346 1583 485 1610 nunquam
500 1575 534 1603 de
547 1576 676 1611 episcopo
689 1577 780 1611 aliquo
795 1578 854 1604 sin-

63 1621 151 1655 gulari
176 1625 226 1649 aut
251 1621 419 1657 presbytero,
441 1622 489 1657 qui
511 1630 575 1650 cum
597 1622 658 1657 ipse
679 1623 812 1650 scriberet
826 1623 853 1649 in

61 1667 131 1694 vivis
146 1671 221 1695 esset
236 1667 368 1702 loquitur.
386 1667 457 1695 Idem
478 1667 560 1696 etiam
584 1669 618 1696 de
639 1668 740 1696 Irenaeo
761 1668 855 1696 dicen-

62 1714 142 1746 dum;
159 1713 335 1749 presbyteros
354 1714 516 1749 generaliter
533 1719 613 1742 vocat
632 1714 793 1750 episcopos,
807 1715 855 1742 sed

59 1754 204 1792 nunquam
218 1777 226 1791 ,
249 1758 351 1793 gradus
369 1765 553 1792 enumerans,
581 1759 735 1795 singulares
762 1759 853 1793 viros,

58 1803 107 1838 qui
131 1804 257 1838 episcopi
284 1803 412 1838 fuerant,
444 1805 620 1841 presbyteros
643 1806 777 1841 appellat;
806 1806 853 1834 sed

60 1858 170 1887 semper
198 1851 345 1887 antiquos,
372 1853 469 1888 quales
493 1857 573 1880 erant
595 1853 619 1879 oi
649 1853 702 1888 πρὸ
728 1853 853 1889 Σώτηρος

60 1897 255 1933 πρεσϐύτεροι,
274 1898 299 1924 οι
320 1898 373 1933 πρὸ
397 1898 444 1926 σοῦ
458 1899 647 1934 πρεσὸύτεροι,
661 1900 686 1926 οἱ
701 1899 754 1935 πρὸ
768 1899 852 1926 αὑτοῦ

60 1943 255 1980 πρεσϐύτεροι,
273 1944 298 1971 οἱ
309 1944 364 1980 πρὸ
378 1944 457 1981 ήμῶν
469 1944 659 1981 πρεσϐύτεροι.
678 1945 746 1973 Cum
761 1951 851 1973 autem

59 1989 90 2017 de
114 1994 254 2024 praesente
278 1990 406 2026 episcopo
426 1990 492 2026 agit,
513 1991 565 2018 sub
587 1998 642 2026 quo
659 1991 717 2027 ipse
730 1992 850 2027 scripsit,

58 2035 170 2070 proprie
186 2039 214 2062 et
227 2035 262 2063 ad
274 2036 385 2063 modum
399 2034 495 2071 lgnatii
509 2036 645 2071 loquitur,
660 2037 707 2064 lib.
721 2045 761 2070 Ill,
773 2045 798 2065 c.
815 2037 847 2065 ὅς

61 2090 70 2106 ‹
93 2080 258 2108 Fundautes
281 2081 364 2117 igitur
388 2086 416 2110 et
438 2082 613 2111 instituentes
636 2083 708 2110 beati
733 2083 849 2118 apostoli

59 2125 222 2160 Eeclesiam,
242 2125 311 2155 Lino
335 2128 525 2164 episcopatum
549 2129 772 2158 administrandae
795 2129 848 2157 Ec-

58 2176 148 2204 clesiae
175 2176 357 2204 tradiderunt.
383 2175 511 2203 Succedit
533 2181 624 2204 autem
641 2175 666 2203 ei
682 2175 845 2209 Anacletus;

58 2228 117 2257 post
132 2230 199 2251 eum
216 2223 295 2251 tertio
318 2222 353 2250 ab
376 2222 507 2257 apostolis
524 2222 710 2258 episcopatum
732 2222 846 2250 sortitur

914 971 990 999 Ἐπεὶ
1003 972 1049 999 καὶ
1065 974 1092 1000 at
1107 973 1225 1001 ἐνταῦθα
1241 976 1377 1011 προκοπαὶ
1393 976 1560 1008 ἐπισκόπων.
1575 978 1696 1014 πρεσϐυ-

906 1018 1003 1055 τέρων,
1020 1019 1151 1047 διακόνων
1167 1020 1322 1056 μιμήματα,
1337 1020 1431 1057 οἶμαι,
1447 1023 1594 1060 ἁγγελικῆς
1615 1024 1695 1061 δόξης

906 1065 1093 1100 τυγχάνουσιν.
1119 1065 1275 1095 Secundum
1296 1067 1463 1097 Clementem
1488 1069 1580 1105 igitur,
1595 1079 1693 1106 quem-

907 1110 1052 1138 admodum
1066 1112 1190 1148 προκοπή
1211 1121 1259 1140 seu
1269 1113 1409 1148 profectus
1417 1119 1459 1143 est
1471 1123 1486 1143 a
1498 1115 1643 1144 diaconatu
1657 1117 1692 1145 ad

905 1157 1134 1193 presbyteratum,
1148 1158 1185 1186 ita
1201 1159 1284 1187 etiam
1297 1161 1420 1197 προκθπή
1439 1168 1487 1189 seu
1501 1161 1641 1196 profectus
1651 1167 1694 1191 est

906 1210 922 1230 a
935 1203 1121 1239 presbyteratu
1134 1204 1168 1232 ad
1186 1205 1372 1240 episcopatum
1388 1215 1395 1232 :
1408 1212 1435 1234 et
1450 1207 1500 1235 hos
1512 1212 1567 1236 tres
1581 1209 1693 1238 ordines

906 1255 961 1276 non
976 1253 1081 1277 tantum
1097 1250 1224 1277 ordinum
1236 1251 1420 1286 angelicorum
1434 1253 1604 1282 imitamenta
1618 1263 1693 1289 qua:-

906 1294 968 1322 dam
982 1302 1043 1322 esse
1055 1300 1145 1330 putat;
1159 1297 1206 1324 sed
1218 1301 1245 1324 et
1256 1297 1290 1325 ab
1301 1297 1368 1333 ipsis
1379 1299 1511 1334 apostolis
1529 1301 1557 1327 in
1570 1300 1692 1329 Ecclesia

905 1340 1057 1373 institutos,
1071 1346 1098 1369 et
1117 1342 1233 1371 diversis
1252 1344 1443 1380 distinctisque
1462 1347 1605 1382 praeceptis
1629 1355 1690 1375 mu-

906 1387 978 1414 nitos
989 1387 1115 1419 credidit,
1134 1392 1165 1415 ut
1181 1396 1214 1416 ex
1229 1389 1309 1417 tertio
1328 1389 1473 1426 Pwdngogi
1488 1392 1558 1420 libro
1568 1394 1690 1421 ostendi-

905 1440 978 1460 mus.
994 1432 1043 1460 Ubi
1056 1433 1139 1468 igitur
1154 1434 1264 1462 ordines
1276 1441 1323 1462 seu
1338 1435 1438 1470 gradus
1452 1443 1604 1471 enumerat,
1617 1443 1692 1466 utro-

904 1478 988 1513 bique
1011 1486 1074 1507 cum
1102 1479 1205 1515 lgnatio
1229 1485 1324 1508 nostro
1340 1481 1500 1517 episcopos,
1517 1484 1692 1520 presbyteros

904 1529 932 1552 et
946 1524 1077 1552 diaconos
1088 1525 1198 1560 proprie
1219 1529 1246 1552 et
1265 1525 1393 1554 distincte
1411 1529 1543 1562 agnoscit.
1562 1529 1613 1557 Sed
1633 1540 1644 1557 ε
1662 1531 1690 1559 in

906 1570 1026 1605 quodam
1041 1577 1075 1598 ex
1089 1570 1150 1606 ejus
1158 1569 1291 1605 Operibus
1305 1572 1377 1606 quod
1393 1574 1464 1608 apud
1479 1573 1625 1604 Eusebium
1640 1585 1690 1605 ex~

905 1621 959 1644 stat
984 1616 1153 1652 fragmento,
1171 1624 1252 1652 quem
1277 1618 1367 1652 primo
1390 1620 1549 1655 episcopum
1573 1621 1690 1657 dixerat,

904 1662 1030 1689 eumdem
1046 1663 1127 1697 paulo
1140 1667 1203 1697 post
1219 1663 1405 1699 presbyterum
1425 1665 1500 1693 dicit.
1520 1675 1530 1693 ι
1546 1666 1622 1695 Fecit
1638 1668 1691 1697 hoc

903 1707 1013 1743 quidem
1031 1708 1059 1735 in
1082 1708 1194 1736 humilia
1216 1709 1272 1744 jam
1298 1709 1407 1738 tandem
1429 1711 1481 1739 sub
1501 1711 1625 1748 Origenis
1639 1723 1690 1742 no-

903 1754 978 1781 mine
997 1754 1082 1786 edita.
1097 1755 1171 1790 quod
1193 1755 1279 1783 miror
1294 1760 1321 1783 et
1334 1755 1501 1785 Blondellum
1516 1762 1543 1786 et
1558 1759 1689 1789 Dallaaum

903 1801 1034 1834 latuisse;
1051 1801 1098 1829 sed
1113 1801 1250 1836 quomodo
1265 1801 1292 1829 id
1312 1801 1408 1830 fecerit
1430 1803 1579 1833 videamus.
1594 1805 1690 1834 Homi-

903 1855 964 1874 nem
981 1848 1068 1880 illum,
1083 1848 1209 1883 quisquis
1226 1848 1287 1881 fuit,
1302 1847 1463 1876 καθεστῶτα
1482 1850 1688 1880 ὲπίσκοπονευι)

900 1892 1006 1921 Joanne
1019 1894 1143 1929 apostolo
1154 1894 1247 1927 tradit,
1263 1901 1326 1922 cum
1341 1894 1399 1930 ipse
1412 1896 1552 1930 apostolus
1564 1899 1689 1933 reg‘ones

901 1940 962 1967 illas
972 1945 1138 1976 peragraret,
1156 1941 1321 1974 ἐπισκόπους
1336 1942 1522 1978 καταστήσων·
1534 1945 1687 1978 apostolum

901 1987 991 2022 ipsum
1007 1987 1044 2014 ita
1058 1995 1121 2015 eum
1137 1988 1320 2022 alloquentem
1336 1988 1486 2016 introducit
1501 1998 1508 2004 -
1527 1990 1593 2024 ’Δγε
1606 1990 1650 2024 δὲ,
1663 1987 1690 2018 ὦ

898 2033 1048 2066 ἐπίσκοπε,
1065 2033 1117 2060 hoc
1129 2037 1183 2068 est,
1197 2033 1240 2061 sui
1262 2034 1393 2069 temporis
1413 2035 1571 2070 episcopum
1587 2043 1620 2063 eo
1634 2044 1686 2064 no-

900 2079 973 2108 mine
988 2080 1066 2115 quasi
1083 2079 1175 2107 ofﬁcio
1193 2080 1316 2115 apprime
1335 2086 1501 2117 congruente
1522 2083 1687 2118 compellan-

899 2131 965 2154 tem.
982 2126 1042 2162 ipse
1057 2132 1148 2155 autem
1162 2127 1290 2156 Clemens
1301 2132 1362 2163 post
1375 2136 1463 2157 annos
1474 2134 1595 2163 centum,
1613 2131 1686 2159 hunc

898 2181 979 2208 quem
996 2178 1023 2201 et
1043 2169 1103 2208 ipse
1124 2178 1152 2201 et
1167 2174 1310 2209 apostolus
1326 2175 1484 2210 episcopum
1508 2176 1683 2210 appellarent,

895 2219 981 2247 semel
994 2218 1193 2255 πρεσῦύτερον,
1207 2219 1292 2247 semel
1307 2220 1471 2256 πρεσϐύτην,
1488 2225 1518 2248 ut
1532 2222 1686 2255 apostolum

57 2269 202 2302 Clemens;
230 2278 240 2295 t
255 2274 282 2296 et
303 2268 417 2304 reliquis
435 2268 622 2296 enumeratis:
638 2277 648 2294 t
663 2267 731 2295 Cum
752 2273 843 2295 autem
859 2274 882 2302 ο
897 2265 986 2301 ipsum
1002 2266 1048 2293 τὸν
1063 2266 1178 2302 γέροντα
1190 2270 1279 2294 vocat.
1299 2265 1343 2293 Nil
1365 2266 1446 2302 igitur
1462 2271 1557 2294 contra
1579 2274 1682 2294 morem

57 2315 240 2343 successisset
262 2315 376 2342 Aniceto
394 2313 488 2347 Soter,
511 2322 585 2342 nunc
608 2314 771 2341 duodecimo
786 2314 846 2341 loco

56 2362 248 2397 episcopatum
261 2362 295 2388 ab
307 2361 438 2396 apostolis
455 2360 535 2388 habet
551 2360 734 2388 Eleutherius.
754 2370 763 2385 ι
778 2359 847 2388 Male

55 2407 139 2443 igitur
162 2407 281 2434 vallatus
302 2415 336 2435 ex
362 2407 457 2435 nescio
473 2414 528 2442 qua
551 2407 694 2442 apostolici
711 2407 846 2434 sermonis

54 2454 112 2490 lege
126 2453 259 2489 postulat,
274 2458 303 2481 ut
325 2453 356 2480 S.
382 2451 503 2488 Ignatius
523 2453 651 2486 Damam,
667 2452 826 2481 Onesimum
837 2473 844 2486 ,

53 2506 79 2528 et
97 2500 257 2536 Polybium,
273 2508 327 2528 non
350 2501 442 2528 minus
460 2507 542 2535 quam
557 2499 675 2527 lrenaaus
689 2499 844 2534 Anicetum,

53 2549 302 2586 Pium,Hygiuum,
311 2549 519 2584 Telesphorum,
534 2558 542 2575 ι
555 2549 729 2584 presbyteros
741 2558 749 2574 ι
762 2555 845 2575 voca-

53 2605 115 2624 cum
142 2597 171 2623 hi
195 2595 297 2624 Irenaeo
321 2595 491 2631 antiquiores
520 2595 641 2628 fuerint,
670 2594 710 2622 illi
741 2593 845 2629 lgnatio

52 2643 146 2675 coaevi,
165 2649 236 2677 quos
258 2649 372 2669 necesse
395 2641 420 2669 ei
444 2641 497 2668 fuit
518 2648 534 2668 a
554 2640 721 2676 presbyteris
745 2640 843 2667 distin-

52 2697 143 2725 guere.
155 2687 240 2724 Pejus
260 2692 352 2716 autem
378 2687 465 2715 multo
489 2686 640 2714 Salmasius
660 2686 687 2713 in
703 2685 843 2721 Apparatu

53 2744 62 2760 ι
79 2742 130 2762 nec
153 2733 277 2761 muneris
289 2752 297 2761 .
310 2740 362 2760 nec
382 2732 524 2768 dignitatis
550 2732 621 2759 inter
634 2731 792 2766 episcopum
816 2736 843 2758 et

51 2780 238 2816 presbyterum
245 2778 408 2806 divisionem
416 2777 534 2807 Victoris
541 2781 663 2812 tempore
677 2777 817 2804 exstitisse
828 2785 838 2802 ι

52 2826 92 2853 vel
105 2826 168 2854 inde
188 2824 302 2860 probari
324 2823 441 2858 putavit,
458 2833 467 2849 ε
481 2823 546 2859 quia
561 2830 616 2850 non
632 2822 720 2850 solum
739 2822 839 2857 ipsum,

52 2871 96 2899 sed
114 2872 196 2900 etiam
219 2870 375 2899 anteriores
396 2870 541 2905 episcopos
563 2868 705 2897 Romanos
720 2867 840 2904 πρεσϐυ-

51 2918 131 2954 τέρων
141 2919 258 2948 nomine
269 2916 419 2953 appellatos
429 2920 537 2944 constat
547 2915 581 2943 ab
592 2915 692 2944 Irenaeo
703 2919 730 2943 et
740 2914 810 2943 aliis.
825 2923 836 2941 ι

897 2311 994 2348 lgnatii
1006 2311 1079 2339 fecit.
1091 2310 1246 2344 Quinetiam
1258 2310 1437 2346 Polycarpnm
1451 2311 1599 2339 secundum
1614 2319 1683 2347 prte-

896 2362 1000 2386 sentem
1012 2357 1138 2385 Ecclesia
1149 2361 1249 2384 statum
1261 2357 1332 2392 apud
1343 2356 1530 2392 Philippenses
1542 2357 1684 2392 scripsisse

896 2411 951 2431 non
968 2404 1074 2431 dubito.
1097 2402 1153 2431 Illis
1174 2403 1283 2438 quidem
1299 2403 1421 2437 praecipit
1441 2407 1470 2429 ut
1493 2402 1606 2437 subjecti
1627 2403 1684 2431 sint

899 2460 909 2476 Ι
928 2451 1092 2486 presbyteris
1103 2455 1129 2478 et
1141 2450 1264 2478 diaconis
1275 2449 1347 2477 sicut
1359 2448 1414 2476 Deo
1428 2453 1456 2476 et
1467 2449 1586 2476 Christo.
1605 2459 1613 2476 ι
1629 2449 1682 2477 Sed

895 2498 957 2533 quis
973 2497 1064 2531 dabit,
1080 2497 1238 2532 episcopum
1254 2495 1468 2530 Philippensium
1484 2499 1549 2523 tunc
1572 2496 1599 2522 in
1613 2496 1682 2523 vivis

894 2543 1000 2572 fuisse?
1013 2542 1080 2576 Quis
1101 2542 1243 2578 praestabit
1267 2541 1453 2576 Philippenses
1479 2540 1541 2568 ideo
1562 2549 1578 2568 a
1599 2541 1682 2576 Poly-

894 2596 978 2624 carpo
999 2588 1147 2616 consilium
1171 2595 1225 2615 non
1239 2587 1412 2622 emagitasse,
1429 2586 1502 2621 quod
1523 2590 1589 2613 tunc
1612 2590 1681 2613 tem-

894 2635 969 2670 poris
981 2634 1108 2669 episcopo
1124 2633 1174 2668 ipsi
1199 2632 1273 2660 haud
1291 2632 1465 2667 potirentur?
1481 2630 1519 2659 ita
1535 2631 1607 2659 enim
1624 2631 1681 2666 ipse

893 2688 942 2708 eos
957 2680 1105 2715 alloquitur
1121 2690 1126 2707 :
1142 2678 1248 2711 Ταῦτα,
1270 2678 1395 2713 ἀδελφοὶ,
1419 2678 1467 2704 οὐκ
1488 2676 1598 2713 ἐμαυτῷ
1620 2678 1678 2704 ἐπι-

893 2726 995 2763 τρέψας
1011 2726 1110 2761 γράφω
1125 2726 1189 2760 ὑμῖν
1206 2725 1270 2760 περὶ
1282 2725 1332 2760 τῆς
1347 2724 1528 2760 δικαιοσύνης·
1546 2723 1603 2750 ἀλλ’
1616 2723 1678 2750 ἐπεὶ

893 2773 970 2808 ὑμεῖς
985 2770 1204 2807 προεκαλέσασθὲ
1219 2778 1263 2806 με.
1282 2779 1292 2796 ι
1308 2769 1371 2798 Haec
1385 2775 1485 2802 autem,
1502 2769 1611 2802 fratres,
1623 2776 1677 2796 non

892 2826 953 2846 meo
968 2819 1092 2851 arbitrio,
1106 2817 1184 2845 vobis
1198 2817 1231 2844 de
1243 2816 1348 2852 justitia
1365 2816 1466 2848 scribo,
1482 2815 1528 2843 sed
1540 2815 1612 2850 quod
1630 2821 1679 2843 vos

891 2865 925 2892 ad
942 2872 985 2892 me
1001 2864 1180 2900 provocastis.
1198 2872 1208 2889 ›
1226 2862 1255 2890 ln
1271 2870 1371 2894 causa,
1390 2866 1420 2889 ut
1434 2862 1542 2897 opinor,
1556 2860 1678 2888 Valentis

890 2911 1051 2948 presbyteri,
1076 2918 1158 2947 quam
1184 2909 1288 2946 judicio
1316 2908 1457 2944 i’olycarpi
1475 2908 1676 2944 permittebant.
