1850 3072
181 161 236 191 ιειδ

710 159 740 188 S.
761 158 938 188 lGNATiUS.
955 174 992 180 —
1009 158 1278 188 PROLEGOMENA.

1760 161 1813 189 424

181 221 246 250 Haec
262 221 344 257 igitur
354 228 417 249 cum
431 220 533 248 incerta
546 220 612 254 sint,
626 219 695 248 nihil
703 220 774 248 certi
789 227 823 248 ex
840 227 967 248 sermone
980 223 1005 253 Α
1020 229 1030 246 ι
1047 219 1193 255 Presbyter
1220 223 1316 255 pastor
1344 217 1453 247 titulum
1476 217 1606 245 condidit.
1636 226 1648 244 ι
1679 217 1815 247 Accurate

182 267 324 303 Polycarpi
340 267 431 294 afferri
454 271 552 301 potest.
570 266 641 300 Sed,
657 266 748 301 inquit
770 265 902 299 Daliaaus,
917 266 970 293 Po-

182 315 309 351 lyearpus
325 322 364 346 se,
380 318 408 341 et
417 321 475 346 eos,
492 320 609 348 quorum
623 313 733 340 nomine
748 312 969 347 Philippensibus

182 360 288 393 scribit,
309 360 452 394 episcopos
476 359 649 394 presbyteros
663 358 741 390 dicit,
760 367 769 385 ι
789 358 967 394 Polycarpus,

182 410 207 434 et
224 406 270 441 qui
293 413 356 433 eum
372 413 405 433 eo
422 410 484 432 sunt
502 405 663 440 presbyteri.
682 414 691 430 ι
709 403 772 432 Haec
785 405 895 440 quidem
912 413 970 440 ept-

182 453 258 480 stolae
275 452 333 487 ejus
359 451 500 486 inscriptio
524 456 582 484 est,
598 451 777 487 Πολύκαρπος
801 451 848 478 καὶ
871 452 896 477 οἱ
920 451 969 478 σὺν

180 499 255 534 αὐτῷ
278 497 467 534 πρεσϐύτεροι.
494 497 546 524 Sed
571 505 605 524 an
627 497 671 525 ille
695 497 741 532 qui
767 505 866 525 nomen
887 504 968 525 suum

181 549 285 572 tantum
303 545 394 576 refert,
419 551 449 572 se
467 544 654 578 presbyterum
677 543 764 571 dicit?
781 542 822 570 An
843 550 905 570 cum
921 550 970 570 ne-

180 591 253 618 mine
266 591 319 618 nisi
340 599 404 618 cum
433 591 592 626 presbytero
613 590 764 626 presbyteri
788 597 849 618 esse
870 595 968 625 potue-

181 638 263 665 runt?
288 637 385 664 Annon
407 645 469 664 cum
496 637 624 671 episcopo
652 636 801 672 presbyteri
820 644 881 664 esse
898 636 969 664 sole-

179 684 264 711 bant?
277 683 317 710 Ex
338 684 380 710 his
393 683 515 717 exsculpi
535 683 610 709 nullo
626 682 707 709 modo
725 686 825 717 potest,
840 681 969 718 Polycar-

179 737 244 765 pum
259 730 379 764 seipsum
391 729 578 765 presbyterum
592 736 705 756 vocasse
721 738 729 756 :
744 734 773 756 ut
787 736 875 764 neque
888 729 967 762 illud,

179 784 227 804 eos
239 784 308 811 quos
322 781 402 804 vocat
421 777 593 811 presbyteros
608 783 732 810 quosque
751 775 805 803 sibi
828 775 965 810 adjungit,

180 822 322 856 episcopos
348 821 446 849 fuisse.
463 820 548 848 Nemo
571 821 644 848 enim
660 821 766 848 dubitat
789 821 854 856 quin
872 821 899 847 in
915 820 968 848 Ec-

179 867 260 895 clesia
278 867 436 902 Smyrnensi
459 866 608 903 Polycarpo
629 866 758 901 episcopo
771 866 893 901 adiuncti
908 865 968 894 fue-

180 913 237 940 rint
250 913 399 949 presbyteri
410 922 417 946 ;
428 921 497 945 cum
513 913 596 948 igitur
610 913 644 940 ad
659 913 747 948 ipsum
769 917 966 948 provocassem

178 959 378 995 Philippenses,
400 967 484 994 quare
509 960 578 987 alios
596 968 629 987 ex
647 959 711 987 Asia
737 960 880 995 episcopos
902 967 968 987 con-

180 1011 300 1039 vocaret,
322 1010 349 1033 et
372 1013 423 1032 suo
446 1006 614 1041 presbyterio
637 1009 782 1033 contentus
803 1013 858 1032 non
883 1009 966 1039 esset,

179 1052 305 1087 equidem
331 1060 384 1079 non
401 1052 490 1079 video.
507 1051 541 1079 Et
565 1052 592 1078 hi
614 1052 724 1086 quidem
744 1056 864 1087 quatuor
880 1052 966 1079 Graeci

178 1103 242 1126 sunt
258 1099 370 1125 secundi
387 1099 479 1126 saeculi
505 1098 668 1133 scriptores,
690 1106 760 1133 quos
784 1099 899 1126 advocat
926 1098 967 1126 vir

178 1145 371 1178 doctissimus;
394 1145 521 1180 quintum
543 1145 615 1172 enim
638 1152 804 1181 anonymum
826 1145 882 1180 jam
905 1150 967 1173 ante

177 1197 373 1225 expunxrmus.

213 1236 371 1264 Latinorum
381 1241 469 1263 autem
489 1236 562 1264 illius
575 1236 715 1264 memoria:
730 1236 830 1263 mirum
844 1237 912 1264 texit
922 1245 966 1264 ca-

178 1284 309 1320 talogum.
318 1284 439 1311 Primum
452 1283 725 1318 lrenaeiinterpretem
735 1283 828 1317 refert,
836 1292 917 1319 quem
930 1284 967 1311 ita

181 1339 191 1357 ι
202 1330 323 1357 locutum
337 1338 399 1358 esse
410 1340 419 1356 ι
436 1330 511 1361 dicit,
530 1339 540 1356 ‹
551 1333 578 1357 et
593 1337 626 1357 ex
642 1337 696 1364 quo
715 1337 776 1364 qual
791 1329 966 1356 fueruntlre-

178 1384 273 1404 nteana
285 1377 411 1411 pleraque
420 1384 449 1403 se
456 1376 632 1411 descripsisse
644 1385 653 1400 ι
670 1374 778 1402 fatetur.
789 1375 879 1408 Quare
893 1376 966 1402 enim

176 1423 256 1451 aliter
270 1423 428 1457 loqueretur
444 1421 537 1449 lrenaei
554 1422 688 1456 interpres
703 1429 785 1456 quam
803 1421 912 1449 locutus
925 1426 967 1449 est

177 1469 321 1497 Irenzeus?
338 1468 392 1495 Aut
406 1467 470 1502 quid
491 1467 640 1495 auctoritas
663 1467 818 1502 interpretis
840 1467 904 1495 huic
928 1468 966 1495 rei

176 1515 300 1547 confert,
317 1515 369 1542 nisi
385 1514 459 1549 quod
478 1513 609 1542 Irenaeum
635 1513 672 1541 ita
691 1513 835 1548 scripsisse
853 1521 967 1549 persua-

178 1570 239 1589 sum
261 1561 420 1593 habeamus,
445 1560 517 1595 quod
543 1567 623 1587 nemo
649 1559 745 1594 negat?
771 1559 834 1587 Sive
853 1559 964 1587 secundi

176 1607 270 1635 szeculi
302 1606 383 1633 fuerit
418 1606 551 1641 interpres
579 1605 640 1639 ille,
677 1606 735 1633 sive
764 1606 899 1641 sequioris
913 1606 964 1632 ali-

176 1653 277 1687 cujus,
302 1652 414 1687 perinde
443 1657 503 1684 est;
529 1651 631 1678 nullam
670 1651 715 1679 ille
731 1652 785 1678 vim
806 1658 966 1687 argumento

177 1699 261 1726 addit.
288 1697 339 1732 Qui
354 1702 451 1733 putant
465 1705 528 1725 eum
553 1697 675 1732 ejusdem
701 1705 764 1725 cum
791 1697 893 1725 Irenaeo
914 1698 967 1726 aevi

176 1744 272 1777 fuisse,
286 1744 373 1780 ipsum
387 1744 519 1771 lrenteum
538 1743 623 1770 fuisse
642 1743 827 1777 hariolantur;
843 1743 881 1770 ita
894 1751 966 1771 unus

178 1794 284 1817 tantum
303 1797 337 1816 ex
370 1794 482 1816 auctore
501 1792 528 1816 et
553 1789 701 1824 interprete
720 1788 797 1816 testis
811 1789 963 1816 conficitur.

175 1835 229 1870 Qui
254 1835 413 1863 existimant
435 1834 557 1869 ejusdem
589 1842 653 1862 cum
681 1834 851 1862 Tertulliano
876 1836 964 1862 aetatis

175 1890 248 1916 esse,
269 1882 336 1909 nihil
348 1881 422 1908 aliud
438 1881 562 1914 aderunt,
582 1881 633 1908 nisi
652 1881 724 1916 quod
751 1885 813 1908 ante
827 1879 856 1908 S.
872 1880 965 1916 Augu-

175 1929 279 1956 stinum
295 1928 439 1962 scripsisse
455 1928 597 1960 videatur;
614 1932 710 1954 contra
733 1935 794 1961 quae
809 1927 894 1954 multa
916 1927 965 1954 ob-

175 1975 222 2009 jici
237 1977 358 2009 possent,
368 1973 391 2001 si
404 1980 447 2001 res
458 1973 514 2007 ipsa
525 1972 570 1999 tali
583 1971 743 2000 defensione
754 1972 896 2007 indigeret.
909 1971 964 1999 Ire—

177 2020 229 2047 τικί
252 2020 392 2054 interpreti
419 2019 560 2054 subjungit
582 2018 661 2045 Pium
688 2017 783 2045 Romae
803 2018 963 2053 episcopum

176 2066 256 2101 cujus
269 2066 411 2100 epistolam
422 2064 502 2092 Justo
515 2065 643 2099 episcopo
666 2063 813 2092 Viennensi
832 2064 963 2092 directam

177 2109 257 2136 nobis
275 2109 388 2144 objicit;
403 2117 485 2142 quam
512 2113 603 2136 tamen
617 2117 626 2134 ε
652 2116 707 2136 non
721 2108 755 2136 ab
774 2109 850 2136 omni
876 2109 964 2144 impo-

173 2159 257 2182 sturat
268 2155 426 2190 suspicione
438 2155 550 2182 liberam
566 2163 576 2180 ι
595 2154 661 2181 olim
682 2153 841 2182 Blondellus
853 2154 963 2189 judica-

175 2201 222 2227 vit.
240 2200 285 2227 Ille
309 2201 437 2235 quidem.
450 2199 576 2235 quisquis
594 2203 654 2231 est,
675 2199 709 2227 de
736 2200 901 2235 presbyteris
915 2200 962 2234 qui

1021 265 1108 301 igitur
1125 266 1331 294 distinctionem
1347 265 1475 294 ordinum
1500 265 1699 300 nominumque
1716 265 1814 293 obser-

1020 310 1166 339 vavitPius
1175 311 1229 343 ille,
1239 319 1300 338 cum
1309 311 1342 338 de
1349 310 1420 339 clero
1430 313 1472 340 sui
1497 311 1628 346 temporis
1640 311 1812 346 loqueretur.

1020 358 1077 387 Nec
1095 359 1187 387 minus
1202 358 1347 386 infeliciter
1361 359 1434 386 hunc
1450 366 1500 394 pro
1513 358 1708 387 communione
1727 357 1816 385 nomi-

1021 413 1086 433 num
1108 405 1198 433 attulit
1223 405 1349 438 Dallazus,
1365 413 1448 441 quam
1471 413 1521 440 pro
1541 406 1657 440 paritate
1682 405 1813 432 ordinum

1019 452 1187 485 Blondellus,
1203 460 1284 487 quem
1295 452 1364 479 adeo
1380 452 1453 479 clare
1473 451 1603 479 refutavit
1618 451 1813 479 Hammundus

1020 503 1123 525 noster.
1138 497 1170 524 Hi
1189 502 1253 525 sunt
1269 497 1393 533 praeclari
1409 498 1463 525 duo
1485 503 1570 526 testes
1588 498 1699 526 secundi
1718 499 1813 526 saeculi

1020 543 1152 571 adversus
1175 542 1310 579 Ignatium
1338 543 1481 578 producti;
1507 544 1606 579 quibus
1634 544 1720 572 miror
1736 551 1812 577 eum,

1019 597 1082 618 cum
1099 594 1176 617 tanta
1196 590 1287 624 inopia
1316 595 1495 624 premeretur,
1516 598 1571 617 non
1588 589 1728 618 addidisse
1748 589 1813 618 Vic-

1018 636 1088 664 toris
1099 644 1175 671 papae
1186 636 1374 664 testimonium
1388 644 1403 663 a
1415 635 1554 664 Blondello
1565 641 1591 664 et
1601 636 1738 664 Salmasio
1746 644 1813 671 pro-

1018 681 1141 715 ductum,
1153 682 1226 717 quod
1236 681 1358 717 ejusdem
1370 682 1450 717 plane
1461 690 1523 709 cum
1535 682 1580 709 illo
1594 681 1742 710 Piifarinaz
1755 687 1810 711 est.

1019 727 1057 754 Ex
1073 728 1120 755 illo
1132 728 1205 755 enim
1222 728 1325 762 colligit
1342 727 1514 761 Blondellus,
1532 728 1723 764 apostolorum
1747 735 1800 756 suc

1018 780 1142 801 cessares
1166 777 1194 801 et
1222 774 1395 804 convictores
1420 774 1603 803 Ecclesiarum
1629 776 1662 803 ad
1686 775 1812 804 Victoris

1019 825 1141 856 tempora
1155 825 1276 849 rectores
1294 822 1468 857 presbyteros
1486 821 1581 850 fuisse.
1596 821 1648 850 Sed
1662 823 1738 854 vidit,
1751 823 1812 858 opi-

1018 874 1080 900 nor,
1098 871 1221 901 apertum
1243 867 1296 896 hoc
1308 874 1369 894 esse
1384 867 1574 900 mendacium;
1587 874 1667 894 nemo
1675 868 1749 894 enim
1763 875 1810 902 qui

1019 913 1205 948 apostolorum
1222 913 1362 941 convictor
1377 912 1476 946 fuerat,
1489 912 1606 940 Victoris
1621 917 1700 940 aetate
1715 912 1812 941 Ecclev

1018 960 1090 987 siam
1114 959 1234 994 regebat.
1259 958 1362 987 Planus
1385 959 1432 986 ille
1456 959 1533 986 aliter
1553 958 1632 986 Pium
1650 966 1749 994 papam
1767 958 1811 986 lo-

1018 1010 1147 1041 quentem
1162 1010 1339 1040 repraesentat
1353 1014 1360 1032 :
1376 1014 1385 1031 ι
1399 1004 1554 1040 Presbyteri
1572 1004 1620 1037 illi.
1633 1004 1679 1040 qui
1695 1004 1731 1032 ab
1744 1012 1812 1039 apo-

1018 1053 1095 1081 stolis
1106 1052 1216 1080 educati
1236 1059 1324 1087 neque
1345 1051 1378 1079 ad
1394 1059 1444 1079 nos
1459 1055 1651 1086 pervenerunt,
1668 1059 1731 1078 cum
1747 1051 1810 1086 qui-

1017 1098 1070 1126 bus
1083 1097 1166 1126 simul
1185 1097 1300 1125 verbum
1321 1096 1385 1124 ﬁdei
1412 1096 1504 1132 partiti
1529 1105 1636 1130 sumus,
1649 1104 1665 1124 a
1690 1096 1810 1124 Domino

1017 1144 1106 1172 vocati
1131 1144 1158 1171 in
1172 1143 1309 1171 cubilibus
1331 1143 1442 1171 aeternis
1461 1143 1547 1170 clausi
1568 1147 1706 1170 tenentur.
1726 1152 1736 1168 ι
1752 1142 1810 1170 Sub

1018 1191 1066 1218 Pio
1085 1191 1166 1226 igitur
1188 1190 1376 1226 episcopatum
1403 1194 1511 1218 tenente
1535 1197 1631 1217 omnes
1655 1189 1810 1225 presbyteri

1017 1237 1205 1272 apostolorum
1223 1237 1394 1265 convictores
1417 1236 1556 1264 demortui
1582 1235 1710 1269 fuerunt,
1723 1240 1761 1269 et,
1779 1241 1810 1263 ut

1017 1284 1063 1311 ille
1079 1284 1176 1317 voluit,
1191 1293 1200 1309 ί
1221 1284 1332 1312 aeternis
1350 1284 1487 1312 cubilibus
1506 1283 1602 1312 clausi.
1623 1293 1632 1309 ι
1651 1283 1717 1310 Post
1728 1283 1809 1310 Pium

1017 1330 1087 1358 sedit
1097 1330 1240 1363 Anicetus,
1258 1334 1320 1365 post
1333 1330 1479 1358 Anicetum
1499 1329 1590 1363 Soter,
1605 1334 1669 1364 post
1681 1328 1807 1357 Soterem

1016 1376 1189 1409 Eleutherus,
1205 1381 1267 1411 post
1283 1375 1459 1404 Eleutherum
1474 1375 1577 1404 Victor.
1592 1376 1632 1402 An
1650 1376 1735 1411 igitur
1747 1383 1809 1411 pre-

1016 1422 1118 1458 sbyteri
1127 1422 1166 1449 illi
1177 1423 1285 1450 aeternis
1297 1423 1432 1450 cubilibus
1440 1423 1577 1458 perruptis
1584 1426 1807 1456 resurrexerunt.

1016 1472 1047 1495 ut
1071 1467 1105 1495 ad
1122 1473 1244 1503 tempora
1261 1467 1379 1496 Victoris
1401 1473 1428 1496 et
1453 1468 1545 1496 nescio
1569 1468 1650 1504 cujus
1674 1467 1807 1496 Desiderii

1016 1512 1179 1542 Viennensis
1191 1514 1321 1550 episcopi,
1342 1515 1473 1543 ecclesias
1497 1514 1705 1550 gubernarent?
1718 1514 1807 1550 ipsius

1017 1559 1149 1588 Blondelli
1165 1562 1245 1589 verba
1272 1565 1348 1593 sunt,
1374 1560 1511 1596 Apologia:
1538 1561 1661 1588 sectione
1684 1561 1806 1596 quinta:

1020 1616 1029 1633 ι
1044 1606 1237 1634 Observaverit
1265 1607 1349 1643 igitur
1365 1607 1460 1641 lector,
1477 1607 1526 1634 Pio
1538 1607 1649 1635 sedente
1661 1607 1743 1643 (inter
1758 1615 1809 1634 an-

1016 1661 1083 1681 num
1098 1653 1149 1683 £46
1165 1658 1192 1681 et
1207 1653 1277 1689 150)
1294 1654 1486 1683 mortalitatem
1504 1654 1657 1689 explevisse
1672 1659 1808 1690 quotquot

1017 1699 1114 1728 Roma
1134 1700 1329 1735 superfuerant
1349 1700 1536 1735 apostolorum
1558 1700 1698 1735 discipuli.
1718 1709 1728 1726 ι
1756 1699 1807 1728 Pio

1016 1750 1107 1774 autem
1118 1750 1248 1781 tanquam
1263 1746 1376 1774 fratrem
1395 1748 1556 1781 scriptorem
1580 1746 1706 1781 adjungit
1731 1746 1807 1774 Grae-

1015 1800 1078 1820 cum
1090 1791 1218 1820 Hermum
1229 1792 1379 1820 Pastorem.
1389 1791 1440 1819 Sed
1454 1792 1528 1819 illum
1541 1791 1581 1819 Pii
1592 1791 1707 1820 fratrem
1721 1791 1807 1821 fuisse

1015 1838 1078 1872 quis
1103 1837 1215 1864 credet?
1239 1836 1413 1872 Suppositilii
1440 1836 1625 1870 Tertulliani,
1654 1841 1703 1864 aut
1732 1836 1805 1864 Libri

1015 1884 1174 1920 pontiﬁcalis
1194 1885 1344 1912 auctoritas
1358 1888 1431 1911 tanta
1447 1891 1502 1910 non
1513 1888 1565 1916 est,
1580 1888 1611 1910 ut
1625 1891 1721 1911 verum
1739 1883 1805 1910 illud

1014 1937 1077 1957 esse
1100 1929 1262 1962 credamus,
1277 1930 1352 1965 quod
1377 1929 1496 1957 lrenaaus
1519 1930 1566 1964 qui
1590 1929 1642 1956 sub
1665 1928 1716 1956 Pio
1726 1929 1803 1960 vixit,

1014 1975 1087 2010 quod
1105 1974 1289 2003 Tertullianus
1302 1975 1375 2010 ipse.
1394 1975 1467 2010 quod
1489 1974 1671 2011 Hieronymus
1689 1983 1805 2010 prorsus

1015 2022 1156 2056 ignorasse
1171 2026 1383 2057 cognoscuntur.
1403 2032 1412 2047 ί
1423 2021 1462 2049 Εο
1479 2021 1562 2057 igitur
1576 2022 1680 2049 [actum
1693 2030 1750 2049 non
1762 2022 1804 2048 vi-

1014 2068 1103 2101 detur,
1128 2074 1158 2096 ut
1180 2067 1295 2096 Hermas
1321 2069 1474 2098 ministeria
1499 2068 1629 2096 Ecclesiae.
1656 2076 1672 2096 a
1692 2068 1804 2096 Christo

1013 2114 1076 2142 data
1088 2115 1175 2143 obiter
1192 2115 1292 2143 alicubi
1309 2123 1528 2143 commemorans
1546 2123 1600 2143 non
1620 2115 1691 2143 alios
1706 2123 1802 2143 recen-

1015 2163 1079 2188 seat
1091 2169 1173 2195 quam
1193 2161 1332 2196 apostolos
1352 2166 1379 2189 et
1404 2162 1548 2197 episcopos
1576 2166 1602 2189 et
1627 2163 1756 2190 doctores
1779 2166 1804 2188 et

1014 2207 1166 2239 ministros,
1182 2207 1208 2234 id
1225 2212 1267 2235 est
1285 2208 1426 2235 diaconos.
1447 2217 1456 2233 ι
1471 2207 1513 2234 An
1533 2208 1599 2242 quia
1618 2207 1684 2234 Pius
1697 2208 1804 2242 episco-

175 2247 211 2274 ab
226 2246 358 2280 apostolis
369 2245 477 2273 educati
491 2245 749 2280 fuerunt,loquitur,
761 2245 808 2272 sed
818 2245 887 2280 jam,
898 2253 905 2272 t

1079 2253 1113 2279 ab
1123 2253 1254 2287 apostolis
1265 2253 1394 2280 educatos
1412 2253 1586 2288 presbyteros
1599 2253 1727 2285 vocabat,
1744 2252 1803 2279 ideo

175 2292 317 2325 scriberet,
343 2292 477 2319 mortuis:
493 2291 567 2326 quod
590 2290 624 2318 ad
645 2299 703 2319 rem
724 2291 802 2318 nihil.
821 2290 850 2318 ln
867 2291 960 2318 eadem

174 2343 264 2366 autem
278 2338 393 2373 epistola
417 2337 450 2364 de
470 2337 513 2365 sui
539 2337 668 2372 temporis
690 2337 798 2365 clericis
822 2337 962 2372 lgnatiauo

175 2391 252 2411 more
270 2384 402 2418 loquitur,
415 2383 528 2410 secundi
541 2383 646 2410 ordinis
658 2383 773 2411 clericos
786 2383 886 2410 diserte
900 2390 962 2418 pre-

173 2432 297 2467 sbyteros
315 2432 432 2466 appellat
444 2440 450 2458 :
462 2440 472 2457 ι
488 2430 614 2458 Salutant
647 2436 673 2458 te
690 2431 768 2459 Soter
791 2436 818 2459 et
836 2431 962 2459 Eleuthe-

173 2479 232 2505 rius
243 2478 318 2512 digni
332 2477 491 2512 presbyteri.
507 2486 516 2502 ι
526 2476 742 2511 Tuncenimipse
755 2477 848 2505 Romae
856 2478 963 2512 episco-

173 2531 226 2560 pus
245 2523 315 2557 fuit;
330 2524 409 2550 Snter
423 2527 515 2550 autem
531 2527 559 2551 et
583 2522 754 2550 Eleutherius
779 2523 877 2551 ibidem
898 2532 962 2559 pro-

174 2569 233 2605 prie
256 2569 332 2601 dicti,
349 2569 373 2596 si
397 2569 476 2601 forte,
492 2568 653 2604 presbyteri.
685 2567 713 2596 Si
739 2569 817 2602 forte,
832 2569 958 2604 inquam;

173 2623 238 2642 nam
250 2619 311 2650 post
325 2614 367 2641 Pii
382 2614 525 2641 decessum
540 2614 726 2642 Eleutherium
742 2614 848 2642 Aniceti
869 2615 961 2642 diaco—

173 2668 240 2688 num
257 2660 342 2687 fuisse
356 2664 471 2687 testatur
481 2659 659 2695 Hegesippus.
672 2660 744 2688 Idem
763 2661 790 2687 in
803 2661 889 2688 altera
903 2662 961 2696 epi-

172 2706 244 2734 stola
258 2705 380 2740 ejusdem
398 2705 503 2739 farime,
519 2706 617 2733 Verum
632 2706 762 2740 collegam
779 2714 859 2734 suum
872 2707 960 2734 nomi-

172 2756 229 2785 nat,
245 2750 354 2778 Justum
366 2750 547 2779 Viennensem
566 2752 627 2787 ejus
652 2752 713 2779 loco
734 2752 913 2779 constitutum
932 2757 960 2781 et

170 2798 278 2826 colobio
289 2798 479 2833 episcoporum
504 2798 631 2827 vestitum
661 2798 801 2833 agnoscit:
816 2798 849 2825 ad
877 2806 958 2833 quem

171 2844 212 2872 sic
225 2844 320 2872 scribit
335 2852 341 2869 :
358 2853 366 2870 t
385 2845 536 2882 Presbyteri
551 2851 579 2874 et
593 2846 701 2874 diaconi
713 2853 768 2872 non
783 2852 814 2872 ut
827 2852 958 2880 majorem

171 2889 220 2918 sed
231 2894 261 2918 ut
274 2890 430 2919 ministrum
443 2891 543 2922 Christi
558 2897 584 2921 te
601 2893 757 2921 observent.
771 2899 781 2918 υ
792 2891 832 2919 Ac
842 2899 955 2920 rursus:

1013 2297 1128 2325 Hermas
1142 2297 1292 2333 presbyteri
1307 2306 1407 2326 nomen
1429 2298 1532 2331 omisit,
1555 2298 1734 2334 presbyteros
1755 2306 1803 2325 au-

1013 2347 1067 2370 tem
1090 2344 1165 2378 ipsos
1188 2343 1240 2369 sub
1255 2343 1390 2378 episcopis
1414 2344 1574 2378 complexus
1595 2345 1658 2371 est?
1671 2344 1800 2378 Quaenam

1012 2389 1072 2417 haec
1084 2389 1154 2416 ratio
1168 2390 1230 2416 est?
1248 2389 1301 2417 Sed
1317 2397 1407 2425 neque
1430 2398 1524 2418 verum
1539 2396 1591 2423 est.
1608 2391 1697 2418 multo
1711 2392 1801 2418 minus

1011 2440 1128 2468 certum,
1157 2434 1284 2463 Hermam
1302 2437 1476 2472 presbyteros
1503 2437 1554 2464 sub
1573 2437 1713 2473 episcopis
1727 2446 1799 2466 com-

1011 2481 1122 2516 plexum
1136 2490 1215 2516 esse;
1238 2490 1309 2517 quos
1323 2483 1375 2510 sub
1389 2483 1550 2511 doctoribus
1564 2485 1658 2519 potius
1681 2486 1799 2521 comple-

1011 2535 1063 2554 xus
1074 2532 1125 2555 est.
1146 2527 1182 2555 Ut
1196 2528 1223 2555 in
1237 2529 1366 2564 passione
1386 2528 1415 2556 S.
1438 2529 1577 2564 Perpetuze
1589 2530 1727 2565 legimus:
1742 2542 1751 2557 ε
1770 2532 1799 2558 Et

1011 2573 1146 2601 exivimus
1167 2578 1194 2601 et
1208 2575 1327 2602 vidimus
1338 2580 1399 2602 ante
1415 2575 1488 2603 fores
1499 2575 1628 2610 Optatum
1642 2578 1797 2614 episcopum

1010 2619 1044 2646 ad
1066 2618 1200 2653 dextram,
1225 2625 1253 2648 et
1277 2621 1422 2657 Aspasium
1439 2622 1632 2658 presbyterum
1658 2624 1797 2652 doctorem

1009 2665 1044 2692 ad
1067 2666 1218 2693 sinistram.
1238 2676 1249 2693 ι
1273 2665 1310 2694 Ut
1335 2667 1522 2696 Tertullianus
1538 2679 1545 2697 :
1562 2679 1571 2695 ε
1589 2670 1661 2703 Quid
1683 2679 1749 2706 crgo
1777 2671 1798 2698 si

1009 2712 1165 2747 episcopus,
1181 2713 1203 2740 si
1217 2713 1360 2745 diaconus.
1370 2714 1394 2741 si
1406 2714 1498 2747 vidua,
1508 2715 1531 2742 si
1552 2715 1638 2750 virgo,
1655 2715 1679 2743 si
1694 2716 1797 2748 doctor.

1009 2757 1032 2784 si
1047 2758 1128 2784 etiam
1147 2763 1250 2793 martyr
1273 2759 1366 2794 lapsus
1380 2767 1396 2786 a
1412 2760 1503 2794 regula
1532 2759 1625 2788 fuerit.
1643 2771 1652 2787 ι
1674 2760 1728 2789 Ubi
1752 2762 1798 2789 do-

1009 2807 1112 2830 ctorem
1133 2803 1192 2832 sine
1213 2805 1298 2833 'dubio
1321 2813 1371 2840 pro
1395 2806 1555 2841 presbytero
1571 2807 1674 2841 posuit.
1701 2806 1730 2834 S.
1748 2807 1797 2843 Cy-

1009 2850 1132 2884 prianus,
1158 2851 1275 2886 epistola
1296 2851 1332 2879 '24
1352 2861 1359 2878 :
1382 2861 1390 2878 ι
1408 2852 1522 2886 Quando
1542 2860 1606 2880 cum
1631 2854 1796 2890 presbyteris

1009 2895 1168 2925 doctoribus
1185 2897 1301 2926 lectores
1315 2898 1458 2934 diligenter
1477 2898 1669 2934 probaremus.
1689 2910 1698 2927 I
1716 2900 1795 2927 [tton-
