1850 3072
83 181 134 208 Pii

483 182 507 210 J.
532 182 712 210 PEARSONH
734 182 894 210 VlNDICH-I
925 183 1133 212 IGNATIANE.
1152 200 1185 205 —
1204 184 1295 214 PARS
1310 185 1343 213 ΙΙ.

1666 183 1719 208 ιιι.

87 244 171 271 deilus
193 242 312 278 quidem
342 242 459 270 aﬂirmat
488 249 616 271 constare
644 244 716 279 apud
739 243 879 276 Hennam.
895 245 917 273 A
932 249 1037 272 veteres
1051 245 1209 280 scriptores,
1224 244 1259 272 ab
1269 245 1454 280 apostolorum
1465 250 1585 280 tempore
1597 245 1648 273 hos
1662 249 1717 272 tres

90 290 213 316 doctores
225 289 262 316 ad
282 290 430 325 episcopos
459 290 593 324 praecipue
615 290 723 323 referri,
741 297 803 318 cum
825 291 883 325 epi-

94 339 230 369 scopatum
250 335 376 370 gessisse
388 335 526 368 dicantur;
542 336 648 367 dolose.
660 341 690 363 ut
702 337 780 364 solet.
796 336 881 364 Verba

92 379 191 408 Henna:
207 386 276 408 sunt
287 381 434 408 visioneZ):
447 390 456 406 ‹
471 381 490 408 li
505 386 569 409 sunt
583 383 696 417 apostoli
709 387 735 409 et
750 383 882 417 episcopi,

91 431 116 451 et
125 426 263 460 doctores,
271 431 298 454 et
306 427 434 459 ministri,
446 427 493 462 qui
501 427 615 461 ingressi
626 432 690 454 sunt
701 427 728 453 in
739 427 881 455 clementia

93 470 138 499 Dei
174 478 202 499 et
228 473 419 508 episcopatum
446 478 605 507 gesserunt,
628 478 656 500 et
678 474 841 505 docuerunt,
855 478 882 501 et

92 516 317 546 ntinistraverunt
331 523 425 546 sancte
439 523 466 546 et
485 520 607 547 modeste
621 520 715 548 electis
729 520 788 548 Dei.
801 530 810 547 ι
834 520 882 548 llis

89 569 178 592 autem
197 565 312 593 minime
321 565 446 593 doctores
461 565 539 592 docet
553 566 738 601 episcopatum
753 566 880 601 gessisse,

88 615 170 645 atque
177 619 211 638 ea
219 611 324 638 ratione
332 611 366 638 ad
382 612 524 646 episcopos
539 611 634 640 referri
644 613 742 640 debere
750 633 757 644 ,
772 612 818 640 sed
830 613 880 639 tri-

87 658 139 684 bus
149 657 289 685 distinctis
305 658 434 692 gradibus
443 666 555 686 suorum
571 658 720 686 ofﬁciorum
729 665 806 688 actus
823 660 881 688 dis-

87 704 173 731 tincte
190 704 351 731 tribuuntur
362 712 438 732 :nam
455 705 575 740 episcopi
588 706 774 741 episcopatum
788 714 879 741 gesse-

87 754 163 781 runt,
179 749 310 777 doctores
320 750 483 783 docuerunt,
499 750 618 778 ministri
634 751 877 785 ministraverunt;

88 799 118 821 ut
143 794 327 822 similitudine
342 795 359 822 9
375 795 497 830 loquitur
513 805 520 823 :
541 806 549 821 ε
566 795 601 823 Ut
625 797 737 830 quidam
753 797 879 825 doctores

86 841 134 875 qui
151 845 228 868 caste
245 847 273 868 et
287 841 394 868 sincere
409 841 625 876 praedicaverunt
641 849 674 869 ac
689 842 852 870 docuerunt.
865 852 875 869 ι

86 885 120 913 lli
137 886 225 921 igitur
243 895 306 914 cum
323 895 419 915 omnes
428 887 482 915 sint
492 887 603 915 secundi
617 887 709 915 saeculi
730 889 877 924 scriptores

934 290 1044 318 ordines
1056 290 1242 318 ministrorum
1258 291 1286 318 in
1299 290 1419 319 Ecclesia
1433 291 1536 318 Christi
1553 291 1648 324 fuisse,
1659 291 1716 325 epi-

934 342 1044 371 scopos,
1062 337 1234 372 presbyteros
1250 342 1276 364 et
1288 335 1622 364 diaconosuOstendimus
1635 336 1716 371 hujus

933 383 1019 417 partis
1038 383 1126 417 capite
1140 383 1228 417 primo
1237 384 1293 418 jam
1309 388 1366 410 tum
1385 383 1411 410 in
1424 382 1553 410 Ecclesiis
1566 382 1638 410 Asiae
1659 383 1716 417 epi-

933 435 1032 463 scopos
1046 429 1194 463 exstitisse,
1205 437 1268 457 cum
1285 429 1441 464 SJgnatius
1458 428 1490 456 ad
1502 429 1663 464 martyrium
1678 427 1716 456 fe-

933 475 1056 502 stinaret.
1087 474 1211 503 Diximus
1243 475 1380 503 neminem
1409 483 1529 510 unquam
1556 474 1715 509 scriptorem

932 519 1122 548 Christianum
1136 526 1163 548 et
1185 522 1350 549 catholicum
1367 521 1470 549 dixisse
1485 520 1627 555 pauciores
1640 520 1715 547 ordi-

933 575 982 594 nes
999 576 1082 602 quam
1104 573 1159 595 tres
1177 569 1315 596 exstitisse
1329 568 1449 596 secundo
1474 567 1584 600 saeculo,
1602 571 1649 594 aut
1663 567 1716 594 ulla

931 612 991 647 ejus
1006 618 1092 648 parte,
1109 613 1190 640 etiam
1211 613 1274 641 illos
1297 621 1392 641 omnes
1412 612 1458 647 qui
1477 611 1599 647 episcopi
1612 616 1639 638 et
1656 618 1717 646 prec

932 659 1033 694 sbyteri
1049 659 1161 686 nomina
1169 659 1195 686 in
1210 659 1396 694 apostolorum
1407 658 1517 693 scriptis
1529 658 1642 685 confusa
1656 664 1718 684 esse

930 705 1135 737 existimabant.
1146 711 1193 733 aut
1207 710 1272 733 tunc
1285 713 1347 733 cum
1360 705 1411 740 ipsi
1427 704 1543 739 apostoli
1557 704 1714 734 scriberent,

930 755 978 778 aut
1005 751 1101 778 saltem
1128 755 1191 779 ante
1208 751 1359 779 secundum
1378 750 1509 778 saeculum
1525 755 1581 778 tres
1604 749 1715 777 ordines

929 801 976 822 seu
1006 795 1108 830 gradus
1135 795 1298 827 tradidisse;
1330 796 1402 831 quod
1428 795 1480 822 hoc
1507 795 1568 822 loco
1585 794 1652 822 satis
1667 802 1715 830 op-

929 845 1048 876 portuno
1059 841 1301 868 demonstrandum
1316 841 1434 876 suscepi.
1450 840 1519 868 Sunt
1533 845 1623 868 autem
1639 839 1668 867 hi
1683 847 1716 867 ex

927 887 1075 919 veteribus,
1087 891 1118 914 ut
1131 887 1239 922 opinor,
1256 895 1363 921 omnes,
1377 891 1424 914 aut
1444 891 1517 915 certe
1532 886 1670 922 przecipui,
1685 885 1715 914 8.

85 935 220 969 quosipro
227 933 535 961 confusionenomiuum
545 934 784 967 adducilDallmus,
794 935 878 970 liquet
894 934 915 962 Β
930 932 1153 968 Chrysostomus,
1179 932 1371 968 Hieronymus,
1385 931 1585 963 TltCOdorel-US.
1598 932 1714 960 Ambro-

85 988 121 1007 ne
135 987 222 1006 unum
238 980 360 1014 quidem,
374 987 436 1007 cum
460 980 562 1015 gradus
582 985 736 1013 enumerat,
753 985 800 1008 aut
813 988 875 1008 cum

86 1026 120 1052 de
144 1025 335 1059 singularibus
356 1026 399 1053 sui
425 1026 555 1061 temporis
580 1027 714 1055 ministris
739 1026 877 1063 Evangelii

86 1071 220 1105 loquitur,
238 1079 339 1099 nomen
355 1072 506 1108 presbyteri
524 1073 549 1100 ei
575 1073 622 1108 qui
645 1073 790 1108 episcopus
804 1079 877 1102 esset

86 1117 228 1144 tribuisse.
245 1116 278 1144 Et
293 1122 350 1144 tum
363 1125 396 1144 ex
413 1117 474 1150 hac,
492 1122 548 1144 tum
566 1126 600 1145 ex
625 1117 710 1153 priori
726 1119 877 1147 assertione

85 1168 160 1197 patet
180 1170 264 1197 quam
287 1162 387 1190 falsum
403 1163 440 1191 sit
459 1163 533 1198 quod
560 1163 677 1192 Dallmus
699 1172 751 1192 nos
776 1165 877 1193 docere

86 1208 174 1235 voluit
186 1217 193 1235 :
209 1217 219 1233 ι
236 1207 284 1235 llic
295 1213 354 1236 erat
364 1209 446 1244 hujus
459 1209 535 1236 vocis
545 1209 672 1244 publicus
684 1210 756 1245 apud
767 1215 876 1238 nostros

84 1261 177 1287 usus,
209 1254 267 1282 hzcc
303 1254 523 1283 Christianorum
547 1255 621 1283 illius
649 1256 790 1285 memoria:
826 1256 877 1284 ho-

85 1301 192 1328 minum
219 1301 357 1328 institutio
378 1308 411 1329 ac
430 1302 616 1335 consuetudo,
634 1306 663 1329 ut
686 1302 875 1338 presbyterum

83 1346 168 1381 vulgo
185 1351 241 1373 tam
258 1346 304 1381 qui
317 1350 389 1374 esset
405 1346 562 1381 primarius,
575 1355 657 1382 quam
679 1348 726 1383 qui
741 1348 876 1376 secunda-

84 1391 156 1423 riua,
170 1396 198 1418 et
211 1391 335 1418 dicerent
363 1392 416 1427 ipsi
437 1397 465 1420 et
483 1393 518 1420 ab
535 1393 596 1421 aliis
620 1394 724 1422 dictum
744 1395 876 1431 intellige—

84 1442 157 1465 rent.
174 1447 184 1464 ι
199 1436 258 1465 Non
273 1437 309 1464 ita
319 1437 414 1473 lgnatii
438 1438 506 1466 Acta
521 1439 682 1474 loquuntur,
696 1448 750 1468 non
769 1449 876 1469 sermo-

84 1484 129 1511 nis
147 1483 369 1511 Christianorum
394 1483 509 1519 diligens
531 1485 690 1513 observator
726 1485 874 1520 Adrianus,

85 1537 139 1556 non
156 1529 279 1557 Ecclesia
295 1529 479 1565 Smyrnensis,
495 1538 548 1558 non
565 1535 698 1567 martyres
711 1531 861 1567 Lugdunen

84 1583 140 1608 ses,
159 1584 213 1603 non
228 1575 407 1612 Hegesippus.
420 1585 473 1606 non
489 1577 644 1614 Polycrates
656 1599 663 1611 ,
676 1587 731 1606 non
750 1579 875 1614 Serapio,

85 1630 140 1649 non
154 1630 310 1657 anonymus
328 1624 374 1657 qui
390 1629 486 1651 contra
502 1623 682 1652 Montanistas
693 1625 813 1660 scripsit,
820 1633 876 1653 non

84 1669 184 1692 auctor
206 1667 331 1701 martyrii
357 1666 386 1694 S.
404 1667 553 1703 Perpetuos,
568 1675 622 1696 non
639 1676 760 1697 canones
769 1669 817 1705 qui
832 1670 876 1697 di-

83 1716 186 1738 cuntur
198 1712 353 1745 apostolici,
369 1720 403 1739 ne
423 1712 538 1741 Hermas
549 1714 670 1749 quidem.
692 1714 788 1743 Nullus
802 1716 876 1744 illius

83 1758 135 1784 ani
153 1757 274 1792 scriptor
288 1766 371 1785 unum
399 1759 571 1793 primarium,
586 1760 668 1787 alium
683 1761 875 1789 secundarium

83 1805 276 1840 presbyterum
293 1805 420 1839 tradidit;
446 1806 538 1835 nullus
554 1807 592 1834 ita
608 1806 717 1836 ordines
732 1816 876 1836 enumera-

84 1853 122 1879 vit
138 1856 169 1880 ut
195 1852 222 1879 in
248 1852 337 1887 primo
353 1852 553 1888 presbyterum,
579 1853 607 1880 in
636 1854 756 1881 secundo
780 1862 875 1882 rursus

84 1899 277 1935 presbyterqu
294 1899 413 1932 locaret;
439 1899 531 1926 nullus
545 1900 701 1934 quempiam
725 1903 790 1927 tunc
812 1907 874 1927 cum

83 1946 142 1981 ipse
157 1946 298 1983 scriberet
318 1945 493 1980 superstitem
508 1949 535 1972 et
551 1945 632 1980 primi
657 1946 761 1973 ordinis
787 1946 876 1973 ollicio

82 1993 244 2027 fungentem
257 1992 443 2028 presbyterum
458 1991 614 2027 appellavit.

115 2039 179 2067 Jam
195 2047 260 2066 vero
274 2039 337 2066 licet
352 2040 394 2066 vir
406 2038 582 2066 doctissimus
597 2045 632 2065 ex
648 2036 809 2065 confusione
825 2045 875 2065 uo-

82 2086 202 2118 minum,
215 2092 299 2120 quam
314 2085 341 2111 in
354 2084 467 2111 secundi
481 2084 574 2112 saeculi
589 2083 769 2118 scriptoribus
782 2084 875 2111 obser-

80 2131 177 2162 vabat,
192 2138 247 2157 non
271 2130 417 2157 concludat
437 2137 499 2157 cum
525 2129 662 2157 Salmasio
677 2129 746 2157 duos
769 2134 873 2156 tantum

80 2178 195 2205 ordines
222 2185 316 2204 sacros
332 2177 360 2204 in
376 2176 497 2204 Ecclesia
524 2175 611 2203 fuisse
634 2183 693 2203 aevo
712 2175 873 2211 lgnatiano;

80 2224 147 2251 licet
160 2227 294 2258 praeterea
306 2222 478 2250 Hammondo
493 2223 549 2255 det,
563 2222 646 2249 etiam
666 2221 718 2249 sub
740 2221 874 2256 apostolis

928 978 1036 1010 siaster,
1050 977 1176 1013 Pelagius
1188 997 1195 1010 ,
1208 977 1349 1011 Sedulius,
1365 977 1527 1011 Primasius,
1545 977 1718 1014 Theophyla-

928 1031 999 1055 c'us,
1012 1022 1208 1051 (Ecumenius.
1230 1023 1283 1057 Qui
1298 1024 1421 1051 omnium
1439 1024 1545 1059 primus
1562 1024 1632 1050 inter
1643 1023 1719 1051 Grae-

927 1077 975 1097 CUS
990 1069 1061 1097 hanc
1075 1070 1217 1097 nominum
1243 1069 1432 1098 confusionem
1454 1070 1535 1098 nobis
1557 1070 1669 1098 tradidit
1686 1069 1716 1097 S.

927 1115 1153 1151 Chrysostomus,
1165 1116 1266 1151 ubique
1281 1116 1398 1144 ostendit
1411 1117 1491 1144 etiam
1508 1121 1573 1144 tunc
1586 1116 1717 1151 temporis

926 1163 1114 1198 episcopatum
1133 1162 1220 1190 fuisse
1235 1163 1357 1191 ordinem
1375 1171 1396 1198 _a
1414 1163 1603 1199 presbyteratu
1620 1162 1717 1190 distin-

927 1214 1001 1236 ctum
1014 1213 1041 1236 et
1058 1209 1237 1244 superiorem.
1251 1208 1292 1236 Ad
1306 1209 1352 1237 illa
1364 1209 1445 1237 verba
1458 1209 1559 1244 Philip.
1573 1218 1591 1242 ι,
1604 1209 1616 1236 1
1634 1217 1640 1234 :
1654 1207 1718 1235 Σὺν⁹

926 1254 1102 1288 ἐπισκόποις
1116 1255 1164 1282 καὶ
1181 1255 1341 1288 διακόνοις,
1360 1255 1417 1282 hac
1432 1255 1545 1282 adnotat
1557 1264 1563 1282 :
1576 1253 1609 1281 Τί
1626 1253 1720 1288 τοῦτος

926 1300 999 1331 Μιᾱς
1014 1299 1117 1332 πόλεως
1127 1300 1217 1327 πολλοὶ
1226 1301 1368 1328 ἐπίσκοποι
1381 1299 1452 1336 ἦσαν
1464 1309 1471 1333 ;
1490 1300 1622 1335 Οὐδαμῶς
1630 1309 1637 1316 θ
1649 1300 1718 1328 ἀλλὰ

926 1344 990 1376 τοὺς
1006 1345 1208 1381 πρεσϐυτέρους
1231 1345 1318 1377 οὕτως
1343 1345 1472 1373 ἐκάλεσεο
1500 1346 1562 1373 τότε
1578 1345 1632 1382 γὰρ
1648 1345 1718 1378 τέως

926 1390 1086 1418 ἐκοινώνουν
1101 1392 1156 1423 τοῖς
1179 1391 1307 1427 ὀνόμασι,
1326 1392 1372 1418 καὶ
1388 1392 1509 1424 διάκονος
1534 1393 1548 1419 ὁ
1569 1393 1718 1425 ἐπίσκοπος

926 1437 1045 1472 ἐλέγετο.
1061 1447 1070 1464 ι
1085 1437 1156 1471 Quid
1175 1437 1245 1465 hoc?
1260 1437 1347 1465 Unius
1363 1439 1441 1465 urbis
1466 1439 1545 1466 multi
1561 1443 1640 1466 erant
1659 1439 1716 1474 epi-

927 1483 1021 1518 scopi?
1032 1483 1227 1518 Nequaquam;
1251 1483 1300 1510 sed
1316 1483 1489 1519 presbyteros
1505 1484 1540 1512 ita
1555 1485 1715 1520 appellavit:

928 1532 993 1556 tunc
1009 1529 1082 1556 enim
1112 1529 1202 1556 adhuc
1231 1528 1390 1556 nominibus
1417 1530 1666 1564 communicabant,
1690 1534 1718 1558 et

928 1575 1073 1609 episcopus
1088 1575 1222 1602 diaconus
1236 1575 1388 1602 dicebatur.
1407 1584 1416 1601 ι
1433 1575 1550 1611 Agnovit
1564 1576 1646 1612 igitur
1660 1576 1718 1604 sin-

929 1621 1036 1656 gulares
1051 1621 1195 1656 episcopos
1221 1621 1248 1648 in
1270 1621 1387 1657 singulis
1405 1622 1521 1651 urbibus
1541 1625 1717 1657 constitutos,

929 1668 976 1702 qui
990 1675 1063 1695 nunc
1078 1668 1211 1703 episcopi,
1226 1676 1300 1696 nunc
1322 1668 1472 1704 presbyteri
1488 1689 1496 1702 ,
1513 1677 1587 1698 nunc
1609 1670 1716 1699 diaconi

927 1714 1096 1742 dicebantur.
1124 1713 1217 1742 Talem
1246 1715 1404 1750 episcopum
1431 1714 1603 1743 Timotheum
1631 1716 1718 1745 fuisse

927 1760 1045 1788 asseruit
1060 1768 1067 1786 :
1084 1760 1144 1788 Ὀτι
1160 1760 1216 1795 γὰρ
1231 1761 1380 1793 ἐπίσκοπος
1395 1759 1439 1797 ἦν,
1457 1761 1524 1797 φησὶ
1540 1761 1609 1798 πρὸς
1625 1762 1716 1795 αὐτὸν,

926 1807 1032 1841 Χεῖρας
1041 1806 1154 1840 ταχέως
1156 1804 1399 1840 μηδενὶέπιτίθει.
1416 1807 1568 1841 «Quoniam
1582 1809 1653 1836 enim
1661 1809 1718 1844 epi-

926 1861 1027 1888 scopus
1041 1858 1110 1887 erat,
1122 1858 1149 1881 et
1157 1854 1222 1881 dicit
1235 1863 1243 1881 :
1257 1853 1352 1880 Munus
1368 1854 1420 1880 cito
1436 1856 1533 1882 nemini
1546 1856 1648 1890 impone
1664 1856 1714 1884 “.-

926 1897 1032 1926 Rursus
1040 1906 1101 1933 quae
1109 1902 1171 1925 ante
1182 1898 1287 1925 dixerat
1295 1899 1455 1934 recolligens
1462 1900 1623 1928 sententiam
1639 1909 1716 1928 suam

926 1949 1019 1979 aperte
1033 1945 1159 1972 enuntiat
1175 1954 1182 1971 :
1201 1945 1289 1980 Ὅπερ
1305 1942 1350 1971 οὖν
1367 1944 1445 1981 ἔφην,
1463 1946 1509 1973 καὶ
1526 1948 1550 1974 οὶ
1567 1947 1717 1984 πρεσϐύτε-

927 1999 968 2027 ροι
978 1991 1008 2017 τὸ
1016 1990 1130 2017 παλαιὸν
1141 1990 1287 2018 ἐκαλοῦντο
1297 1991 1458 2024 ἐπίσκοποι,
1471 1993 1517 2020 καὶ
1532 1995 1556 2020 οἱ
1573 1994 1717 2022 ἐπίσκοποι

927 2037 1106 2074 πρεσϐύτεροι
1131 2037 1177 2064 καὶ
1194 2037 1312 2064 διάκονοι
1328 2037 1376 2064 τοῦ
1385 2038 1504 2074 Χριστοῦ
1523 2040 1570 2075 (ita
1586 2040 1643 2068 hac
1656 2048 1718 2076 qua!

926 2084 953 2111 in
968 2083 1048 2111 editis
1067 2083 1181 2110 confusa
1209 2088 1283 2116 sunt,
1301 2084 1413 2119 legenda
1436 2092 1498 2112 esse
1521 2092 1554 2112 ex
1577 2086 1717 2120 prioribus

925 2130 1020 2164 patet),
1033 2129 1093 2156 ὅθεν
1110 2130 1157 2156 καὶ
1172 2128 1220 2156 νῦν
1237 2129 1329 2156 πολλοὶ
1347 2124 1580 2166 συμπρέσὸυτὲρῳ
1607 2131 1718 2158 ἐπίσκο-

909 2185 971 2211 ,ποι
997 2176 1131 2212 γράφουσι
1149 2175 1196 2203 καὶ
1220 2175 1392 2212 συνδιακόνῳ,
1417 2176 1509 2204 λοιπὸν
1525 2177 1554 2204 δὲ
1569 2177 1600 2204 τὺ
1618 2177 1717 2209 ἰδιάζον

925 2221 1032 2257 ἑκάστῳ
1048 2221 1249 2262 ἀπονενέμηται
1265 2221 1360 2256 ὗνομα,
1370 2222 1384 2248 ό
1396 2222 1546 2255 ἐπίσκοπος
1561 2222 1608 2249 καὶ
1624 2223 1639 2249 ό
1650 2231 1718 2259 πρε-

80 2276 138 2298 tres
155 2269 268 2297 ordines
285 2269 439 2301 exstitisse;
456 2272 545 2296 tamen
570 2275 634 2295 cum
658 2268 716 2303 ipse
735 2267 794 2294 loca
810 2274 875 2302 apo—
891 2274 912 2302 ι)
928 2267 1068 2303 σϐύτερος.
1089 2277 1098 2293 ι
1119 2268 1197 2300 Quod
1216 2268 1298 2303 igitur
1309 2267 1444 2301 dicebam,
1459 2273 1487 2295 et
1499 2269 1649 2304 presbyteri
1664 2276 1716 2296 an-

80 2317 184 2346 stolica
199 2316 278 2343 aliter
289 2315 425 2350 explicare
439 2315 572 2346 videatur,
589 2318 616 2341 et
637 2313 791 2348 argumenti
804 2313 875 2340 mul-

81 2369 110 2391 to
127 2362 217 2397 major
242 2362 284 2389 vis
303 2366 386 2393 esset,
405 2361 427 2388 si
453 2360 603 2389 adversarii
625 2360 743 2395 probare
763 2364 876 2394 possent

82 2415 182 2436 revera
200 2413 256 2435 tres
276 2406 387 2434 ordines
401 2406 547 2434 distinctos
567 2405 662 2441 lgnatii
680 2412 739 2432 aevo
763 2404 875 2432 minime

83 2455 183 2486 luisse,
201 2461 273 2489 quos
289 2452 467 2488 epistolarum
483 2452 599 2487 scriptor
614 2456 670 2479 tam
687 2455 762 2479 caste
774 2456 801 2479 et
811 2458 875 2486 per-

83 2504 170 2536 petuo
181 2499 343 2534 distinguit;
366 2506 400 2525 ne
421 2498 583 2525 sententiam
599 2496 726 2525 Salmasii
746 2497 874 2525 intactam

84 2546 252 2580 relinquere,
268 2549 317 2572 aut
330 2543 502 2572 concessioni
521 2543 663 2571 Dalheanaa
687 2543 768 2571 nimis
792 2543 876 2571 ﬁdere

84 2593 191 2624 videar,
206 2592 240 2619 de
251 2592 304 2619 hac
316 2599 346 2619 re
362 2591 477 2618 ulterius
490 2590 679 2618 disserendum
692 2597 753 2618 esse
770 2590 874 2625 putavi.

86 2640 129 2668 Sit
141 2639 226 2674 igitur
240 2642 338 2673 quarta
363 2637 479 2664 assertio
495 2645 501 2662 :
515 2635 553 2663 Ea
573 2641 652 2663 aetate
668 2643 722 2670 qua
750 2635 779 2662 ὃ.
797 2634 876 2670 lgna~

85 2687 141 2714 tius
155 2685 288 2722 epistolas
303 2683 449 2718 scripsisse
462 2683 572 2715 dicitur,
586 2686 642 2709 tres
657 2689 751 2709 sacros
764 2681 874 2708 ordines

84 2741 130 2761 seu
143 2732 247 2768 gradus
263 2731 408 2758 distinctos
432 2729 459 2756 in
481 2728 603 2756 Ecclesia
622 2727 721 2758 fuisse.
755 2726 813 2754 Hoc
841 2726 875 2754 ab

84 2779 205 2808 Ecclesia
221 2778 373 2813 Anglicana
388 2783 495 2810 semper
505 2774 597 2807 didici,
613 2781 674 2809 qua:
695 2773 723 2800 in
739 2772 876 2800 Ordinalis

83 2824 305 2862 suipml'atione
328 2823 367 2850 ita
386 2821 527 2856 loquitur:
544 2829 555 2846 ί
579 2819 697 2847 Evidens
722 2822 764 2846 est
786 2817 876 2845 omni-

81 2874 130 2902 bus
153 2871 304 2907 diligenter
328 2867 482 2903 legentibus
510 2870 633 2895 sanctam
656 2865 824 2901 Scripturam
849 2868 875 2892 et

112 2929 133 2945 “
148 2929 158 2955 Ι
177 2925 253 2954 Tim.
277 2933 303 2956 v,
321 2923 367 2950 22.

246 2973 386 3004 PATROL.
401 2969 459 3001 Gs.
484 2969 521 2999 V.

926 2313 1040 2348 tiquilus
1053 2314 1224 2340 vocabantur
1238 2313 1369 2348 episcopi,
1387 2317 1414 2341 et
1428 2314 1548 2348 episcopi
1565 2313 1714 2349 presbyteri

925 2363 953 2387 et
963 2358 1070 2386 diaconi
1090 2359 1192 2386 Christi
1216 2359 1300 2394 (unde
1324 2360 1473 2386 etiamnum
1500 2359 1579 2386 multi
1594 2359 1714 2394 episcopi

926 2404 1049 2432 scribunt
1060 2406 1289 2441 symprcsbytero,
1297 2409 1324 2432 et
1338 2404 1515 2440 syndiacono)
1525 2413 1533 2439 ;
1545 2408 1638 2440 postea
1650 2412 1716 2432 vero

926 2451 1063 2486 peculiare
1078 2451 1228 2485 unicuique
1243 2458 1342 2477 nomen
1357 2450 1526 2486 assignatum
1541 2454 1592 2483 est,
1608 2451 1702 2485 episco

926 2505 977 2532 pus
991 2501 1019 2524 et
1047 2497 1198 2532 presbyter.
1219 2506 1228 2522 ι
1246 2495 1352 2524 Rursus
1375 2496 1488 2524 homilia
1512 2496 1655 2524 undecima
1686 2497 1713 2525 in

926 2543 1042 2578 primam
1068 2543 1103 2570 ad
1123 2542 1298 2570 Timotheum
1325 2542 1473 2578 Epistolam
1494 2552 1501 2569 :
1519 2543 1713 2579 Διαλεγόμενος

926 2589 991 2625 περὶ
1013 2588 1170 2615 ἐπισκόπων
1193 2588 1240 2615 καὶ
1255 2587 1462 2624 χαρακτηρίσας
1486 2588 1593 2620 αὐτοὺς,
1610 2588 1657 2615 καὶ
1674 2589 1713 2616 εί-

926 2634 984 2660 πὼν
999 2634 1059 2661 τίνα
1076 2634 1124 2669 μὲν
1139 2633 1222 2669 ἔχειν,
1238 2634 1318 2661 τίνων
1333 2634 1361 2660 δὲ
1377 2634 1525 2670 ἀπέχεσθαι
1541 2635 1605 2671 χρὴ,
1623 2634 1669 2662 καὶ
1683 2635 1714 2662 τὸ

926 2680 980 2707 τῶν
996 2679 1188 2716 πρεσϐυτέρων
1210 2680 1304 2715 τάγμα
1318 2680 1408 2715 ἀφεὶς,
1433 2681 1473 2712 είς
1496 2680 1560 2712 τοὺς
1574 2680 1713 2712 διακόνους

928 2725 1108 2762 μετεπήδησε.
1124 2725 1280 2761 Τίδήποτες
1292 2726 1333 2752 ὅτι
1350 2726 1381 2752 οὐ
1395 2725 1463 2753 πολὺ
1480 2725 1509 2752 τὸ
1528 2725 1609 2761 μέσον
1625 2725 1714 2753 αὐτῶν

927 2771 973 2799 καὶ
989 2771 1043 2798 τῶν
1069 2771 1235 2803 ἐπισκόπων,
1253 2771 1300 2798 καὶ
1316 2772 1372 2807 γὰρ
1388 2772 1434 2799 καὶ
1451 2771 1527 2798 αὐτοὶ
1540 2771 1714 2798 διδασκαλίαν

927 2818 999 2845 εἰσὶν
1012 2817 1218 2853 ὰναδεδεγμένοι
1229 2817 1274 2844 καὶ
1287 2817 1454 2854 προστασίαν
1470 2817 1518 2852 τῆς
1535 2816 1694 2851 Ἐκκλησίας
1705 2825 1711 2830 ·

927 2863 973 2891 καὶ
989 2862 1007 2889 ἃ
1022 2862 1086 2898 περὶ
1103 2861 1258 2889 ἐπισκόπων
1274 2859 1345 2894 εἷπε,
1359 2861 1442 2890 satis:
1461 2861 1506 2888 καὶ
1519 2861 1712 2897 πρεσϐυτέροις

1501 2973 1536 3004 Μ
