1850 3072
111 193 166 222 '02?

115 253 265 289 ἁρμόττειθ
290 253 324 288 τῇ
336 251 389 287 γὰρ
406 249 555 287 χειροτονίᾳ
585 249 653 285 μόνῃ
676 247 908 284 ὑπερϐεϐλήκασι,

116 302 165 330 καὶ
180 300 266 336 τούτῳ
283 299 361 335 μόνον
381 298 488 325 δοκοῦσι
513 297 682 324 πλεονεκτεῖν
702 297 765 327 τοὺς
789 294 904 330 πρεσϐυ-

116 349 222 385 τέρους.
244 357 253 373 ι
273 347 415 374 Disserens
427 346 461 373 de
474 344 610 380 episcopis
619 364 626 376 ,
640 351 790 377 eorumque
804 342 904 370 chara~

118 401 205 423 cteros
222 394 389 426 describens,
411 392 560 427 dicensque
585 399 647 426 qua:
669 398 717 418 eos
741 393 833 417 tenere
852 393 904 416 eta

118 441 219 477 quibus
246 440 383 467 abstinere
409 443 533 473 oportet,
558 437 778 473 presbyterorum
809 434 906 462 ordine

118 489 231 520 omisso,
239 487 271 514 ad
287 487 419 514 diaconos
428 485 566 512 transiliit.
578 483 688 517 Quare?
701 482 765 517 quia
777 482 847 508 inter
859 488 906 508 eos

112 540 145 563 et
159 536 302 570 episcopos
320 541 375 561 non
395 533 510 560 multum
526 531 646 558 interest.
662 529 732 557 Nam
746 533 773 556 et
785 528 835 563 ipsi
854 527 906 555 do-

111 580 197 609 cendi
219 588 319 608 munus
340 585 367 608 et
380 579 569 615 pra-fectumm
582 576 708 604 Ecclesia:
728 578 904 610 acceperunt:

118 633 146 656 et
156 636 188 656 ea
202 636 263 663 qua:
277 628 311 655 de
321 626 456 661 episcopis
467 625 545 656 dixit,
561 624 645 651 etiam
659 622 826 657 presbyteris
840 628 907 648 con-

118 675 246 708 veniunt;
261 674 319 702 sola
334 673 406 701 enim
419 671 561 700 ordinandi
578 674 712 705 potestate
725 668 871 699 excellunt,
881 671 908 694 et

119 722 170 749 hac
185 729 238 748 una
268 728 297 747 re
321 720 446 747 videntur
459 718 624 754 presbyteris
640 715 795 750 superiores
808 721 878 741 esse.
894 722 903 738 ι

120 766 197 795 Unde
220 770 328 794 constat
348 770 473 792 sanctum
488 765 715 799 Chrysostomum
735 760 908 788 existimasse

119 818 184 840 tunc
199 819 260 840 cum
282 811 316 838 ad
340 809 513 838 Timotheum
534 809 644 844 scripsit
665 811 779 835 sanctus
794 805 906 836 Paulus,

119 863 218 894 praeter
234 858 365 885 diaconos
381 860 408 883 et
422 856 605 891 presbyteros,
619 853 702 881 etiam
726 852 868 886 episcopos
880 850 907 877 in
941 869 947 876 .

120 904 241 933 Ecclesia
267 904 368 936 fuisse,
398 910 445 938 per
467 902 610 936 episcopos
624 907 656 927 eo
681 899 741 926 loc-i
763 898 836 925 solos
851 897 908 932 pri-

119 963 157 990 mi
173 962 279 990 ordinis
299 961 438 989 ministros
462 960 624 992 intellectos,
637 963 722 986 totum
737 958 908 993 presbytero-

121 1018 181 1037 rum
197 1009 320 1037 ordinem
332 1008 465 1035 omissum
487 1014 547 1034 esse
560 1027 568 1040 ,
586 1005 733 1033 discrimen
752 1005 822 1031 inter
837 1003 907 1031 duos

120 1056 230 1083 ordines
250 1056 317 1083 satis
338 1053 514 1082 manifestum
528 1060 599 1084 esse,
614 1050 687 1086 quod
707 1054 827 1085 potestas
841 1056 909 1077 con—

121 1102 226 1130 ferendi
248 1108 342 1129 sacros
359 1100 470 1127 ordines
490 1098 625 1133 episcopis
644 1100 825 1131 competeret,
846 1102 908 1130 pre-

121 1147 237 1183 sbyteris
251 1154 358 1181 semper
370 1150 466 1180 negata
474 1148 555 1172 esset.
569 1143 758 1170 Falsissimum
772 1141 853 1176 igitur
867 1145 909 1168 est

120 1193 193 1228 quod
209 1192 364 1219 Blondellus
379 1191 407 1218 in
427 1190 558 1225 Apologia
575 1197 608 1216 ex
632 1189 683 1216 hoc
705 1195 761 1215 uno
783 1187 843 1214 loco
859 1194 909 1221 pro

121 1247 173 1268 suo
187 1246 263 1266 more
278 1237 415 1272 expiscari
437 1236 535 1269 voluit,
551 1235 777 1270 Chrysostomum
794 1233 908 1268 interja-

120 1292 186 1312 cens
200 1289 279 1311 atlate
293 1291 342 1310 sua
366 1283 436 1309 inter
448 1282 602 1309 sacerdotes
617 1280 764 1316 διάστημα,
787 1279 822 1307 ob
840 1286 909 1306 ocu~

121 1330 164 1358 los
179 1329 315 1363 habuisse,
332 1336 402 1363 quos
417 1333 508 1355 tamen
523 1328 558 1355 ab
573 1327 676 1363 origine
691 1335 769 1362 pares
784 1330 906 1353 noverat.

121 1375 190 1404 Nam
228 1376 281 1402 alia
323 1374 416 1402 omnia
450 1374 624 1410 διαστήματα
665 1381 727 1409 quae
758 1380 808 1400 sua
844 1376 909 1399 teta-

123 1428 150 1449 te
173 1421 400 1456 agnoscebantur,
429 1427 542 1455 prorsus
574 1419 699 1452 abstulit,
725 1418 772 1446 sed
797 1418 831 1445 ab
849 1418 908 1453 ipsa

121 1468 227 1503 origine
248 1467 404 1495 observavit
427 1467 480 1494 hoc
497 1467 663 1499 discrimen,
688 1470 848 1500 semperque
872 1465 909 1492 ita

122 1518 246 1542 sanctum
274 1513 389 1541 Paulum
415 1513 611 1548 interpretatus
638 1517 743 1544 est,ut
771 1511 909 1546 impositio

122 1568 252 1588 manuum
265 1560 332 1586 nulli
347 1560 400 1587 nisi
416 1559 497 1594 primi
512 1559 616 1587 ordinis
630 1558 774 1592 sacerdoti,
785 1558 842 1597 sive
852 1557 909 1592 epi-

635 187 663 216 S.
679 184 855 214 IGNATIUS.
868 199 903 205 -—
926 180 1194 211 PROLEGOMENA.

1693 172 1749 200 ηδ

963 243 1081 278 primam
1100 241 1133 268 ad
1149 238 1273 267 Corinth.
1289 246 1295 263 :
1314 237 1428 264 Ἔπειτα
1444 234 1521 269 ὤφθη
1539 231 1679 278 Ἰακώϐῳ(

956 276 1040 320 δοκεῖ,
1057 287 1096 322 τῷ
1113 285 1221 321 ἀδελφῷ
1237 284 1276 320 τῷ
1285 283 1392 316 ἑαυτοῦ,
1409 281 1489 313 αὐτὸς
1506 280 1560 316 γὰρ
1577 279 1660 306 αὐτὸν
1675 276 1756 310 λέγμ

956 343 1001 362 ται
1025 331 1286 369 κεχειῳτονηκέναι,
1309 330 1356 357 καὶ
1377 328 1525 356 ἐπίσκοπον
1549 327 1577 352 ὲν
1599 322 1757 360 Ἰεροσολὺ-

959 388 1018 415 μοις
1035 377 1214 413 πεποιηκέναι
1231 375 1351 412 πρῶτον.
1366 383 1374 399 ι
1387 373 1484 401 Postea
1499 369 1756 407 apparuitJacobo,

958 431 987 453 ut
999 424 1196 456 mihividetur,
1211 421 1288 449 fratri
1301 429 1361 449 suo.
1388 419 1449 454 Ipse
1468 419 1541 446 enim
1558 417 1635 444 illum
1649 415 1756 443 dicitur

958 471 1103 498 ordinasse
1125 475 1152 497 et
1166 469 1285 504 primum
1310 466 1562 501 Hierosolymorum
1589 463 1756 498 episcopum

959 518 1066 545 fecisse.
1084 526 1093 542 ι
1111 515 1184 543 Idem
1197 518 1322 542 sanctum
1347 512 1481 550 lgnatinm
1506 514 1644 542 nostrum,
1660 508 1758 534 Antirr

958 564 1052 591 chenae
1066 562 1194 590 Ecclesia:
1207 560 1368 596 episcopum
1385 566 1400 586 a
1416 562 1512 585 sancto
1528 556 1610 583 Petro
1637 555 1756 582 ordina-

959 615 1018 637 tum
1031 609 1166 644 agnovit,
1184 612 1211 635 et
1237 605 1420 634 ordinationis
1442 604 1516 631 illius
1540 601 1757 638 praerogativam

959 656 1038 683 miris
1054 655 1142 682 modis
1154 653 1322 689 praedicavit.

994 701 1025 728 Β.
1042 700 1234 728 Theodoretus
1244 697 1436 726 confusionem
1452 695 1597 723 nominum
1612 692 1756 729 agnoscit,

958 752 986 775 ct
998 748 1051 775 late
1067 746 1195 781 explicat,
1206 745 1240 772 ad
1254 745 1372 779 Philipp.
1382 751 1401 776 ι,
1410 743 1436 770 1.
1447 742 1500 770 Sed
1513 741 1658 776 episcopos
1670 739 1757 767 etiam

959 799 1025 821 tunc
1042 793 1173 828 temporis
1200 791 1340 819 exstitisse
1354 794 1382 817 et
1396 787 1564 825 presbyteris
1590 787 1757 821 superiores

959 840 1047 868 fuisse
1060 838 1142 867 simul
1155 837 1264 865 asserit.
1281 836 1366 863 Docet
1376 843 1410 864 eo
1424 834 1479 862 loci
1492 832 1695 869 perepiscopos
1711 830 1758 857 iu-

960 885 1044 920 telligi
1070 884 1245 919 presbyteros
1258 882 1374 915 debere;
1391 881 1439 909 sed
1453 878 1684 915 Epaphroditum,
1707 875 1757 911 qui

924 933 947 962 Β
961 937 1018 959 tum
1032 931 1061 958 ὃ.
1078 930 1164 958 Paulo
1180 930 1285 961 aderat,
1298 933 1325 955 et
1337 935 1386 962 per
1399 934 1482 962 quem
1500 924 1644 959 epistolam
1667 923 1757 955 misit,

959 976 1177 1012 Philippensium
1191 975 1351 1010 episcopum
1367 973 1453 1000 fuisse
1470 970 1601 998 ostendit.
1616 969 1669 995 Τὸν
1682 968 1712 995 δέ
1724 976 1758 1002 γε

961 1023 1096 1060 μακάριον
1115 1021 1308 1057 Ἐπαφρόδιτον
1322 1020 1350 1046 ἐν
1360 1019 1429 1054 αὐτῇ
1445 1018 1478 1053 τῇ
1491 1015 1619 1051 ἐπιστολῇ
1634 1015 1757 1042 ἀπόστο-

959 1070 1004 1097 λον
1015 1069 1107 1098 αὺτῶν
1121 1068 1267 1103 κέκληκεν.
1292 1067 1390 1101 Σαφῶς
1406 1065 1495 1092 τοίνυν
1511 1062 1629 1096 ἐδίδαξεν
1649 1061 1688 1093 ὡς
1705 1061 1757 1096 τὴν

959 1115 1138 1151 ὲκισκοπικὴν
1153 1113 1309 1149 οἰκονομίαν
1318 1112 1399 1144 αὐτὸς
1412 1111 1590 1138 ἐπεπίστευτο
1607 1108 1677 1143 ἔχων
1688 1107 1758 1133 ἀπο-

960 1162 1054 1189 στόλου
1080 1160 1287 1197 προσηγορίανι
1308 1168 1317 1184 ι
1342 1158 1455 1186 Beatum
1479 1155 1698 1191 Epaphroditum
1726 1153 1756 1180 in

959 1208 1075 1244 epistola
1102 1207 1160 1242 ipsa
1176 1205 1332 1241 apostolum
1357 1211 1453 1231 eorum
1468 1201 1626 1236 appellavit.
1655 1201 1756 1234 Aperte

959 1263 1024 1290 ergo
1042 1253 1139 1281 docuit
1158 1252 1341 1287 episcopalem
1357 1249 1591 1284 dispensationem
1618 1246 1644 1274 ei
1669 1245 1757 1273 fuisse

959 1289 1102 1330 creditam,
1117 1304 1179 1323 cum
1194 1295 1402 1331 appellationem
1416 1293 1529 1320 haberet
1548 1291 1677 1327 apostoli.
1695 1300 1705 1316 ι
1724 1289 1756 1317 Et

960 1351 1057 1371 rursus
1074 1343 1107 1370 ad
1119 1342 1216 1377 cap.2,
1237 1349 1309 1369 vers.
1321 1340 1358 1367 25
1373 1350 1380 1367 :
1400 1338 1560 1366 Ἀπόστολον
1572 1338 1600 1364 δὲ
1614 1337 1698 1364 αὑτὸν
1708 1336 1756 1363 κέ-

959 1389 1060 1425 κληκεν
1075 1388 1176 1420 αὐτῶν,
1189 1388 1227 1419 ὠς
1239 1387 1288 1423 τὴν
1303 1385 1462 1421 ἐπιμέλειαν
1473 1384 1562 1411 αὐτῶν
1572 1385 1757 1419 ἐμπεπιστευ-

961 1435 1052 1471 μένον,
1065 1434 1103 1466 ὡς
1117 1431 1274 1469 εἶναιδῆλον
1288 1432 1329 1459 ὅτι
1344 1431 1395 1458 ὑπὸ
1409 1430 1502 1458 τοῦτον
1514 1430 1621 1457 ἐτέλουν
1635 1429 1662 1456 οἱ
1676 1430 1706 1455 ὲν
1716 1427 1755 1463 τῷ

960 1481 1096 1517 προοιμίῳ
1112 1479 1258 1516 κληθέντες
1273 1477 1426 1507 ἐπίσκοποι,
1445 1476 1491 1503 τοῦ
1511 1475 1699 1512 πρεσϐυτέρου
1710 1474 1756 1509 δη-

959 1526 1047 1554 λονότι
1071 1525 1122 1562 τὴν
1144 1524 1220 1558 τάξιν
1234 1523 1411 1560 πληροῦντες.
1428 1532 1438 1548 ‹
1452 1521 1614 1556 Apostolum
1631 1520 1755 1555 ipsorum

960 1571 1079 1605 vocarit,
1095 1575 1124 1598 ut
1137 1570 1181 1599 cui
1196 1574 1271 1598 esset
1284 1576 1380 1597 eorum
1389 1575 1455 1596 cura
1468 1566 1637 1594 concredita.
1653 1564 1690 1592 Ut
1700 1565 1756 1592 cla-

123 1615 206 1642 ⁸⁰⁰Ρ⁰
231 1606 339 1640 proprie
356 1606 428 1633 diem
441 1610 508 1633 "me
519 1609 694 1640 compewrct'
710 1604 738 1631 ¹¹¹
754 1604 804 1632 hac
816 1612 846 1631 re
855 1603 913 1639 epi'
924 1613 947 1643 C
963 1625 1026 1644 rum
1054 1603 1090 1644 sit
1102 1615 1153 1644 sub
1167 1615 1213 1643 illo
1236 1615 1407 1643 ministrasse
1422 1621 1480 1646 eos,
1497 1612 1544 1647 qui
1568 1611 1596 1638 in
1615 1610 1757 1638 Prommio

122 1660 220 1687 scopos
236 1653 420 1688 ὑπερϐαίνειν,
438 1652 466 1679 in
486 1652 537 1679 hac
552 1651 721 1678 πλεονεκτεῖν
742 1650 805 1681 τοὺς
823 1658 908 1685 πρεσ-

123 1698 253 1735 ϐυτέρους
268 1699 336 1726 dixit
351 1707 358 1724 :
375 1703 402 1726 et
413 1698 480 1726 satis
494 1697 614 1732 amplum
629 1697 682 1724 hoc
694 1695 841 1723 discrimen
855 1694 912 1730 ipse

122 1744 263 1780 judicavit.
284 1743 351 1771 Nam
371 1744 479 1771 πάντων
497 1743 615 1779 μάλιστα
641 1741 817 1778 κυριώτατον,
835 1741 880 1768 καὶ
896 1741 910 1768 ὂ

125 1790 241 1826 μάλιστα
258 1791 362 1825 συνέχει
393 1790 441 1826 τὴν
465 1789 640 1825 Ἐκκλησίαν,
657 1788 688 1815 τὸ
710 1787 764 1815 τῶν
790 1796 910 1823 χειροτο-

124 1835 199 1868 νιῶν,
210 1846 219 1861 ‹
236 1840 395 1871 potestatem
421 1835 565 1862 ordinandi
577 1834 699 1862 omnium
713 1841 868 1869 supremam
885 1837 912 1861 et

124 1891 184 1918 qum
204 1881 353 1910 Ecelesiam
381 1882 502 1909 maxime
517 1880 646 1914 continet,
665 1880 796 1907 rhomilia
812 1881 908 1915 quinta

124 1931 158 1958 ad
175 1931 290 1966 primam
306 1929 390 1965 Epist.
406 1929 440 1956 ad
453 1929 626 1956 Timotheum
648 1927 850 1963 prenuntiarit;
864 1935 912 1962 pa—

125 1986 170 2005 res
184 1977 265 2012 igitur
277 1985 417 2011 nunquam
433 1976 554 2012 agnovit.
573 1975 630 2003 lloe
641 1975 669 2003 in
693 1974 852 2010 explicanda
880 1973 910 2001 S.

124 2023 312 2059 Chrysostomi
329 2022 462 2049 sententia
476 2027 580 2049 certum
596 2026 648 2053 est,
663 2025 693 2048 ut
716 2021 742 2048 in
769 2020 909 2048 nonnullis

125 2070 192 2097 locis
209 2069 253 2096 ubi
270 2068 420 2105 presbyteri
437 2076 535 2096 nomen
547 2067 699 2095 adhibitum
712 2072 762 2099 est,
772 2067 912 2102 presbyte.

125 2124 171 2143 ros
192 2123 287 2143 omnes
305 2115 462 2147 excluserit,
476 2119 503 2142 et
516 2115 660 2150 episcopos
674 2115 749 2142 solos
765 2114 915 2148 intelligen-

125 2162 176 2189 dos
189 2169 250 2188 esse
264 2161 397 2193 docuerit,
416 2164 446 2187 ut
465 2160 476 2187 Ι
495 2159 567 2187 Tim.
584 2168 609 2187 iv
620 2180 627 2192 ,
645 2160 678 2187 14
692 2169 697 2186 ;
713 2160 750 2186 Οὐ
767 2160 832 2195 περὶ
849 2167 915 2195 πρε-

125 2207 263 2243 σϐυτέρων
280 2208 362 2243 φησὶν
378 2207 508 2239 ἐνταῦθα,
526 2206 594 2234 ἀλλά
610 2208 674 2244 περὶ
695 2207 868 2238 ἐπισκόπων,
884 2205 914 2232 οὐ

123 2254 178 2290 γὰρ
193 2254 225 2290 δὴ
252 2254 431 2290 πρεσϐύτεροι
454 2254 600 2282 ἐπίσκοπον
621 2254 815 2290 ἐχειροτόνουν.
829 2262 838 2278 ι
853 2251 915 2279 Non

962 1663 1131 1691 vocabantur
1139 1661 1271 1697 episcopi,
1278 1668 1375 1695 nempe
1383 1658 1533 1695 presbyteri
1543 1658 1668 1685 ordinem
1683 1664 1758 1684 com-

963 1709 1079 1745 plentes.
1097 1718 1106 1735 ι
1122 1708 1290 1736 Sententiam
1305 1706 1365 1742 ejus
1374 1704 1660 1741 plenius'explieatam
1673 1702 1756 1730 liabe-

963 1763 1026 1783 mus
1042 1757 1075 1782 ad
1093 1755 1101 1781 l
1117 1754 1188 1782 Tim.
1213 1761 1274 1788 cap.
1293 1761 1323 1780 lll
1337 1761 1343 1779 :
1358 1753 1427 1784 Τοὺς
1444 1751 1541 1782 αὐτοὺς
1560 1749 1676 1776 ἐκάλουν
1691 1749 1758 1776 ποτὲ

963 1801 1101 1837 πρεσϐυτέ
1106 1809 1169 1837 ρους
1180 1800 1227 1827 καλ⁵
1242 1799 1416 1830 ἐπισκόπους·
1435 1798 1498 1829 τοὺς
1517 1797 1545 1823 δὲ
1559 1796 1607 1823 νῦν
1619 1794 1756 1830 καλουμέ-

963 1855 1024 1878 νους
1040 1846 1205 1877 ἐπισκόπους
1220 1844 1384 1875 ἀποστόλους
1394 1842 1543 1878 ὠνόμαζον·
1557 1841 1603 1868 τοῦ
1617 1841 1646 1867 δὲ
1661 1841 1757 1876 χρόνου

963 1892 1117 1927 προϊόντος,
1133 1891 1163 1918 τὸ
1175 1891 1224 1926 μὲν
1237 1891 1287 1925 τῆς
1306 1889 1459 1924 ἀποστολῆς
1474 1888 1558 1923 όνομα
1577 1889 1633 1919 τοῖς
1648 1886 1758 1922 ἀληθῶς

964 1937 1124 1969 ἀποστόλοις
1132 1936 1284 1963 κατέλιπον·
1297 1935 1345 1971 τὴν
1357 1935 1385 1961 δὲ
1397 1935 1446 1971 τῆς
1462 1933 1614 1967 ἐπισκοπῆς
1625 1940 1759 1968 προσηγο-

965 1984 1026 2020 ρίαν
1035 1985 1091 2014 τοῖς
1106 1983 1190 2010 πάλαι
1201 1981 1376 2017 καλουμένοις
1388 1979 1546 2010 ἀποστόλοις
1556 1978 1700 2005 ἐπέθεσαν·
1711 1977 1757 2004 οὖ-

964 2039 1002 2056 τω
1017 2028 1204 2064 Φιλιππησίων
1215 2027 1364 2058 ἀπόστολος
1379 2027 1392 2052 ό
1413 2024 1608 2060 Ἐπαφρόδιτος
1622 2022 1667 2060 ἦν·
1684 2024 1757 2051 οὕτω

964 2074 1083 2112 Κρητῶν
1095 2075 1109 2101 ό
1120 2073 1208 2106 Τίτος,
1223 2073 1270 2100 καὶ
1286 2072 1416 2099 Ἀσιανῶν
1427 2072 1441 2098 ὁ
1456 2071 1586 2107 Τιμόθεος
1600 2070 1755 2097 ἀπόστολον

964 2121 1036 2147 οὓτω
1053 2120 1106 2147 ἀπὸ
1120 2120 1174 2147 τῶν
1191 2119 1322 2155 Ὶεροσολύ
1327 2127 1384 2154 μων
1398 2119 1454 2149 τοῖς
1468 2118 1497 2144 ἐν
1515 2117 1667 2152 Ἀντιοχείᾳ
1677 2116 1758 2152 ἐγραμ-

965 2167 1018 2202 ψαν
1031 2167 1056 2193 οἰ
1072 2165 1215 2193 ἀπόστολοι
1229 2166 1275 2192 καὶ
1290 2167 1314 2192 οἰ
1327 2164 1514 2200 πρεσὸύτεροι.
1532 2173 1540 2190 ι
1558 2163 1678 2191 Eosdem
1692 2163 1756 2190 olim

967 2213 1103 2241 vocabant
1125 2212 1301 2248 presbyteros
1315 2216 1343 2238 et
1356 2212 1501 2246 episcopos
1520 2219 1526 2236 :
1542 2217 1591 2238 eos
1603 2214 1699 2237 autem
1711 2209 1756 2245 qui

967 2267 1042 2287 nunc
1067 2263 1200 2286 vocantur
1224 2257 1364 2293 episcopi,
1396 2257 1536 2292 apostolos
1565 2256 1755 2283 nominabant.

126 2300 170 2327 hic
185 2301 217 2327 de
229 2301 396 2336 presbyteris
411 2301 541 2335 loquitur,
554 2301 600 2328 sed
613 2301 646 2327 de
661 2299 804 2334 episcopis.
820 2298 856 2326 Ne

1026 2305 1135 2333 cedente
1149 2309 1239 2332 autent
1256 2308 1378 2338 tempore
1394 2303 1565 2338 apostolatus
1576 2309 1678 2329 nomen
1695 2301 1756 2328 reli-

125 2346 198 2373 cnim
210 2347 359 2382 presbyteri
371 2347 528 2382 episcopum
536 2346 710 2375 ordinabant.
723 2356 731 2372 ι
745 2345 779 2372 Ει
792 2345 845 2372 Tit.
858 2345 911 2378 1,5:

125 2391 195 2424 Τοὺς
211 2393 375 2425 ἐπισκόπους
392 2393 508 2420 ἐνταῦθά
522 2402 598 2430 φησι,
611 2393 700 2425 καθὼς
714 2391 831 2427 ἀλλαχοῦ
848 2392 914 2426 ἡμῖν

125 2437 244 2474 εἴρηται.
262 2448 271 2464 ι
287 2438 435 2474 Episcopos
450 2439 494 2466 hic
515 2439 651 2473 intelligit,
675 2437 910 2473 quemadmodum

127 2491 142 2510 a
160 2484 237 2511 nobis
251 2484 315 2511 alibi
329 2485 432 2512 dictum
446 2489 498 2516 est,
514 2493 611 2519 nempe
622 2485 654 2512 ad
664 2484 761 2519 Philip.
776 2492 795 2518 ι,
810 2484 841 2516 5;
862 2483 913 2510 ho-

127 2531 201 2558 milia
212 2532 306 2566 quinta
323 2532 357 2559 ad
365 2531 538 2559 Timotheum
549 2529 917 2565 ;Διαλεχθεὶς,περὶ,ὲπισκό·

127 2583 195 2608 πων,
209 2576 272 2612 περὶ
282 2576 423 2609 διακόνων,
437 2575 552 2612 ἀνδρῶν,
566 2575 713 2610 γυναικῶν,
731 2575 793 2611 περὶ
809 2573 913 2610 χηρῶν,

128 2621 190 2658 περὶ
198 2622 399 2659 πρεσϐυτέρων,
410 2623 472 2659 περὶ
480 2622 533 2649 τῶν
539 2622 626 2649 ἄλλων
633 2621 768 2654 ἁπάντων,
775 2621 822 2648 καὶ
828 2619 916 2652 δείξας

126 2668 196 2694 ὅσων
206 2668 280 2694 ἐστιν
288 2669 436 2699 ἐπίσκοπος
447 2668 539 2703 κύριος
546 2689 553 2701 ,
561 2669 605 2695 ihs
616 2668 679 2704 περὶ
686 2668 802 2704 κρίσεως
813 2667 916 2701 ἔλεγεν,

129 2712 276 2748 ἐπήγαγε(
289 2713 356 2741 Cum
364 2713 576 2741 disseruissetde
589 2713 733 2749 episcopis,
741 2713 916 2745 dediaeonis,

130 2763 186 2784 tum
200 2759 266 2785 viris
276 2763 333 2786 tum
350 2759 469 2791 feminis,
485 2759 518 2786 de
529 2759 628 2793 viduis,
642 2759 675 2787 de
689 2759 865 2795 presbyteris,
881 2760 915 2786 de

128 2805 190 2832 aliis
218 2806 358 2838 onniibus,
379 2807 596 2843 ostendissctquc
617 2807 740 2842 qualium
772 2807 917 2842 episcopus

127 2851 362 2885 ilominusestmbi
373 2854 406 2881 de
414 2854 517 2888 judicio
526 2855 641 2885 dixerat.
651 2853 805 2889 subjunxit.
820 2863 830 2879 ι
840 2853 913 2880 Idem

129 2899 260 2927 Iacobum
277 2898 387 2926 fratrem
414 2899 519 2927 Domini
533 2900 782 2935 Hierosolymorum
808 2899 914 2933 episco-

129 2954 192 2981 pum
218 2945 253 2972 ab
280 2945 358 2973 initio
379 2945 533 2974 ordinatura
550 2946 668 2982 putavit.
696 2944 812 2972 llomilia
841 2945 869 2971 ll
888 2945 914 2971 in

968 2354 1088 2386 querunt
1110 2350 1144 2377 iis
1170 2349 1217 2385 qui
1242 2357 1305 2376 vere
1321 2352 1401 2376 erant
1425 2347 1563 2383 apostoli;
1579 2347 1756 2381 episcopatus

967 2400 1058 2423 autem
1089 2395 1298 2430 appellationem
1324 2394 1358 2421 iis
1383 2394 1430 2428 qui
1456 2393 1522 2420 olim
1548 2392 1756 2427 appellabantur

968 2442 1094 2477 apostoli,
1112 2442 1312 2477 imposuerunt.
1329 2441 1369 2467 ita
1384 2439 1600 2474 Philippensium
1616 2438 1756 2474 apostolus

967 2493 1025 2515 erat
1038 2488 1258 2523 Epaphi-editus:
1275 2487 1309 2514 ita
1330 2485 1504 2517 Cretensium
1520 2484 1609 2517 Tilus,
1631 2489 1659 2511 et
1679 2484 1756 2512 Asia-

968 2541 1067 2561 norum
1083 2533 1245 2560 Timotheus
1258 2532 1386 2567 apostoli.
1409 2531 1448 2558 lta
1464 2530 1498 2557 ab
1513 2529 1712 2566 Hierosolymis
1725 2530 1756 2556 iis

967 2578 1014 2614 qui
1029 2583 1107 2605 erant
1118 2578 1280 2609 Antiochiae,
1297 2577 1466 2612 scripserunt
1480 2575 1596 2611 apostoli
1606 2580 1634 2602 et
1646 2576 1757 2611 presby-

968 2623 1029 2650 teri.
1043 2633 1051 2649 ι
1065 2622 1138 2650 Unde
1150 2628 1262 2658 apparet
1275 2631 1307 2650 ex
1318 2622 1451 2649 sententia
1462 2621 1492 2649 B.
1505 2621 1681 2652 Theodoreti,
1693 2625 1756 2648 tem-

969 2677 1034 2704 pore
1049 2668 1236 2704 apostolorum
1264 2673 1319 2695 trcs
1343 2667 1430 2695 fuisse
1451 2668 1553 2703 gradus
1570 2667 1598 2693 in
1614 2666 1754 2694 Ecclesia:

968 2715 1121 2750 episcopos,
1129 2715 1176 2750 qui
1186 2721 1242 2742 tuin
1254 2715 1415 2742 dicebantur
1423 2714 1540 2749 apostoli
1550 2723 1557 2747 ;
1572 2713 1754 2749 presbyteros,

968 2762 1015 2797 qui
1031 2769 1104 2789 nunc
1123 2761 1256 2796 episcopi,
1275 2769 1348 2788 nunc
1364 2761 1514 2796 presbyteri
1529 2761 1713 2792 vocabantur,
1731 2764 1756 2786 et

968 2807 1121 2834 diaconos:
1137 2811 1231 2841 postea
1253 2814 1327 2840 vero,
1352 2806 1433 2841 primi
1458 2807 1565 2833 ordinis
1588 2805 1755 2838 sacerdotes.

969 2853 1078 2880 nomine
1093 2852 1208 2887 apostoli
1229 2852 1282 2879 illis
1296 2852 1343 2886 qui
1367 2860 1429 2879 vere
1446 2852 1563 2887 apostoli
1579 2851 1702 2884 fuerunt,
1717 2859 1757 2878 re-

969 2904 1089 2932 servato,
1107 2899 1218 2933 proprie
1229 2903 1255 2925 et
1269 2898 1397 2925 distincte
1419 2899 1562 2932 episcopos
1582 2897 1672 2924 dictos
1687 2905 1754 2928 esse.

969 2949 995 2971 ct
1009 2944 1128 2979 reliquos
1146 2943 1258 2971 secundi
1275 2943 1380 2970 ordinis
1397 2942 1552 2970 sacerdotes
1569 2941 1755 2976 presbyteros.
