1850 3072
87 184 134 212 429

473 189 499 218 J.
521 189 700 217 PEARSONH
722 189 881 217 VlNDlCl/E
902 189 1114 218 ICNATIAN/E.
1134 205 1166 210 —
1184 190 1274 218 PARS
1288 190 1320 217 ll.

1647 194 1699 219 430

86 251 117 280 At
128 251 244 287 apostoli
259 259 364 280 nomen
376 251 457 287 primi
468 252 574 279 ordinis
589 251 867 279 sacerdotibustribui
887 253 908 281 Α
923 250 1036 285 singulis
1059 250 1188 278 Ecclesiis
1213 258 1328 285 praeesse
1356 248 1484 277 decrevit.
1504 259 1512 276 ι
1527 245 1565 278 Ac
1578 259 1675 278 rursus
1694 272 1699 276 .

87 299 162 326 desiit
175 303 240 327 ante
267 299 433 335 martyrium
450 298 556 334 lgnatii.
583 297 653 333 Ergo
676 305 710 325 ex
736 298 870 326 sententia

86 343 249 372 Theodoreti
261 345 315 372 sub
329 344 446 380 lgnatio,
462 348 489 371 et
502 344 590 371 cilicio
605 348 631 371 et
648 343 759 370 nomine
771 342 879 370 distin-‘

86 391 238 426 guebantur
250 391 374 425 episcopi
386 395 413 417 et
426 390 587 425 presbyteri.

118 435 344 471 Theophylactus
362 439 435 463 certe
449 443 502 463 non
517 436 685 463 existimavit
699 436 872 472 presbyteros

85 481 117 508 ad
127 480 324 516 Pbilippenses
337 481 480 516 episcopos
493 489 555 508 esse
570 481 658 509 dictos
672 482 719 509 sed
730 481 871 517 coepisco-

85 533 149 560 pos;
173 526 323 560 episcopos
348 531 438 558 autem
459 526 617 561 apostolicis
631 527 800 562 temporibus
824 534 872 554 eos

84 571 164 598 etiam
178 571 270 598 dictos
287 571 401 605 putavit,
423 572 460 603 ὼς
477 571 693 604 ἐπισκοποῦντας
707 573 805 608 δηλαδὴ
822 573 870 599 καὶ

83 621 183 652 αὐτοὺς
197 620 244 647 τὸν
256 619 331 652 λαόν,
353 628 363 644 i
379 620 450 654 quod
465 619 546 646 etiam
564 620 614 654 ipsi
634 620 762 654 populum
780 620 872 655 inspe-

83 671 201 700 ctarent,
217 676 227 692 ι
238 666 285 693 sed
299 673 350 693 suo
366 665 566 698 modulo,6'isse
575 666 715 701 καθαίρειν
728 667 775 693 καὶ
788 667 871 700 φωτί-

84 712 139 744 ζειν
151 711 217 743 τοὺς
232 711 386 746 δεομένους,
409 720 419 736 i
434 715 464 737 ut
477 715 627 746 purgarent
643 715 670 738 et
691 711 870 744 illustrarent,

84 766 131 785 seu
146 757 321 792 baptizarent
333 764 382 784 eos
393 764 463 791 quos
477 761 550 784 esset
567 764 689 785 necesse.
713 766 722 783 ι
737 756 804 784 Nam
818 758 871 785 alia

85 811 161 831 sacra
173 802 263 830 otﬁcia
277 803 359 830 etiam
374 807 431 829 tum
443 802 579 837 episcopis
594 803 752 830 reservavit.
768 803 805 830 οὺ
816 804 872 840 γὰρ

86 849 267 885 πρεσϐύτεροι
291 848 436 875 ἐπίσκοπον
461 848 653 884 ἐχειροτόνουν.
669 858 678 874 i
697 847 758 876 Non
784 849 870 882 enim,

86 894 186 929 inquit,
200 894 351 928 presbyteri
365 894 522 928 episcopum
538 893 712 921 ordiiiabant.
733 903 742 920 i
754 893 831 921 Unde
843 894 869 921 in

84 927 224 967 Proiemio
237 939 269 966 ad
281 927 373 965 Titum
383 927 395 965 E
411 927 469 964 Tibi;
483 938 581 974 Παύλῳ
596 939 728 966 συνόντων
749 939 869 974 δοκιμώ-
885 927 907 957 Β

84 994 165 1017 suo;
178 986 193 1012 ὁ
205 985 285 1016 Τίτος
300 984 348 1017 ὦν,
365 984 512 1016 ὲπίσκοπός
524 993 553 1011 τε
564 984 614 1020 τῆς
628 985 740 1021 Κρήτης
752 985 871 1021 μεγάλης

84 1032 168 1068 οὔσης
192 1032 227 1058 δι’
238 1031 305 1058 αὐτὸ
330 1031 409 1058 τοῦτο
434 1031 648 1068 κεχειροτόνητο,
668 1031 715 1058 καὶ
736 1032 871 1059 τοσούτων

85 1077 245 1106 ἐπισκόπων
261 1078 351 1113 κρίσιν
364 1077 410 1104 καὶ
421 1078 585 1113 χειροτονίαν
595 1077 748 1114 ἐπετράπη,
768 1087 777 1103 i
798 1078 871 1105 Inter

84 1133 183 1153 omnes
205 1126 252 1161 qui
276 1133 338 1153 cum
353 1124 439 1152 Paulo
456 1125 555 1152 versati
569 1129 643 1158 sunt,
659 1125 872 1160 probatissimos

85 1179 146 1198 cum
157 1175 235 1198 esset
248 1169 490 1205 Titus,episcopus
504 1175 646 1204 propterea
659 1169 757 1204 Cretae,
765 1179 872 1207 magnae

86 1217 160 1244 illius
181 1217 291 1247 insulae.
305 1217 408 1244 electus
420 1220 471 1249 est,
490 1220 584 1251 totque
605 1216 795 1251 episcoporum
809 1225 870 1245 cum

83 1263 230 1298 judicium,
246 1267 302 1290 tum
318 1261 455 1289 ordinatio
465 1261 489 1288 ei
501 1261 662 1289 demandata
673 1267 724 1289 est.
745 1272 754 1289 ι
764 1262 796 1290 Et
808 1264 872 1298 qui-

85 1309 145 1336 dem
158 1308 193 1336 de
209 1308 343 1336 sententia
357 1307 564 1343 Theopliylacti,
581 1313 726 1344 postquam
739 1309 772 1337 de
786 1309 872 1346 Chry-

86 1358 209 1382 sostomo
224 1354 355 1386 diximus,
371 1354 550 1382 dubitandum
567 1362 621 1382 non
635 1358 686 1382 est.

119 1400 195 1428 lnter
210 1399 323 1428 Latinos
336 1401 442 1435 primus
458 1401 542 1429 fuisse
556 1402 676 1429 creditur
683 1406 779 1429 auctor
789 1401 872 1430 Com-

84 1446 284 1473 mentariorum
299 1446 325 1473 in
338 1446 467 1481 epistolas
490 1447 520 1475 S.
541 1447 617 1475 Pauli
638 1447 689 1475 sub
707 1448 819 1475 nomine
841 1447 870 1475 S.

85 1492 227 1520 Ambrosii
243 1492 390 1524 editorum,
407 1494 477 1528 quod
489 1501 519 1521 se
535 1493 677 1528 scripsisse
689 1494 740 1521 sub
754 1493 872 1521 Damaso

84 1539 216 1574 episcopo
243 1537 380 1569 Romano.
398 1538 451 1566 hoc
466 1543 507 1567 est
525 1544 587 1567 ante
608 1547 638 1576 .a.
655 1539 687 1566 D.
709 1539 762 1567 584
786 1540 872 1575 proﬁ-

86 1588 187 1614 teatur.
203 1583 250 1618 qui
266 1583 387 1618 episcopi
404 1588 430 1611 et
442 1584 592 1620 presbyteri
616 1585 727 1613 nomina
741 1590 871 1621 tanquam

86 1638 240 1666 synonyma
261 1630 288 1657 in
304 1629 444 1665 Scriptura
460 1630 613 1659 tradiderit.
639 1630 689 1659 Hic
706 1636 796 1659 tamen
813 1632 872 1667 epi—

85 1683 185 1710 scopos
207 1675 363 1709 singulares
378 1675 506 1703 Ecclesiis
521 1675 665 1711 praefuisse
683 1677 871 1711 apostolorum

86 1725 210 1754 tempore
235 1720 336 1755 saepius
350 1720 439 1748 docet.
456 1720 575 1756 Insignis
598 1721 677 1756 plane
703 1722 793 1754 locus,
817 1729 872 1757 quo

85 1766 132 1794 illa
148 1767 183 1794 ad
207 1766 408 1802 Philippenses,
430 1775 489 1794 cum
503 1768 632 1802 episcopis
652 1772 677 1795 et
702 1768 870 1801 diaconibus,

87 1813 218 1848 explicat.
233 1822 243 1839 ί
253 1812 312 1841 Hoc
323 1818 376 1846 est,
389 1814 487 1852 inquit,
503 1821 566 1841 cum
580 1813 666 1841 Paulo
677 1818 705 1841 et
717 1813 871 1846 Timotheo,

87 1859 134 1894 qui
149 1859 245 1894 utique
264 1859 384 1894 episcopi
400 1864 488 1891 erant,
507 1859 588 1886 simul
603 1863 631 1887 ct
644 1859 820 1895 signiﬁcavit,
846 1863 874 1886 et

86 1904 221 1932 diaconos
231 1906 278 1940 qui
295 1905 486 1933 ministrabant
498 1905 534 1933 ei.
551 1905 591 1933 Ad
604 1906 710 1941 plebem
720 1906 792 1933 enim
805 1905 874 1933 scri-

85 1951 136 1978 bit.
151 1951 222 1979 Nam
239 1951 262 1980 si
278 1951 415 1987 episcopis
430 1951 572 1984 scriberet,
600 1956 626 1979 et
645 1952 820 1984 diaconibus,
837 1952 871 1980 ad

86 2005 223 2033 personas
246 2004 340 2025 eorum
357 1998 498 2030 scriberet,
521 2003 549 2025 et
561 1998 614 2025 loci
633 1998 721 2033 ipsius
744 1999 873 2034 episcopo

87 2042 264 2070 scribendum
280 2047 348 2073 erat.
363 2050 418 2070 non
433 2043 540 2070 duobus
552 2043 594 2070 vel
606 2043 702 2074 tribus,
719 2043 790 2071 sicut
801 2048 827 2071 et
840 2043 874 2070 ad

87 2086 182 2114 Titum
200 2092 228 2114 et
242 2087 425 2115 Timotheum.
442 2097 451 2114 ι
464 2087 558 2123 Neque
573 2089 664 2116 minus
676 2088 873 2116 itlustrislocus

86 2132 134 2160 ille
150 2137 204 2165 est,
219 2141 274 2167 quo
289 2134 371 2161 verba
387 2134 438 2161 ista
452 2140 459 2160 :
476 2133 622 2169 Propterea
633 2134 708 2161 debet
719 2135 814 2162 mulier
825 2143 872 2169 po-

88 2181 214 2205 testatem
229 2178 322 2206 habere
334 2187 414 2213 supra
428 2183 516 2214 caput,
532 2181 613 2206 etiam
626 2184 732 2214 propter
756 2180 872 2215 angelos,

89 2222 100 2250 ι
113 2223 181 2251 Cor.
197 2231 302 2258 cap.xi,
318 2231 390 2251 vers.
412 2223 456 2257 10,
469 2225 607 2259 explanat.
622 2224 786 2252 Potestatem
807 2234 816 2250 α
829 2233 873 2252 ve-

923 305 932 321 (
945 295 1072 331 Nunquid
1080 303 1174 323 omnes
1182 295 1296 330 apostoli
1305 295 1453 329 "Uierum
1464 300 1516 328 est,
1530 297 1593 330 quia
1608 297 1636 324 in
1653 297 1690 324 Ec

922 342 1004 370 clesia
1023 350 1094 369 unus
1116 345 1158 369 est
1171 341 1324 376 episcopus.
1344 350 1354 368 ι
1372 341 1444 369 ldem
1463 342 1496 369 ad
1513 341 1606 369 lTim.
1623 350 1700 369 c.iv:

925 396 934 413 i
950 386 1029 414 Nunc
1060 391 1150 414 autem
1177 391 1279 422 septeni
1307 387 1439 414 diaconos
1463 394 1523 414 esse
1542 393 1657 422 oportet,
1676 393 1704 415 et

923 432 1079 467 aliquantos
1094 432 1276 467 presbyteros,
1292 437 1322 460 ut
1334 433 1388 460 bini
1404 433 1459 460 sint
1469 440 1517 468 per
1524 433 1663 466 ecclesias,
1676 439 1703 462 et

923 486 994 506 unus
1006 478 1033 505 in
1049 478 1157 505 civitate
1169 478 1342 513 episcopus.)
1351 478 1386 505 De
1399 477 1542 506 Timotheo
1556 479 1593 506 ita
1612 480 1702 515 loqui-

922 529 967 550 tur
984 523 1010 550 in
1027 522 1164 550 Prooemio
1181 533 1205 550 :i
1225 522 1303 550 Hunc
1314 531 1379 558 ergo
1391 524 1446 558 jam
1462 529 1584 552 creatum
1601 525 1703 560 episco-

923 577 986 604 pum
1004 569 1117 597 instruit
1128 577 1176 604 per
1189 569 1344 604 epistolam,
1360 571 1498 605 quomodo
1512 571 1623 599 deberet
1648 571 1702 599 Ee-

922 614 1033 642 clesiam
1059 615 1196 643 ordinare.
1217 625 1227 641 ›
1242 615 1349 643 Pariter
1380 621 1407 654 et
1431 617 1465 644 de
1482 616 1543 644 Tito
1559 625 1566 643 :
1582 628 1591 643 ε
1611 617 1702 646 Titum

922 661 1069 696 Apostolus
1080 662 1249 689 consecravit
1259 662 1428 697 episcopum,
1441 667 1468 690 et
1479 663 1540 691 ideo
1549 671 1704 692 commonet

921 714 984 734 eum
1002 711 1031 734 ut
1046 707 1081 734 sit
1093 707 1228 735 sollicitus
1245 707 1272 734 in
1287 708 1475 736 ecclesiastica
1490 709 1670 738 ordinatione.
1692 721 1701 735 ο

922 752 960 780 Ex
977 753 1077 787 quibus
1093 754 1221 781 omnibus
1245 758 1358 789 apparet
1385 758 1503 782 veterem
1521 755 1593 783 hunc
1608 761 1704 784 auctos

921 806 989 830 rem,
997 799 1044 834 qui
1057 803 1120 826 ante
1128 799 1351 834 Clirysostomum
1360 805 1386 828 et
1395 799 1588 837 Hieronymum
1596 803 1629 830 de
1639 810 1706 830 con-

922 844 1031 872 fusione
1045 845 1186 872 nominum
1195 846 1337 881 scripsisse
1348 847 1464 880 videtur,
1482 847 1634 883 singulares
1645 850 1704 884 epi-

922 898 1019 926 scopos
1034 891 1222 926 apostolorum
1238 900 1296 920 aevo
1311 892 1337 919 in
1362 893 1518 921 civitatibus
1539 895 1704 923 constitutos

921 939 1075 974 agnovisse.
1091 938 1227 974 Pelagius,
1247 943 1277 967 ut
1288 940 1406 974 videtur,
1421 945 1517 968 auctor
1531 941 1706 970 Commenta-

921 984 1024 1012 riorum
1041 985 1067 1012 in
1086 984 1221 1020 Epistolas
1240 985 1320 1013 Pauli
1339 985 1502 1023 Hieronymo
1523 988 1705 1023 ascriptoruui

922 1030 949 1057 in
965 1029 975 1056 1
989 1030 1036 1065 Ep.
1050 1030 1084 1057 ad
1096 1029 1215 1057 Timoth.
1233 1038 1257 1058 c.
1274 1038 1323 1058 iii:
1343 1041 1353 1058 ι
1372 1031 1509 1065 Quaeritur
1523 1041 1572 1060 cur
1593 1033 1627 1061 de
1645 1041 1706 1068 prc-

921 1075 1039 1111 sbyteris
1060 1076 1162 1103 nullam
1182 1075 1265 1104 faciat
1284 1077 1463 1111 mentionem,
1485 1078 1531 1106 sed
1543 1086 1591 1106 eos
1606 1079 1632 1106 in
1645 1079 1705 1113 epi-

922 1129 1068 1156 scoporum
1086 1122 1198 1149 nomine
1214 1120 1461 1157 comprehenderit,
1474 1123 1538 1158 quia
1554 1124 1702 1156 secundus,

923 1168 978 1194 imo
1005 1175 1074 1202 pene
1093 1175 1164 1195 unus
1188 1172 1230 1195 est
1244 1168 1356 1203 gradus.
1374 1178 1383 1194 ι
1399 1167 1474 1196 Duos
1491 1169 1574 1204 igitur
1589 1170 1703 1205 gradus,

922 1212 1048 1247 quamvis
1062 1220 1116 1240 non
1130 1220 1296 1249 magnopere
1320 1213 1464 1248 distantes,
1479 1215 1530 1242 sub
1546 1223 1601 1242 uno
1625 1215 1705 1242 titulo

922 1258 1134 1293 comprehensos
1148 1259 1268 1294 agnovit.
1283 1257 1350 1292 Quie
1364 1259 1704 1295 transcripsitPrimasius,

922 1304 968 1338 qui
986 1303 1019 1331 ad
1035 1302 1224 1339 Philippenses
1246 1304 1370 1332 notavit:
1389 1314 1398 1330 i
1415 1305 1565 1340 Episcopos
1589 1306 1634 1334 hic
1649 1315 1705 1344 non

922 1350 1010 1377 solum
1027 1350 1180 1384 pontiﬁces,
1195 1349 1242 1377 sed
1260 1354 1287 1377 et
1302 1351 1475 1386 presbyteros
1485 1351 1673 1387 intelligimus.
1692 1362 1702 1378 ι

957 1395 1078 1430 Denique
1104 1395 1286 1431 Hieronymus
1312 1397 1359 1431 qui
1388 1401 1451 1431 post
1471 1396 1704 1428 Ambrosiastrum

923 1441 1106 1469 Romanorum
1122 1441 1299 1469 diaconorum
1315 1441 1415 1469 fastum
1428 1450 1481 1469 non
1503 1443 1594 1471 minus
1607 1444 1706 1471 acriter

922 1488 1074 1523 castigavit,
1099 1492 1127 1515 et
1154 1488 1309 1516 confusioni
1336 1490 1479 1517 nominum
1495 1490 1563 1518 adeo
1586 1491 1705 1524 inhaesit,

923 1538 953 1561 ut
965 1534 1034 1562 idem
1057 1534 1177 1569 episcopi
1193 1538 1220 1561 et
1241 1535 1390 1570 presbyteri
1405 1535 1523 1563 cilicium
1539 1540 1566 1563 et
1579 1537 1705 1565 eumdem

923 1582 1057 1612 ordinem,
1069 1581 1133 1608 duui
1146 1582 1232 1609 sancti
1245 1580 1342 1609 Petrus
1354 1586 1381 1609 et
1388 1581 1489 1610 Paulus
1503 1583 1634 1616 viverent,
1644 1573 1719 1611 crc-V

923 1627 1026 1654 didisse
1039 1627 1180 1660 videatur;
1198 1627 1257 1654 sine
1269 1628 1456 1656 controversia
1472 1633 1562 1656 tamen
1574 1637 1645 1664 saepe
1657 1630 1707 1657 do-

922 1673 980 1700 cuit
999 1677 1053 1701 tres
1068 1674 1179 1708 gradus,
1206 1674 1312 1708 triaque
1326 1673 1411 1701 otﬁcia
1434 1678 1462 1701 et
1477 1676 1588 1702 nomine
1610 1679 1638 1702 et
1655 1683 1707 1710 po-

922 1724 1019 1748 testate
1037 1720 1176 1754 distincta,
1191 1725 1340 1756 antequam
1365 1720 1394 1748 S.
1409 1720 1530 1757 lgnatius
1554 1722 1588 1750 ad
1605 1728 1708 1758 marty-

923 1766 994 1794 rium
1022 1766 1178 1799 duceretur,
1198 1766 1345 1794 exstitisse.
1371 1765 1435 1793 Hazc
1455 1767 1527 1794 enim
1548 1767 1607 1802 ejus
1624 1768 1707 1795 verba

923 1817 987 1840 sunt
1000 1813 1114 1847 epistola
1127 1813 1160 1840 ad
1171 1812 1314 1848 Evagriuui
1328 1822 1334 1839 :
1347 1822 1356 1838 ι
1368 1811 1403 1839 Ut
1414 1812 1535 1840 sciamus
1547 1813 1708 1841 traditiones

924 1859 1088 1893 apostolicas
1114 1862 1237 1893 sumptas
1258 1859 1291 1886 de
1316 1858 1407 1886 Veteri
1433 1858 1618 1892 Testamento,
1632 1860 1707 1894 quod.

923 1903 1014 1931 Aaron
1031 1908 1058 1931 et
1077 1903 1124 1931 ﬁlii
1136 1904 1196 1939 ejus
1213 1909 1295 1939 atque
1320 1904 1407 1932 levitas
1422 1904 1449 1931 in
1468 1905 1569 1939 templo
1583 1903 1707 1937 fuerunt,

925 1950 977 1977 hoc
990 1950 1041 1977 sibi
1056 1950 1188 1985 episcopi,
1216 1951 1369 1986 presbyteri
1391 1955 1419 1978 et
1435 1950 1544 1978 diaconi
1566 1951 1706 1978 vindicent

924 1997 952 2024 in
966 1997 1097 2025 Ecclesia.
1117 2006 1126 2022 ι
1144 1996 1287 2030 Quomodo
1302 2001 1392 2024 autem
1406 1997 1463 2024 haec
1474 1996 1584 2024 traditio
1599 2002 1709 2032 aposto—

924 2043 976 2071 lica
992 2050 1053 2070 esse
1070 2043 1169 2078 potuit,
1196 2042 1335 2077 quomodo
1361 2050 1394 2069 ex
1415 2041 1504 2070 Veteri
1529 2042 1708 2070 Testamento

924 2090 1077 2124 desumpta,
1092 2089 1115 2116 si
1132 2096 1187 2115 non
1199 2088 1385 2123 apostolorum
1402 2096 1460 2116 aevo
1482 2089 1637 2117 exstiterint
1651 2090 1710 2123 epi-

925 2135 999 2170 scopi
1013 2135 1179 2170 presbyteris
1190 2134 1356 2169 superiores,
1369 2135 1599 2169 quemadmodum
1616 2135 1708 2162 Aaron

924 2187 952 2209 et
974 2180 1063 2208 oﬁicio
1079 2184 1105 2207 et
1129 2180 1260 2216 dignitate
1277 2180 1340 2208 ﬁliis
1356 2181 1480 2215 superior
1506 2180 1640 2208 fuit?Aut
1654 2189 1708 2216 qua

924 2227 1031 2254 ratione
1053 2226 1124 2253 hanc
1146 2231 1265 2253 mentem
1281 2225 1440 2261 Hieronymi
1460 2225 1547 2253 fuisse
1570 2226 1707 2261 quispiam

90 2270 183 2296 lumen
201 2269 381 2303 signiﬁcavit,
403 2270 514 2305 angelos
535 2270 680 2305 episcopos
704 2270 780 2303 dicit,
802 2271 872 2298 sicut
888 2275 909 2302 D
924 2273 1072 2309 negaverit,
1082 2272 1129 2307 qui
1139 2272 1195 2299 liaac
1206 2279 1268 2299 eum
1278 2271 1378 2299 diserte
1393 2272 1536 2306 scripsisse
1546 2272 1581 2299 ad
1590 2271 1708 2299 Matthwi

88 2315 206 2342 docetur
219 2314 246 2341 in
259 2315 420 2350 Apocalypsi
441 2315 564 2343 Joannis.
582 2315 616 2342 Et
627 2317 690 2351 quia
708 2316 803 2352 utique
825 2317 875 2344 ho-

89 2361 183 2388 mines
196 2364 270 2393 sunt,
283 2361 354 2395 quod
370 2369 425 2388 non
440 2361 610 2396 corriperent
621 2362 725 2397 plebem
735 2383 743 2395 ,
755 2370 876 2397 arguun-

90 2412 152 2439 tur;
179 2411 205 2434 et
231 2407 302 2442 quod
317 2411 420 2435 rectum
439 2411 481 2435 est
501 2408 528 2435 in
552 2408 606 2436 illis
621 2408 759 2435 laudatur.
778 2409 875 2436 Mulier

89 2462 158 2489 ergo
170 2452 272 2480 idcirco
285 2453 364 2480 debet
375 2453 466 2481 velare
476 2458 567 2488 caput,
582 2454 647 2489 quia
662 2461 715 2481 non
729 2459 771 2482 est
786 2455 876 2490 imago

91 2494 151 2529 Dei,
168 2498 215 2526 sed
235 2503 264 2526 ut
280 2499 440 2526 ostendatur
458 2499 591 2534 subjecta.
610 2498 643 2526 Et
665 2499 730 2534 quia
746 2500 875 2534 praevari-

90 2545 165 2573 catio
179 2552 228 2580 per
236 2544 310 2572 illam
322 2544 450 2571 inchoata
464 2548 515 2577 est,
527 2544 580 2572 hoc
590 2544 661 2579 signi
673 2544 753 2572 debet
765 2545 874 2576 habere.

91 2596 121 2618 ut
139 2591 169 2618 iii
179 2590 300 2618 Ecclesia
314 2595 426 2625 propter
434 2591 610 2618 reverentiam
624 2590 804 2626 episcopalem
821 2599 875 2618 non

92 2637 191 2665 habeat
204 2641 287 2672 caput
302 2637 432 2670 liberum,
457 2637 503 2664 sed
523 2637 657 2664 velamine
676 2642 798 2669 tcctum,
826 2644 876 2664 nec

91 2683 190 2712 habeat
203 2687 367 2719 potestatem
382 2683 520 2718 loquendi,
545 2683 610 2718 quia
621 2683 765 2718 episcopus
779 2690 876 2717 perso-

90 2737 153 2757 nam
164 2730 248 2757 habet
261 2729 376 2757 Cbristi.
386 2729 469 2762 Quasi
480 2736 545 2764 ergo
556 2733 618 2756 ante
629 2728 748 2763 judicem
763 2729 803 2755 sic
814 2732 877 2755 ante

91 2776 260 2811 episcopum,
270 2776 334 2810 quia
346 2774 465 2802 vicarius
477 2773 585 2801 Domini
594 2778 645 2806 est,
661 2779 770 2809 propter
786 2778 877 2801 reatus

90 2821 233 2857 originem,
260 2819 386 2854 subjecta
408 2819 488 2847 debet
500 2819 597 2847 videri.
610 2828 619 2845 ι
637 2818 670 2846 Et
681 2819 762 2854 paulo
788 2823 850 2853 post
869 2827 875 2843 :

91 2868 173 2902 «Quia
188 2867 225 2895 ab
239 2874 298 2894 uno
308 2865 391 2893 Patre
405 2870 468 2893 sunt
485 2865 587 2899 omnia,
602 2866 723 2901 singulos
735 2865 877 2901 episcopos

121 2914 142 2930 "
159 2912 169 2940 l
184 2912 254 2941 Cor.
268 2918 321 2945 ni,
340 2910 386 2938 29.
424 2910 448 2926 "
471 2908 558 2938 lCor.
577 2917 596 2943 i,
610 2910 653 2950 P2.

926 2326 986 2353 cap.
1004 2326 1084 2352 xxiii,
1102 2318 1208 2345 noverit
1223 2326 1228 2343 :
1249 2327 1258 2343 ε
1270 2317 1349 2350 Quod
1365 2317 1489 2344 fecerunt
1500 2322 1526 2344 et
1537 2318 1652 2352 apostoli
1662 2326 1710 2353 pt'l‘

926 2363 1047 2399 singulas
1062 2364 1217 2398 provincias
1240 2363 1414 2398 presbyteros
1429 2367 1457 2390 et
1469 2363 1614 2398 episcopos
1632 2364 1709 2391 ordi—

927 2415 1032 2437 nantes.
1052 2419 1061 2435 i
1079 2409 1152 2437 Idem
1164 2409 1191 2436 in
1201 2408 1405 2436 Commentario
1419 2409 1454 2435 ad
1468 2408 1560 2436 Titum
1578 2417 1585 2435 :
1602 2419 1611 2435 ‹
1626 2410 1710 2437 Ante-

927 2463 1009 2490 quam
1025 2455 1126 2482 diaboli
1144 2455 1275 2483 instinctu
1297 2455 1386 2482 studia
1409 2455 1436 2482 iu
1453 2454 1587 2490 religione
1602 2455 1710 2488 ﬁerent,

927 2507 953 2528 et
967 2501 1102 2529 diceretur
1120 2501 1148 2528 in
1163 2501 1271 2536 populis
1287 2510 1293 2528 :
1305 2500 1360 2536 Ego
1372 2509 1428 2528 sum
1444 2500 1535 2533 Pauli,
1549 2509 1594 2536 ego
1603 2501 1710 2536 Αροιιο.

926 2555 972 2582 ego
988 2551 1075 2574 autem
1092 2547 1185 2582 Cepha:
1196 2547 1229 2580 ",
1245 2547 1384 2574 communi
1400 2546 1621 2582 presbyterorum
1644 2555 1695 2574 con

928 2593 990 2620 silio
1001 2593 1122 2620 ecclesiae
1135 2593 1356 2627 gubernabantur
1370 2601 1376 2618 :
1391 2596 1535 2627 postquam
1547 2600 1610 2620 vero
1623 2601 1711 2620 unus--

927 2638 1044 2673 quisque
1055 2645 1101 2665 eos
1109 2645 1178 2672 quos
1187 2638 1381 2672 baptizaverat,
1391 2638 1567 2672 suosputavit
1575 2646 1644 2671 esse,
1656 2645 1711 2665 non

928 2684 1040 2717 Christi,
1059 2685 1085 2711 in
1098 2688 1154 2711 toto
1170 2684 1236 2711 orbe
1250 2684 1391 2711 decretum
1403 2687 1455 2717 est,
1471 2688 1501 2711 ut
1514 2692 1585 2711 unus
1599 2684 1632 2711 de
1648 2692 1711 2718 pre-

929 2729 1044 2764 sbyteris
1059 2728 1162 2755 electus
1186 2733 1417 2762 superponeretur
1440 2729 1556 2762 caeteris,
1579 2729 1613 2756 ad
1629 2737 1711 2764 quem

928 2775 1018 2802 omnis
1031 2773 1158 2801 Ecclesia:
1171 2781 1237 2801 cura
1253 2774 1413 2808 pertineret,
1427 2779 1454 2802 ct
1475 2775 1655 2802 scliismatum
1669 2784 1713 2804 sc-

929 2821 1001 2848 miiia
1017 2821 1186 2848 tollerentur.
1199 2819 1250 2846 iEt
1265 2827 1361 2847 rursus
1380 2828 1387 2846 :
1402 2830 1410 2845 (
1423 2820 1502 2853 Quod
1516 2826 1605 2848 autem
1619 2827 1712 2856 postea

929 2875 1001 2896 unus
1024 2867 1127 2895 elec‘us
1141 2871 1192 2900 est,
1214 2865 1242 2893 in
1266 2865 1422 2894 schismatis
1435 2867 1588 2894 remedium
1609 2867 1713 2896 factum
